4544 6420
528 453 702 510 ARNULFI
725 451 924 510 SAGIENSIS
948 453 1235 510 Asculumcon'l
1258 453 1483 512 INVECTIVA.
1769 448 1829 510 105

182 633 446 726 stitis'usurpare
471 662 535 704 uon
559 640 674 722 renuit,
700 641 849 726 quamvis
872 641 934 727 ipsi
959 639 1121 726 obligatus
1144 639 1273 704 filialis²
1298 639 1504 704 obedientiae
1520 639 1650 704 vinculo
1666 649 1831 705 teneretur

183 759 215 811 et
242 747 318 812 licet
341 769 412 811 sese
436 757 537 811 totum
568 745 718 810 manibus
749 748 829 829 eius,
860 747 923 812 fide
955 749 1052 812 etiam
1083 747 1293 834 corporaliter
1323 747 1468 832 prestita,
1499 745 1691 811 dedicasset.
1737 746 1831 812 Alter

183 877 261 918 vero
272 859 292 934 ¹,
317 876 378 918 nec
401 853 540 918 seculari
564 853 709 940 preditus
733 876 794 918 nec
818 855 955 918 scientia
978 854 1166 935 litterarum,
1191 853 1334 918 famosus
1358 853 1446 939 apud
1470 875 1581 918 omues
1605 853 1741 936 adulter,
1766 855 1830 919 sin-

182 961 267 1046 gulis
297 960 366 1024 fere
396 958 546 1024 noctibus
577 983 596 1024 a
626 960 776 1024 demonio
806 962 939 1047 rapitur,
975 962 1180 1048 primumque
1215 959 1255 1024 de
1287 970 1386 1024 strato
1417 959 1605 1045 provolutus
1635 961 1669 1024 in
1700 971 1828 1042 terram,

149 1090 163 1128 s
183 1066 379 1132 horrendum
404 1066 546 1131 clamans
569 1089 629 1152 per
644 1077 743 1131 totam
768 1067 864 1149 diem,
890 1067 1019 1132 domum
1044 1067 1207 1132 dormiens
1231 1068 1329 1131 etiam
1346 1065 1466 1130 dicitur
1481 1069 1625 1152 evagari.
1673 1067 1764 1132 Neve
1789 1069 1830 1131 sit

183 1175 272 1238 circa
295 1196 407 1238 eorum
431 1173 618 1260 qualitatem
642 1173 762 1238 diutius
785 1174 1031 1256 immorandmn,
1062 1174 1175 1260 primis
1205 1172 1382 1254 ordinibus,
1413 1173 1534 1238 nedum
1558 1174 1750 1257 sacerdotio,
1774 1195 1830 1238 ne-

182 1281 259 1345 dum
285 1281 383 1344 etiam
407 1279 585 1366 episcopali
611 1279 728 1362 officio,
754 1281 991 1345 convincuntur
1013 1280 1149 1366 indigni.
1198 1279 1265 1344 Sed
1287 1302 1394 1366 neque
1418 1291 1453 1344 tu
1477 1281 1539 1344 nisi
1562 1279 1622 1344 tibi
1646 1280 1829 1346 consimiles

182 1397 311 1473 poteras
342 1387 492 1452 estimare
524 1387 702 1472 condignos
734 1409 795 1452 neo
826 1387 996 1452 dissimilia
1025 1386 1084 1452 tibi
1115 1388 1279 1473 capitique
1310 1399 1365 1450 tuo
1388 1387 1486 1450 Petro
1509 1385 1655 1451 membra
1678 1387 1827 1452 formare.

182 1494 321 1580 Semper
342 1495 428 1557 enim
451 1494 618 1580 proprium
634 1494 777 1580 quelibet
801 1517 900 1580 opera
923 1495 1117 1558 confitentur
1132 1493 1290 1558 artificem
1300 1499 1321 1575 ²,
1347 1503 1378 1556 et
1401 1494 1434 1556 iu
1458 1493 1504 1557 eis
1522 1493 1695 1558 voluntatis
1719 1517 1830 1560 eorum

136 1625 162 1662 ro
181 1601 235 1666 vel
259 1601 415 1665 scientiae
438 1600 527 1665 velut
550 1601 657 1686 imago
681 1601 822 1687 quedam
846 1601 1006 1686 reperitur
1030 1623 1195 1686 expressa.
1239 1599 1327 1681 Quid
1352 1611 1460 1664 autem
1485 1599 1698 1664 celeberrima
1720 1623 1829 1664 mona·

182 1710 291 1786 steria,
317 1709 451 1772 *sanctis
482 1705 655 1771 abbatibus
686 1707 840 1795 expulsis,
872 1706 1017 1771 desolata
1048 1711 1320 1774 commemorem⁸
1343 1718 1375 1770 et
1398 1707 1589 1792 subrogatos
1618 1707 1660 1771 ad
1684 1707 1829 1772 eiusdem
1929 1755 1935 1766 .

182 1813 409 1880 sollicitudinis
440 1836 539 1879 onera
568 1815 677 1900 precio
709 1813 761 1877 vel
792 1815 897 1900 gratia
927 1814 1094 1878 iuniores?
1143 1813 1269 1894 Quibus
1300 1812 1611 1896 administrantibus,
1645 1823 1734 1878 tauto
1765 1815 1830 1877 iam

182 1943 300 2007 cepam
324 1922 520 1986 monasteria.
544 1920 692 1985 laborare
716 1920 857 2002 defectu,
888 1931 923 1986 ut
952 1923 985 1984 in
1013 1921 1108 2003 hiisb,
1140 1943 1223 2007 quae
1248 1919 1403 2005 singulari
1425 1943 1530 2006 nuper
1552 1919 1708 2006 religione
1732 1919 1830 2006 polle-

182 2028 271 2110 bant,
302 2027 391 2092 nulla
414 2029 479 2092 iam
502 2027 571 2092 fere
595 2028 722 2092 virtutis
747 2039 802 2091 aut
826 2027 958 2112 regulae
982 2029 1121 2113 vestigia
1143 2037 1275 2091 restent.
1323 2027 1390 2090 Illis
1415 2028 1510 2108 enim,
1536 2049 1672 2114 quonmr
1696 2037 1830 2092 eatenus

138 2156 163 2194 rs
182 2134 334 2200 ardentes
364 2136 562 2198 monasticus
593 2133 671 2198 ordo
702 2133 852 2198 frenabat
882 2134 1028 2216 affectus,
1058 2133 1197 2198 traditae
1228 2133 1478 2220 dispensationis
1507 2134 1634 2198 occasio
1664 2133 1830 2198 licentiam

182 2251 350 2328 comparat
373 2240 536 2305 effluendi.
583 2240 736 2326 Nihilque
761 2240 803 2305 ad
826 2240 1006 2327 pe1iculum
1030 2239 1195 2326 religionis
1220 2240 1386 2305 efficacius
1410 2251 1468 2322 est,
1493 2263 1589 2326 quam
1614 2240 1828 2325 irreligiosum

183 2349 343 2413 sustinere
366 2357 540 2433 pastorem.

289 2472 353 2536 Hic
377 2483 485 2536 autem
507 2483 549 2554 te,
575 2472 724 2555 Girarde,
754 2474 911 2536 convenio
936 2483 977 2553 et,
1001 2473 1104 2536 veteri
1129 2472 1169 2536 de
1194 2472 1377 2559 apostolatu
1399 2471 1566 2558 paulisper
1588 2473 1729 2558 seposita
1753 2495 1829 2558 que-

183 2581 297 2660 stione,
323 2581 415 2666 quasi
439 2578 498 2642 tihi
521 2579 609 2643 Petri
634 2603 767 2643 munere
792 2581 841 2644 ius
865 2579 1035 2665 legationis
1060 2579 1217 2644 accedere
1241 2579 1409 2664 potuisset,
1437 2580 1471 2642 in
1494 2578 1544 2641 his
1569 2577 1721 2664 operibus
1745 2579 1828 2643 ordi-

137 2710 163 2747 ao
183 2709 256 2750 nem
280 2687 409 2772 requiro
434 2687 637 2750 canonicum.
677 2686 840 2772 Spoliatos
864 2685 971 2768 rebus,
996 2684 1128 2750 sedibus
1153 2687 1218 2749 suis
1235 2685 1395 2750 violenter
1418 2685 1581 2770 expulsos,
1606 2686 1828 2766 inconventos,

183 2785 439 2870 incommonitos,
471 2791 623 2856 absentes
654 2815 794 2879 quoque,
826 2792 912 2857 nullo
943 2803 1050 2857 tecum
1082 2794 1235 2878 episcopo
1259 2791 1433 2872 residente,
1465 2791 1658 2878 dampnasti.
1706 2791 1772 2858 Sed
1795 2804 1830 2856 nt

184 2901 265 2964 haec
289 2901 388 2963 etiam
403 2922 562 2985 ponamus
578 2900 690 2964 ordine
708 2901 905 2986 processisse
923 2900 1090 2980 canonico,
1115 2901 1149 2962 in
1165 2898 1301 2962 aliorum
1317 2897 1630 2984 superpositionibus
1646 2899 1828 2984 regularem
1856 2899 1863 2916 '
1919 2953 1922 2958 ,

183 3006 387 3092 disciplinam
411 3005 611 3093 formamque
636 3008 769 3070 rationis
793 3029 945 3092 exposco.
992 3006 1031 3070 In
1055 3005 1180 3069 illorum
1197 3007 1283 3070 enim
1308 3004 1597 3092 qualibuscumque
1621 3007 1828 3092 promotioni-

184 3112 243 3177 bus
268 3136 328 3178 nec
351 3113 507 3176 iustitiam
530 3135 591 3177 nec
614 3113 763 3177 umbram
786 3115 928 3178 iustitiae
953 3113 1130 3176 dinosceris
1155 3111 1330 3176 attendisse
1340 3118 1362 3175 ⁴.

138 3259 164 3298 aa
290 3237 480 3301 *Blanditur
503 3237 595 3301 elatis
619 3237 752 3302 auribus
779 3240 842 3302 tuis
866 3238 1002 3302 fortasse
1033 3248 1142 3301 tantae
1174 3238 1399 3300 rememoratio
1430 3238 1608 3322 potestatis,
1640 3239 1716 3322 quia
1746 3237 1827 3301 hacc
1925 3257 1939 3296 1.

182 3367 240 3431 pro
263 3355 319 3408 tua
341 3345 474 3430 potuisti
497 3355 682 3430 prevertere
706 3344 881 3408 voluntate.
928 3345 966 3408 ln
991 3367 1064 3430 quo,
1089 3367 1130 3408 ne
1153 3345 1285 3407 nimiam
1310 3345 1422 3429 capias
1438 3343 1647 3429 voluptatem,
1673 3355 1827 3429 quantum

183 3451 242 3516 tibi
265 3451 414 3537 partique
438 3463 512 3516 tuae
535 3452 704 3537 profueris,
729 3462 966 3538 consequenter
982 3451 1123 3516 attende.
1159 3451 1271 3514 Tertia
1286 3473 1361 3536 pars
1378 3450 1593 3514 Pictaviensis
1611 3450 1826 3537 episcopatus,

184 3581 279 3644 quem
302 3558 448 3644 posuisti,
473 3581 536 3621 non
560 3559 708 3643 agnoscit
724 3560 923 3645 episcopum,
948 3560 1043 3644 eique
1068 3567 1153 3620 totus
1176 3557 1244 3620 fore
1268 3555 1425 3620 nobilium
1448 3579 1600 3620 numerus
1624 3558 1749 3641 respuit
1772 3556 1827 3620 ob-

184 3665 283 3729 edire.
329 3664 488 3750 Adeoque
513 3666 599 3730 omni
624 3666 823 3729 conscientia
846 3663 1038 3750 reprobatus
1070 3663 1219 3744 abicitur,
1251 3674 1286 3726 ut
1316 3673 1348 3726 et
1375 3662 1476 3726 frater
1499 3664 1567 3726 eius
1591 3662 1747 3726 naturalis
1772 3685 1827 3726 ex-

140 3794 165 3830 so
185 3773 454 3836 communicatum
479 3793 520 3836 ex
545 3772 606 3836 hoc
630 3774 700 3858 ipso
724 3771 847 3836 iudicet
870 3795 931 3836 neo
954 3771 1019 3835 ulla
1042 3772 1072 3833 ei
1097 3771 1322 3834 communione
1346 3770 1508 3854 iungatur.
1545 3767 1733 3834 Catholicae
1748 3793 1826 3834 vero

287 4003 314 4062 a)
335 4005 405 4056 filias
425 4007 456 4058 (ι’.
530 4005 557 4066 b)
578 4009 612 4056 iis
633 4009 666 4056 Ι).
686 4007 717 4057 l'.
732 4009 763 4057 G.

291 4207 319 4275 1)
351 4206 535 4278 Rariaraljbs,
567 4206 653 4263 abbas
677 4207 846 4264 Doratarsis
877 4201 916 4281 (a.
941 4203 1067 4282 Darat),·
1098 4209 1132 4264 (le
1161 4228 1214 4282 quo
1245 4207 1286 4278 cs.
1318 4226 1391 4282 quaa
1420 4207 1510 4278 affert
1533 4207 1682 4263 Eraaldua
1711 4206 1740 4262 ia
1769 4205 1826 4264 vila

186 4313 332 4369 limitardi
354 4312 394 4383 II,
421 4313 480 4382 33,·
510 4313 639 4388 Raraquel
661 4316 678 4370 l.
697 4334 719 4370 c.
739 4335 771 4389 p.
791 4313 853 4370 366
862 4335 872 4382 ;
904 4313 1053 4386 Gaasrrdi
1075 4315 1171 4370 chron.
1193 4315 1254 4370 Vas.
1279 4315 1297 4369 l.
1316 4334 1338 4368 a.
1359 4334 1391 4388 p.
1418 4313 1491 4368 433.
1518 4312 1590 4368 434.
1699 4313 1729 4382 2)
1755 4313 1826 4368 Pro-

186 4419 301 4476 rrrbium
327 4413 417 4492 (‘I)as
437 4419 521 4476 ll'erl
544 4419 598 4476 lobi
620 4422 674 4477 dea
692 4415 849 4497 Μίκων’).
921 4419 951 4490 3)
978 4420 1135 4478 Girurdam
1153 4419 1234 4476 ctiam
1258 4421 1391 4476 abbatem
1407 4421 1646 4491 Angeriaoenscm
1672 4413 1712 4490 (la.
1731 4419 1825 4476 Saint-

143 4538 167 4578 ss
184 4521 446 4602 lacn-(I’Anpelp)
479 4528 506 4580 in
530 4528 635 4582 diocesi
659 4527 828 4583 santonensi
860 4529 1029 4584 existentem
1053 4547 1070 4582 a
1092 4528 1260 4582 monasterio
1291 4545 1341 4581 suo
1370 4546 1422 4598 per
1444 4545 1555 4582 manum
1579 4528 1685 4582 comitis
1718 4518 1826 4602 (Picta-

185 4629 295 4708 riena'a)
321 4633 439 4703 eiecisse,
458 4631 620 4702 Guilelmus,
645 4633 789 4716 qriacqms
805 4633 998 4703 Salutariensis,
1022 4633 1051 4688 iu
1069 4633 1184 4708 epistola
1207 4653 1297 4708 supra
1315 4654 1347 4707 p.
1370 4631 1439 4700 104,
1455 4633 1484 4688 3.
1509 4642 1663 4690 mamam
1678 4631 1828 4688 tarentasiae

185 4739 316 4808 earliaia
340 4740 380 4811 cs.
406 4739 487 4796 atiani
511 4739 652 4814 arietariam
678 4739 802 4797 (iirardi
824 4743 865 4796 acl
885 4741 1028 4796 Aureliam
1054 4738 1229 4797 Castraasan
1255 4733 1295 4812 (ir.
1315 4735 1441 4814 castras)
1468 4748 1493 4795 et
1515 4740 1698 4796 Bernardam
1716 4737 1826 4795 Gallia-

185 4865 288 4902 raisem
313 4838 355 4921 (le.
373 4839 500 4923 Galliac)
525 4845 637 4903 abbates
660 4846 803 4915 directam,
830 4847 950 4902 Marata
973 4848 990 4902 l.
1009 4867 1031 4902 r.
1051 4867 1083 4921 p.
1103 4846 1165 4900 313
1182 4867 1223 4921 sq.
1250 4845 1322 4902 372.
1338 4845 1388 4901 73.
1473 4847 1504 4914 4)
1529 4845 1678 4902 Beraardi
1694 4843 1826 4903 Claraeu.

186 4952 261 5027 epist.
284 4952 354 5020 126,
387 4952 459 5028 (pp.
485 4953 527 5008 ed.
553 4952 696 5009 Baredirt.
721 4953 745 5022 I,
773 4953 850 5008 134:
883 4955 990 5022 Audet,
1022 4955 1096 5024 quod
1122 4961 1151 5008 et
1174 4953 1246 5008 tlens
1270 4955 1342 5020 dico,
1373 4954 1499 5008 iuimicus
1530 4955 1618 5008 crucis
1643 4953 1746 5007 Christi
1770 4954 1827 5007 suis

145 5073 169 5109 a·
186 5061 298 5115 sedibus
328 5065 436 5131 pollere
466 5069 589 5128 sanctos,
621 5062 667 5130 qui
698 5066 797 5116 nolunt
827 5062 946 5116 bestiam
977 5055 1026 5134 (aa
1053 5059 1166 5115 Petra-m
1192 5055 1306 5134 Leonis)
1337 5062 1465 5115 adorare.
1496 5100 1503 5114 .
1530 5099 1537 5114 .
1563 5101 1569 5114 .
1601 5061 1699 5116 Altare
1731 5067 1827 5114 contra

188 5168 284 5221 altaria
308 5167 417 5238 erigere
441 5173 534 5221 tentat
642 5169 762 5222 abbates
785 5168 947 5234 abbatibus,
972 5168 1119 5238 episcopos
1144 5168 1282 5238 episcopis
1305 5167 1536 5238 superintrudere
1561 5168 1669 5232 nititur,
1697 5185 1826 5221 amovere

189 5273 348 5340 catholicos,
372 5273 563 5328 schismaticos
578 5292 752 5345 promovere.
787 5275 883 5329 Miseri
909 5283 938 5329 et
960 5275 1121 5340 miserandi,
1147 5275 1195 5345 qui
1218 5275 1259 5329 ita
1281 5275 1436 5345 promoveri
1461 5282 1491 5327 et
1514 5275 1550 5327 ab
1566 5275 1620 5327 isto
1636 5274 1826 5328 consentiunt.

189 5378 330 5450 Siquidem
360 5381 459 5436 circuit
488 5398 564 5434 mare
596 5387 626 5435 et
656 5382 773 5448 aridum,
804 5387 836 5435 ut
863 5381 949 5436 faciat
971 5399 1057 5435 unum
1081 5382 1253 5452 episcopum,
1281 5389 1310 5435 et
1334 5399 1397 5436 cum
1420 5381 1531 5446 fecerit,
1562 5379 1630 5434 facit
1655 5398 1717 5434 eum
1741 5379 1827 5434 filium

190 5485 334 5556 gehennae
356 5489 442 5558 duplo
461 5505 543 5558 quam
565 5506 596 5542 sa
621 5496 689 5556 etc.,·
712 5488 752 5559 cs.
772 5485 908 5560 Ooffridi,
928 5487 1042 5543 Vindoc.
1067 5486 1138 5556 obla,
1164 5486 1241 5562 epist.
1261 5486 1311 5556 27,
1338 5486 1411 5562 opp.
1436 5487 1478 5541 ed.
1497 5486 1639 5542 Sirmoad.
1659 5503 1691 5559 p.
1711 5485 1750 5540 39
1768 5507 1828 5561 sq:

148 5604 173 5642 to
191 5589 321 5648 Sublimis
336 5595 431 5661 verba,
456 5612 528 5665 quae
552 5596 664 5665 saepius
687 5597 805 5648 multum
820 5596 939 5666 gloriose
956 5593 1089 5666 profertis
1107 5634 1114 5648 .
1133 5635 1139 5648 .
1159 5635 1165 5648 .
1184 5595 1269 5664 quod,
1293 5613 1337 5649 me
1354 5601 1517 5664 praesente,
1541 5593 1625 5649 otiam
1642 5611 1733 5648 coram
1750 5593 1828 5648 laicis

193 5699 381 5768 praedicastis,
404 5719 452 5755 vos
475 5702 609 5756 videlicet
634 5701 780 5772 episcopos
804 5702 965 5772 deponendi
988 5701 1093 5756 hahere
1117 5707 1290 5772 potestatem
1315 5709 1363 5756 etc.

261 5817 356 5869 ursam
376 5820 408 5870 aa
429 5819 484 5871 rna
516 5822 570 5871 111.
1584 5821 1615 5868 a
