4386 6390
485 329 719 387 TRACTATUS
743 329 820 385 PRO
845 319 1103 384 CLERlCORUM
1128 327 1312 405 CONUBIO.
1663 324 1727 387 589

182 519 222 582 ln
239 516 475 583 Calcedonensi
492 518 613 604 quippe
631 516 768 582 concilio
791 516 884 582 titulo
901 516 1029 580 xnus
1053 537 1244 581 concessum
1268 527 1317 582 est
1332 515 1508 582 lectoribus
1532 527 1629 604 atque
1644 517 1729 604 psal-

76 626 180 689 mistis
203 646 324 690 uxcres
348 623 478 690 ducere.
513 624 553 687 ln
569 622 820 709 Cartaginensi²
842 645 920 688 vero
941 622 1069 688 XXVI.
1093 633 1284 710 preceptum
1308 634 1366 706 est,
1391 635 1426 688 ut
1448 623 1587 689 lectores
1609 647 1729 690 uxores

77 731 251 818 accipiant.
297 731 381 796 Item
411 730 503 796 titulo
520 729 639 794 -ΧΧΙ,8
667 729 791 817 placuit
818 731 989 816 episcopos
1012 729 1221 818 presbyteros
1244 753 1283 795 ac
1307 729 1423 795 levitas
1447 753 1482 795 se
1506 729 1548 795 ub
1572 730 1729 796 uxoribus

77 837 252 904 abstinere.
299 838 453 925 Reliquos
476 859 555 902 vero
587 836 629 902 ad
652 836 713 901 hoc
736 859 801 902 non
825 838 909 922 cogi,
940 836 998 901 sed
1021 837 1274 924 uniuscuiusque
1299 837 1437 926 pcclesie
1461 837 1729 903 consuetudinem

49 944 198 1010 sdebere
222 943 399 1010 observari.
440 944 596 1010 Similiter
617 944 653 1008 in
668 943 864 1009 Toletan0⁴z
889 944 939 1010 De
962 946 1022 1026 leb,
1046 969 1123 1031 quos
1146 945 1289 1009 voluntas
1307 959 1475 1032 parentvm
1498 971 1518 1009 a
1535 948 1658 1032 primis
1680 949 1728 1010 in-

71 1054 182 1141 fantie
205 1055 300 1118 annis
322 1055 357 1117 in
380 1053 546 1118 clericatum
569 1053 681 1140 officio
705 1051 910 1139 deputaverit,
937 1053 1103 1116 statuimus
1126 1051 1364 1133 observandum,
1388 1065 1421 1116 ut
1441 1075 1516 1116 mccc
1538 1052 1662 1117 dcwnsi
1681 1053 1732 1119 vel

79 1162 253 1224 miranterio
278 1160 441 1225 electorum
458 1159 631 1224 contraditi
643 1160 783 1247 fverint,
806 1160 841 1222 in
856 1158 947 1223 domo
971 1160 1097 1244 ecclesie
1119 1160 1176 1223 sub
1192 1160 1336 1246 episcopi
1353 1162 1512 1244 presan-ra
1535 1185 1556 1222 a
1565 1163 1729 1246 preposito

77 1267 144 1331 sebi
164 1266 296 1332 debcant
317 1266 450 1332 erudiri.
487 1265 531 1330 At
552 1267 611 1342 ubi
625 1264 662 1328 X
667 1263 756 1328 VIII
757 1275 793 1303 '⁰¹⁸
817 1267 928 1330 emas*
951 1289 1006 1352 sue
1028 1290 1145 1330 annum
1168 1267 1389 1352 conpleverint,
1410 1290 1516 1330 coram
1540 1268 1632 1330 totins
1652 1267 1733 1331 cleri

79 1387 107 1438 et
121 1374 230 1460 plebis
253 1387 416 1460 compecto
439 1373 582 1437 voluntas
605 1396 711 1438 eoram
735 1372 772 1437 de
796 1371 964 1458 aspctendo
988 1375 1132 1460 coniupio
1156 1373 1195 1438 ab
1220 1375 1364 1459 episcopo
1381 1387 1606 1460 perscrutetur.
1653 1372 1728 1451 Qvi-

38 1505 62 1543 ro
79 1481 136 1544 bus
157 1482 191 1544 si
208 1483 316 1567 pratia
339 1482 491 1544 castitatis
514 1479 582 1544 Deo
612 1481 789 1565 inspirante
805 1479 977 1565 placuerit,
1001 1493 1030 1543 et
1044 1481 1289 1566 promissionem
1320 1482 1502 1569 castimonip
1531 1505 1584 1568 sup
1614 1481 1730 1566 absque

79 1588 244 1674 coniupali
263 1589 441 1651 necessitate
467 1586 687 1672 responderint
715 1599 903 1666 servaturos,
932 1586 970 1651 ti
990 1600 1148 1672 tamquam
1171 1589 1361 1674 appetitores
1383 1589 1541 1674 artissimp
1564 1588 1614 1670 vic
1638 1587 1728 1652 leves·

78 1692 180 1757 simob
204 1693 341 1759 Domini
361 1695 434 1780 iupa
456 1693 639 1757 subdantur.
687 1692 751 1756 His
779 1705 890 1774 autem
921 1694 1035 1778 quibus
1061 1693 1204 1757 voluntas
1220 1696 1362 1780 propria
1392 1707 1527 1780 tempore
1556 1696 1729 1781 interrepe-

79 1802 174 1865 tionis
205 1799 398 1865 desideriunt
427 1799 568 1864 nubendi
587 1801 800 1885 persuaserit,
831 1822 1006 1863 concessam
1035 1801 1075 1864 ab
1105 1800 1257 1885 apostoles
1283 1803 1470 1866 sentenciam
1500 1801 1639 1887 aufferre
1668 1825 1729 1864 aon

71 1930 253 1993 possumus,
284 1909 330 1992 ita
359 1909 392 1971 si
407 1921 552 1992 provecte
582 1908 672 1971 eacus
701 1909 736 1970 in
758 1908 904 1993 coaivpiv
920 1908 1025 1992 positi
1048 1908 1282 1970 renuntiaturos
1304 1931 1368 1972 esse
1390 1931 1422 1972 se
1446 1907 1592 1993 operibus
1621 1909 1730 1971 carnis

34 2038 60 2077 rs
78 2013 314 2100 spoponderint,
337 2012 383 2077 ad
403 2027 543 2078 sacratos
563 2012 685 2099 prodas
708 2015 857 2099 osptirent.
925 2013 927 2015 ’

186 2118 343 2184 Siricius⁰
367 2119 402 2182 in
416 2117 556 2184 decretis
580 2119 647 2182 suis
663 2117 773 2183 VIIII.
791 2119 838 2182 sic
859 2117 1010 2183 scribit⁵:
1038 2119 1231 2205 Quicumqve
1253 2145 1285 2185 sc
1308 2120 1435 2206 ecclesie
1459 2123 1542 2184 vovit
1562 2121 1729 2206 obsequiis,

77 2254 98 2292 a
121 2253 180 2292 sua
204 2228 347 2314 infantia
371 2241 441 2292 ante
457 2228 636 2313 pubertatis
658 2216 757 2291 canos
780 2228 940 2313 baptizari
960 2240 988 2290 et
1010 2227 1174 2292 elecmram
1198 2226 1285 2291 debet
1313 2227 1489 2292 ministerio
1512 2229 1643 2308 sociari,
1673 2230 1733 2314 qui

78 2336 118 2398 ab
134 2358 259 2399 accessu
274 2334 480 2419 adolescentie
503 2358 599 2419 'usqae
622 2333 979 2419 adtriceeirnumetatcb
1001 2357 1187 2422 capannam
1210 2335 1243 2398 si
1260 2333 1493 2420 probabiliter‘1
1516 2337 1641 2416 viverit,
1666 2360 1729 2399 aaa

78 2455 196 2504 tantam
220 2455 248 2505 et
270 2465 307 2505 ea
337 2465 432 2526 qvam
456 2443 608 2528 uirpincm
633 2442 781 2505 conmuni
794 2464 858 2526 per
880 2441 1071 2504 sacerdotem
1094 2440 1304 2505 benedictione
1323 2441 1467 2527 percepit
1490 2465 1585 2505 uvore
1609 2456 1728 2506 conten-

34 2573 60 2611 eo
79 2561 127 2611 tus
150 2549 310 2628 accolitus,
333 2547 544 2612 subdiaconus
566 2572 630 2611 csse
654 2547 747 2612 debet.
789 2544 912 2611 Scribit
934 2547 1033 2610 etiam
1048 2545 1182 2610 Rustico
1198 2543 1405 2610 Narbonensi
1421 2545 1490 2610 Leo
1506 2545 1598 2611 titulo
1615 2547 1726 2612 mla:

79 2653 179 2718 Laici
205 2657 271 2718 sive
302 2654 428 2719 lectores
458 2655 544 2718 licito
575 2668 603 2719 et
631 2678 743 2718 aceres
774 2655 895 2734 dacae,
924 2669 952 2718 ct
965 2655 1059 2741 filivs
1081 2677 1255 2740 procreare
1281 2667 1457 2740 potuerunt.
1506 2652 1572 2718 Sed
1593 2679 1661 2719 cum
1685 2655 1731 2720 ad

80 2763 215 2825 maiores
232 2763 438 2846 provenerint
456 2760 588 2848 proclus,
613 2775 731 2846 oportet
752 2785 813 2824 aon
836 2761 1002 2841 dimittere,
1025 2760 1083 2825 sed
1104 2774 1263 2846 tamquam
1285 2784 1347 2824 non
1370 2760 1514 2825 babentes
1536 2763 1583 2826 sic
1606 2762 1727 2827 labere

79 2865 145 2946 Qui
168 2867 233 2930 sint
255 2876 364 2931 autem
388 2865 544 2931 habentes
567 2877 722 2952 tanquam
745 2889 810 2930 non
826 2865 993 2946 habentes,
1011 2864 1190 2951 Gregorius
1213 2865 1248 2930 iu
1264 2866 1467 2953 expositione
1492 2867 1663 2954 euangelii
1687 2868 1728 2933 de

79 2972 190 3054 divite,
215 2974 271 3060 qui
294 2971 373 3037 fecit
395 2995 509 3037 cenam
534 2995 686 3058 magnam
711 2973 757 3037 sie
789 2973 960 3058 exponitl:
1003 2974 1136 3039 Uxorem
1165 2998 1299 3060 namque
1329 2974 1429 3054 labet,
1458 2975 1516 3039 scd
1544 2978 1641 3061 quasi
1667 3000 1726 3040 aon
1747 3005 1900 3055 sacrare.

34 3080 195 3144 relabens
218 3095 270 3161 est,
295 3083 353 3166 qui
372 3083 419 3145 sic
442 3082 521 3144 scit⁰
546 3081 650 3145 debita
674 3084 781 3145 carnis
804 3082 954 3159 exolvere,
979 3095 1013 3144 ut
1034 3095 1134 3144 tamen
1154 3104 1215 3166 per
1231 3105 1299 3144 eam
1321 3080 1438 3145 mundo
1462 3095 1523 3146 teta
1547 3096 1644 3146 arma
1666 3107 1729 3147 non

79 3201 207 3273 cvpatur
229 3188 343 3252 herere.
391 3185 452 3252 Ille
482 3212 609 3251 oaorem
639 3188 755 3252 labeas
781 3190 879 3273 quasi
904 3212 965 3251 non
988 3188 1086 3266 halet,
1118 3189 1177 3272 qui
1195 3189 1242 3251 sic
1265 3186 1366 3251 sadec
1380 3188 1512 3273 placere
1535 3191 1673 3276 coniupi,
1696 3204 1730 3253 nt

78 3307 180 3358 tamea
195 3318 257 3358 non
273 3295 441 3380 displiceat
456 3294 620 3358 conditori.
652 3292 745 3357 Idem
760 3294 856 3357 etiarn
869 3290 1048 3378 Gregorius
1060 3293 1157 3357 Petro
1175 3291 1374 3357 subdiacono
1388 3291 1500 3382 Sicilie
1517 3293 1608 3358 titulo
1621 3293 1727 3359 XLII.

79 3398 120 3463 de
151 3397 406 3464 subdiaconibus
422 3401 482 3464 sic
513 3398 663 3464 scribitss:
694 3401 821 3464 Durum
851 3415 942 3486 atquc
973 3403 1180 3486 incompetens
1207 3400 1341 3481 videtur,
1370 3415 1404 3464 ut
1433 3404 1492 3486 qai
1512 3426 1601 3464 usum
1632 3406 1727 3467 evnti-

79 3510 187 3595 ncncip
209 3531 270 3570 non
294 3510 421 3588 iavereit,
445 3533 541 3592 'cacque
564 3509 774 3572 necessitatem
797 3509 981 3593 anteposuit,
1005 3509 1210 3593 compellatur
1225 3533 1245 3572 a
1261 3531 1319 3571 sua
1335 3531 1432 3571 uvore
1455 3511 1613 3594 separari,
1637 3523 1728 3595 atque

34 3639 61 3679 so
79 3614 165 3699 quod
186 3615 269 3678 absit
291 3613 447 3678 deteriasf
472 3615 573 3678 carlet.
618 3613 683 3694 Qui
706 3614 803 3677 etiarn
828 3612 979 3678 Simacho
1003 3612 1167 3677 defensori
1190 3612 1282 3677 titulo
1306 3613 1344 3677 L.
1369 3614 1416 3677 sic
1441 3611 1591 3678 scribit92
1616 3613 1727 3680 Sacer-

79 3721 164 3785 dotes
179 3721 351 3807 prohiberi
358 3731 372 3768 ⁸
403 3721 520 3800 (lebant,
552 3747 587 3786 ae
618 3747 686 3785 cum
716 3722 902 3786 naalia-ribus
932 3719 1180 3800 conversenturh,
1211 3736 1337 3807 caecata
1367 3721 1531 3785 dumtavat
1559 3735 1657 3786 malm
1681 3723 1731 3786 vel

78 3851 195 3907 sorore,
225 3829 275 3892 vel
295 3851 403 3907 uvore,
433 3853 491 3916 qap
515 3843 596 3892 caste
618 3829 754 3916 repe-ndo
778 3843 829 3892 est.
878 3825 913 3892 si
940 3827 1048 3912 igitur,
1073 3837 1108 3890 ut
1131 3825 1285 3890 cavillant
1309 3827 1365 3912 qui
1389 3825 1649 3891 contentionibus
1673 3827 1727 3892 de-

80 3934 201 3997 servire
221 3956 319 4020 quam
335 3935 464 3998 veritati
488 3933 611 3998 malunt
633 3935 857 4021 adquiescere,
881 3957 941 4020 per
964 3932 1242 3998 subintroductam
1265 3932 1435 3997 mulierem
1459 3956 1543 3998 uxor
1565 3933 1727 4020 significa-

79 4049 140 4122 tur,
165 4052 259 4104 erunt
282 4038 342 4104 sub
365 4041 490 4105 Niceno
521 4041 693 4105 interdicto
723 4063 788 4105 non
819 4041 922 4105 solum
952 4040 1063 4105 clerici
1094 4041 1269 4125 coniugati,
1301 4039 1358 4104 sed
1388 4041 1486 4104 etiam
1516 4038 1564 4104 illi
1592 4043 1647 4127 qui
1672 4063 1727 4105 eos

34 4171 61 4211 ss
80 4148 230 4232 coniugio
251 4146 396 4234 copulari
413 4158 652 4229 concesserunt,
676 4149 773 4212 immo
797 4157 1023 4233 preceperunt,
1047 4156 1196 4211 auctores
1220 4146 1479 4233 supradictorum
1504 4147 1727 4212 ‘conciliorum
1747 4178 1825 4219 ·r.sv.

79 4264 176 4339 atque
200 4253 413 4336 decretorum,
438 4255 525 4340 quod
541 4255 618 4341 quia
640 4255 731 4319 nefas
756 4265 805 4318 est
828 4253 927 4336 credi,
952 4264 1051 4319 restat
1074 4264 1118 4335 ut,
1143 4255 1227 4318 sicut
1249 4277 1301 4318 res
1325 4252 1453 4318 sublata
1475 4251 1528 4317 vel
1551 4253 1727 4338 subtracta,

78 4359 113 4423 id
137 4371 185 4424 est
207 4360 293 4424 furto
317 4358 426 4424 ablata
448 4360 501 4424 vel
525 4360 689 4424 abstracta
711 4360 840 4442 dicitur,
880 4362 925 4424 ita
948 4360 1063 4425 mulier
1086 4359 1333 4425 subintroducta
1355 4359 1502 4444 latenter,
1531 4359 1567 4424 id
1591 4371 1727 4425 estnon

78 4467 260 4551 legittimel,
284 4478 386 4553 nupta
409 4467 618 4554 significetur,
639 4489 702 4553 quo
727 4480 760 4531 et
782 4479 852 4532 rata
876 4469 917 4556 sit
940 4478 1124 4532 sanctorum
1148 4469 1273 4532 sanctio
1297 4478 1425 4554 patrum
1448 4477 1480 4532 et
1502 4468 1684 4532 institutum
1708 4491 1728 4532 a

79 4573 152 4637 Deo
177 4573 346 4659 coniugale
370 4596 435 4638 non
458 4573 602 4639 solvatur
624 4573 799 4640 vinculum.

34 4841 62 4878 so
187 4825 213 4891 a)
236 4829 328 4879 attatis
346 4846 367 4878 c.
445 4825 474 4891 b)
496 4827 633 4880 lenissimo
655 4828 727 4879 Corte.
807 4825 832 4890 c)
854 4828 965 4879 Silicius
984 4845 1004 4879 c.
1084 4826 1111 4889 d)
1133 4828 1284 4894 probalitar
1301 4846 1322 4879 c.
1395 4826 1421 4891 e)
1442 4831 1477 4880 sit
1495 4847 1516 4879 c.
1575 4809 1610 4891 i)
1633 4829 1726 4880 deten-

81 4918 140 4966 cius
158 4933 178 4967 c.
250 4915 279 4981 g)
301 4918 439 4983 prohiberi
457 4935 477 4968 c.
550 4913 578 4979 h)
601 4924 777 4969 coversentur
794 4934 815 4968 c.
887 4915 907 4978 i)
930 4917 1084 4984 legitittime
1103 4935 1123 4968 c.

190 5152 220 5224 1)
246 5155 347 5211 Mami
367 5153 432 5224 VII,
456 5155 507 5211 col.
532 5155 611 5224 418;
645 5154 801 5210 Hinsclrius
824 5175 856 5229 p.
883 5152 956 5210 286.
1071 5150 1102 5228 2)
1126 5152 1182 5224 ΙΙΙ,
1214 5173 1241 5211 α.
1268 5153 1341 5226 397,
1373 5153 1506 5230 capili,
1541 5153 1641 5212 Mansi
1670 5154 1726 5226 ΙΙΙ,

81 5262 132 5319 cvl.
150 5260 229 5331 883;
252 5261 406 5318 Hinsclrius
423 5281 456 5336 p.
475 5261 548 5318 298.
653 5258 684 5335 3)
709 5259 793 5319 Coae.
812 5259 948 5337 Cartbap.
973 5261 1004 5328 V,
1029 5282 1057 5319 a.
1075 5259 1149 5330 401,
1175 5281 1197 5317 c.
1217 5260 1245 5332 3,
1273 5261 1372 5319 Mansa·
1394 5259 1452 5332 III,
1477 5262 1527 5319 cvl.
1545 5260 1625 5332 969;
1653 5261 1727 5318 Πιπ-

80 5367 172 5424 solius
189 5387 223 5443 p.
242 5366 314 5424 307.
407 5366 437 5438 4)
462 5367 502 5437 II,
528 5388 550 5424 c.
571 5369 598 5438 1,
621 5368 728 5439 Mami,
748 5365 816 5425 Call.
835 5387 910 5424 conc.
931 5367 1011 5437 VIII,
1037 5369 1086 5424 cvl.
1102 5367 1182 5438 7855
1206 5368 1361 5426 Hinsclrius
1380 5389 1413 5444 p.
1432 5367 1505 5425 352.
1578 5365 1609 5439 5)
1628 5366 1725 5426 013.

34 5491 62 5531 ss
81 5475 124 5532 ed.
149 5473 347 5532 Schinemann
365 5494 398 5550 p.
417 5473 498 5545 4125
528 5474 682 5532 Hinsclias
699 5495 732 5550 p.
751 5473 823 5530 522.
923 5472 954 5544 6)
980 5473 1072 5550 Epist.
1092 5474 1164 5545 167,
1190 5473 1263 5550 Opp.
1289 5476 1351 5533 edd.
1376 5474 1487 5532 Baller.
1513 5474 1537 5544 I,
1562 5473 1727 5546 coclear,

80 5579 181 5657 inquis.
209 5579 237 5637 3.
352 5579 382 5650 l)
413 5579 547 5659 Greporii
575 5601 640 5657 opp.
671 5582 713 5639 cd.
738 5581 883 5639 Benedict.
907 5582 931 5653 Ι,
957 5582 1121 5639 cot1625.
1152 5582 1182 5638 in
1213 5602 1311 5660 many.
1343 5585 1362 5639 l.
1385 5581 1426 5652 II,
1458 5582 1530 5640 lom.
1556 5582 1608 5654 37,
1639 5578 1727 5655 512.

82 5683 114 5762 8)
136 5687 207 5765 ch.
232 5686 256 5758 I,
282 5687 333 5760 42,
366 5687 435 5744 EE.
460 5682 515 5763 (ed.
541 5685 659 5765 Ervald)
684 5688 708 5760 I,
727 5708 760 5764 p.
779 5689 830 5745 67.
923 5687 953 5758 9)
978 5688 1049 5765 Rep.
1074 5688 1098 5759 Ι,
1124 5688 1175 5758 50,
1209 5688 1278 5744 ΕΕ.
1303 5683 1359 5764 (ed.
1385 5685 1505 5767 Ewald)
1531 5687 1555 5758 Ι,
1574 5689 1675 5764 pto.
