4478 6396
747 388 865 443 mann
887 389 940 444 ns
963 388 1200 476 arnovmms,
1736 387 1799 449 24⁷

136 583 195 638 est
225 574 421 656 maledictio,
451 597 517 640 non
547 577 625 661 quia
655 574 776 640 donum
806 575 871 640 Dei
901 577 1062 663 peccunia
1092 577 1283 663 possederit,
1316 579 1373 642 sed
1404 581 1481 666 quia
1510 579 1573 644 hoc
1604 601 1700 666 posse
1730 580 1802 645 fieri

137 682 355 764 existimavit,
380 681 469 768 quod
493 691 542 745 est
573 682 658 746 istud
686 682 807 746 donum
837 693 904 746 tam
933 682 1169 770 impreciabile,
1197 695 1233 748 ut
1262 685 1426 750 hereticus
1451 695 1483 750 et
1506 686 1724 752 damnationis
1747 687 1800 751 vel

139 788 339 873 perditionis
366 787 453 852 filius
483 788 646 853 iudicetur
669 789 816 875 quisquis
839 789 920 853 illud
943 791 1108 854 existimat
1133 792 1245 877 precio
1268 791 1430 878 possideri
1453 793 1506 856 vel
1530 791 1670 858 obtineri
1693 815 1800 879 posse,

140 905 182 959 ut
205 895 258 959 ille
282 895 366 960 filius
390 895 593 981 perditionis,
625 896 677 960 cui
708 895 831 960 dictum
855 907 905 960 est
927 920 947 961 a
969 897 1084 961 Petro:
1115 897 1255 964 Pecunia
1279 913 1333 963 toa
1356 913 1452 964 tecum
1476 902 1519 965 eit
1542 903 1591 965 ‘ia
1608 901 1799 986 perditione.
1819 923 1941 973 sesam

103 1001 222 1066 sNon
246 1003 303 1084 sic,
327 1024 392 1067 non
415 1003 461 1066 ita
475 1002 687 1066 vehementer
709 1001 882 1067 damnatus
905 1013 955 1068 est
977 1003 1082 1067 alter*
1105 1003 1158 1068 ille
1182 1004 1267 1068 filius
1290 1004 1482 1090 perditionis
1502 1006 1653 1071 venditor
1669 1005 1799 1090 Christi,

141 1118 182 1172 ut
212 1132 278 1173 una
308 1131 382 1172 cum
410 1109 481 1195 ipso
511 1108 703 1195 perderetur
732 1111 879 1195 precium
909 1111 1078 1195 sanguinis
1102 1109 1233 1175 Christi.
1279 1111 1364 1176 Nam
1395 1114 1466 1199 ipso
1497 1112 1629 1199 quidem
1659 1115 1800 1199 pessimo

143 1225 327 1280 mercatore
351 1215 488 1302 perdito,
512 1237 632 1300 magna
655 1215 776 1280 utilitas
800 1217 933 1302 provisa
953 1226 1003 1280 est
1026 1216 1066 1281 de
1090 1218 1161 1304 ipso
1186 1220 1354 1304 sanguinis
1370 1220 1493 1305 precio,
1519 1219 1596 1284 dum
1620 1220 1801 1285 secundum

145 1323 372 1386 auctoritatem
394 1322 606 1408 propheticae
631 1323 790 1408 scripture
814 1333 1021 1409 comparatus
1045 1333 1094 1388 est
1116 1324 1193 1389 inde
1217 1347 1297 1410 ager
1318 1325 1410 1410 figuli
1433 1327 1467 1389 in
1484 1325 1684 1412 sepulturam
1707 1349 1800 1412 pere·
1819 1350 1968 1400 marnam,

146 1430 324 1514 grinorum.
371 1428 507 1516 Symoni
531 1451 609 1494 vero
640 1429 775 1494 dicitur:
806 1429 948 1495 Pecunia
971 1445 1024 1496 trie
1048 1446 1146 1496 tecum
1168 1435 1211 1496 ait
1233 1433 1477 1519 inpeditione,
1507 1443 1544 1497 ut
1572 1434 1649 1497 hinc
1676 1434 1800 1520 liquido

96 1561 125 1600 ro
145 1535 406 1600 animadvertere
430 1537 591 1622 possimus
615 1535 739 1600 scelere
755 1536 857 1600 Iudae
881 1536 987 1602 scelus
1012 1536 1164 1624 Symonis
1189 1539 1294 1602 maius
1318 1561 1400 1603 esse.
1447 1539 1531 1603 Nam
1547 1539 1647 1603 Iudas
1667 1539 1799 1626 quidem

145 1641 294 1707 vendidit
318 1641 492 1724 Christrm,
517 1665 613 1728 quem
637 1653 749 1728 utpote
776 1643 945 1708 mortalem
975 1666 1041 1708 non
1065 1643 1225 1708 intellexit
1248 1667 1319 1710 esse
1343 1645 1450 1731 ipsum
1473 1645 1592 1728 Deum,
1617 1646 1691 1710 Deo
1714 1648 1801 1732 patri

145 1761 371 1815 coaeternum:
403 1749 492 1836 quod
521 1749 597 1814 hine
626 1749 723 1814 facile
754 1750 996 1836 perpendimus,
1021 1752 1099 1837 quia
1122 1751 1195 1838 ipsa
1217 1761 1313 1815 nocte
1338 1775 1403 1837 qua
1426 1751 1575 1816 Christus
1599 1751 1799 1837 tradebatur,

145 1855 323 1942 discipulos
347 1857 392 1920 ita
415 1857 601 1942 increpatos
625 1856 781 1941 legimus:
812 1857 911 1922 Tanto
934 1872 1070 1945 tempore
1093 1861 1251 1923 oobshmim
1274 1884 1353 1940 eum,
1384 1874 1413 1924 et
1434 1884 1496 1923 non
1519 1864 1707 1948 copnovistia
1730 1862 1801 1925 rna?
1819 1883 1939 1933 ronias.

145 1961 181 2028 Si
204 1962 266 2028 hoc
289 1961 385 2027 bonis
409 1961 577 2049 discipulis
602 1962 668 2027 dici
691 1965 806 2049 potuit,
831 1973 952 2050 quanto
980 1965 1085 2051 magis
1109 1964 1165 2046 illi,
1190 1987 1288 2051 quem
1311 1987 1353 2029 ne
1377 1963 1542 2030 Christum
1573 1966 1670 2030 deum
1701 1989 1800 2052 agno-

100 2095 126 2134 rs
145 2080 252 2134 sceret
278 2070 434 2153 avaricia,
459 2093 522 2157 que
547 2071 744 2156 sapientium
767 2092 897 2157 quoque
922 2071 1032 2136 oculos
1057 2069 1225 2153 obcecatb,
1251 2069 1448 2136 obcecavit?
1494 2071 1533 2136 ln
1558 2077 1799 2158 'recompensa
1818 2095 1898 2139 *aeas

143 2178 266 2242 tionem
281 2199 434 2264 namque,
454 2187 490 2241 ut
506 2176 569 2240 sibi
584 2174 760 2241 videbatur
782 2177 901 2264 perditi
924 2179 1093 2262 unguenti,
1118 2178 1207 2264 quod
1230 2179 1300 2264 ipse
1325 2177 1455 2243 dixerat
1477 2180 1632 2243 trecentis
1656 2179 1799 2244 denariis
1819 2205 1938 2254 aaran

142 2285 288 2372 potuisse
312 2284 505 2366 venundari,
530 2282 715 2348 stimulante
741 2284 887 2348 avaricia
910 2294 1081 2349 contentus
1106 2295 1155 2348 est
1177 2284 1273 2348 huius
1297 2285 1410 2371 precii,
1440 2284 1474 2349 id
1498 2296 1547 2350 est
1570 2285 1799 2350 denariorum⁰

142 2400 365 2456 trecentorum
388 2391 549 2456 decimam
571 2389 700 2454 Christo
723 2389 858 2456 vendito
882 2393 1063 2477 acquirere,
1088 2390 1150 2456 hoe
1175 2401 1224 2456 est
1246 2391 1349 2455 XXX
1373 2391 1535 2474 denarios,
1560 2392 1616 2478 qui
1639 2403 1715 2456 sunt
1736 2402 1800 2458 tre-

143 2507 314 2562 centorum
337 2497 544 2562 denariorum
561 2497 746 2562 decimatio.
783 2497 892 2578 Quam
916 2519 1014 2562 cecus
1029 2497 1181 2563 venditor
1203 2499 1260 2584 qui
1282 2521 1342 2585 pro
1365 2508 1433 2562 tam
1449 2498 1506 2562 vili
1525 2500 1636 2584 precio
1652 2499 1801 2564 vendidit

97 2631 124 2670 ro
141 2603 244 2686 illum,
269 2605 362 2669 cuius
384 2615 421 2669 ut
443 2606 477 2668 in
494 2603 639 2669 Canticis
655 2605 856 2669 canticorum
872 2604 1007 2690 legitur:
1036 2604 1140 2692 Caput
1161 2621 1206 2670 aet
1227 2631 1341 2670 aarum
1358 2609 1509 2692 optimum
1525 2620 1680 2672 etmarias
1696 2621 1799 2673 torna-
1819 2631 1955 2681 caesara

143 2713 223 2778 biles
238 2737 333 2778 auree
341 2713 459 2799 plenae
476 2715 632 2794 iacinctis,
647 2711 744 2798 longe
761 2712 977 2798 preciosiores
993 2711 1097 2776 XXX
1112 2713 1287 2798 argenteis,
1304 2712 1402 2775 immo
1419 2713 1475 2799 qui
1492 2722 1542 2777 est
1556 2711 1613 2777 illa
1628 2714 1799 2799 sapientia,

143 2817 184 2883 de
202 2841 269 2905 qua
291 2818 427 2883 dicittu:
451 2818 632 2884 Preciosior
655 2833 699 2884 eet
721 2821 840 2884 ceacc‘s
863 2821 985 2906 opibm,
1009 2834 1038 2884 et
1060 2821 1166 2884 omnio
1190 2844 1248 2905 que
1272 2819 1493 2884 desiderentur
1517 2821 1590 2886 huic
1612 2845 1675 2886 aon
1698 2822 1803 2886 oolam
1819 2845 1959 2893 reeens.

143 2927 350 3014 comparari!
392 2924 547 2990 Attamen
570 2924 845 3012 quemadmodum
875 2925 995 2991 dicitur
1024 2925 1119 2989 huius
1147 2924 1261 2989 mundi
1291 2924 1505 3012 principibus,
1537 2930 1614 3013 quia
1637 2930 1671 2992 ei
1690 2951 1799 3016 copae·
1819 2953 1839 2992 1.
1847 2951 1899 2992 cor.
1908 2952 1928 3001 2,
1936 2953 1957 2993 s.

146 3036 270 3114 emeeat,
293 3058 453 3119 nonquam
477 3033 650 3097 Dominum
671 3034 774 3120 pieria
797 3035 1036 3120 crucifiaieeent,
1059 3033 1107 3097 ita
1130 3031 1171 3096 de
1194 3033 1256 3096 isto
1280 3031 1347 3096 dici
1370 3043 1487 3118 potest,
1512 3034 1600 3119 quia,
1626 3034 1654 3096 si
1678 3031 1800 3098 Christi

97 3165 125 3206 aa
144 3161 281 3204 aureum
305 3149 413 3226 eaput,
444 3161 560 3204 manus
590 3162 707 3203 aureas
738 3149 771 3203 et
794 3149 904 3203 cetera
933 3140 967 3202 in
991 3162 1030 3204 eo
1054 3138 1285 3204 desiderabilia
1314 3138 1510 3204 mortalitate
1538 3141 1646 3203 carnis
1671 3138 1801 3205 obtecta

145 3248 377 3333 perspexisset,
407 3269 575 3333 nunquam
596 3245 776 3310 Dominum
799 3246 921 3331 gloriae
945 3269 1004 3333 pro
1028 3257 1094 3311 tam
1118 3245 1175 3310 vili
1198 3244 1411 3310 vendidisset.
1457 3245 1573 3332 Neque
1604 3257 1713 3311 tamen
1741 3270 1801 3334 per

145 3375 293 3440 eaquae
317 3352 455 3417 dicimus
478 3352 577 3417 Iudas
601 3363 762 3417 mercator
785 3354 946 3439 pessimus
971 3362 1156 3436 excusatur,
1182 3353 1247 3438 qui,
1273 3353 1333 3416 etsi
1358 3351 1447 3416 aliud
1474 3353 1574 3417 nichil
1605 3353 1646 3417 de
1670 3351 1799 3418 Christo

144 3462 229 3525 scire
253 3461 368 3546 potuit,
398 3461 461 3524 nisi
486 3459 573 3548 quod
595 3459 691 3550 homo
716 3461 872 3525 innocens
897 3470 929 3524 et
951 3458 1111 3525 bonorum
1141 3481 1276 3546 operum
1306 3459 1412 3523 faetor
1434 3461 1552 3541 extitit,
1584 3460 1670 3524 hunc
1701 3459 1799 3524 talem

144 3591 204 3654 pro
229 3567 332 3632 XXX
354 3566 498 3632 denariis
521 3566 695 3632 vendendo
727 3566 769 3631 ad
798 3577 935 3632 mortem
966 3567 1064 3653 digne
1091 3589 1130 3631 ae
1159 3567 1273 3630 merito
1304 3564 1501 3630 hereditavit
1524 3589 1544 3630 a
1567 3566 1736 3652 psalmista
1765 3567 1800 3629 in

99 3701 127 3740 ao
143 3673 235 3738 illum
258 3673 456 3761 predictatas
480 3673 584 3740 XXX
607 3673 863 3757 maledictiones,
888 3697 1025 3760 quarum
1048 3675 1154 3760 prima
1177 3682 1242 3738 est:
1271 3673 1429 3738 Conetinee
1451 3698 1546 3761 super
1569 3699 1638 3738 esim
1654 3688 1799 3760 peecato-
1819 3699 1940 3748 nareae.

144 3807 222 3863 rem,
245 3781 374 3846 ultima:
403 3781 597 3869 Operianter
625 3785 708 3846 aicta
736 3782 887 3870 de'paloyda
914 3783 1100 3870 confusione
1123 3806 1190 3846 sita.
1236 3779 1471 3844 Verumtamen
1494 3789 1560 3843 tam
1586 3781 1665 3844 ‘iste
1688 3779 1799 3864 Iudas,
1818 3771 1892 3864 lljssj

145 3911 244 3976 quam
275 3888 373 3953 etiam
398 3889 507 3953 cuncti
536 3887 683 3970 heretici,
709 3889 765 3974 qui
788 3871 1019 3974 peccaverunt
1039 3890 1075 3952 in
1097 3909 1272 3974 personam
1294 3886 1381 3968 Filii,
1413 3884 1613 3951 tolerabilius
1643 3908 1799 3974 peccasse

143 3995 331 4060 iudicantur
352 3995 403 4059 his
428 3995 484 4082 qui
505 4005 729 4084 peccaverunt
757 3995 792 4058 in
814 4017 988 4081 personam
1012 3993 1152 4081 Spiritus
1177 3994 1291 4058 sancti.
1337 3992 1442 4058 Verbi
1469 3993 1576 4080 gratia
1598 3992 1799 4058 tolerabilius

144 4103 297 4189 peccavit
311 4101 428 4166 Arrius
450 4103 485 4170 in
511 4124 570 4165 sua
592 4099 797 4188 blasphemia
820 4101 960 4166 dicendo
984 4111 1168 4166 creaturam
1189 4123 1261 4166 esse
1277 4100 1408 4183 Filium,
1433 4124 1531 4187 quam
1555 4101 1674 4187 impius
1689 4099 1799 4164 Maee-

101 4209 263 4275 sedonius
287 4208 449 4274 dicendod
473 4218 656 4274 creaturam
680 4231 751 4273 esse
777 4208 933 4295 Spiritum
957 4218 1115 4273 sanctum.
1161 4207 1207 4272 Ut
1234 4209 1320 4272 enim
1343 4207 1460 4272 Arrius
1484 4205 1649 4272 chrisum
1674 4217 1800 4271 creatu-

147 4339 216 4380 ram
246 4316 385 4400 diceret,
415 4317 518 4403 ipsius
542 4313 665 4380 Christi
686 4314 797 4380 verbis
828 4315 868 4380 de
899 4337 934 4378 se
966 4315 1145 4379 seeundum
1175 4314 1409 4379 humanitatem
1439 4313 1573 4400 prolatis
1602 4323 1634 4378 et
1662 4313 1799 4400 abipso

146 4422 242 4487 Arrio
265 4444 331 4486 non
355 4433 443 4487 recte
467 4421 651 4505 intellectis,
680 4424 785 4508 primo
815 4421 927 4488 induci
950 4423 1065 4509 potuit,
1088 4418 1183 4486 verbi
1207 4422 1313 4507 gratia
1337 4442 1412 4484 cum
1435 4420 1516 4484 dicit
1538 4420 1698 4503 Christus,
1723 4422 1801 4508 quia

146 4530 242 4595 Pater
264 4533 368 4595 maior
391 4556 438 4595 me
462 4544 522 4612 est,·
552 4528 611 4593 sed
633 4527 691 4593 ubi
715 4527 888 4594 CCCtorum
911 4528 1028 4593 XVIII
1054 4539 1184 4615 patrum
1208 4528 1402 4592 sententiam
1427 4550 1604 4592 consonam
1627 4527 1668 4590 de
1692 4527 1799 4592 Patris
1818 4553 1937 4602 aaran

147 4648 180 4702 et
194 4637 272 4702 Filii
287 4634 624 4702 consubstantialitate
648 4638 683 4700 in
698 4658 763 4701 uno
781 4636 904 4723 Spiritu
919 4636 1080 4723 prolatam
1104 4645 1136 4700 et
1159 4632 1344 4699 indubitata
1367 4635 1472 4698 saneti
1497 4633 1637 4720 Spiritus
1661 4636 1800 4699 auctori-

101 4771 128 4814 te
146 4753 212 4808 tate
243 4742 487 4808 corroboratam
516 4744 726 4830 pertinaciter
756 4765 949 4830 oppugnans
979 4742 1150 4828 indignum
1180 4764 1215 4806 se
1246 4743 1334 4805 vitae
1365 4751 1496 4805 eternae
1527 4740 1700 4823 iudicavit,
1735 4762 1801 4805 non

147 4849 348 4916 solummodo
371 4852 406 4916 in
421 4850 551 4933 Filium,
576 4849 635 4914 sed
658 4851 691 4914 in
709 4849 866 4937 Spiritum
882 4873 1011 4937 quoque
1036 4860 1184 4913 sanctum
1199 4847 1314 4912 Arrius
1337 4848 1409 4933 ipse
1433 4848 1594 4933 peccavit.
1629 4847 1691 4911 Est
1713 4849 1800 4911 enim

146 4956 330 5023 indubitata
347 4959 451 5022 sancti
468 4957 608 5044 Spiritus
625 4959 812 5040 auctoritas,
828 4958 991 5022 unanimis
1016 4967 1146 5043 patrum
1169 4955 1425 5021 orthodoxorum
1447 4955 1482 5018 in
1505 4954 1615 5040 aliqua
1638 4955 1800 5018 sententia

146 5063 180 5128 id
203 5065 311 5151 ipsum
334 5065 522 5147 dicentium,
553 5064 588 5129 id
615 5065 722 5151 ipsum
746 5065 942 5150 sapientium
965 5085 1114 5145 censura,
1139 5085 1238 5148 quam
1262 5063 1386 5148 siquis
1410 5071 1643 5146 contempnens
1668 5060 1799 5124 dissono

147 5172 263 5258 spiritu
286 5173 334 5238 sic
357 5172 474 5257 agitur,
497 5181 534 5235 ut
557 5193 600 5236 ex
623 5171 825 5258 dispersione
850 5170 892 5235 ad
909 5170 1196 5256 congregationem
1213 5191 1312 5254 quarn
1328 5167 1469 5254 Spiritus
1493 5178 1623 5232 sanctus
1648 5178 1801 5254 operatur

101 5303 129 5344 ce
146 5300 313 5364 nunquam
336 5279 466 5364 redeat3
496 5279 577 5365 ipse,
607 5276 705 5342 beato
728 5277 913 5364 Augustino
938 5287 1030 5360 teste,
1054 5274 1192 5340 verbum
1215 5275 1297 5339 dicit
1320 5284 1434 5339 contra
1458 5273 1616 5361 Spiritum
1640 5285 1958 5357 sanctum,nu0.rs,1o‚

146 5407 253 5472 neque
282 5387 317 5450 in
339 5385 401 5450 hoc
426 5385 535 5450 seculo
565 5407 673 5471 neque
703 5386 738 5449 in
765 5384 872 5450 futuro
903 5383 1143 5448 remittendum.
1191 5381 1246 5448 Sic
1271 5383 1317 5446 sic
1340 5381 1456 5446 Arrius
1479 5381 1533 5446 vel
1548 5380 1639 5465 ⁴alius
1663 5380 1801 5467 quilibet

146 5492 365 5575 heresiarcha,
396 5514 454 5556 seu
484 5493 583 5556 etiam
613 5493 773 5556 scismatis
797 5491 972 5556 inveterati
995 5491 1147 5555 defensor
1170 5489 1297 5575 aliquis,
1322 5488 1400 5553 dum
1423 5489 1520 5552 nimis
1544 5487 1683 5552 amando
1708 5511 1801 5552 suam

148 5600 341 5664 sententiam
371 5598 425 5663 vel
455 5598 632 5663 invidendo
666 5597 783 5662 melius
819 5595 1004 5662 dicentibus
1035 5596 1140 5661 factus
1171 5607 1221 5660 est
1250 5597 1403 5682 pertinax
1434 5605 1466 5660 et
1496 5593 1692 5678 obstinatus,
1728 5603 1801 5681 post

254 5761 281 5827 a)
302 5765 320 5815 i.
340 5781 364 5815 a.
384 5767 409 5816 2.
429 5765 454 5816 3.
527 5761 555 5826 b)
577 5769 691 5816 excecat
711 5766 735 5814 2.
755 5766 779 5814 3.
853 5760 879 5826 c)
901 5769 967 5816 trec.
987 5763 1048 5813 den.
1068 5765 1093 5814 2.
1113 5764 1138 5812 3,
1212 5758 1240 5824 d)
1263 5761 1386 5812 docendo
1407 5763 1432 5811 2.
