4426 6398
675 381 910 439 TRACTATUS
933 383 1225 441 EBORACENSES.
1260 384 1313 440 111.
1759 379 1820 442 661

169 569 259 657 quod
281 579 331 634 est
354 568 504 652 ecclesia,
527 569 554 632 si
577 568 719 633 divisum
741 568 849 650 fuerit,
871 570 906 634 in
926 591 961 634 se
983 571 1091 656 ipsum
1112 569 1321 636 desolabitur.
1358 570 1424 636 Sed
1447 593 1584 658 reguum
1601 570 1722 636 Christi
1745 595 1823 636 nun-

170 699 269 763 quam
293 673 504 740 desolabitur.
549 674 726 761 Nunquam
751 697 828 760 ergo
855 673 933 764 [in2]
959 678 1125 762 seipsum
1148 675 1322 742 dividetur.

278 781 344 848 Sed
369 781 447 870 quid
471 803 551 868 erga
577 803 636 846 uos
664 803 762 868 agere
787 780 915 864 debeat,
940 783 997 869 qui
1019 782 1162 868 prelatus
1187 794 1245 866 est,
1269 783 1451 849 videamus.
1498 783 1610 850 Debet
1639 789 1825 872 confirmare
1844 801 1983 860 inarare.

164 892 292 979 fratres
314 913 397 970 asos,
419 910 485 953 non
509 888 683 953 infirmare.
722 887 834 952 Debet
855 887 1025 971 honorare,
1049 911 1115 953 non
1137 890 1335 976 vituperare.
1374 889 1486 956 Debet
1508 913 1637 956 omnem
1663 889 1824 957 ‘substan-
1845 915 1922 964 aas.

140 998 250 1061 stiam
273 1018 365 1061 suam
389 1005 422 1059 et
445 1017 480 1059 se
503 996 620 1081 ipsum,
646 995 674 1058 si
696 1017 831 1059 necesse
855 995 962 1078 fuerit,
987 1017 1046 1081 pro
1071 997 1118 1060 eis
1141 995 1331 1082 inpendere,
1355 1019 1420 1060 nou
1436 1019 1547 1062 eorum
1571 997 1769 1062 substantias
1794 1009 1827 1063 et

171 1104 296 1168 animas
319 1125 378 1188 pro
402 1123 463 1166 sua
484 1100 655 1188 temporali
677 1102 748 1166 vita
773 1100 896 1166 tollere.
943 1100 1053 1166 Debet
1081 1112 1257 1188 peccantes
1287 1104 1448 1168 instruere
1479 1107 1513 1169 ia
1535 1107 1951 1191 spirituleaitatss,ou.c,1.

166 1231 236 1274 non
260 1209 427 1274 destmere
450 1209 484 1272 in
507 1208 622 1295 spiritu
646 1208 853 1273 austeritatis.
896 1206 1006 1272 Debet
1028 1209 1305 1296 unumquenqueb
1322 1209 1496 1275 admonere
1520 1210 1700 1275 secundum
1724 1210 1825 1297 quali-

170 1326 272 1381 tatem
294 1338 420 1380 morum
443 1316 598 1401 ipsorum,
624 1336 690 1378 non
714 1313 893 1378 secundum
917 1337 1009 1378 suam
1033 1313 1254 1379 voluntatem⁰
1278 1315 1331 1380 vel
1354 1318 1477 1402 proprii
1501 1317 1601 1381 animi
1625 1316 1823 1403 qualitatem.

171 1421 282 1488 Debet
304 1424 427 1504 venire,
454 1443 521 1486 non
543 1431 579 1486 ut
601 1431 723 1486 mactet
745 1431 778 1484 et
799 1420 926 1507 perdat,
958 1419 1016 1484 sed
1039 1431 1076 1484 ut
1097 1432 1220 1507 paseat,
1252 1422 1356 1487 salvet
1378 1434 1412 1488 et
1434 1425 1565 1488 nutriat.
1613 1423 1649 1488 Si
1673 1425 1758 1488 enim
1783 1423 1826 1488 ad
1844 1448 2005 1497 carosiana

129 1555 153 1593 ra
171 1530 231 1618 hec
255 1530 392 1610 venerit,
423 1528 574 1593 audietur
595 1549 663 1591 vox
686 1528 755 1592 eius
783 1538 816 1591 et
844 1549 922 1592 oves
954 1549 1028 1591 eum
1059 1538 1244 1614 sequentur.
1292 1528 1350 1594 Sin
1381 1540 1499 1612 autem,
1530 1553 1592 1594 nec
1616 1553 1731 1595 vocem
1756 1531 1825 1594 eius

172 1635 306 1701 audient
327 1657 388 1700 nee
412 1634 501 1700 illum
526 1644 712 1720 sequentur,
737 1629 804 1699 sed
819 1635 913 1721 quasi
936 1633 1078 1698 alienum
1102 1633 1406 1700 abhominabuntur.

279 1741 345 1808 Sed
369 1764 456 1806 nuuc
479 1740 735 1827 respondeamus
758 1739 801 1804 ad
824 1739 896 1823 hoc,
921 1739 1009 1826 quod
1032 1742 1140 1826 arguit
1159 1741 1432 1828 Rotomngensem
1456 1742 1738 1830 archiepiscopum
1762 1743 1826 1807 dc‘l

172 1849 347 1914 contentub
379 1847 501 1913 ordinis
532 1849 591 1912 sui.
639 1847 736 1928 Quod
766 1869 864 1933 quam
894 1857 983 1911 recte
1013 1847 1128 1930 faciat,
1158 1849 1228 1934 ipse
1259 1848 1389 1913 viderit.
1440 1849 1524 1914 Nam
1554 1849 1826 1936 Rothomagensis

172 1955 437 2042 archiepiscopus
461 1953 606 2019 ordinem
632 1976 725 2017 suum
749 1954 882 2017 minime
907 1955 1118 2040 contempnit,
1148 1955 1206 2018 sed
1228 1954 1366 2020 honorat
1390 1967 1422 2020 et
1444 1968 1620 2021 veneratur
1644 1967 1676 2020 et
1699 1955 1826 2021 adhoc

128 2085 301 2150 asemper
327 2064 450 2145 nititur,
478 2071 514 2126 ut
537 2061 680 2126 officium
710 2083 803 2125 suum
833 2059 985 2145 religiose
1016 2071 1199 2148 exequatur
1226 2071 1259 2125 et
1286 2062 1321 2125 in
1345 2061 1410 2126 Dei
1441 2063 1574 2127 servitio
1604 2062 1827 2128 indesinenter

173 2169 360 2254 glorietur0.
406 2168 584 2233 Monachos
608 2167 815 2254 amplectitur
836 2176 873 2230 ut
898 2166 1026 2250 fratres,
1051 2166 1209 2232 clericos‘
1234 2169 1370 2254 suscipit
1392 2179 1427 2233 ut
1451 2179 1627 2252 consortes,
1654 2169 1826 2235 ecclesiam

172 2276 238 2340 Dei
260 2276 455 2363 frequentat,
479 2297 538 2362 pro
563 2273 667 2338 salute
690 2273 802 2360 populi
825 2275 895 2337 sine
918 2274 1157 2338 intermissione
1182 2274 1291 2339 Deum
1316 2285 1431 2340 exorat
1454 2285 1486 2339 et
1509 2275 1597 2340 horis
1621 2277 1826 2340 constitutisss

172 2381 284 2446 laudes
308 2382 381 2446 Deo
410 2381 537 2447 debitas
567 2380 724 2469 persolvit
751 2390 784 2444 et
811 2381 944 2465 gratias.
991 2380 1058 2461 Qui
1088 2403 1166 2467 ergo
1190 2382 1238 2446 sic
1261 2383 1339 2466 agit,
1364 2382 1404 2446 de
1429 2383 1604 2448 contentul’
1629 2381 1751 2446 ordinis
1776 2384 1825 2448 sui

171 2490 303 2553 minime
324 2488 424 2553 debet
445 2488 609 2573 redargui.
645 2487 756 2574 Opera
771 2509 850 2551 vero
867 2488 936 2551 eius
953 2509 1051 2573 quam
1067 2487 1154 2551 mala
1169 2489 1243 2571 sint,
1267 2498 1403 2553 testetur
1421 2489 1669 2576 metropolitana
1685 2488 1826 2554 ecclesia

116 2618 153 2658 ao
171 2594 450 2681 Rothomagensis,
474 2605 610 2659 testetur
633 2594 734 2658 decor
757 2593 871 2658 domus
892 2593 967 2675 Dei,
993 2615 1091 2680 quam
1115 2593 1288 2680 diligenter
1311 2597 1492 2678 exornavit,
1516 2605 1675 2660 testentur
1699 2606 1825 2660 saucto-

171 2725 241 2766 rum
261 2723 408 2788 corpora,
433 2725 496 2791 que
519 2703 554 2765 iu
573 2701 688 2765 loeuhs
712 2723 790 2764 auro
814 2701 912 2765 textis
937 2710 970 2764 et
993 2710 1128 2785 argento
1152 2723 1226 2765 cum
1249 2703 1386 2787 gemmis
1410 2702 1555 2788 reposuit
1566 2707 1587 2786 ¹,
1611 2711 1771 2767 testentur
1794 2715 1826 2766 et

171 2807 301 2872 edificia
317 2808 530 2890 officinarum,
548 2830 611 2894 que
627 2807 800 2892 magnifice
820 2807 1001 2893 apparavit,
1025 2816 1185 2871 testentur
1201 2806 1407 2890 candelabra,
1424 2807 1509 2892 libri,
1527 2808 1651 2896 cortine
1668 2817 1701 2872 et
1716 2818 1826 2873 cetera

171 2913 356 2979 omnimoda
380 2925 578 2997 ornamenta,
602 2937 666 3002 que
690 2913 925 2978 officiosissime
950 2913 1058 2978 eidem
1073 2913 1211 3002 ecclesie
1235 2916 1446 3001 comparavit,
1470 2915 1568 2978 immo
1585 2924 1745 2979 testentur
1761 2915 1823 2980 ele·

170 3023 308 3108 mosine,
333 3043 414 3107 quas
438 3019 637 3107 pauperibus
665 3021 835 3106 erogavit²
858 3029 890 3083 et
913 3017 1084 3102 beneficia,
1114 3043 1177 3106 que
1204 3020 1426 3105 indigentibus
1456 3019 1613 3086 exhibuit.
1659 3021 1745 3085 Nam
1769 3023 1824 3108 qui

126 3150 153 3189 ss
170 3127 285 3192 horum
308 3129 527 3192 testimonium
552 3128 742 3214 susceperit,
768 3125 808 3189 de
832 3125 925 3189 malis
951 3124 1119 3212 *operibus
1141 3126 1232 3192 illum
1255 3126 1453 3213 redarguere
1477 3150 1542 3192 non
1565 3129 1694 3214 poterit.

277 3234 349 3322 Hec
383 3257 443 3321 pro
478 3233 629 3321 apologia
662 3234 764 3319 ipsius
800 3231 888 3296 dicta
923 3234 1001 3315 sint,
1041 3256 1105 3298 non
1140 3255 1198 3322 pro
1234 3233 1367 3298 alterius
1403 3235 1533 3300 iniuria.
1586 3235 1710 3299 Verum
1745 3235 1824 3299 illud

171 3363 374 3429 summopere
399 3339 582 3406 cavendum
606 3350 664 3422 est,
688 3350 724 3404 ut
750 3362 815 3403 nou
843 3339 1025 3426 preferatur
1052 3341 1172 3404 sanctis
1204 3349 1237 3404 et
1265 3341 1358 3404 iustis
1382 3339 1576 3424 hominibus,
1606 3343 1662 3428 qui
1693 3354 1825 3406 sauctus

84 3431 87 3438 ⁴
172 3459 204 3513 et
234 3450 335 3513 iustus
365 3470 431 3512 non
462 3457 511 3512 est
541 3457 575 3511 et
603 3444 770 3510 menbnsb
799 3444 923 3511 Christi
956 3445 1017 3528 hii,
1049 3447 1105 3532 qui
1135 3469 1201 3509 non
1231 3457 1306 3510 sunt
1337 3446 1495 3511 menbral
1524 3445 1645 3511 Christi
1657 3451 1679 3511 ⁸.
1732 3447 1825 3522 Idem

173 3557 293 3642 quippe
323 3565 418 3636 esset,
451 3555 540 3619 acsi
565 3552 694 3618 Christo
723 3552 923 3640 preferretur
953 3551 1112 3617 diabolus.
1158 3547 1323 3640 Nam'qui
1345 3576 1411 3617 non
1435 3563 1509 3618 suut
1531 3553 1668 3619 menbra
1692 3553 1824 3638 Christi,

127 3686 153 3726 so
172 3661 307 3727 menbra
333 3671 409 3726 sunt
435 3659 566 3726 diaboli.
614 3658 787 3724 Menbrum
811 3657 933 3724 Christi
955 3681 1021 3723 non
1043 3668 1102 3741 est,
1127 3661 1183 3746 qui
1206 3658 1384 3747 discipulus
1415 3661 1485 3724 eius
1515 3681 1581 3725 non
1611 3672 1669 3725 est.
1716 3661 1823 3726 Disci-

171 3769 268 3855 pulus
295 3778 405 3832 autem
432 3769 502 3832 eius
525 3790 590 3832 non
613 3777 672 3850 est,
697 3767 844 3854 quisquis
874 3788 939 3830 non
968 3766 1139 3830 renunciat
1166 3765 1326 3849 omnibns,
1351 3788 1414 3854 que
1437 3765 1593 3853 possidet.
1638 3766 1697 3832 Ait
1720 3769 1823 3832 enim:

172 3875 252 3941 Nati
279 3879 351 3962 qais
379 3877 614 3940 renunciaverit
643 3876 800 3955 omnibus,
835 3895 894 3959 que
920 3873 1079 3960 possidet,
1113 3897 1174 3937 aon
1200 3888 1302 3960 potest
1334 3898 1420 3948 meua
1452 3899 1516 3939 esse
1547 3875 1734 3961 discipulam.
1780 3873 1825 3938 Ει
1843 3900 1982 3950 nisiaea.

173 3984 228 4069 qui
258 3981 355 4047 ditari
383 3981 467 4065 vult,
498 3981 555 4047 ubi
584 3982 655 4067 ipse
687 3979 835 4045 Christus
864 4002 990 4066 pauper
1016 3980 1121 4044 factus
1153 3989 1215 4062 est,
1246 3978 1426 4066 discipulus
1456 3981 1527 4044 eius
1557 4003 1621 4045 non
1651 3991 1710 4044 est.
1758 3980 1824 4046 Sed

171 4111 279 4177 neque
301 4090 371 4175 ipse
396 4087 574 4175 discipulus
598 4090 667 4152 eius
692 4109 763 4152 esse
786 4098 904 4175 potest,
928 4088 984 4174 qui
1009 4087 1099 4173 eupit
1127 4085 1248 4150 habere
1278 4097 1473 4173 potestatem
1504 4086 1743 4169 dominationis,
1767 4087 1824 4152 ubi

128 4221 155 4261 ss
172 4196 225 4260 ille
256 4197 399 4282 suscepit
428 4195 565 4259 formam
595 4195 771 4276 servitutis,
803 4195 888 4258 sicut
918 4194 1073 4279 scriptum
1104 4203 1169 4257 est:
1200 4194 1271 4258 Hoc
1301 4197 1408 4259 cernite
1438 4196 1473 4258 in
1495 4195 1594 4275 cobis,
1625 4194 1711 4279 qaod
1732 4210 1760 4260 ct
1790 4199 1822 4260 ia
1842 4219 1994 4269 rusina-a.

177 4303 301 4369 Christo
324 4303 404 4368 Iesu.
450 4302 516 4381 Qut
536 4327 606 4366 cam
629 4304 662 4366 in
680 4303 796 4390 forma
819 4301 887 4367 Dei
907 4315 992 4382 esset,
1021 4325 1083 4365 noa
1106 4303 1256 4387 rapinam
1280 4302 1453 4366 arbitratus
1475 4315 1606 4365 estesse
1628 4325 1660 4365 se
1683 4302 1824 4387 equalem

173 4411 251 4492 Deo,
274 4411 332 4476 sed
352 4412 550 4496 semctcpsum
566 4407 795 4488 estimarunt,
812 4409 959 4496 formam
982 4410 1069 4472 serni
1089 4409 1258 4494 accepieaa
1295 4405 1363 4471 Sed
1386 4417 1419 4470 et
1442 4407 1498 4494 qui
1521 4407 1699 4493 potestates
1723 4406 1824 4472 ambit

172 4527 318 4582 terrenas
342 4525 374 4580 et
395 4538 462 4580 non
484 4513 554 4580 vult
576 4515 769 4596 ministrare,
799 4513 857 4578 sed
880 4514 1067 4596 ministrari,
1092 4524 1125 4578 et
1146 4514 1180 4577 in
1203 4511 1258 4577 illo
1282 4512 1396 4578 sedere
1420 4511 1585 4594 tribunali,
1614 4523 1689 4578 ante
1714 4513 1823 4600 quodh
1842 4496 2001 4598 fflnifiops,

279 4714 307 4779 a)
327 4715 448 4780 supplevi.
520 4713 548 4777 b)
568 4717 604 4766 sic
620 4733 642 4766 c.
714 4712 743 4778 d)
765 4713 925 4779 qualitatem
942 4731 1064 4779 sapam.
1082 4731 1146 4764 corr.
1163 4713 1342 4765 voluntatem.
1414 4712 1441 4777 c)
1462 4714 1496 4765 de
1516 4740 1549 4748 -
1569 4716 1612 4764 sui
1631 4715 1698 4765 linea
1716 4714 1824 4782 achaya

127 4818 155 4857 to
173 4802 199 4867 e)
220 4804 355 4870 gloriatur
372 4822 393 4856 a.
465 4802 487 4865 l)
508 4804 629 4870 reliquos
646 4805 694 4855 dcl.
713 4813 737 4855 et
754 4821 875 4870 superscr.
891 4821 955 4854 corr.
974 4804 1099 4856 clericos.
1171 4801 1200 4868 g)
1222 4819 1287 4854 con·
1305 4804 1334 4854 ia
1353 4805 1403 4854 loco
1421 4821 1486 4853 raso.
1558 4800 1587 4864 h)
1607 4803 1636 4853 in
1655 4804 1705 4854 ioco
1722 4821 1788 4854 raso.

283 4986 311 5058 1)
335 4986 383 5044 De
405 4985 591 5043 cambucae
612 4985 705 5042 sancti
719 4984 845 5042 Romani
865 4983 1055 5041 ann01079.
1075 4981 1134 5041 Oct.
1154 4984 1204 5041 23.
1222 4985 1311 5056 sacta
1335 4993 1434 5041 aucwr
1450 4983 1596 5060 cogitavi&
1620 4985 1661 5055 cs.
1679 4984 1751 5041 Acta
1768 4983 1823 5043 SS.

174 5093 286 5164 OctX,
304 5113 339 5169 p.
356 5091 409 5148 82.
479 5091 510 5160 2)
529 5089 578 5162 Cf.
593 5089 725 5148 Ordcrici
739 5091 800 5148 tut.
818 5092 912 5148 eccles.
929 5089 993 5161 tV,
1011 5110 1034 5146 c.
1049 5090 1078 5160 4,
1096 5091 1138 5147 ed.
1156 5089 1282 5147 Ρνέυοιι.
1301 5089 1341 5161 II,
1359 5110 1393 5166 p.
1413 5090 1490 5147 314:
1515 5091 1663 5147 Matricem
1678 5092 1823 5148 basilicam

173 5195 364 5275 (Wlbelmus)
388 5199 551 5254 omnimodis
566 5200 711 5255 ornatibus
727 5199 815 5254 cultui
832 5199 925 5253 divino
942 5199 1108 5254 necessariis
1125 5197 1230 5254 affatim
1247 5199 1432 5270 locupletavit
1456 5206 1486 5253 et
1510 5199 1662 5254 claustrum
1687 5200 1822 5271 episcopii

172 5309 326 5379 domosque
349 5308 552 5362 convenientes
575 5325 593 5362 a
615 5306 808 5361 fundamentis
832 5306 982 5377 eleganter
1003 5306 1160 5361 renovavit.
1208 5303 1316 5376 Corpus
1344 5323 1367 5359 s.
1392 5304 1509 5360 Romani
1532 5305 1672 5376 praesulis
1696 5307 1732 5360 de
1755 5324 1821 5377 pro-

126 5429 153 5470 sc
171 5414 233 5485 pria
256 5415 328 5469 aede
352 5415 381 5468 in
404 5414 647 5485 metropolitanam
669 5412 813 5468 basilicam
836 5413 956 5483 gloriose
981 5412 1126 5467 transtulit
1151 5419 1181 5466 et
1203 5413 1232 5466 in
1253 5412 1353 5467 sannio
1377 5429 1445 5467 auro
1468 5417 1645 5484 argentoque
1669 5429 1732 5467 cnm
1754 5431 1821 5483 pre-

171 5520 251 5576 tiosis
280 5521 423 5594 lapidibus
452 5538 572 5592 operose
602 5527 736 5591 cooperto
768 5525 936 5574 reverenter
969 5519 1081 5575 locavit.
1120 5560 1126 5572 .
1159 5560 1166 5574 .
1200 5560 1206 5572 .
1242 5519 1388 5574 Monaehis
1420 5527 1449 5575 et
1480 5519 1603 5586 clericis,
1634 5518 1821 5590 omnibusque

170 5628 224 5684 sibi
254 5627 390 5682 subiectis
420 5633 452 5682 ut
482 5627 571 5682 dulcis
600 5633 685 5699 pater
714 5627 863 5700 blandiens
893 5625 1000 5697 profuit
1030 5634 1080 5681 eie.
1195 5624 1225 5695 3)
1251 5622 1301 5696 Cf.
1326 5624 1408 5700 Apol.
1427 5643 1487 5699 pre
1503 5623 1575 5702 filiis
1597 5624 1708 5682 sacerd
1732 5643 1823 5700 supra

165 5753 199 5810 p.
218 5732 292 5802 653,
317 5734 335 5789 l.
354 5733 394 5788 44
410 5753 472 5810 sqq.
