4396 6390
427 347 491 410 480
723 352 903 408 GERHOHI
926 349 1160 407 PRAEPOSITI
1184 347 1592 405 REICHERSBERGENSIS
1615 348 1781 402 LIBELLI.

426 538 467 604 ab
491 561 526 602 re
552 537 695 602 creditur
726 538 787 602 hec
818 547 912 602 sexta
943 538 1027 600 sexti
1058 536 1168 622 angeli
1197 535 1317 621 phyala
1347 534 1519 598 desiccans
1542 555 1644 620 aquas
1667 532 1811 597 fluminis
1834 531 1990 596 Eufrates
2011 533 2068 598 ulti·

425 669 513 710 mum
546 644 703 709 iudicium
734 655 941 730 preventum,
970 653 1024 707 et*
1048 665 1150 729 aquas
1173 640 1382 706 Babilonicas
1405 642 1509 725 magis
1539 639 1744 704 desiccatum
1774 650 1807 703 et
1830 640 1921 702 viam
1944 637 2070 704 Domino

425 751 630 816 dominomm
646 751 783 837 regique
807 772 921 835 regum
937 759 1073 814 venturo
1091 771 1164 813 cum
1181 747 1312 833 regibus
1336 757 1368 812 et
1392 745 1596 811 senatoribus
1620 745 1662 810 ad
1685 745 1844 810 iudicium
1860 757 2072 830 preparatum,

256 884 365 934 apsaro,
375 885 407 927 11.
425 857 605 923 secundum
636 856 723 944 quod
754 856 876 920 dictum
907 865 965 938 est,
998 871 1030 922 111
1049 871 1220 943 pura-retur
1244 858 1297 919 1116
1320 855 1446 942 regibus
1476 856 1514 916 61
1540 867 1608 917 ortu
1635 855 1730 934 solim
1761 850 1883 938 quibus
1908 851 2018 936 utique
2038 853 2074 916 ad

328 989 406 1030 616.
427 964 602 1029 ‘iudicium
617 973 707 1028 tanto
724 963 785 1027 erit
801 963 855 1026 via
871 961 1007 1048 planior,
1033 963 1132 1026 ctiam
1148 983 1233 1025 nunc
1258 961 1291 1024 in
1307 960 1449 1046 presenti
1466 961 1544 1040 vita,
1562 969 1682 1044 quanto
1698 957 1841 1022 viderint
1866 979 1972 1043 aquas
1987 956 2101 1024 Babis

426 1071 550 1136 lonicus
568 1071 672 1154 magis
689 1069 882 1150 desiccatae,
907 1090 987 1154 quas
1008 1069 1159 1132 nimirum
1179 1076 1288 1153 preter
1311 1088 1433 1152 paucas
1457 1065 1590 1129 lacunas
1607 1064 1755 1129 videmus
1770 1065 1918 1128 maxima
1934 1085 1979 1127 ex
1994 1077 2076 1149 parte

425 1179 490 1242 iam
522 1176 746 1241 annichilatas.
794 1175 924 1239 Etenim
955 1185 1129 1262 antequam
1159 1196 1257 1260 super
1284 1195 1386 1259 aquas
1416 1170 1601 1236 huiusmodi
1628 1171 1829 1236 revelaretur
1852 1171 1895 1234 de
1920 1169 2013 1234 caelo
2036 1171 2080 1235 ira

424 1283 490 1348 Dei
514 1306 573 1370 per
589 1281 795 1368 euangelium
812 1280 942 1363 Christi,
965 1303 1031 1345 non
1055 1290 1204 1367 poterant
1227 1303 1283 1344 eas
1305 1280 1443 1344 transire
1467 1299 1561 1363 reges
1586 1279 1700 1356 sancti,
1725 1277 1850 1342 scilicet
1874 1276 1909 1340 hi
1925 1277 1984 1362 qui
2000 1278 2079 1362 prin-

425 1392 515 1476 cipes
539 1390 608 1453 6116
633 1399 781 1454 66616166
805 1387 935 1451 16611161
959 1389 1192 1473 scripturarum
1208 1388 1364 1466 veritatis,
1385 1385 1498 1472 quales
1515 1383 1668 1448 dicuntur
1691 1395 1779 1448 recte
1796 1384 1928 1447 venisse
1955 1380 1997 1446 ab
2014 1395 2081 1448 ortu

426 1495 512 1578 solia,
538 1497 702 1581 quianon
726 1505 886 1558 venerunt
914 1504 969 1558 aut
997 1493 1096 1558 locuti
1120 1503 1194 1558 suut
1218 1516 1237 1557 a
1261 1493 1453 1578 semetipsis,
1486 1490 1545 1554 sed
1569 1501 1603 1555 61
1626 1490 1836 1576 loquerentur
1860 1488 1952 1576 quod
1975 1488 2080 1575 loque·
2098 1517 2119 1554 u
2156 1521 2171 1546 ι

425 1613 537 1666 rentur
559 1609 758 1687 acceperunt
782 1597 824 1664 ab
848 1598 1081 1664 illuminatione
1106 1599 1296 1664 divinitatis.
1332 1598 1405 1662 Non
1429 1608 1580 1684 poterant
1603 1619 1705 1683 aquas
1730 1595 1800 1660 illas
1825 1597 1966 1660 transire
1990 1619 2081 1681 reges

425 1710 489 1788 isti,
513 1731 580 1772 non
602 1717 752 1793 poterant
767 1729 841 1770 cum
859 1729 924 1770 una
939 1706 1051 1791 lingua
1066 1705 1233 1770 Hebraico
1256 1726 1427 1770 occurrere
1445 1702 1561 1768 Grecis
1578 1702 1727 1767 facundis
1743 1702 1941 1787 disertisque
1958 1701 2081 1766 Latinis

425 1815 656 1900 grammaticis,
681 1811 874 1895 rethoribus,
892 1811 1081 1893 dialecticis,
1105 1823 1152 1876 tot
1175 1814 1280 1898 poetis
1304 1811 1447 1896 tragicis,
1473 1811 1617 1890 comicis,
1642 1810 1791 1874 satiricis.
1828 1808 1982 1872 Necdum
2000 1811 2082 1873 enim

425 1919 545 1984 flumen
561 1919 626 1983 Dei
650 1919 810 2005 repletum
834 1930 903 1982 erat
928 1919 1030 2004 aquis,
1055 1919 1195 1983 necdum
1219 1920 1306 1983 rivos
1331 1919 1400 1982 eius
1423 1915 1599 1981 inebriavit
1623 1915 1763 2002 Spiritus
1787 1915 1947 1994 veritatis,
1973 1925 2007 1979 et
2029 1915 2081 1979 ad-

425 2027 488 2090 huc
511 2026 697 2112 plenissimo
726 2023 953 2090 redundabant
983 2048 1123 2111 suosque
1154 2025 1263 2089 alveos
1294 2023 1474 2110 implebant
1503 2021 1637 2088 flumina
1660 2021 1845 2086 Babilonis:
1871 2035 2121 2107 66616166616

425 2133 676 2196 famosissimum
699 2131 779 2197 illud
801 2130 922 2196 flumen
938 2154 1091 2217 magnum
1107 2131 1259 2196 Eufrates
1276 2130 1316 2194 dc
1334 2129 1496 2216 paradyso
1513 2152 1681 2215 egressum
1704 2139 1736 2193 et
1759 2129 1831 2193 aliis
1854 2128 1966 2192 multis
1991 2129 2082 2214 aquis

426 2238 618 2304 adauctum:
643 2239 720 2325 quia
743 2238 889 2302 veritatis
913 2236 1109 2324 quibusdam
1140 2239 1308 2302 sententiis
1340 2239 1528 2301 intermixta
1551 2236 1645 2323 plura
1667 2234 1840 2300 mendacia
1863 2233 2016 2299 fabulosa
2039 2236 2083 2298 ita

426 2355 612 2428 sonuerunt,
637 2325 672 2410 111
696 2367 716 2409 6
739 2344 874 2408 vocibus
905 2367 1064 2429 aquarum
1093 2344 1265 2409 multarum
1290 2343 1553 2408 Babilonicarum
1584 2344 1617 2406 in
1645 2341 1740 2406 huius
1770 2341 1883 2406 mundi
1914 2364 2005 2406 mare
2029 2340 2082 2405 de-

297 2477 406 2525 11661.
426 2451 652 2516 scandentium
668 2451 784 2516 fierent
807 2449 971 2514 mirabiles
996 2450 1152 2515 elationes
1176 2453 1285 2532 maris,
1310 2474 1384 2515 cum
1408 2449 1548 2514 necdum
1571 2458 1745 2535 appareret
1768 2447 1927 2512 mirabilis
1952 2450 1987 2512 in
2012 2448 2082 2512 altis

425 2559 597 2639 Dominus,
621 2581 682 2621 nec
706 2558 890 2621 testimonia
907 2558 975 2620 eius
993 2556 1162 2620 credibilia
1179 2569 1287 2621 essent
1310 2557 1430 2622 mundo
1455 2567 1501 2620 tot
1525 2555 1704 2620 mendaciis
1720 2554 1906 2620 dementato
1931 2565 1964 2619 et
1988 2553 2082 2619 fasci·
2100 2581 2124 2618 1ο

344 2675 511 2746 (11616616,
542 2673 590 2728 161
620 2665 713 2750 aquis
736 2661 935 2727 Babiloniois
966 2661 1107 2727 fluminis
1137 2662 1308 2728 inebriato.
1355 2663 1399 2726 At
1423 2661 1479 2726 ubi
1503 2664 1594 2727 venit
1621 2661 1675 2726 ille
1700 2661 1840 2748 Spiritus
1863 2663 2025 2744 veritatis,
2050 2672 2084 2727 ut

426 2780 577 2855 argueret
605 2769 761 2836 mundum
785 2769 825 2833 de
849 2779 985 2854 peccato
1010 2781 1041 2832 et
1065 2770 1105 2832 de
1129 2771 1259 2834 iusticia
1283 2781 1315 2834 61
1339 2769 1379 2834 (16
1403 2769 1534 2846 iudicio,
1567 2770 1719 2833 nimirum
1747 2767 1915 2855 arguendo
1945 2769 1982 2832 id
2006 2791 2082 2854 quo·

299 2885 489 2986 «6611661666
514 2875 631 2956 effecit,
656 2886 692 2939 ut
714 2877 915 2940 siccarentur
944 2886 1054 2939 tantae
1085 2899 1190 2961 aquae
1223 2875 1315 2963 [tanti
1324 2875 1349 2964 b]
1381 2887 1468 2940 tamc
1494 2876 1605 2960 magni
1631 2873 1783 2939 fluminis.
1831 2874 1972 2940 Stultam
1997 2877 2082 2938 enim

425 2983 503 3048 fecit
526 2982 621 3046 huius
645 2981 757 3046 mundi
782 2983 984 3067 sapientiam.
1020 2982 1223 3046 Procedente
1248 3005 1387 3068 namque
1413 2983 1573 3068 sapientia
1595 2980 1661 3045 Dei
1685 2992 1717 3046 61
1739 2982 1899 3046 rationem
1923 2980 2080 3045 reddente

262 3114 406 3164 1661616.
426 3089 465 3152 (16
490 3111 539 3172 66,
564 3087 651 3175 666(1
674 3087 849 3152 videbatur
873 3087 1006 3152 stultum
1029 3087 1104 3169 Dei,
1130 3087 1403 3174 quemadmodum
1434 3089 1597 3175 apostolus
1629 3088 1723 3152 dicit:
1756 3088 1824 3153 Nos
1846 3103 1947 3154 6616111
1966 3089 2080 3174 predi·
2097 3112 2121 3150 ss

425 3221 531 3260 66111116
547 3196 650 3260 Iesum
668 3195 826 3260 Christum
843 3198 1039 3282 crucifixum,
1056 3195 1165 3260 [1111616
1189 3197 1315 3281 quidem
1338 3196 1535 3274 scandulum,
1557 3197 1699 3282 pentibus
1721 3197 1912 3260 auriticiom:
1936 3217 1980 3258 ex
1996 3217 2080 3259 com-

424 3303 593 3388 paratione
618 3302 687 3364 eius
710 3300 843 3365 stultum
860 3323 931 3365 esse
956 3302 1107 3387 apparuit
1131 3311 1162 3364 61
1186 3300 1322 3382 aridum,
1344 3300 1432 3387 quod
1456 3311 1589 3365 eatenus
1613 3299 1737 3386 grando
1754 3298 1930 3364 videbatur
1953 3312 1987 3365 61
2009 3323 2079 3386 pro-

249 3399 301 3487 [bo
319 3404 404 3487 tubus
424 3408 571 3471 fundum.
619 3406 727 3487 Quam
756 3406 830 3471 vilis
862 3430 1023 3493 quamque
1056 3407 1251 3472 execrabilis
1280 3419 1312 3471 et
1339 3407 1469 3472 abiecta
1499 3407 1597 3470 fuerit
1626 3407 1678 3470 vel
1703 3409 1891 3493 apparuerit
1921 3406 1978 3471 illa
2009 3407 2079 3472 talis

247 3474 403 3610 ,ffiffissffp
425 3515 588 3601 sapientia
611 3513 713 3578 seculi
743 3514 778 3576 in
802 3513 903 3578 oculis
928 3537 1048 3596 eorum,
1073 3536 1154 3601 quos
1178 3515 1299 3578 1611166
1330 3513 1534 3594 illuminavit,
1565 3513 1698 3599 pulchre
1729 3515 1763 3576 in
1787 3536 1845 3578 sua
1868 3536 2011 3600 persona
2034 3514 2079 3577 in-

255 3647 405 3695 11111616,
424 3621 532 3684 sinuat
545 3620 708 3684 Iohannes
726 3641 799 3683 cum
816 3620 912 3684 dicit:
937 3621 980 3684 Et
1002 3622 1076 3685 cidi
1097 3622 1134 3686 de
1158 3645 1210 3685 616
1234 3622 1383 3686 droconis
1407 3635 1435 3685 61
1457 3621 1495 3684 de
1519 3645 1571 3684 616
1595 3622 1718 3700 hestiae,
1743 3619 1792 3685 „a
1809 3621 1847 3686 (16
1870 3645 1924 3686 616
1941 3621 2077 3707 pseudo·
2095 3645 2117 3682 16

419 3729 573 3814 prophete
595 3730 730 3813 spiritus
754 3741 814 3790 1166
838 3727 1106 3791 111111611116601166
1135 3731 1168 3792 in
1192 3729 1316 3792 1116116111
1341 3752 1494 3792 1611611611
1511 3727 1693 3812 procedere.
1742 3725 1882 3812 Spiritus
1905 3726 2078 3791 inmundos

424 3835 478 3912 ait,
503 3832 538 3896 id
554 3843 604 3896 661
619 3843 725 3896 666166
739 3833 832 3918 66661
850 3833 1028 3918 sapientiae
1046 3843 1078 3896 61
1094 3834 1249 3896 scientiae
1265 3834 1423 3918 magicae,
1440 3833 1599 3918 poeticae,
1617 3831 1882 3917 phylosophicae,
1905 3855 1988 3918 quas
2006 3856 2077 3897 con-

423 3941 542 4002 trarius
567 3939 702 4003 sancto‘
728 3939 864 4024 Spiritui
894 3937 1067 4002 inmundus
1098 3938 1192 4002 huius
1215 3939 1328 4002 mundi
1352 3938 1483 4024 spiritus
1507 3939 1679 4024 aspiravit:
1711 3939 1842 4024 spiritus
1866 3961 2009 4025 namque
2033 3940 2077 4002 in-

425 4045 562 4110 mundos
579 4046 667 4130 magi
683 4046 838 4130 precipue
855 4055 1008 4130 patronos
1025 4067 1089 4130 666
1105 4047 1215 4109 666616
1233 4044 1354 4108 infelici
1371 4043 1512 4130 quodam
1529 4055 1624 4129 pacto
1644 4045 1831 4108 asciverunt
1855 4043 1928 4110 sibi.
1956 4046 2076 4110 Poetae

423 4173 501 4215 vero
526 4150 586 4216 sub
603 4151 788 4216 nominibus
812 4151 955 4214 honestis
980 4150 1112 4214 eosdem
1136 4153 1277 4235 rogitant
1300 4151 1431 4237 spiritus
1455 4150 1627 4215 inmundos
1651 4152 1796 4237 aspirare
1820 4149 1892 4232 sibi,
1917 4152 2076 4238 sacrilega
2094 4175 2116 4214 ss

423 4259 666 4344 presumptione
697 4256 776 4320 deos
807 4256 1024 4343 appellantes,
1053 4279 1127 4320 cum
1158 4256 1312 4322 demones
1344 4259 1417 4321 sint.
1463 4258 1565 4321 Porro
1596 4259 1651 4343 qui
1682 4257 1915 4344 phylosophisg
1947 4259 2076 4343 spiritus

423 4365 590 4449 aspiravit,
615 4365 642 4426 is
666 4385 796 4449 quoque
820 4363 890 4426 sine
914 4361 1012 4426 dubio
1037 4363 1210 4427 inmundus
1235 4365 1351 4427 extitit.
1398 4363 1517 4427 Annon
1540 4363 1581 4427 de
1605 4363 1667 4426 illis
1691 4364 1855 4450 apostolus
1880 4362 1976 4446 dicit,
2002 4366 2077 4450 quia

270 4459 403 4552 ¹³⁰¹¹¹3¹flff¹
423 4470 558 4534 diceutes
581 4495 612 4533 66
636 4495 699 4534 csse
724 4472 893 4555 *seprienses
915 4471 1005 4534 stulti
1018 4473 1203 4558 jectiscunt
1224 4486 1252 4534 61
1274 4486 1466 4535 enorme-runt
1488 4474 1521 4535 iu
1546 4473 1785 4557 capitationibus
1807 4472 1898 4536 sitis?

243 4584 403 4686 mmmm
529 4574 572 4638 Et
587 4574 663 4638 vide
681 4585 835 4660 quantam
851 4597 954 4660 usque
978 4574 1020 4638 ad
1043 4575 1277 4639 inmundiciam
1294 4587 1505 4657 evanuerunt,
1523 4577 1579 4662 qui
1594 4576 1773 4640 servientes
1797 4586 1945 4640 creature
1970 4577 2076 4662 potius

423 4703 521 4766 quam
546 4681 693 4761 creatori,
724 4692 897 4766 propterea
930 4683 963 4744 in
986 4682 1155 4767 passiones
1184 4683 1380 4767 ignominiae
1405 4684 1474 4746 sive
1505 4683 1539 4745 in
1563 4681 1727 4746 desideria
1750 4682 1857 4747 cordis
1881 4684 1941 4765 sui,
1973 4685 2008 4746 in
2031 4684 2076 4746 in·
2094 4707 2118 4747 (6

422 4786 620 4850 mundiciam
644 4785 754 4850 traditi
779 4799 862 4850 sunt.
897 4787 998 4850 Recte
1024 4810 1101 4872 ergo
1126 4786 1277 4852 dicuntur
1300 4789 1431 4874 spiritus
1454 4788 1611 4852 1111666111.
1646 4789 1748 4853 Porro
1772 4788 1922 4854 draconis
1946 4791 2077 4854 nomine

422 4892 580 4974 diabolus,
611 4891 735 4957 bestiae
760 4915 837 4957 vero
862 4891 1079 4978 appellatione
1103 4891 1240 4957 bestiale
1264 4916 1401 4980 regnum
1426 4893 1547 4959 diaboli
1577 4894 1637 4958 hoc
1669 4893 1740 4958 loco
1770 4895 1936 4980 designari
1966 4897 2077 4960 recteh

421 4999 621 5084 intelligitur.
672 4999 756 5063 Nam
788 4999 875 5085 apud
905 4999 1079 5064 Danielem
1111 5022 1169 5085 per
1198 5000 1295 5063 111101
1327 4999 1448 5064 bestias
1478 4999 1576 5064 HII⁰r
1607 5000 1721 5065 mundi
1750 5024 1852 5086 regna
1881 5003 2078 5089 principalia

422 5105 655 5190 significantur,
681 5106 804 5170 scilicet
828 5105 1064 5188 Babilonicum,
1088 5105 1258 5170 Persicum
1282 5107 1350 5170 sive
1375 5105 1550 5187 Medicum,
1574 5107 1822 5172 Macedonicum
1846 5119 1944 5194 atque
1960 5109 2077 5174 Roma-

420 5234 508 5274 num.
555 5212 607 5275 Dc
638 5235 692 5276 616
725 5235 802 5297 ergo
833 5212 984 5276 draconis
1015 5213 1146 5298 spiritus
1177 5212 1299 5298 primus
1328 5213 1496 5297 processit,
1521 5214 1598 5298 qnia
1621 5215 1784 5299 magicam
1807 5223 1910 5278 artem
1934 5214 2077 5279 humana
2094 5241 2118 5280 u

421 5319 591 5381 curiositas
623 5317 663 5381 de
696 5316 958 5382 confabulatione
990 5318 1182 5382 (1616661161ί
1216 5317 1383 5382 addidicit.
1437 5318 1488 5381 De
1521 5341 1575 5382 ore
1609 5317 1732 5383 bestiae
1768 5341 1908 5406 sequens
1943 5323 2076 5407 spiritus

528 5513 554 5578 a)
577 5522 604 5566 61
622 5543 656 5550 -
676 5517 848 5566 desiccatum
873 5517 923 5566 des.
946 5517 977 5566 A.
1082 5513 1109 5580 b)
1131 5517 1197 5568 116611
1215 5519 1248 5568 Α.
1354 5516 1379 5580 6)
1402 5519 1564 5583 6661611666
1583 5519 1608 5568 Β
1617 5536 1624 5578 ,·
1651 5537 1714 5570 corr.
1733 5537 1763 5570 66
1780 5521 1858 5579 tanti,
1877 5529 1907 5570 ut
1924 5521 2023 5572 61116161
2043 5523 2075 5570 Α.

421 5600 450 5664 (1)
473 5607 551 5654 etde
572 5621 618 5654 616
644 5606 807 5670 6611611166
829 5605 861 5654 A.
953 5603 978 5666 6)
1001 5608 1065 5656 ium.
1085 5613 1140 5657 1166
1161 5602 1193 5656 Β.
1241 5657 1245 5664 ,
1289 5605 1311 5668 1)
1333 5624 1373 5673 sp.
1393 5625 1413 5657 s.
1433 5608 1466 5657 Β.
1563 5605 1679 5686 glphil.
1699 5608 1732 5658 Β.
1822 5604 1851 5670 h)
1873 5616 1947 5660 16616
1967 5611 2023 5660 (166.
2042 5610 2075 5660 Β.

420 5690 441 5752 1)
464 5693 567 5744 (11611611
587 5693 619 5743 Β.
