4410 6406
662 364 715 418 DE
738 362 1072 420 INVESTIGATIONE
1096 363 1349 420 ANTICHRISTI
1372 365 1407 420 L.
1423 366 1447 420 1.
1825 361 1888 422 323

228 550 360 614 nominc
383 547 577 636 prohibente
603 547 704 613 libere
735 549 908 632 irruerunt,
938 573 1003 614 non
1026 560 1061 615 ut
1088 550 1180 614 fratri
1211 549 1364 615 defuncto
1395 573 1507 615 semen
1537 553 1741 634 suscitarent,
1772 551 1831 617 sed
1853 563 1889 618 ut
1908 577 1968 617 nure
1976 579 1997 627 s,
2006 579 2038 618 ιο.

228 679 309 720 suae
333 657 466 720 vesanie
491 678 588 720 cecas
612 654 807 743 cupiditates
831 656 1011 743 explerent.
1048 657 1130 738 Quis
1154 657 1197 721 ad
1220 656 1379 721 eiusmodi
1403 657 1586 744 arguendos
1609 658 1781 745 prosiliret,
1806 681 1887 746 quos

229 773 264 827 et
286 763 464 850 imperialis
489 761 641 828 tuebatur
664 764 850 846 auctoritas,
875 763 1069 828 diviciarum
1086 786 1215 850 quoque
1239 763 1376 828 facultas
1401 776 1433 829 et
1456 765 1635 829 amicorum
1658 764 1711 829 vel
1735 776 1888 851 cognato-

228 893 302 934 rum
326 869 482 956 potentia,
507 869 661 934 clientum
685 869 887 935 'officiositas
911 881 944 934 et
966 869 1138 935 multitudo
1161 869 1313 934 similium
1338 869 1559 934 defendebat?
1605 870 1700 936 Unde
1725 893 1744 935 a
1768 873 1886 958 eapite,
1907 896 1985 947 *aaa

194 977 425 1063 simperatore
448 975 613 1058 videlicet,
644 999 710 1041 non
739 974 823 1040 bene
852 998 931 1042 sano
956 986 988 1041 et
1011 1000 1031 1041 a
1054 975 1260 1063 pontificibus
1289 976 1380 1063 lepre
1410 975 1506 1041 huius
1536 979 1686 1064 contagio
1716 979 1887 1043 maculatis

229 1105 290 1169 per
318 1093 420 1148 totum
451 1083 519 1147 fere
551 1082 630 1148 cleri
660 1105 777 1169 corpus
807 1085 908 1170 pestis
939 1105 973 1147 se
1005 1083 1189 1148 diffuderat.
1236 1083 1322 1148 Nam
1352 1083 1429 1147 dum
1461 1085 1633 1170 episeopus
1663 1085 1887 1172 episcopatum

228 1213 415 1254 marcarum
439 1201 518 1277 quot
542 1191 736 1256 centenariis
761 1191 942 1270 coemisset,
967 1212 1065 1277 quam
1089 1213 1154 1254 non
1176 1191 1247 1276 ipse
1272 1188 1334 1254 sibi
1358 1188 1538 1254 subiectam
1558 1190 1749 1276 dignitatem
1773 1192 1815 1256 ad
1837 1214 1887 1256 re-

230 1296 436 1362 sarciendum
453 1296 631 1382 dampnum
647 1319 740 1360 suum
756 1296 940 1360 venderet?
988 1296 1043 1362 Sic
1068 1318 1145 1382 ergo
1169 1295 1211 1360 ab
1236 1318 1273 1362 eo
1298 1295 1444 1378 abbates,
1468 1298 1635 1383 prepositi,
1660 1296 1887 1385 archipresby-

229 1404 302 1486 teri,
333 1402 579 1468 archidiacones
609 1425 648 1468 ac
678 1401 863 1488 presbyteri
894 1404 1059 1468 constituti
1090 1402 1168 1489 quid
1198 1426 1263 1467 non
1288 1413 1320 1467 et
1342 1404 1405 1489 ipsi
1430 1402 1727 1468 ecclesiasticarum
1750 1404 1886 1469 admini-

182 1533 210 1570 ιο
230 1511 421 1576 strutionum
437 1532 541 1596 usque
565 1509 608 1573 ad
624 1508 809 1595 sepulturae
832 1509 940 1574 locum
964 1520 997 1573 et
1020 1509 1163 1574 officium
1179 1509 1294 1574 venale
1319 1508 1487 1592 haberent,
1512 1521 1673 1596 quatenus
1697 1521 1729 1574 et
1751 1511 1815 1597 ipsi
1833 1512 1887 1577 vel

230 1618 369 1682 divicias
393 1616 596 1682 cumularent
618 1615 671 1680 vel
696 1615 810 1680 saltem
834 1617 1000 1702 marsupia
1023 1617 1192 1680 exinanita
1214 1616 1402 1703 replerent?
1441 1617 1561 1681 Parum
1578 1639 1657 1681 vero
1674 1617 1744 1681 dixi
1766 1617 1820 1681 vel
1844 1619 1887 1683 ad

229 1726 369 1810 gratiam
392 1723 446 1788 vel
469 1722 512 1787 ad
534 1724 673 1810 pecunie
704 1733 760 1787 aut
790 1720 939 1808 obsequii
970 1720 1205 1787 exhibitionem
1235 1722 1373 1788 honores
1405 1722 1644 1788 ecclesiasticos
1675 1722 1760 1788 laica
1787 1747 1887 1789 manu

228 1831 330 1896 fuisse
353 1828 616 1896 adolescentibus
639 1828 782 1912 collatos,
807 1831 886 1916 quin
909 1831 1043 1916 insuper
1067 1829 1109 1894 ad
1130 1830 1306 1916 impietatis
1331 1840 1363 1894 et
1385 1831 1589 1894 miseriarum
1620 1841 1829 1916 augmentum
1853 1831 1886 1895 hi

227 1938 358 2002 facilius
389 1937 521 2002 eosdem
552 1934 836 2023 consequebantur
862 1936 1011 2019 honores,
1035 1937 1091 2023 qui
1115 1935 1384 2001 obstinatissimi·
1413 1938 1448 1999 in
1470 1935 1609 2022 flagiciis
1640 1938 1824 2002 extitissent
1854 1949 1886 2002 et

182 2067 210 2106 rs
229 2045 291 2110 hoe
314 2045 458 2110 maxime
481 2044 638 2108 Heinrico
662 2043 761 2107 ΙΠΙιο
784 2045 957 2130 imperium
981 2053 1122 2126 tenente,
1147 2045 1203 2130 qui
1227 2055 1259 2107 et
1282 2045 1352 2130 ipse
1376 2065 1487 2107 omnes
1511 2066 1615 2130 usque
1646 2043 1688 2108 ad
1718 2067 1777 2108 sua
1807 2054 1885 2108 tern-

227 2175 310 2239 pora
333 2174 427 2238 reges
444 2149 497 2214 vel
513 2161 667 2236 augustos
690 2151 798 2232 immo,
822 2161 858 2214 ut
881 2150 972 2216 credi
993 2161 1108 2237 potest,
1134 2173 1245 2216 omues
1261 2150 1407 2214 homines
1423 2151 1457 2214 in
1472 2149 1611 2236 flagiciis
1627 2149 1765 2237 preibat.
1801 2151 1884 2215 Nam

228 2257 410 2323 seeundum
434 2256 522 2345 quod
546 2255 669 2322 dictum
692 2267 741 2320 cst
763 2256 902 2322 Iohanni
932 2258 966 2320 in
996 2257 1264 2344 suaapocalipsi
1294 2257 1397 2321 divini
1428 2259 1637 2322 concessione
1665 2257 1794 2321 iudicii:
1823 2258 1889 2336 Qut
1905 2285 2062 2335 messan.

228 2380 317 2431 nocet
338 2380 447 2431 noceat
468 2366 572 2430 adbuc
595 2379 624 2430 et
645 2367 704 2450 qui
725 2367 759 2430 in
774 2365 922 2430 sordibus
945 2379 990 2430 est
1010 2366 1170 2430 sordescat
1192 2365 1305 2446 adbuc,
1330 2387 1391 2450 ego
1416 2387 1489 2428 cum
1506 2364 1601 2428 huius
1617 2363 1756 2428 hominis
1773 2363 1885 2429 sordes

228 2483 337 2537 mente
368 2493 485 2536 aversa
515 2470 633 2554 recoIO,
662 2493 743 2558 quas
774 2469 924 2557 publicus
955 2469 1108 2536 abhorret
1138 2471 1278 2553 auditus,
1309 2470 1344 2536 id
1367 2471 1455 2557 quod
1483 2471 1687 2554 dictumest,
1718 2470 1886 2536 sordescat

180 2604 208 2643 so
228 2578 348 2660 adhuc,
373 2565 472 2642 idest
495 2578 580 2642 ultra
602 2576 655 2642 vel
678 2577 826 2664 amplius,
852 2599 913 2663 ego
936 2579 971 2640 in
994 2577 1055 2642 hoo
1079 2577 1208 2642 homine
1232 2577 1372 2642 finaliter
1395 2577 1591 2665 completum
1615 2579 1809 2660 existimem,
1832 2579 1885 2643 cui

227 2687 262 2749 in
285 2683 437 2750 sordibus
460 2707 583 2771 parem,
608 2707 650 2748 ne
674 2683 782 2748 dicam
805 2686 1016 2771 superiorem,
1040 2684 1179 2748 inveniri
1203 2707 1299 2772 posse
1322 2708 1388 2749 non
1410 2685 1604 2772 putaverim.
1646 2683 1731 2748 Nam
1755 2685 1782 2749 si
1805 2684 1885 2749 mihi

227 2792 354 2857 recolas
370 2792 483 2856 Iovem
507 2791 699 2874 adulterum,
724 2792 752 2855 si
770 2790 934 2855 Neronem
958 2813 1112 2877 spurcum
1136 2791 1230 2855 simul
1255 2803 1287 2856 et
1309 2792 1538 2874 facinorosum,
1563 2792 1591 2854 si
1614 2791 1831 2855 Maximinum
1854 2803 1886 2856 et

227 2901 336 2986 ipsum
360 2898 456 2963 simul
480 2897 645 2963 crudelem
669 2909 701 2962 et
724 2897 945 2984 flagiciosum:
970 2920 1031 2983 ego
1055 2897 1162 2962 adhuc
1186 2899 1239 2962 isti
1269 2901 1303 2962 in
1325 2898 1458 2984 flagitiis
1481 2899 1624 2985 palmam
1647 2897 1804 2980 dederim,
1829 2899 1886 2984 qui

228 3017 261 3071 et
283 3005 410 3092 equalis
434 3006 481 3070 eis
505 3007 675 3070 autetiam
692 3007 840 3091 superior
862 3007 897 3069 in
911 3004 1049 3090 flagiciis
1066 3027 1138 3069 esse
1154 3007 1259 3091 potuit
1283 3016 1315 3070 et
1337 3007 1371 3070 in
1387 3015 1596 3091 augmentum
1621 3004 1752 3070 sceleris
1769 3005 1884 3069 eadem

181 3137 209 3176 rs
227 3112 354 3200 flagitia
384 3111 444 3177 sub
468 3111 560 3176 titulo
585 3111 829 3176 christianitatis
852 3113 989 3198 peregit.
1036 3111 1121 3176 Nam
1148 3116 1180 3178 si
1202 3115 1350 3178 ricimirus
1373 3138 1468 3193 cneus,
1499 3113 1544 3177 ait
1567 3111 1726 3199 propheta
1755 3113 1789 3175 in
1812 3134 1884 3198 per·
1903 3138 2024 3186 restra.

228 3241 309 3284 sona
332 3219 477 3300 Domini,
509 3219 725 3285 maledr'rcs'ssct
747 3220 837 3298 milri,
863 3216 955 3282 verbi
986 3219 1094 3304 gratia
1116 3218 1237 3283 Iudeus
1260 3218 1315 3283 vel
1336 3203 1496 3304 paganus,
1526 3222 1742 3284 sustinuissem
1768 3223 1884 3304 utiquc,

229 3343 261 3392 tu
283 3352 356 3392 vero
380 3328 469 3391 bomo
500 3324 675 3390 christiane
705 3329 867 3390 conanimis
898 3325 964 3390 doce
992 3350 1078 3390 meus
1107 3341 1135 3390 et
1164 3341 1252 3390 notus
1282 3351 1367 3390 meos
1397 3323 1589 3389 subauditur
1612 3323 1699 3388 mala
1729 3324 1807 3388 mihi
1836 3325 1883 3388 in·
1903 3351 1976 3391 rurs.

228 3433 364 3498 ferendo
387 3455 454 3497 non
477 3434 541 3496 eris
565 3431 783 3496 sustinendus.
829 3431 911 3496 Erat
933 3432 968 3494 in
992 3432 1061 3495 eius
1086 3431 1298 3496 contubernio
1322 3431 1562 3518 impudicorum
1585 3452 1667 3516 grex
1690 3453 1733 3494 ex
1757 3430 1884 3494 clericis

229 3551 262 3605 et
282 3539 376 3604 laicis
399 3539 582 3604 illustrioris
612 3539 764 3626 prosapie
793 3549 1020 3624 congregatus.
1067 3538 1148 3601 Erat
1171 3539 1201 3601 ei
1224 3539 1302 3602 item
1326 3538 1468 3602 adunata
1491 3537 1738 3602 iuvencularum
1763 3547 1795 3601 et
1817 3559 1884 3600 rna-

183 3671 211 3711 ro
229 3657 394 3711 tronarum
418 3656 508 3710 tauta
531 3645 701 3710 multitudo
719 3657 874 3731 quantam
897 3666 959 3709 nec
984 3645 1053 3708 sine
1070 3644 1203 3730 querela
1225 3645 1336 3730 regiae
1361 3643 1476 3708 domus
1499 3645 1625 3708 mansio
1649 3643 1702 3707 vel
1725 3643 1884 3729 profectio

230 3755 388 3818 sustinere
411 3754 580 3839 potuisset,
605 3775 743 3838 quarum
766 3763 876 3816 tamen
899 3751 1054 3837 pleneque
1079 3773 1099 3814 a
1121 3752 1260 3837 propriis
1284 3751 1363 3814 viris
1387 3748 1549 3814 abstracte
1573 3751 1675 3814 invite
1699 3760 1732 3814 et
1754 3751 1883 3836 captive

230 3859 274 3924 ad
290 3882 370 3947 opus
394 3859 556 3923 nefarium
572 3856 776 3923 ducebantur
786 3862 806 3922 1.
846 3859 911 3921 Per
933 3857 1049 3922 horum
1066 3859 1328 3922 commixtionem
1351 3867 1461 3942 preter
1485 3856 1681 3921 cottidianas
1705 3857 1884 3943 spurcicias

230 3965 361 4031 diabolo
384 3987 522 4053 vespere
554 3977 586 4030 et
615 3987 710 4030 mane
735 3975 767 4029 et
790 3964 926 4028 meridie
957 3965 1157 4028 sacrificatas
1188 3987 1262 4029 cunr
1285 3963 1460 4049 Beelfegor
1482 3963 1556 4027 Deo
1587 3985 1645 4028 suo
1676 3962 1884 4049 sollempnius
1904 3989 2040 4038 nameus.

230 4073 414 4138 sacrificare
442 4072 613 4154 voluisset,
648 4073 683 4136 in
712 4073 847 4158 propria
877 4093 932 4136 eos
963 4073 1126 4136 caminata
1156 4073 1189 4135 in
1220 4094 1319 4136 unum
1350 4073 1437 4135 coire
1468 4067 1625 4152 faciebat,
1657 4070 1727 4155 ipse
1757 4059 1884 4133 medius

184 4203 211 4243 rs
231 4203 340 4245 eorum
371 4181 406 4243 in
436 4180 537 4244 sacris
567 4179 717 4244 nefandis
749 4179 939 4260 consistens,
970 4176 1027 4242 ubi
1057 4187 1089 4241 et
1118 4177 1303 4260 luminibus,
1328 4187 1363 4242 ut
1387 4177 1515 4259 dicitur,
1544 4176 1696 4240 extinctis
1727 4186 1883 4261 quantum

229 4285 331 4350 valuit
361 4294 430 4350 arte
453 4287 651 4372 procuravit,
676 4296 711 4350 ut
733 4287 835 4350 frater
858 4306 932 4348 cum
956 4307 1065 4349 sorore
1088 4283 1140 4348 vel
1165 4283 1301 4371 quilibet
1326 4284 1481 4371 ‘proximi
1509 4284 1687 4368 sanguinis,
1712 4284 1767 4368 qui
1791 4304 1826 4346 se
1850 4284 1885 4346 in
1903 4307 1977 4358 *aaa

229 4392 373 4457 tenebris
405 4393 574 4457 dinoscere
604 4415 670 4456 non
700 4401 860 4479 poterant,
890 4393 1112 4456 convenirent.
1159 4390 1312 4477 Dumque
1337 4388 1487 4454 omnibus
1510 4390 1590 4454 viris
1613 4390 1712 4453 moris
1736 4411 1774 4453 ao
1799 4411 1883 4475 pene

229 4499 375 4564 naturale
400 4501 443 4564 sit
464 4501 613 4587 proprias
638 4498 767 4564 celareb
792 4499 958 4583 coniuges,
987 4520 1027 4561 ne
1052 4521 1127 4563 cum
1150 4497 1264 4561 alienis
1288 4497 1494 4578 conveniant,
1526 4497 1596 4583 ipse
1621 4507 1755 4560 econtra
1781 4517 1883 4577 suam,

144 4654 150 4663 .
230 4629 293 4693 que
318 4609 349 4670 ei
371 4606 478 4671 fuerat
506 4606 611 4671 forma
638 4616 671 4670 et
700 4605 869 4670 nobilitate
893 4627 932 4670 ac
956 4627 1081 4668 morum
1105 4603 1283 4686 honestate,
1308 4603 1462 4668 decenter
1486 4603 1594 4670 dicam
1617 4626 1660 4667 an
1683 4602 1882 4684 indecenter,

182 4737 211 4775 so
230 4714 362 4795 sociata,
388 4735 461 4778 cum
486 4715 517 4777 ei
541 4735 583 4777 ex
606 4723 686 4777 nutu
709 4712 762 4778 vel
786 4711 1023 4797 significatione
1055 4711 1228 4776 demonum
1256 4710 1291 4774 id
1318 4710 1504 4797 placuisset,
1534 4712 1569 4774 in
1593 4709 1724 4796 publico
1748 4708 1801 4774 illo
1826 4711 1882 4773 irn-

229 4819 421 4905 pudicorum
438 4831 601 4885 conventu
616 4843 705 4884 more
730 4820 860 4884 scenico
876 4819 1040 4905 prostituit
1050 4823 1071 4900 ²,
1095 4817 1181 4881 unde
1206 4817 1381 4904 aliquando
1406 4818 1550 4902 contigit,
1575 4826 1610 4881 ut
1632 4816 1688 4880 illa
1710 4838 1789 4880 suae
1813 4815 1882 4880 illu·

230 4926 328 4990 sionis
345 4937 473 5013 tempus
489 4927 654 5013 presciens
670 4927 793 5013 pariter
809 4935 841 4990 et
864 4925 972 4990 locum
988 4925 1158 5011 implorato
1176 4925 1327 5005 civitatis,
1351 4924 1385 4988 in
1402 4946 1466 5010 qua
1481 4946 1534 4988 res
1550 4921 1718 5008 agebatur,
1736 4922 1882 5009 episcopi

229 5031 295 5097 Dei
317 5031 423 5097 zelum
447 5031 597 5098 habentis
611 5032 753 5116 auxilio,
777 5042 902 5097 armata
925 5054 1024 5096 manu
1043 5031 1193 5118 exemplo
1209 5031 1328 5096 Finees
1352 5029 1531 5095 sacerdotis
1555 5028 1719 5093 demedio
1744 5029 1881 5115 impudi-
1901 5055 2037 5104 ueneat.

229 5159 339 5202 corum
363 5140 553 5227 eriperetur,
578 5138 644 5222 ubi,
668 5149 704 5204 ut
726 5139 838 5221 fertur,
862 5137 1002 5202 nexibus
1024 5160 1153 5224 quoque
1177 5137 1220 5202 ad
1243 5160 1323 5223 opus
1347 5137 1507 5201 nefarium
1531 5147 1643 5223 aptata
1665 5136 1800 5200 inventa
1823 5146 1881 5200 est.

182 5348 210 5388 sc
335 5337 362 5402 a)
384 5341 584 5406 oppinatissimi
602 5358 622 5391 e.
695 5338 723 5400 b)
744 5339 850 5390 scelere
869 5357 889 5390 c.

338 5501 367 5572 1)
391 5503 494 5562 Bruno
510 5504 627 5562 debello
644 5503 754 5561 Saron.
772 5481 795 5560 c..
814 5502 843 5560 6.
868 5505 912 5560 cd.
933 5503 975 5559 ll'.
992 5501 1174 5560 liutenbach
1192 5522 1225 5578 p.
1244 5501 1274 5557 5.
1306 5501 1414 5558 Verbo:
1437 5503 1507 5557 Erat
1522 5503 1551 5556 in
1568 5502 1628 5557 eius
1645 5531 1687 5540 -
1704 5501 1883 5556 ducebantur

226 5608 350 5667 iudan.
367 5609 683 5680 Rcicbcrsb.a.106'l,
709 5609 763 5667 SS.
781 5608 882 5680 XVII,
901 5629 934 5685 p.
949 5609 1022 5665 446.
1115 5608 1146 5678 2)
1171 5607 1313 5666 Helmoldi
1330 5605 1434 5666 Claros.
1453 5607 1531 5664 Slov.
1556 5607 1580 5677 I,
1605 5627 1628 5664 c.
1647 5606 1698 5678 28,
1724 5606 1779 5664 SS.
1796 5605 1881 5676 XXI,

221 5735 255 5792 p.
274 5715 334 5787 32,·
356 5716 433 5774 Arm.
458 5715 489 5774 S.
514 5715 644 5774 Ditibodi
665 5735 693 5773 a.
715 5715 809 5785 1093,
834 5715 889 5774 SS.
914 5715 1014 5786 XVII,
1033 5735 1067 5792 p.
1087 5715 1136 5772 14.

1613 5833 1664 5884 41*
