4410 6406
770 365 887 421 LIBER
910 367 962 420 DE
988 365 1223 422 SIMONIAOES.
1760 361 1824 424 249

158 554 385 618 numerositas
409 551 539 617 fidelem
563 563 596 616 et
618 574 683 616 uon
707 554 943 618 contentiosum
968 552 1150 617 auditorem
1170 563 1277 638 potest
1291 575 1434 634 movere,
1452 575 1581 640 queque
1598 553 1736 618 dicimus
1752 577 1824 641 per-

160 659 318 724 suadere.
367 658 514 745 Septima
537 659 681 746 synodus
704 659 899 724 universalis
922 657 1035 724 habita
1062 682 1082 723 a
1105 659 1137 724 V
1159 659 1353 746 patriarchis
1383 683 1456 724 cum
1480 659 1595 725 0001.
1618 660 1767 747 patribus
1790 663 1824 726 iu

161 766 317 852 epistola,
342 789 441 853 quam
464 764 611 830 Adriano
638 788 723 853 pape
755 766 885 848 direxit,
917 766 977 830 hec
1008 767 1092 830 iuter
1116 776 1226 830 cetera
1256 765 1378 830 dixit1:
1409 767 1476 832 Eos
1499 770 1558 854 qui
1574 791 1635 854 per
1650 772 1824 855 pecuniam

160 899 281 939 manus
311 877 526 960 imposuerunt
548 875 604 938 vel
633 875 805 960 imponunt,
828 873 941 938 Petrus
965 873 1093 938 divinus
1117 875 1286 960 apostolus,
1317 877 1407 938 cuius
1438 875 1618 940 cathedram
1646 878 1757 940 sortita
1781 891 1826 941 est

123 984 319 1046 ssanctitas
343 995 455 1062 aesna,
480 995 629 1066 tanquam
653 979 818 1067 Symoriem
842 1005 968 1068 maqun
992 980 1127 1067 deponit.
1180 980 1393 1046 Tolerabilior
1416 995 1461 1045 est
1483 983 1566 1046 enim
1591 981 1776 1047 Macedonii
1797 997 1825 1048 et

163 1111 275 1151 eorum
305 1089 365 1173 qai
392 1089 479 1151 circa
509 1090 613 1173 ursum
643 1102 715 1151 sunt
743 1090 848 1152 sancti
876 1085 1018 1174 Spiritus
1053 1090 1307 1174 impuqnalorum
1337 1090 1439 1174 impia
1470 1089 1596 1152 heresis.
1651 1088 1714 1153 Illi
1741 1092 1823 1153 enim

163 1204 367 1259 creanrram⁸
391 1208 419 1258 et
441 1219 564 1259 servum
580 1194 647 1258 Dei
659 1193 768 1259 Patris
784 1209 813 1258 et
828 1194 916 1258 Filii
929 1193 1086 1281 Spiritum
1102 1209 1243 1259 sanctum
1267 1195 1434 1259 delirando
1445 1195 1602 1282 fatentur.
1651 1195 1713 1260 Isti
1732 1221 1824 1260 suum
1842 1215 1913 1257 *aaa

164 1301 299 1365 evendere
324 1300 482 1386 Spiritum
504 1315 644 1365 sanctum
675 1302 822 1389 efficiunt
850 1326 983 1366 savum.
1034 1299 1145 1366 Omnis
1175 1304 1258 1365 enirn
1290 1301 1435 1365 dominus
1466 1301 1552 1387 qaod
1580 1303 1671 1367 habet
1699 1305 1732 1367 si
1759 1304 1826 1367 vult

167 1408 285 1487 vendit,
316 1411 382 1472 sive
412 1432 547 1487 savum,
577 1411 644 1472 sive
673 1409 809 1493 aliquod
838 1432 943 1472 eorum
975 1432 1032 1492 que
1050 1407 1202 1494 possidet.
1252 1405 1410 1472 Similiter
1433 1423 1462 1472 et
1484 1410 1543 1493 qui
1563 1411 1646 1489 emti,
1678 1409 1824 1474 dominus

113 1536 145 1574 so
166 1515 274 1578 volan
304 1539 368 1579 esse
398 1517 466 1579 eius
495 1515 582 1600 qnod
603 1517 720 1596 emerit,
745 1539 809 1602 per
824 1517 973 1602 precium
992 1516 1147 1600 pecuniae
1170 1514 1257 1578 illud
1277 1516 1435 1599 acquirit:
1458 1517 1503 1579 ita
1527 1529 1555 1579 et
1577 1518 1636 1600 qui
1656 1516 1737 1580 hanc
1760 1518 1822 1580 ini·

166 1646 262 1704 quam
287 1624 439 1686 actionem
463 1637 642 1708 operaretur,
674 1623 840 1687 detrahunt
865 1624 1000 1708 spiritui
1020 1635 1125 1685 sancto
1149 1622 1303 1707 equaliter
1318 1635 1495 1706 peccantes,
1527 1622 1577 1685 his
1600 1624 1659 1707 qui
1679 1623 1821 1708 blasphe-

166 1743 332 1792 maverunt
361 1728 496 1793 dicentes
526 1731 560 1792 in
584 1729 740 1793 Belzebab
768 1732 866 1794 eicere
894 1727 1052 1792 Christum
1076 1727 1240 1792 demonia:
1263 1742 1291 1792 et
1308 1729 1426 1813 procul
1448 1728 1543 1792 dubio
1567 1752 1629 1792 non
1651 1743 1696 1792 est
1714 1732 1822 1816 qratia

167 1834 313 1920 Spiritus
335 1838 440 1899 sancti
460 1837 495 1899 in
518 1837 573 1916 eis,
597 1835 636 1899 id
657 1850 702 1899 est
723 1835 897 1900 sacerdotii
916 1837 1085 1899 sanctitas:
1107 1837 1155 1899 ait
1177 1836 1260 1898 enim
1282 1833 1394 1899 Petrus
1418 1833 1568 1922 Symoni:
1591 1834 1676 1900 ‘Non
1698 1850 1743 1901 est
1764 1837 1825 1900 tibi
1840 1857 1963 1907 sessu.

159 1965 256 2026 pars,
286 1966 384 2027 neque
413 1965 483 2005 sors
513 1945 546 2005 in
577 1966 716 2006 sermone
746 1942 830 2006 ttn’.
878 1941 965 2004 Nam
988 1955 1017 2004 et
1038 1944 1204 2006 vicesimus
1228 1956 1256 2005 et
1278 1955 1403 2006 ocnvos
1425 1966 1526 2006 conon
1549 1944 1771 2028 apostolorum,
1795 1957 1824 2008 et

119 2070 147 2108 ts
166 2063 256 2111 actus
279 2071 396 2129 eorum,
428 2051 543 2113 tercius
566 2063 594 2113 et
616 2063 748 2134 qimrtus
772 2050 852 2112 liber
875 2073 1040 2136 reqnorum
1064 2050 1202 2113 alienum
1227 2051 1353 2112 omnino
1375 2074 1396 2112 a
1418 2049 1594 2112 sacerdotio
1611 2051 1823 2135 pronuntiant

165 2178 247 2234 eum,
272 2157 332 2240 qui
351 2155 463 2240 aliqua
488 2155 619 2235 dederit,
644 2157 694 2220 vel
716 2158 872 2241 acceperit
888 2158 1060 2241 pecuniam
1084 2158 1118 2220 in
1141 2156 1250 2241 aliquo
1273 2169 1419 2242 tempore,
1446 2158 1512 2219 sive
1535 2169 1605 2220 ante
1627 2179 1740 2220 manus
1763 2158 1821 2220 im-

160 2263 364 2346 positionem,
388 2265 454 2326 sive
470 2276 547 2347 post
569 2265 808 2348 impositionem.
856 2262 1011 2347 Accipere
1034 2264 1116 2326 enim
1140 2276 1185 2326 est
1206 2261 1454 2348 quandocunque
1477 2263 1629 2348 accepere.
1676 2260 1759 2325 Item
1779 2284 1822 2325 ex

165 2365 280 2430 idtima
311 2367 449 2454 epistola
479 2367 626 2432 eiusdem
657 2366 789 2454 synodi:
825 2367 890 2446 Qui
903 2393 967 2455 per
984 2371 1155 2455 pecuniam
1183 2393 1333 2455 quemque
1356 2381 1524 2448 consecrat,
1555 2369 1606 2432 vel
1627 2384 1822 2434 cmuecratus

166 2489 221 2554 est,
245 2476 371 2539 alimus
393 2489 439 2539 est
460 2500 480 2539 a
502 2475 689 2555 sacerdotio,
720 2478 802 2539 sicut
830 2498 935 2539 omnes
964 2476 1134 2540 aecclesiae
1154 2479 1279 2558 'scimus
1309 2476 1458 2561 alumpni
1479 2499 1517 2539 ev
1539 2478 1701 2540 canonicis
1724 2475 1820 2540 disci·

120 2605 147 2644 n
159 2582 269 2666 plinis
292 2582 420 2646 eruditi.
457 2580 563 2661 Quem
587 2603 652 2646 non
674 2591 805 2646 moveat
828 2590 990 2645 tantorum
1007 2591 1137 2668 patrum
1159 2582 1193 2645 iu
1209 2603 1274 2645 uua
1297 2580 1421 2668 synodo
1446 2580 1658 2645 residentium
1682 2582 1821 2646 auctori-

166 2697 216 2750 tas
249 2710 406 2770 consona,
438 2688 525 2752 idem
555 2688 794 2774 predicantium
825 2689 913 2775 quod
943 2687 1092 2775 predicat
1121 2690 1219 2753 etiam
1248 2690 1394 2775 parvitas
1425 2687 1561 2753 nostra‘l
1608 2686 1670 2752 Oui
1698 2689 1725 2752 si
1749 2689 1821 2775 quis

167 2795 298 2858 estimat
320 2795 416 2860 facile
440 2795 739 2879 contradicendum,
764 2806 874 2878 restat,
891 2806 927 2861 ut
945 2795 1122 2860 annichilet
1146 2796 1355 2860 auctoritates
1379 2805 1425 2859 tot
1447 2804 1575 2881 patrum
1595 2793 1689 2860 nobis
1709 2817 1821 2860 conso·
1841 2817 1870 2858 r.
1919 2845 1925 2857 .

166 2902 316 2965 nantium
341 2912 438 2988 atque
458 2925 524 2966 uns
546 2900 716 2967 uobiscum
733 2902 974 2983 affinuantium,
991 2902 1080 2988 quod
1096 2903 1302 2989 symoniacus
1326 2903 1360 2965 in
1383 2924 1443 2965 sua
1462 2900 1570 2966 heresi
1585 2902 1697 2967 vincat
1711 2901 1821 2968 Mace-

167 3006 302 3072 donium
326 3008 517 3073 hereticum.

121 3138 149 3178 se
277 3113 343 3180 Sed
366 3115 507 3201 quiade
530 3139 645 3180 manus
669 3117 875 3203 impositione
898 3116 990 3180 multi
1007 3116 1200 3198 concedunt,
1226 3115 1312 3201 quod
1336 3115 1364 3179 si
1387 3138 1446 3201 per
1460 3117 1635 3201 pecuniam
1650 3113 1820 3198 tribuatur,

170 3221 252 3285 dans
277 3232 310 3285 et
333 3223 498 3308 accipiens
529 3223 691 3287 hereticus
723 3223 897 3288 efficiatur:
930 3223 970 3288 de
999 3225 1115 3288 ceteris
1139 3245 1218 3287 vero
1243 3220 1340 3286 rebus
1371 3221 1622 3287 aecclesiasticis
1645 3245 1711 3287 nou
1734 3221 1822 3286 idem

168 3329 363 3393 concedunt.
408 3328 555 3394 Audiant
577 3328 657 3394 illud
681 3352 723 3394 ex
747 3330 884 3416 epistola
899 3329 1068 3394 Paschalis
1085 3352 1169 3416 pape
1187 3326 1487 3393 Mediolanensibus
1504 3327 1666 3393 ducent:
1692 3329 1822 3415 Siquis

168 3438 318 3501 obiecerit
338 3461 399 3501 non
421 3440 676 3518 consecrationes,
700 3438 758 3502 sed
778 3462 828 3502 res
852 3440 940 3524 ipsas
963 3463 1043 3524 quae
1063 3463 1102 3504 ea
1122 3440 1350 3502 consecratione
1360 3439 1555 3522 proveniant
1569 3437 1673 3516 vendi,
1697 3437 1821 3501 videtur

168 3543 296 3628 quidem
320 3544 449 3629 aliquid
472 3543 586 3624 dicere,
610 3545 712 3608 nichil
733 3558 834 3608 autem
851 3547 982 3630 penitus
1004 3568 1123 3631 sapere.
1170 3543 1257 3608 Nam
1276 3569 1346 3608 cum
1362 3544 1539 3629 corporalis
1562 3544 1731 3608 aecclesiae
1754 3545 1820 3629 epi-

122 3674 150 3712 so
167 3675 281 3736 scopus
311 3650 362 3714 vel
389 3652 486 3715 abbas
516 3665 571 3714 aut
600 3652 661 3714 tale
691 3651 821 3736 aliquid
848 3654 916 3715 sine
942 3653 1035 3715 rebus
1057 3651 1276 3738 corporalibus
1300 3665 1329 3714 et
1349 3651 1556 3714 celerioribus
1579 3652 1614 3714 in
1636 3650 1723 3713 nvllo
1740 3673 1820 3736 pro-

160 3759 267 3844 ficiat,
297 3758 378 3821 sicat
406 3782 461 3822 nec
491 3760 600 3822 anima
629 3760 698 3822 sine
727 3782 857 3844 corpore
887 3759 1101 3844 temporaliter
1123 3760 1220 3822 vivit:
1250 3759 1395 3843 quisquis
1419 3780 1524 3820 eorum
1547 3757 1680 3821 alterum
1704 3757 1819 3836 vendit,

167 3865 320 3949 sineque
344 3865 476 3929 alterurn
500 3865 612 3930 habere
635 3889 695 3928 non
712 3867 872 3950 provenit,
902 3879 1044 3930 neutrum
1073 3888 1135 3928 non
1162 3865 1321 3929 venditum
1345 3863 1545 3949 derelinquit.
1595 3861 1696 3940 Quam
1719 3877 1820 3927 tamen

168 3971 367 4036 abiectionem
390 3995 480 4035 sacer
507 3970 748 4036 Calcedonensis
771 3975 893 4036 corsona
908 3974 1038 4058 penitius
1061 3973 1255 4051 exterminat,
1286 3995 1354 4035 cum
1375 3984 1614 4056 procuratorem
1637 3971 1687 4034 vel
1709 3969 1819 4057 defen-

168 4101 270 4142 sorem
293 4079 462 4142 aecclesiae
492 4079 543 4142 vel
563 4103 748 4163 quemquam
779 4078 906 4165 requlae
928 4080 1096 4142 subiectam
1119 4077 1199 4141 adeo
1215 4101 1279 4163 per
1296 4079 1452 4163 pecunias
1476 4076 1627 4141 ordinari
1639 4076 1819 4162 prohibeat,

123 4207 151 4247 n
169 4198 204 4248 ut
226 4187 446 4248 interventores
475 4209 596 4270 quoque
626 4187 708 4249 tanti
733 4185 861 4249 sceleris
888 4185 1095 4248 anathematis
1117 4208 1263 4248 mucrone
1285 4183 1457 4248 succidat&
1508 4181 1596 4260 Quid
1614 4183 1736 4268 plura?
1781 4181 1823 4247 Si

169 4291 425 4356 anatheniativati
445 4305 474 4356 et
494 4294 763 4370 encommuniccti,
794 4305 822 4356 et
851 4306 885 4355 at
913 4315 983 4354 vere
1013 4292 1151 4369 heretici,
1182 4292 1361 4377 symoniaci
1382 4303 1411 4354 et
1431 4290 1574 4377 neophiti
1600 4291 1640 4354 ab
1667 4289 1819 4354 aecclesia

168 4411 241 4461 sunt
261 4399 412 4483 separati,
436 4400 592 4483 quianon
614 4397 730 4478 videat,
754 4397 840 4484 quod
861 4397 1046 4462 huiusmodi
1064 4396 1260 4462 sacerdotum
1283 4399 1398 4461 musae
1421 4411 1450 4460 et
1471 4398 1627 4461 orationes
1650 4396 1751 4460 Deam
1776 4395 1822 4460 ad

170 4505 372 4569 iracundiam
395 4528 489 4590 super
505 4505 664 4590 populum
684 4519 861 4590 provocent,
892 4529 981 4590 quern
1009 4503 1147 4568 abibat
1164 4505 1301 4590 placari
1322 4504 1547 4568 credebamus?
1592 4502 1753 4589 Scriptum
1776 4517 1821 4567 est

170 4613 293 4675 eni'rnI:
322 4609 417 4674 ‘Veri
436 4611 595 4697 sacrificii
616 4611 701 4675 loccis
724 4625 812 4675 entra
835 4611 1018 4676 aecclesiam
1048 4635 1110 4675 non
1133 4611 1202 4676 est’.
1250 4609 1294 4674 Et
1322 4612 1413 4675 inm:
1444 4609 1636 4674 ‘Hereticum
1665 4610 1820 4674 hominem
1838 4631 1943 4681 ruas.

123 4743 152 4780 so
163 4731 239 4803 post
252 4719 397 4803 mimam
422 4731 450 4781 et
470 4716 640 4782 secundam
664 4720 888 4804 correptionem
912 4718 1044 4782 devita’.
1087 4716 1264 4795 Quoniam⁰
1287 4741 1359 4804 erqo
1383 4718 1460 4782 tales
1483 4719 1656 4804 episcopos,
1679 4714 1750 4781 veld
1765 4717 1818 4780 ab·

171 4826 264 4905 butes,
288 4825 339 4888 vel
359 4825 499 4909 reliquos
514 4825 645 4888 clericos
661 4823 743 4888 nond
761 4824 945 4904 devitamus,
969 4826 1002 4888 si
1014 4849 1120 4890 eorum
1143 4827 1258 4888 missas
1278 4824 1427 4888 audimus
1450 4824 1501 4889 vel
1522 4848 1591 4888 cum
1614 4825 1660 4888 eis
1683 4846 1819 4902 oramus,

277 5071 303 5138 a)
326 5081 478 5128 creaturam
497 5093 574 5142 usque
590 5076 626 5126 ad
644 5077 748 5126 Dicunt
768 5078 839 5127 enim
858 5073 942 5141 (infra
956 5093 985 5141 p.
1000 5077 1059 5136 250,
1080 5077 1096 5126 l.
1111 5072 1156 5136 28)
1174 5075 1224 5125 dea
1241 5077 1263 5138 l,
1283 5075 1378 5126 duobus
1391 5075 1465 5141 soliis
1478 5075 1594 5141 perditis.
1661 5071 1690 5136 b)
1710 5074 1777 5124 deest
1795 5075 1819 5124 2.

172 5163 198 5228 c)
220 5165 363 5228 Quomodo
383 5165 419 5216 W.
492 5164 520 5228 d)
541 5165 608 5216 deest
625 5166 661 5215 W.

279 5397 309 5476 1)
333 5400 404 5474 Syn.
418 5399 483 5458 VII.
508 5420 544 5458 ea
559 5400 711 5475 Interpret.
727 5399 883 5470 Anastasii,
907 5398 987 5455 Actio
1004 5398 1084 5469 VIII,
1109 5397 1246 5456 Tarasius
1261 5398 1401 5469 Adriano,
1428 5398 1527 5455 Mansi
1542 5397 1658 5468 XVIII,
1676 5399 1726 5454 col.
1745 5395 1818 5453 464.

127 5523 155 5564 st
173 5506 230 5572 Qui
251 5509 327 5565 mass
349 5516 376 5564 et
397 5507 445 5584 qui
460 5527 496 5564 en
512 5506 629 5582 epistola
649 5506 775 5564 Widonis
797 5506 930 5582 seqrtitur,
956 5524 991 5563 eu
1008 5504 1113 5562 Libello
1130 5505 1287 5561 Dandedit
1301 5504 1341 5576 II,
1365 5501 1431 5578 §t
1451 5505 1479 5576 2,
1506 5503 1567 5560 Lib.
1585 5504 1626 5574 II,
1647 5524 1678 5579 p.
1698 5504 1758 5560 317
1776 5524 1819 5578 sq.

170 5615 271 5690 sumpti
298 5621 371 5672 sunt.
494 5613 524 5684 2)
557 5613 689 5689 Epistola
712 5613 838 5670 Widonis
868 5614 910 5670 ad
937 5612 1063 5688 archiep.
1098 5610 1253 5668 Mediolan.
1286 5611 1386 5668 Libelli
1415 5611 1438 5682 I,
1468 5633 1498 5687 p.
1524 5612 1553 5668 6.
1675 5608 1706 5681 3)
1733 5608 1764 5668 0.
1790 5610 1819 5666 2.

172 5719 202 5790 4)
226 5721 380 5778 Hinschius
397 5741 431 5798 p.
450 5720 523 5777 285.
616 5716 648 5794 5)
677 5720 708 5776 V.
733 5739 824 5795 supra
841 5739 875 5796 p.
894 5718 967 5790 226,
992 5739 1021 5776 n.
1039 5719 1068 5775 7.

240 5841 340 5894 Libelli
359 5841 392 5893 ds
413 5841 468 5893 lite.
500 5842 555 5892 111.
1573 5840 1606 5889 32
