4418 6412
600 320 911 378 COMMENTARIUS
935 320 977 376 IN
1000 321 1178 377 PSALIIIOS
1202 321 1312 378 XXIII.
1337 323 1462 378 XXIIII.
1796 319 1860 381 419

196 504 290 572 bone
318 507 468 574 ordinata
491 519 524 572 et
546 509 647 594 portis
678 506 896 594 aeternalibus
927 507 1064 590 firmata,
1094 509 1247 572 nimirum
1277 507 1436 573 terribilia
1466 521 1541 574 sunt
1570 510 1630 591 his,
1662 512 1718 597 qui
1748 512 1860 576 nolunt

198 615 314 678 stricte
338 616 461 696 vivere,
485 616 624 678 curiosis
648 624 681 678 et
703 615 831 696 ociosis,
856 637 993 701 quorum
1011 615 1103 679 Deus
1119 626 1234 678 venter
1258 627 1316 697 est,
1341 639 1478 702 quorum
1502 615 1643 681 studium
1669 617 1859 683 fabulositas
1879 643 2009 693 narrare.

199 732 236 784 et
259 723 425 806 vagositas
449 732 506 803 est,
531 743 668 808 quorum
692 743 805 786 cursus
835 744 894 807 per
916 721 1092 786 iufemales
1122 734 1242 808 portas,
1274 721 1308 785 id
1332 733 1380 786 est
1404 745 1463 808 per
1486 746 1604 809 pravos
1630 735 1784 806 rectores,
1816 725 1858 789 ad

200 828 367 892 infernum
394 827 507 910 tendit,
537 827 613 892 dum
642 851 698 892 eos
726 827 880 892 dissolute
905 829 1053 892 viventes
1083 828 1172 894 nulla
1205 828 1376 916 discipline
1408 829 1566 894 districtio
1597 830 1737 913 cohibet,
1761 830 1815 895 vel
1839 855 1859 896 a
1938 815 1943 828 ⁸

159 957 177 996 s
203 935 271 998 suis
294 936 440 1021 propriis.
456 934 676 999 voluntatibus
699 933 860 1021 prohibet.
907 935 952 999 Ut
976 957 1053 1020 ergo
1077 937 1230 1000 universa
1254 936 1414 1000 aecclesia
1445 937 1487 1001 sit
1516 937 1606 1001 locus
1638 936 1800 1018 tenibilis,
1826 949 1858 1002 et

202 1053 339 1105 vocetur
361 1039 437 1106 aula
459 1041 534 1124 Dei,
566 1041 666 1106 tollite
697 1064 809 1106 omnes
839 1053 948 1129 portas
972 1053 1108 1124 vestras,
1133 1065 1244 1107 omnes
1269 1042 1521 1108 consuetudines
1544 1044 1674 1107 veritati
1704 1055 1735 1108 et
1763 1044 1857 1109 saluti

203 1149 382 1212 contrarias
412 1171 553 1234 pervus
580 1148 791 1230 introductas,
816 1171 834 1214 o
858 1149 1022 1235 principes
1053 1149 1192 1213 maiores
1223 1160 1255 1212 et
1285 1151 1436 1214 minores.
1486 1149 1615 1214 Etenim
1647 1151 1674 1213 si
1705 1150 1748 1215 ad
1770 1151 1856 1216 olau-

202 1255 315 1319 stralia
337 1266 448 1320 nostra
470 1256 687 1338 intendamus,
712 1257 809 1320 etiam
837 1255 870 1319 in
893 1257 973 1341 ipsis
996 1256 1179 1320 invenimus
1204 1257 1368 1342 principes
1392 1279 1548 1338 errorum,
1573 1255 1760 1321 defensores
1784 1281 1857 1344 pra-

201 1363 348 1426 vitatum.
396 1361 492 1442 Quod
515 1365 547 1427 si
567 1367 601 1427 in
626 1363 731 1428 vr'rt'di
751 1365 837 1450 liquo
860 1364 935 1428 lae'c
951 1364 1095 1451 faciant,
1120 1365 1153 1426 in
1177 1363 1270 1427 arido
1294 1362 1375 1449 quid
1388 1365 1471 1451 fiet?
1518 1362 1554 1428 Si
1577 1365 1610 1426 in
1635 1362 1783 1427 claustris
1807 1387 1856 1429 re·
1876 1390 2017 1439 masam.

152 1468 358 1554 regulariter
381 1469 538 1534 ordinatis
563 1469 645 1534 haec
668 1469 802 1551 faciunt,
826 1469 860 1532 in
884 1467 1116 1554 irregularibus
1141 1469 1375 1533 conventiculis
1400 1469 1478 1556 quid
1501 1469 1582 1534 fiet?

309 1643 465 1730 Similiter
488 1666 586 1730 etiam
615 1665 649 1728 in
673 1665 734 1729 hoc
757 1675 976 1750 tempestuoso
1000 1676 1144 1751 tempore
1167 1675 1233 1728 tres
1257 1665 1421 1751 principes
1446 1665 1523 1730 mali
1547 1676 1722 1731 erexerunt
1744 1677 1855 1753 portas
1876 1691 1932 1731 res.

201 1794 286 1854 suas,
311 1772 466 1836 videlicet
487 1771 587 1835 Iudas
611 1771 663 1836 fur
686 1771 865 1857 sacrilegus
889 1783 921 1835 et
945 1769 1067 1858 Symon
1091 1793 1214 1857 magus,
1240 1782 1338 1858 atque
1362 1771 1527 1858 Nycolaus
1551 1772 1738 1855 fornicator,
1763 1775 1855 1838 nimi-

200 1901 271 1943 rum
295 1877 417 1942 similes
440 1880 474 1942 in
490 1878 644 1964 mysterio
667 1879 847 1964 iniquitatis
871 1876 974 1942 tribus
997 1877 1060 1942 illis
1084 1878 1285 1943 sedicionum
1308 1878 1511 1965 principibus
1527 1879 1696 1962 Eleazaro,
1717 1879 1855 1945 Iohanni

154 2008 180 2047 rs
200 1995 233 2048 et
252 1984 387 2066 Simoni,
413 1987 468 2071 qui
491 1993 636 2071 tempore
661 1983 840 2049 obsidionis
864 1986 1015 2049 intestino
1040 1982 1135 2064 bellu,
1160 2007 1199 2048 ac
1224 1984 1359 2049 cedibus
1382 1984 1672 2050 innumerabilibus
1690 1988 1859 2052 civitatem·

199 2102 366 2155 vastantes
389 2091 567 2156 Ierusalem
592 2114 663 2164 eam
688 2090 925 2178 quodammodo
956 2113 1033 2155 suae
1064 2090 1219 2155 tirannidi
1251 2090 1500 2156 subdiviserant.
1547 2092 1631 2156 Nam
1656 2116 1739 2158 unus
1770 2095 1855 2179 ipso·

198 2221 281 2279 rum,
305 2197 460 2262 videlicet
482 2197 654 2279 Iohannes,
679 2199 847 2285 superiora
870 2197 1010 2261 civitatis
1035 2196 1116 2278 loca,
1140 2197 1175 2262 id
1199 2209 1248 2262 est
1271 2220 1380 2261 arcem
1406 2207 1438 2262 et
1460 2210 1601 2262 montem
1625 2199 1736 2286 templi
1760 2223 1854 2265 occu·

198 2317 345 2390 paverat.
391 2304 494 2386 Alter,
518 2305 552 2369 id
576 2317 625 2369 est
648 2305 781 2392 Symon,
807 2303 963 2369 ambitum
987 2305 1128 2368 civitatis
1152 2306 1264 2369 tenuit.
1310 2304 1446 2368 Tercius
1471 2306 1555 2369 inter
1577 2305 1635 2369 hos
1658 2306 1796 2389 medius,
1820 2308 1855 2372 id

198 2423 249 2475 est
265 2411 454 2495 Eleazarus
478 2411 622 2476 medium
646 2412 787 2476 civitatis
812 2412 1014 2497 occupavit¹.
1052 2411 1106 2475 An
1129 2435 1194 2475 non
1219 2412 1404 2475 etiamnunc
1429 2410 1542 2475 videas
1565 2414 1599 2476 in
1622 2411 1684 2477 hoc
1709 2425 1854 2479 extremo

149 2541 180 2580 ιο
199 2520 485 2584 consummationis
509 2530 654 2604 tempore
678 2519 843 2584 Simonem
871 2541 1001 2604 magum
1026 2519 1193 2605 superiora
1216 2518 1346 2604 typicae
1371 2516 1559 2600 Ierusalem,
1587 2518 1694 2584 idest
1722 2532 1853 2586 sanctae

199 2624 380 2690 aecclesiae
405 2625 556 2708 culmina,
581 2626 719 2690 honores
742 2625 898 2690 videlicet
920 2624 1179 2689 aecclesiasticos
1204 2635 1416 2711 occupantem
1436 2625 1579 2689 vendere
1604 2647 1642 2689 ac
1658 2627 1854 2691 vendentem

198 2743 231 2796 et
262 2743 422 2797 ementem
453 2733 639 2818 occupare?
685 2731 738 2796 An
769 2754 834 2796 non
864 2742 1011 2796 extrema
1037 2730 1090 2795 vel
1121 2730 1277 2795 ambitum
1309 2732 1449 2795 civitatis
1472 2731 1538 2796 Dei
1564 2731 1663 2797 Iudas
1694 2744 1854 2798 mercator

197 2839 358 2924 pessimus
389 2850 422 2904 et
451 2839 503 2904 fur
532 2839 708 2925 sacrilegus
732 2838 857 2903 obtinet
886 2839 920 2902 in
943 2838 1064 2903 lucris·
1087 2861 1194 2902 rerum
1226 2838 1552 2921 aecclesiasticarum,
1584 2839 1751 2926 sacrilegis
1781 2863 1852 2926 per-

198 2944 370 3010 vasoribus
393 2945 538 3011 decimas
561 2969 599 3011 ac
624 2947 740 3033 stipem
764 2968 944 3032 pauperum
968 2944 1126 3030 sacrilege
1150 2942 1324 3031 profligata
1347 2946 1476 3009 iusticia
1499 2943 1561 3009 sibi
1577 2944 1852 3010 vendicantibus?

152 3051 229 3116 asA
253 3075 390 3139 quorum
415 3052 585 3140 sacrilegio
613 3075 674 3117 nec
703 3053 767 3139 ipsi
797 3053 943 3138 episcopi
973 3053 1132 3116 immunes
1157 3063 1241 3133 sunt,
1266 3054 1322 3138 qui
1346 3051 1461 3116 eadem
1486 3052 1648 3138 stipendia
1671 3075 1852 3139 pauperum

197 3160 231 3222 in
255 3183 333 3223 usus
356 3158 457 3224 laicos
481 3160 688 3242 transferunt,
705 3158 758 3223 vel
782 3158 823 3223 ab
848 3158 918 3223 aliis
943 3157 1099 3223 translata
1121 3181 1187 3222 non
1210 3169 1394 3245 reposcunt.
1434 3158 1524 3222 Inter
1539 3159 1597 3222 hos
1614 3159 1739 3223 medius
1756 3159 1851 3223 Nico-

198 3264 269 3330 laus
293 3265 469 3331 fornicator
491 3266 597 3330 locum
622 3265 755 3348 obtinet,
779 3265 857 3330 dum
885 3266 919 3328 in
943 3264 1039 3346 clero,
1071 3266 1212 3328 maxime
1244 3275 1352 3328 autem
1383 3266 1416 3328 in
1441 3265 1623 3328 sacerdotio
1654 3265 1851 3330 fornicantes

197 3372 273 3436 hinc
297 3371 593 3460 pseudoepiscopos
617 3374 800 3460 superiores
824 3372 1017 3457 respiciunt:
1042 3370 1118 3434 hinc
1134 3393 1213 3434 vero
1234 3369 1325 3434 laicis
1350 3372 1491 3435 maxime
1515 3372 1548 3434 in
1565 3373 1718 3456 mysterio
1735 3372 1851 3458 iniqui·

198 3479 273 3542 tatis
297 3480 480 3564 superiores
504 3480 656 3561 existunt,
682 3477 799 3564 quibus
823 3479 921 3542 etiam
945 3476 987 3541 ad
1010 3477 1131 3542 inferos
1155 3499 1219 3540 una
1243 3500 1317 3541 curn
1332 3476 1622 3563 pseudoepiscopis
1639 3490 1751 3563 portae
1770 3478 1852 3543 fiunt

153 3609 179 3647 so
198 3585 261 3670 ipsi
285 3584 608 3670 pseudosacerdotes,
633 3595 689 3649 aut
712 3585 784 3672 ipsa
800 3607 912 3650 eorum
927 3583 1100 3648 interdicta
1117 3582 1225 3648 officia
1249 3595 1281 3647 et
1303 3585 1433 3664 missae,
1452 3606 1532 3670 quas
1549 3583 1737 3648 interdictas
1754 3585 1850 3648 inter-

199 3691 279 3755 dicti
303 3703 432 3774 canunt,
457 3693 551 3778 quasi
574 3692 714 3778 quedam
742 3703 855 3778 portae
886 3690 928 3754 ad
958 3689 1079 3755 inferos
1104 3713 1158 3755 eos
1181 3713 1247 3754 una
1271 3713 1344 3755 cum
1367 3689 1460 3754 laicis
1485 3711 1595 3754 eorum
1619 3702 1731 3755 contra
1754 3692 1850 3756 inter-

199 3797 322 3862 dictum
345 3797 568 3863 auditoribusb
593 3799 824 3863 transmittunt.
872 3797 899 3862 O
925 3808 1062 3884 quantas
1090 3797 1151 3861 bae
1174 3808 1287 3883 portae
1311 3796 1364 3861 vel
1394 3796 1427 3861 hi
1457 3798 1621 3883 principes
1652 3819 1712 3884 per
1740 3809 1850 3884 portas

199 3925 275 3967 suas
305 3903 347 3968 ad
376 3905 496 3969 inferos
524 3906 659 3986 animas,
690 3905 832 3969 maxime
855 3915 1000 3990 tempore
1024 3904 1173 3968 Heinrici
1197 3905 1303 3990 quarti
1325 3903 1379 3967 vel
1402 3904 1516 3990 quinti,
1547 3905 1795 3968 transmiserunt
1818 3915 1850 3969 et

200 4009 306 4076 adhuc
336 4013 554 4076 transmittere
585 4033 649 4076 non
680 4011 848 4075 desinunt!
894 4010 1082 4075 Dicendum
1111 4021 1144 4074 et
1173 4011 1282 4096 sepius
1312 4011 1377 4074 iam
1408 4032 1467 4096 per
1494 4010 1663 4096 pontifices
1686 4011 1849 4075 Romanos

154 4140 181 4181 ss
200 4115 322 4182 dictum
353 4128 402 4182 est
431 4119 501 4183 istis
531 4117 749 4206 prinpribus:
784 4118 897 4183 Tollite
919 4133 1044 4204 portos,
1068 4121 1247 4204 principes,
1277 4132 1405 4198 nmmos,
1435 4116 1470 4180 id
1500 4129 1549 4180 est
1579 4117 1703 4182 auferte
1733 4119 1848 4181 missas
1867 4144 2004 4193 racana

199 4235 334 4306 vestras,
359 4248 441 4312 quas
463 4226 645 4312 perniciose
669 4226 807 4290 cantatis
831 4234 863 4288 et
887 4224 1011 4289 cantari
1037 4223 1154 4304 facitis,
1179 4233 1214 4286 ut
1236 4245 1296 4309 per
1319 4245 1385 4304 aaa,
1410 4225 1503 4309 quasi
1532 4245 1593 4309 per
1619 4234 1729 4309 portas
1752 4223 1849 4288 inferi

199 4333 423 4396 transmittatis
454 4354 509 4396 eos
540 4332 573 4395 in
600 4331 771 4413 infernum,
802 4332 857 4417 qni
887 4330 968 4394 tales
998 4331 1112 4394 missas
1136 4328 1188 4393 vel
1213 4340 1345 4394 cantant
1367 4329 1420 4393 vel
1443 4329 1580 4394 audiunt
1610 4325 1723 4394 contra
1751 4331 1848 4395 iuter·

199 4436 321 4502 dictum
337 4438 557 4503 Romanorum
572 4438 772 4525 pontificum,
797 4460 877 4524 qnos
901 4439 985 4502 iusta
1008 4436 1227 4523 precipientes
1251 4435 1362 4500 audire
1387 4435 1484 4500 debet
1507 4436 1669 4501 aecclesia
1692 4447 1848 4524 tanquam

198 4544 305 4629 ipsum
327 4542 460 4609 beatum
482 4546 625 4610 Petrum.
678 4545 790 4610 Tollite
813 4544 872 4608 bas
887 4559 1021 4632 portos:
1044 4554 1076 4607 et
1098 4565 1157 4607 vos
1181 4545 1359 4624 elevamini,
1376 4559 1491 4630 portae
1514 4546 1696 4624 aeterna-les,
1724 4544 1849 4608 scilicet

154 4673 182 4712 ιο
199 4651 317 4714 missae
341 4651 582 4735 catholicorum,
613 4653 648 4715 in
671 4650 788 4738 quibus
811 4661 927 4737 regnat
956 4649 1180 4736 principaliter
1203 4651 1402 4714 aeternitatis
1426 4649 1634 4732 desiderium,
1659 4652 1712 4714 cni
1735 4650 1847 4714 adiun-

199 4767 318 4842 guntur
340 4780 455 4844 preces
477 4758 601 4840 fideles,
626 4768 658 4822 et
679 4780 738 4844 pro
762 4767 848 4822 statu
870 4756 1094 4843 temporalium
1122 4756 1165 4820 ad
1187 4779 1281 4820 usum
1303 4755 1446 4820 fidelium
1469 4779 1528 4842 per
1551 4755 1632 4822 haec
1656 4756 1848 4844 temporalia

199 4862 400 4928 tendentium
423 4863 466 4929 ad
489 4875 631 4928 aeterna.

784 4989 842 5052 IN
859 4987 1090 5053 PSALMUM
1107 4986 1259 5051 XXIIII.

152 5210 179 5249 rs
304 5183 350 5249 Ut
365 5185 451 5249 enim
467 5207 539 5270 ego,
563 5171 702 5271 scriptor
724 5185 819 5249 huius
836 5184 953 5271 operis,
977 5183 1151 5270 respiciam
1175 5181 1217 5246 ad
1232 5204 1306 5247 mea
1322 5181 1485 5269 specialia,
1510 5205 1616 5247 nonne
1640 5182 1720 5246 mihi
1742 5181 1846 5268 gallus
1866 5209 1883 5249 r.
1891 5208 1930 5247 aa.

198 5289 282 5355 bene
308 5292 460 5373 cantavit,
486 5291 616 5378 quando
640 5291 843 5377 multiplicati
867 5301 942 5354 sunt
966 5292 1021 5378 qui
1047 5287 1204 5353 tribulant
1233 5311 1284 5354 me
1314 5299 1347 5378 et
1369 5290 1573 5375 insurgentes
1597 5288 1771 5354 adversum
1795 5311 1845 5352 me
1866 5315 1957 5364 raas

305 5489 332 5552 a)
354 5491 433 5543 laicis
450 5509 471 5543 ο.
543 5489 572 5554 b)
595 5493 672 5557 quasi
692 5491 809 5558 quedam
827 5497 905 5558 porte
924 5491 1015 5552 iterat,
1034 5489 1077 5540 scd
1090 5489 1194 5555 paractis
1211 5488 1259 5540 dcl.
1277 5507 1298 5540 c.

307 5671 336 5743 l)
363 5671 411 5745 C's.
435 5672 491 5731 Ios.
515 5673 590 5730 Bell.
615 5673 678 5730 Iud.
702 5673 734 5744 V,
759 5693 781 5730 c.
802 5673 829 5742 l,
853 5668 997 5749 §2sqq.,
1023 5669 1097 5747 opp.
1122 5673 1164 5728 ed.
1189 5671 1275 5729 Nisae
1297 5671 1344 5742 VI,
1364 5691 1397 5748 p.
1417 5671 1479 5728 435
1495 5692 1556 5748 sqq.

1581 5791 1632 5843 53*
