4426 6398
453 365 518 430 660
958 366 1193 424 TRACTATUS
1217 365 1507 424 EBORACENSES.
1541 366 1594 422 111.

288 568 486 632 caenaret
509 556 664 644 episcopi.
710 555 817 620 Huius
849 553 988 642 apostoli
1017 553 1108 620 fuere
1139 554 1312 641 columpne
1336 564 1369 619 et
1392 553 1589 619 sacerdotes.
1635 552 1675 616 In
1697 552 1760 618 hac
1784 549 2021 638 prothomartir
2043 549 2104 615 Ste-

453 664 580 751 phanus
604 661 852 728 archidiaconus
869 661 977 728 extitit
999 670 1033 726 et
1055 662 1136 726 socii
1160 662 1229 726 eius
1252 661 1393 742 diaconi,
1417 683 1498 748 quos
1522 683 1634 725 omnes
1657 659 1713 724 alii
1737 657 1929 724 sacerdotes
1954 667 1989 722 et
2011 657 2105 739 archi-

454 769 583 834 diaconi
612 778 645 833 et
674 768 805 833 diaconi
836 779 993 855 sequntur
1023 777 1055 832 et
1084 768 1244 848 martires,
1268 769 1346 855 quia
1369 767 1485 832 horum
1507 768 1608 850 vices,
1639 766 1757 849 locum,
1788 765 1889 830 fidem
1914 775 1948 828 et
1971 763 2107 828 officium

454 886 566 942 tenent
589 898 627 940 ac
650 897 710 962 per
732 874 794 939 hoc
818 876 881 962 ipsi
905 875 1002 940 totius
1027 874 1165 962 ecclesie
1188 875 1406 962 principatum
1437 872 1558 939 hahent
1588 883 1621 938 et
1649 875 1702 938 isti
1732 875 1849 938 merito
1880 871 1946 936 illis
1978 869 2107 956 obsequi

358 1008 435 1057 aas.
455 981 585 1047 debent.
624 981 743 1046 Adhuc
767 982 865 1046 etiam
888 981 1076 1046 addendum
1100 993 1159 1064 est,
1184 981 1272 1068 quod
1294 982 1367 1068 ipsa
1389 981 1495 1068 prima
1518 980 1659 1046 ccclesia
1681 989 1796 1045 sancta
1811 979 1906 1066 Syon
1922 983 2044 1042 ‘mater
2064 989 2134 1042 ests

327 1115 435 1164 reses.
456 1090 572 1176 capitis
602 1089 704 1154 nostri
727 1088 803 1152 Iesu
826 1086 957 1169 Christi,
988 1089 1073 1154 sicut
1101 1089 1136 1152 in
1159 1087 1284 1174 psalmo
1312 1088 1456 1152 canitur:
1487 1087 1593 1152 Mater
1616 1086 1701 1176 Syon
1732 1088 1816 1152 dicet
1844 1087 1936 1150 horno
1968 1099 1999 1150 et
2026 1085 2109 1149 homo

455 1211 548 1262 nana
570 1211 615 1262 est
636 1200 671 1262 in
694 1221 742 1276 ea,
765 1210 794 1260 et
816 1198 884 1282 ipse
900 1196 1061 1284 frinduvit
1082 1221 1150 1260 eam
1174 1197 1357 1260 aderimus.
1394 1193 1431 1260 Si
1447 1215 1525 1279 ergo
1541 1203 1656 1258 sancta
1672 1192 1762 1279 Syon
1785 1203 1892 1257 mater
1908 1201 1982 1256 est*
1998 1191 2108 1277 capitis

456 1313 489 1366 ct
513 1302 634 1366 domini
658 1301 802 1366 omniurn
826 1300 1048 1384 ecclesiarum,
1073 1324 1137 1388 que
1160 1301 1326 1366 temeritas
1350 1311 1408 1384 est,
1432 1310 1469 1365 ut
1491 1323 1605 1364 servus
1629 1299 1749 1365 audeat
1778 1321 1814 1364 se
1843 1299 1994 1386 proferre
2021 1299 2109 1362 matri

457 1409 580 1474 domini
603 1410 654 1473 sui
677 1418 710 1473 et
731 1407 925 1472 menbrumb
943 1407 1078 1473 extollat
1100 1429 1135 1472 se
1159 1429 1258 1494 super
1273 1417 1371 1494 caput
1386 1430 1490 1490 suum,
1515 1418 1550 1473 ut
1572 1416 1675 1472 matre
1697 1407 1801 1493 ipsius
1816 1405 1898 1470 velit
1922 1427 1997 1469 esse
2021 1427 2109 1490 snpe-

457 1518 534 1598 rins,
559 1516 713 1602 quoniam
736 1524 826 1580 tanta
849 1513 938 1601 apud
961 1536 1073 1578 omnes
1095 1513 1208 1578 fideles
1232 1513 1330 1579 debet
1353 1537 1424 1579 esse
1447 1513 1582 1579 Domini
1606 1523 1638 1578 et
1661 1513 1778 1600 capitis
1801 1513 1904 1578 nostri
1929 1511 2109 1575 reverentia
2125 1535 2146 1574 a

458 1633 490 1686 et
513 1621 732 1709 apostolorum
762 1620 1008 1686 honoriticentia
1039 1631 1072 1685 et
1101 1620 1190 1685 beati
1217 1620 1476 1707 prothomartiris
1500 1619 1658 1706 Stephani
1686 1619 1869 1684 sublimitas
1893 1629 1926 1684 et
1950 1618 2110 1708 primitive

459 1729 596 1816 ecclesie
620 1728 762 1814 dignitas
787 1739 820 1792 et
842 1737 954 1792 sancte
978 1728 1120 1792 civitatis
1136 1727 1248 1810 honor,
1267 1737 1303 1792 ut
1318 1727 1407 1792 nulla
1422 1749 1573 1814 persona,
1596 1725 1686 1791 nulla
1709 1726 1860 1808 ecclesia,
1884 1724 1977 1789 nulla
2000 1725 2110 1788 civitas

459 1857 493 1900 se
517 1836 564 1900 eis
587 1835 733 1924 preferre
758 1832 885 1918 debeat,
910 1856 992 1921 quos
1014 1835 1085 1900 iure
1110 1833 1231 1900 debent
1254 1834 1399 1898 imitari?
1435 1833 1519 1898 Nam
1535 1831 1692 1920 quicquid
1711 1833 1816 1897 omnis
1838 1853 1994 1918 persona,
2012 1833 2110 1896 omnis

448 1941 609 2024 ecclesia,
634 1941 737 2005 omnis
762 1941 877 2006 civitas
900 1939 1000 2006 habet
1023 1941 1204 2006 sanctitatis
1229 1953 1261 2005 et
1283 1941 1450 2026 religionis
1474 1950 1507 2004 et
1528 1940 1698 2026 potestatis
1722 1949 1756 2003 et
1770 1938 1906 2020 ordinis,
1930 1937 1995 2002 hoc
2017 1937 2112 2002 habet

459 2071 479 2112 a
495 2047 635 2130 Christe,
660 2046 701 2111 ab
718 2046 883 2134 apostolis,
907 2069 928 2112 a
950 2044 1046 2112 beato
1064 2046 1240 2134 Stephano,
1265 2047 1307 2112 ab
1330 2047 1386 2112 illa
1408 2047 1575 2133 primitiva
1598 2045 1747 2134 ecclesia,
1772 2069 1837 2132 que
1862 2067 1978 2109 omnes
2002 2055 2110 2130 gentes
2127 2067 2147 2105 a

459 2153 570 2220 docuit
593 2165 741 2218 sanctum
765 2153 989 2239 ewangelium,
1014 2153 1189 2220 salutarem
1209 2153 1401 2237 doctrinam,
1424 2154 1531 2240 legem
1546 2154 1612 2218 Dei
1636 2163 1668 2218 et
1689 2151 1828 2217 verbum
1843 2151 1993 2216 Domini.
2029 2150 2111 2232 Quia

324 2288 353 2327 n.
362 2287 382 2336 s,
390 2285 439 2326 ss.
459 2263 543 2326 sicut
565 2260 709 2348 predixit
730 2261 852 2324 Isaiae:
884 2261 933 2326 De
958 2261 1036 2326 Sion
1059 2264 1177 2326 exivit⁰
1203 2263 1254 2325 lex
1276 2277 1305 2326 et
1327 2263 1453 2328 verbum
1468 2263 1606 2326 Domini
1625 2261 1664 2326 de
1679 2261 1884 2326 Hierusalem
1909 2274 1938 2324 et
1963 2259 2113 2324 iudicarit

456 2384 560 2456 pentes
584 2383 612 2434 et
633 2371 741 2456 arguit
755 2369 896 2454 populos
918 2369 1038 2434 multos.
1088 2367 1177 2432 Sedd
1206 2367 1283 2432 licet
1312 2367 1372 2454 hec
1395 2389 1476 2432 vera
1499 2369 1573 2448 sint,
1597 2367 1745 2432 Romana
1772 2377 1885 2432 tamtm
1908 2364 2052 2431 ecclesia
2073 2363 2111 2428 ab

459 2474 654 2556 hominihus,
684 2497 749 2538 non
773 2497 793 2538 a
816 2473 946 2539 Christo
969 2473 1023 2538 vel
1045 2474 1200 2560 apostolis
1225 2475 1255 2538 ei
1279 2474 1406 2560 prelata
1428 2486 1487 2539 est.
1534 2474 1600 2555 Qui
1624 2474 1686 2538 etsi
1709 2474 1816 2538 sancti
1839 2482 1924 2556 sunt,
1951 2469 2112 2537 Christum

459 2593 568 2646 tamer
592 2581 716 2646 eteius
740 2580 903 2666 apostolos
927 2581 974 2644 eis
997 2580 1141 2666 preferre
1164 2579 1322 2646 debemus
1347 2582 1628 2646 etauctoritatem
1651 2603 1763 2646 eorum
1794 2580 1899 2666 magis
1923 2579 2029 2665 sequi,
2053 2601 2112 2666 quq
2129 2601 2148 2639 a

461 2699 510 2752 est
533 2687 678 2752 veritatis
702 2687 811 2751 lumen
835 2697 867 2752 at
890 2687 1112 2772 magisterium
1142 2697 1251 2778 nostre
1279 2687 1404 2752 salutis.
1451 2687 1537 2752 Nam
1560 2689 1645 2752 sicut
1667 2688 1766 2752 etiam
1788 2687 1854 2773 ipsi
1877 2687 1985 2750 sancti
2008 2696 2113 2772 patres

460 2803 628 2876 testantur,
645 2791 732 2880 quod
748 2793 896 2859 Romana
919 2792 1059 2858 ecclesia
1081 2793 1252 2880 prefertur,
1276 2793 1360 2859 hoc⁶
1384 2793 1421 2858 fit
1443 2803 1577 2881 propter
1598 2794 1777 2881 potentiam
1800 2793 1931 2879 imperii
1956 2801 1989 2857 et
2012 2791 2111 2878 digni·

460 2911 559 2966 tatem
583 2898 684 2982 urbis,
704 2911 740 2964 nt
755 2922 819 2988 que
835 2899 990 2964 videlicet
1012 2910 1082 2965 erat
1106 2912 1205 2988 caput
1228 2899 1315 2966 orbis
1339 2911 1372 2966 et
1394 2902 1547 2988 princeps
1572 2902 1700 2984 erroris,
1725 2910 1824 2987 caput
1847 2897 2003 2986 quoque‘
2025 2897 2113 2962 fieret

461 3008 638 3094 religionis.
684 3007 919 3072 Verumtamen
948 3007 1011 3072 hoc
1043 3007 1084 3072 ab
1107 3007 1294 3072 hominibus
1325 3009 1507 3073 institutum
1531 3017 1591 3090 est,
1622 3029 1687 3072 non
1713 3029 1733 3072 a
1756 3005 1889 3071 Christo
1912 3005 1976 3070 deo
2000 3004 2053 3069 vel
2074 3003 2114 3068 ab

461 3113 626 3200 apostolis.
661 3113 712 3179 Ac
735 3136 795 3200 per
817 3113 879 3179 hoc
902 3115 936 3178 in
959 3113 1021 3178 hac
1045 3115 1245 3180 institutione
1269 3137 1334 3180 non
1358 3116 1506 3180 consistit
1529 3135 1629 3180 cansa
1651 3123 1760 3202 nostre
1784 3112 1987 3178 salvationis.
2021 3110 2114 3176 Unde
2130 3131 2150 3170 a

462 3221 523 3286 etsi
553 3244 618 3285 non
645 3221 854 3308 preferretur,
884 3242 950 3284 non
979 3219 1173 3307 procederet
1202 3220 1279 3286 indo
1310 3244 1410 3287 causa
1439 3232 1548 3309 nosne
1578 3221 1779 3308 perditionis.
1828 3219 1963 3306 Siquis
1988 3220 2116 3304 ergoei

364 3351 442 3402 φιτ.
462 3352 497 3393 se
521 3327 661 3394 subdere
691 3350 757 3392 non
780 3327 859 3410 vult,
884 3327 964 3414 quid
988 3327 1136 3415 'dampni
1165 3339 1308 3392 meretur
1331 3351 1351 3394 a
1373 3329 1457 3410 Deo,
1482 3329 1574 3393 cuius
1605 3329 1638 3392 in
1666 3327 1728 3392 hoc
1758 3326 1957 3392 ordinationi
1988 3326 2115 3390 minime

463 3434 609 3500 resistit?

570 3541 637 3607 Sed
667 3540 756 3628 quod
789 3541 961 3627 prefertur,
991 3540 1176 3624 rideamus,
1207 3553 1314 3608 utrum
1349 3543 1391 3606 sit
1425 3541 1504 3606 ordo
1540 3541 1703 3626 legitimus
1738 3563 1780 3604 an
1809 3541 1991 3628 usurpatio,
2022 3562 2116 3627 quam

464 3649 642 3714 necessitas
673 3647 839 3734 compellit
867 3647 947 3712 fieri.
995 3648 1062 3713 Sed
1084 3671 1149 3714 non
1173 3660 1223 3713 est
1250 3648 1329 3714 ordo
1351 3648 1526 3734 legitimus,
1550 3649 1628 3735 quia
1651 3647 1713 3712 hoc
1735 3646 1809 3733 lege
1833 3669 1894 3711 sua
1918 3647 2117 3712 decrevisset
2132 3664 2153 3704 a

464 3755 611 3820 Christus
636 3764 668 3820 et
692 3765 824 3820 senatus
848 3753 1030 3820 ordinasset
1053 3754 1262 3842 apostolicus.
1297 3755 1358 3824 Est
1381 3777 1458 3840 argo
1474 3755 1642 3842 usurpatio
1650 3766 1676 3836 ⁸,
1700 3776 1799 3841 quam
1821 3755 2027 3820 necessitas⁸
2048 3753 2117 3817 fieri

464 3861 628 3947 compulit.
674 3859 862 3948 Antequam
885 3862 971 3926 enim
995 3860 1117 3926 diaboli
1146 3863 1302 3927 instinctu
1331 3861 1439 3927 studia
1467 3863 1501 3927 in
1524 3861 1681 3948 religione
1711 3860 1828 3926 fierent
1849 3871 1883 3925 et
1907 3860 2057 3926 dicerent
2085 3862 2117 3924 in

302 3989 443 4040 1.cor.1‚1s.
464 3967 608 4054 populis:
634 3968 705 4055 Epo
727 3994 796 4033 sora
819 3968 928 4050 Pauli,
952 3993 1005 4056 epo
1028 3969 1157 4056 Apollo,
1181 3993 1235 4056 epo
1258 3983 1359 4034 auara
1379 3969 1492 4056 Cepha,
1516 3969 1679 4034 communi
1701 3966 1959 4054 presbiterorum
1983 3966 2116 4032 consilio

464 4073 601 4162 ecclesiq
632 4072 909 4160 gubernabantur.
955 4075 1134 4161 Postquam
1156 4096 1236 4139 vero
1258 4076 1481 4162 unusquisque
1506 4097 1572 4157 eos,
1601 4097 1682 4161 quos
1712 4073 1951 4161 baptizaverat,
1982 4071 2118 4160 putabat

464 4201 549 4262 suos,
573 4201 639 4244 non
655 4178 786 4262 Christi,
810 4182 844 4246 in
860 4192 927 4246 toto
952 4179 1030 4246 orbe
1054 4180 1223 4246 decretum
1246 4192 1304 4264 est,
1329 4191 1364 4246 nt
1386 4205 1469 4246 unus
1493 4181 1534 4246 de
1557 4181 1747 4269 presbiteris
1771 4180 1895 4246 electus
1919 4203 2117 4267 superpone·
2132 4195 2155 4238 ιδ

463 4296 552 4351 retur
575 4287 703 4372 ceteris,
727 4287 770 4350 ad
789 4309 885 4373 quem
909 4288 1013 4352 omnis
1037 4309 1116 4352 cura
1139 4287 1278 4353 ecclesie
1301 4289 1480 4375 pertineret
1502 4298 1535 4353 et
1558 4289 1743 4352 scismatum
1768 4289 1895 4352 semina
1916 4286 2116 4352 tollerentur.

465 4393 627 4458 Scismata
648 4393 760 4480 itaque
784 4415 883 4458 causa
906 4404 990 4477 sunt,
1014 4393 1103 4481 quod
1125 4395 1291 4460 Romanus
1314 4395 1463 4482 pontifex
1486 4395 1612 4461 cunctis
1635 4394 1778 4482 prelatus
1794 4405 1853 4459 est.
1890 4393 1927 4460 Si
1951 4416 2030 4480 ergo
2054 4415 2118 4458 non

398 4527 400 4530 ·
465 4510 540 4565 sunt
561 4500 595 4564 in
618 4498 713 4564 nobis
736 4501 899 4583 scismata,
922 4523 988 4564 non
1012 4510 1070 4582 est,
1095 4500 1183 4587 quod
1205 4500 1300 4566 nobis
1323 4502 1432 4566 faciat.
1467 4499 1522 4566 Ad
1544 4501 1606 4566 hoc
1630 4502 1716 4565 enim
1740 4510 1865 4566 tantum
1888 4500 2036 4587 prelatus
2058 4509 2116 4583 est,

464 4617 500 4670 ut
523 4607 677 4672 scismata
699 4605 800 4672 tollat.
837 4606 904 4672 Sed
925 4608 1034 4690 timeo,
1058 4629 1099 4672 ne
1124 4609 1178 4673 et¹¹
1201 4609 1273 4694 ipse
1297 4609 1416 4673 scisma
1439 4607 1540 4672 saciat
1561 4609 1596 4672 in
1612 4607 1761 4672 ecclesia.
1796 4606 1886 4671 Dum
1902 4608 1991 4671 enim
2014 4606 2116 4672 eccle·

465 4713 557 4794 siam,
582 4736 645 4802 quq
668 4736 734 4779 una
758 4723 816 4796 est,
841 4713 967 4796 dividit,
992 4724 1090 4778 etex
1105 4737 1171 4778 uns
1187 4713 1268 4780 duas
1284 4715 1373 4796 facit,
1398 4715 1496 4796 aliam
1518 4715 1720 4801 superiorem
1743 4723 1776 4778 et
1797 4711 1896 4778 aliam
1919 4713 2117 4795 inferiorern,
2133 4731 2159 4770 so

287 4842 445 4891 cremeas.
466 4820 543 4905 quia
558 4821 715 4884 unitatem
732 4820 870 4906 ecclesie
886 4819 1012 4902 dividit,
1038 4821 1172 4884 scisms¹
1191 4822 1303 4908 utique
1320 4821 1408 4886 facit.
1437 4821 1513 4886 Una
1531 4823 1618 4885 enim
1639 4831 1688 4885 est
1707 4819 1857 4900 ecclesia,
1873 4842 1940 4884 una
1956 4818 2118 4902 columba,

465 4949 531 4990 nnn
547 4924 668 4991 Christi
686 4949 815 5012 sponsa.
851 4927 936 4992 Nam
953 4928 980 4991 si
996 4926 1058 5016 due
1075 4937 1184 4992 essent
1204 4950 1332 5016 sponse,
1357 4927 1511 4993 alterutra
1527 4949 1639 4992 earum
1655 4937 1741 4992 esset
1755 4925 1915 4992 adultera.
1950 4926 2039 4992 Etsi
2055 4947 2120 4990 non

467 5044 554 5097 esset
576 5031 732 5114 adultera,
754 5043 841 5097 esset
862 5043 972 5098 tamen
992 5035 1098 5098 minus
1115 5044 1233 5099 amata.
1268 5035 1353 5099 Nam
1375 5036 1403 5099 si
1427 5033 1586 5123 equaliter
1602 5043 1788 5098 amarentur
1803 5056 1823 5098 a
1839 5031 1980 5115 Christo,
2004 5043 2121 5097 neutra

466 5138 558 5203 alteri
575 5149 661 5204 esset
674 5139 799 5228 prelata
816 5137 951 5226 abipso.
983 5138 1050 5205 Sed
1065 5151 1098 5205 et
1112 5141 1159 5205 illi
1175 5143 1326 5205 iniuriam
1340 5141 1474 5222 faceret,
1487 5143 1544 5227 qni
1560 5140 1695 5206 alteram
1710 5139 1803 5205 alteri
1816 5139 1990 5204 subiceret.
2022 5137 2121 5219 Quod

467 5246 494 5309 si
510 5268 576 5309 una
591 5256 640 5310 est
663 5268 791 5333 sponsa,
816 5267 878 5311 nec
899 5245 1003 5310 dividi
1025 5257 1131 5334 potest
1152 5269 1215 5312 nec
1239 5247 1301 5312 sihi
1325 5247 1430 5312 subici
1453 5248 1506 5312 vel
1529 5247 1677 5334 preferri.
1711 5246 1796 5312 Nam
1813 5247 1841 5310 si
1857 5245 2073 5328 divideretur,
2089 5256 2122 5309 et
2138 5265 2164 5303 u

290 5375 446 5426 securare
467 5351 678 5417 desolaretur.
716 5351 752 5416 Si
776 5354 861 5416 enim
886 5377 974 5418 mnne
995 5378 1124 5441 regnum
1148 5358 1183 5419 ia
1205 5379 1237 5420 se
1260 5358 1365 5442 speum
1389 5355 1526 5421 divisum
1552 5355 1754 5436 desohrbitar,
1779 5363 1811 5418 et
1832 5375 1969 5438 regnum
1987 5351 2120 5434 Christi,

573 5549 601 5614 a)
622 5569 742 5618 eaperecr.
760 5571 781 5604 c.
861 5549 890 5614 b)
910 5553 945 5604 sic
962 5570 984 5604 e.
1056 5551 1083 5616 c)
1104 5555 1191 5604 exibit
1208 5571 1271 5606 corr.
1291 5556 1377 5605 exivit
1394 5571 1415 5605 c.
1495 5551 1523 5616 d)
1546 5555 1600 5606 Sed
1620 5581 1653 5589 -
1674 5559 1715 5606 est
1736 5555 1753 5605 l.
1768 5556 1809 5604 19.
1829 5555 1896 5604 linea
1913 5553 1994 5603 nahra
2010 5553 2121 5619 micipsa.

467 5637 493 5704 e)
513 5641 613 5691 hoe-
626 5642 702 5692 urhis
721 5642 787 5693 linea
803 5642 883 5693 roim
899 5642 1008 5709 adripe
1079 5640 1101 5704 f)
1122 5659 1244 5710 quosque
1263 5661 1284 5694 c.
1356 5641 1385 5709 g)
1406 5644 1474 5695 linea
1491 5643 1599 5709 sudrim
1671 5641 1700 5706 h)
1722 5649 1751 5694 et
1769 5669 1803 5678 —
1822 5643 1907 5693 iaciat
1925 5642 1994 5693 linea
2011 5641 2122 5708 arbdpn.

466 5726 486 5791 i)
508 5745 546 5778 sc.
559 5736 598 5780 ut.
618 5729 685 5779 linea
702 5731 809 5797 adripis.
