4396 6390
466 319 530 382 494
757 325 937 382 GERHOHI
960 322 1193 380 PRAEPOSITI
1215 321 1625 379 REICHERSBERGENSIS
1649 323 1816 378 LIBELLI.

328 538 377 580 aet
384 537 404 587 a,
413 538 445 580 11,
463 537 603 578 sermone
626 515 695 592 isto,
720 514 869 598 quereiam
886 512 1001 576 donam
1018 512 1085 576 Dei
1105 513 1442 598 aarbtr'nraatipecuuia
1455 511 1625 597 possideri.
1673 509 1771 574 Item:
1798 509 1942 574 Pecunia
1958 523 2111 575 tautecurt

463 623 506 684 sit
527 622 562 684 ia
578 619 802 706 perditionem.
843 617 930 698 Quia
953 640 1030 702 ergo
1054 616 1146 682 multi
1169 618 1315 702 vestigiis
1340 617 1428 681 Petri
1452 615 1589 702 apostoli
1614 615 1775 680 derelictis
1792 616 1937 700 vestigia
1961 625 2113 680 sectamur

464 736 497 789 et
512 723 664 811 exempla
680 723 832 812 Symonis
849 725 1066 810 negociatoris
1086 725 1121 788 111
1138 747 1230 788 sacro
1248 723 1435 804 ministerio,
1459 722 1665 787 intendentes
1681 721 1831 809 turpibus
1847 721 1960 803 lucris,
1978 720 2114 786 homines

463 831 669 918 turpissimae
686 831 953 914 conversationis,
977 831 1061 895 iuste
1078 829 1306 895 conventicula
1324 829 1432 894 taliter
1448 829 1698 894 sacrificantium
1718 829 1872 894 dicuntur
1892 827 2114 915 poliandrum,

463 938 497 1003 id
521 949 571 1002 est
593 937 735 1002 tumulus
760 947 968 1020 mortuorum,
994 939 1071 1024 quia
1095 936 1310 1002 comeduntur
1331 936 1397 1001 illic
1422 936 1583 1002 sacrificia
1606 947 1815 1001 mortuorum.
2131 961 2143 1000 1

570 1045 623 1108 De
640 1043 824 1109 huiusmodi
848 1045 1016 1108 sacrificiis
1040 1046 1073 1108 in
1090 1043 1226 1108 solemni
1242 1043 1424 1108 dominicae
1440 1045 1600 1130 passionis
1618 1042 1848 1126 celebratione,
1874 1066 1951 1107 cum
1968 1064 2072 1106 essem
2086 1044 2118 1104 in

464 1153 554 1217 curia
575 1151 685 1216 domni
701 1173 796 1237 pape,
814 1150 910 1238 quale
934 1151 1154 1215 testimonium
1176 1151 1210 1215 in
1230 1151 1421 1214 consistorio
1444 1147 1576 1237 publico
1601 1149 1749 1231 dixerim,
1773 1149 1883 1237 placet
1906 1149 1962 1213 hic
1987 1147 2118 1212 subnec-

463 1270 542 1340 tere,
567 1281 608 1324 ne
633 1259 704 1345 quis
721 1269 812 1344 putet
829 1255 966 1322 verbum
985 1269 1130 1322 nostrum
1150 1255 1351 1322 solummodo
1370 1257 1403 1320 in
1424 1255 1574 1322 cubiculo
1599 1267 1631 1320 ct
1649 1257 1683 1320 in
1699 1279 1812 1320 aurem
1830 1257 1980 1321 sonuisse
2005 1277 2120 1319 acuon

366 1391 444 1432 uua.
463 1366 497 1430 in
513 1366 617 1447 tectiS,
643 1387 716 1429 cum
734 1365 811 1428 satis
829 1364 916 1429 clare
936 1363 1082 1428 auditum
1106 1363 1253 1428 fueritin
1271 1365 1361 1428 curia
1377 1364 1524 1428 Romana
1541 1365 1727 1428 ‘occasione
1744 1363 1887 1450 quadam
1911 1361 2014 1427 michi
2031 1385 2119 1448 opor·

463 1482 563 1536 tune·
576 1470 695 1536 oblata.
718 1471 863 1536 Reverso
877 1473 963 1535 enim
978 1471 1020 1535 ad
1037 1470 1148 1536 sedem
1164 1470 1385 1558 apostolicam,
1403 1470 1534 1557 expleta
1550 1469 1712 1557 legatione
1732 1493 1800 1552 sua,
1814 1470 1946 1535 domino
1964 1468 2119 1533 cardinali
2136 1497 2194 1541 12

464 1579 646 1644 Octaviano
658 1582 678 1661 ¹,
699 1601 772 1642 cum
793 1576 942 1642 dominus
965 1599 1053 1664 papa
1068 1577 1236 1663 Eugenius
1253 1578 1400 1663 exigeret
1424 1601 1510 1642 ame
1526 1579 1746 1642 narrationem
1769 1600 1881 1641 eorum
1899 1599 1964 1662 quc
1983 1598 2119 1662 11161116-

463 1695 554 1750 sente
585 1695 658 1750 acta
682 1684 734 1748 vel
765 1684 851 1748 dicta
882 1694 956 1748 sunt
987 1683 1029 1748 ab
1060 1683 1175 1748 eodem
1206 1684 1313 1770 legato
1344 1685 1472 1748 surrexi
1502 1683 1555 1748 die
1586 1683 1727 1770 quadam
1757 1685 1924 1770 petitaque
1957 1682 2120 1748 audientia

463 1815 578 1857 vocem
602 1791 746 1856 exaltavi
769 1793 803 1855 in
827 1791 888 1856 hec
905 1790 1006 1855 verba
1022 1790 1075 1854 vel
1097 1813 1163 1855 non
1186 1791 1320 1856 multiun
1344 1791 1394 1854 his
1419 1789 1604 1854 dissimilia:
1630 1790 1767 1855 ‘Placuit
1790 1791 1957 1854 sanctitati
1982 1800 2119 1870 vestrae,

463 1908 556 1985 pater
580 1908 611 1962 et
636 1897 776 1980 domine,
801 1921 820 1962 a
843 1898 1004 1985 parvitate
1021 1920 1094 1962 mea
1110 1899 1285 1984 requirere,
1303 1896 1465 1984 quomodo
1481 1896 1608 1982 legatus
1624 1909 1734 1962 vester
1749 1896 1899 1962 dominus
1917 1897 2118 1962 Octavianus

462 2005 602 2091 negocia
632 2005 886 2086 aecclesiastica,
911 2004 1029 2091 quibus
1053 2026 1115 2090 ego
1138 2027 1273 2092 presens
1304 2003 1445 2086 interfui,
1476 2005 1674 2068 tractaverit.
1721 2004 1764 2068 Et
1788 2027 1849 2090 ego
1874 2004 1915 2069 dc
1939 2003 1992 2068 his
2022 2003 2119 2068 multa
2136 2033 2194 2073 :z

464 2112 573 2176 dicere
604 2134 743 2198 possem,
775 2113 802 2175 si
830 2110 967 2176 verbum
997 2111 1089 2176 fieret
1120 2113 1191 2197 ipso
1221 2111 1386 2175 nesciente
1415 2110 1467 2174 vel
1497 2109 1642 2175 absente.
1688 2111 1793 2176 Pareo
1824 2121 1944 2194 autem,
1976 2133 2018 2174 ne
2050 2112 2118 2196 quis

464 2220 628 2284 existimet
652 2241 750 2305 supra
773 2217 808 2282 id
831 2217 919 2305 quod
941 2216 1040 2283 habet
1062 2219 1184 2282 veritas
1207 2241 1259 2282 me
1282 2217 1371 2304 loqui
1399 2227 1532 2303 propter
1555 2219 1624 2282 eius
1648 2219 1855 2304 presentiam,
1880 2240 1966 2282 neve
1991 2229 2047 2281 aut
2069 2240 2118 2281 me

463 2325 649 2412 loquentem
673 2324 816 2389 adulatio
840 2335 939 2405 notet,
964 2337 1020 2389 aut
1043 2326 1149 2411 ipsum
1173 2325 1357 2390 audientem
1383 2324 1479 2388 elatio
1503 2335 1648 2411 temptet,
1680 2325 1707 2388 si
1730 2347 1798 2389 rem
1822 2347 2013 2406 narravero,
2038 2325 2118 2388 sicut

464 2455 498 2496 se
523 2431 630 2514 habet,
655 2433 747 2496 cuius
771 2432 856 2495 actio
880 2432 925 2496 ita
949 2432 1120 2517 magnifice
1144 2432 1250 2517 gratia
1274 2430 1339 2495 Dei
1362 2431 1493 2496 favente
1518 2432 1685 2516 processit,
1710 2443 1746 2495 ut
1769 2432 1865 2495 etiam
1890 2431 2024 2496 domino
2051 2432 2118 2517 regi

464 2537 640 2603 Chbnrado
665 2561 723 2624 pro
747 2538 863 2624 grandi
887 2538 1043 2602 miraculo
1067 2538 1174 2602 fuerit.
1210 2537 1305 2602 Unde
1330 2549 1362 2602 et
1386 2536 1516 2602 dicebat
1540 2559 1574 2602 se
1598 2560 1663 2602 non
1680 2537 1859 2602 credidisse
1884 2536 1975 2625 quod
1999 2537 2118 2602 factum
2134 2563 2194 2601 :¹

464 2655 534 2710 erat
556 2643 710 2732 possibile
734 2645 844 2726 fuisse,
870 2645 996 2709 etiamsi
1019 2644 1104 2708 filius
1128 2645 1231 2731 ipsius
1255 2646 1324 2732 ipso
1349 2647 1424 2710 totis
1446 2643 1570 2709 viribus
1594 2646 1725 2710 iuvante
1750 2647 1783 2708 in
1807 2645 1916 2710 officio
1940 2644 2119 2731 episcopali

465 2762 551 2816 esset
574 2761 665 2815 actor
688 2752 824 2815 actionis
849 2751 953 2815 huius.
989 2750 1093 2815 Multa
1116 2753 1225 2838 itaque
1250 2751 1376 2816 silentio
1392 2753 1572 2838 preteriens
1589 2752 1744 2838 precipua
1769 2763 1801 2816 et
1825 2753 1909 2816 scitu
1932 2753 2119 2815 necessaria

463 2857 539 2922 huic
563 2867 695 2922 sanctae
720 2859 830 2922 curiae
855 2857 976 2922 curabo
1000 2881 1143 2922 narrare.
1191 2857 1274 2922 Cum
1301 2859 1532 2923 accederemus
1562 2858 1604 2923 ad
1628 2859 1792 2924 civitatem
1815 2858 2035 2944 Augustams,
2059 2859 2118 2922 viri

464 2964 608 3050 religiosi
632 2976 663 3029 et
685 2964 817 3029 litterati
841 2987 892 3028 me
915 2966 1055 3029 maiores
1080 2977 1112 3029 et
1135 2966 1348 3052 sapientiores
1371 2977 1463 3029 erant
1486 2965 1690 3030 incomitata
1709 2966 1789 3046 eius,
1814 2988 1888 3029 cum
1905 2963 2026 3051 quibus
2050 2967 2118 3051 ipsc

463 3070 589 3157 legatus
606 3073 827 3158 pertractavit,
845 3071 924 3158 quid
939 3072 993 3136 vel
1009 3071 1148 3159 qualiter
1171 3071 1333 3157 agendum
1353 3071 1445 3152 foret,
1471 3073 1613 3136 maxime
1638 3083 1750 3136 contra
1773 3073 1912 3136 crimina
1934 3073 2116 3154 manifesta,
2139 3097 2194 3136 τε

464 3176 582 3264 quibus
605 3177 775 3242 multitudo
800 3179 944 3243 involuta
966 3177 1089 3244 nullum
1114 3201 1172 3242 seu
1194 3179 1252 3242 vix
1275 3177 1376 3242 ullum
1400 3177 1539 3243 admittit
1562 3190 1795 3243 accusatorem.
1842 3177 1988 3243 Dicebat
2013 3189 2117 3243 autem

464 3285 533 3348 sine
558 3286 766 3349 accusatione
790 3307 829 3349 ac
852 3285 1077 3350 testificatione
1101 3286 1259 3350 canonica
1281 3306 1348 3348 non
1363 3306 1434 3348 esse
1451 3284 1568 3349 iudicis
1584 3284 1725 3371 aliquem
1742 3285 1932 3372 dampnare,
1949 3283 2007 3349 ubi
2025 3285 2118 3372 culpa

464 3401 602 3476 negatur
625 3414 812 3478 quanquam
836 3393 1014 3456 certissime
1038 3415 1057 3456 a
1080 3391 1198 3474 multis,
1223 3393 1320 3455 etiam
1348 3389 1390 3455 ab
1417 3392 1488 3478 ipso
1519 3392 1626 3456 iudice
1657 3403 1862 3478 agnoscatur.
1910 3392 2006 3456 Tunc
2037 3415 2117 3456 unus

319 3519 576 3576 a2.1a‚1o.eorum
607 3500 663 3585 qui
693 3498 829 3563 aderant
857 3500 942 3562 inter
966 3509 1075 3562 cetera
1101 3499 1148 3562 sic
1172 3499 1233 3562 ait:
1266 3498 1381 3562 “Bene
1413 3499 1621 3584 conqueritur
1644 3499 1805 3563 Dominus
1835 3521 1895 3585 per
1925 3498 2115 3586 prophetam

463 3604 504 3670 de
528 3604 588 3686 his,
614 3606 669 3691 qui
692 3604 808 3669 liniunt
831 3604 953 3668 luteum
976 3606 1144 3691 parietem,
1168 3605 1246 3692 quia
1269 3604 1361 3669 multi
1385 3605 1431 3668 sic
1456 3604 1589 3690 planant
1612 3606 1826 3691 pessimorum
1850 3616 1984 3670 actuum
2009 3629 2115 3692 super·
2130 3630 2150 3669 a

463 3711 580 3793 ficiem,
604 3721 640 3776 ut
663 3713 761 3776 etiam
787 3711 979 3798 turpitudini
1010 3711 1211 3776 honestatem
1236 3723 1268 3776 et
1292 3710 1475 3776 crudelitati
1506 3710 1671 3776 ascribant
1701 3712 1866 3798 pietatem.
1914 3711 2038 3777 Contra
2061 3712 2114 3776 hos

463 3817 607 3882 linitores
637 3819 770 3904 parietis
800 3817 842 3883 ab
872 3820 944 3904 ipso
968 3818 1109 3883 Domino
1133 3819 1279 3905 queritur
1309 3818 1423 3882 saltem
1447 3841 1540 3898 unus,
1565 3820 1620 3904 qui
1648 3818 1750 3883 fodiat
1777 3820 1935 3904 parietem
1959 3819 2113 3884 dicendo:

354 3952 384 3992 11.
393 3953 413 4002 1,
422 3953 443 3993 a.
464 3925 538 3990 Fili
551 3927 697 4006 domabas,
714 3926 799 4012 fode
811 3929 974 4012 parietem.
1011 3925 1054 3988 Et
1070 3936 1115 4007 tu,
1140 3924 1269 3990 domine
1286 3924 1470 4005 cardinalis,
1495 3924 1570 3989 fode
1587 3926 1755 4012 parietem,
1776 3927 1875 3989 etiam
1897 3927 1967 3990 sine
1985 3948 2114 3991 accusa·

461 4030 603 4095 tionibus
621 4030 793 4117 diligenter
808 4033 1009 4116 investigans
1025 4032 1072 4095 rei
1088 4033 1258 4096 veritatem
1275 4031 1437 4119 superbis
1454 4054 1538 4118 quae
1554 4032 1684 4112 audisti,
1698 4055 1740 4096 ex
1757 4055 1820 4118 quo
1837 4043 1958 4096 terram
1974 4044 2114 4098 nostram

462 4139 610 4202 introisti.
646 4137 797 4203 Forsitan
821 4137 967 4224 perfosso
992 4139 1115 4224 pariete
1139 4137 1268 4202 videbis
1291 4137 1548 4202 abominationes
1571 4139 1711 4202 maiores
1736 4138 1785 4202 his
1810 4161 1890 4225 quas
1915 4139 2072 4204 audisti''.
2130 4162 2150 4201 a

371 4271 400 4312 u.
409 4273 442 4313 11.
570 4243 624 4310 Sic
660 4245 782 4309 dictum
818 4254 849 4308 et
884 4245 931 4308 sic
962 4244 1102 4309 *factum
1137 4255 1195 4308 est.
1251 4244 1335 4309 Nam
1364 4267 1438 4309 cum
1473 4246 1696 4309 introissemus
1728 4246 1892 4311 civitatem
1922 4246 2113 4333 Augustam,

462 4351 626 4415 assidente
649 4353 712 4438 ipsi
736 4352 867 4416 domino
892 4350 1049 4416 cardinali
1074 4361 1206 4415 caterva
1235 4351 1370 4415 fratrum
1400 4351 1635 4436 religiosorum,
1661 4374 1795 4438 quorum
1821 4352 1971 4417 dominus
1995 4352 2114 4417 Frisin-

462 4459 594 4544 gensis³
617 4459 789 4544 episcopus
821 4467 891 4523 erat
920 4459 1106 4544 precipuus,
1137 4459 1182 4521 ita
1210 4457 1292 4522 fodit
1322 4459 1489 4544 parictem,
1513 4469 1549 4522 ut
1572 4458 1680 4523 multis
1704 4459 1786 4524 ultro
1810 4459 2040 4525 confitentibus
2070 4461 2114 4524 in-

330 4592 442 4642 casto.
461 4565 589 4628 veniret
612 4563 891 4629 abhominationes
915 4565 1032 4628 multas
1057 4577 1098 4645 et,
1123 4565 1207 4628 sicut
1226 4565 1447 4649 scriptumest
1469 4565 1503 4628 in
1526 4565 1695 4651 propbeta,
1719 4566 1874 4630 universa
1896 4566 1985 4631 idola
2002 4566 2115 4631 domus

461 4670 564 4735 lsrael
588 4670 739 4736 viderent
761 4673 794 4735 in
810 4673 935 4758 pariete
952 4671 1093 4756 depicta.
1139 4671 1239 4735 Novit
1262 4670 1422 4755 sapientia
1444 4672 1537 4735 istius
1561 4673 1681 4752 curiae,
1707 4695 1805 4759 quam
1828 4673 1930 4737 multa
1951 4673 2116 4737 invenitur
2132 4696 2155 4734 a

462 4777 647 4842 differentia
669 4779 755 4842 inter
777 4777 865 4842 idola
883 4777 997 4842 domus
1013 4776 1116 4841 Israel
1140 4787 1173 4841 et
1194 4777 1281 4841 idola
1303 4777 1458 4862 gentium.
1493 4777 1578 4842 Nam
1601 4778 1690 4844 idola
1712 4780 1857 4865 gentium
1880 4780 1987 4866 prima
2011 4780 2114 4844 fronte

462 4884 636 4950 ostendunt
664 4884 718 4949 vel
750 4883 983 4964 crudelitatem,
1008 4892 1043 4946 ut
1065 4882 1187 4947 idolum
1210 4881 1324 4947 Martis
1348 4894 1381 4948 et
1403 4883 1565 4968 Herculis,
1589 4885 1643 4949 vel
1666 4885 1908 4972 turpitudinem,
1933 4898 1969 4951 ut
1992 4886 2115 4952 idolum

462 4991 599 5056 Veneris
631 5002 664 5056 et
692 4991 836 5054 Iunonis.
883 4988 975 5053 Idola
1005 5011 1083 5054 vero
1115 4989 1228 5053 domus
1251 4989 1353 5054 lsrael
1384 4991 1527 5077 speciem
1557 4993 1686 5078 pietatis
1717 4991 1872 5056 habentia
1894 4993 2113 5080 virtutemque

283 5125 442 5176 naturam.
461 5098 562 5183 ipsius
593 5097 791 5183 abnegantia
820 5095 898 5161 talia
921 5107 1004 5178 sunt,
1029 5106 1064 5160 ut
1087 5119 1146 5182 per
1168 5096 1228 5161 bec
1258 5097 1291 5160 in
1315 5119 1457 5161 errorem
1488 5097 1692 5180 inducantur,
1724 5099 1750 5162 si
1780 5099 1850 5162 fieri
1873 5109 1990 5186 potest,
2016 5101 2113 5166 etiam

462 5203 566 5269 electi.
602 5204 695 5269 Haec
718 5201 949 5289 proculdubio
973 5212 1049 5266 sunt
1064 5202 1172 5266 officia
1195 5203 1410 5267 sacerdotalia
1433 5205 1496 5267 ritu
1513 5202 1645 5290 quidem
1668 5203 1911 5270 aecclesiastico
1937 5205 2112 5290 celebrata,
2130 5229 2155 5269 a

461 5310 519 5375 sed
548 5309 590 5374 ab
620 5310 801 5375 aecclesiae
825 5309 991 5374 Romanae
1021 5308 1229 5396 pontificibus
1260 5308 1445 5374 terribiliter
1473 5309 1657 5393 interdicta,
1682 5309 1739 5375 ubi
1763 5312 1864 5376 scitur
1890 5312 2114 5378 indubitanter

566 5509 593 5572 a)
614 5517 749 5577 opurtune
768 5528 789 5562 c.

569 5672 817 5746 1)A.1151,·cs.
833 5672 1034 5750 OttoFrisiap.
1050 5671 1677 5752 (16116Ρνίάεν.1,ο.63,88.ΧΧ,11.389.
1741 5675 1928 5747 2)A.1151.
1994 5676 2110 5752 3)0u0.
