<?xml version="1.0" encoding="UTF-8"?>
<!DOCTYPE html PUBLIC "-//W3C//DTD XHTML 1.0 Transitional//EN"
    "http://www.w3.org/TR/xhtml1/DTD/xhtml1-transitional.dtd">
<html xmlns="http://www.w3.org/1999/xhtml" xml:lang="en" lang="en">
 <head>
  <title>
</title>
<meta http-equiv="Content-Type" content="text/html;charset=utf-8" />
  <meta name='ocr-system' content='tesseract 3.04.00' />
  <meta name='ocr-capabilities' content='ocr_page ocr_carea ocr_par ocr_line ocrx_word'/>
</head>
<body>
  <div class='ocr_page' id='page_1' title='image "./monumentagerman00unkngoog_0267.png"; bbox 0 0 4410 6406; ppageno 0'>
   <div class='ocr_carea' id='block_1_1' title="bbox 451 352 1796 432">
    <p class='ocr_par' dir='ltr' id='par_1_1' title="bbox 451 352 1796 432">
     <span class='ocr_line' id='line_1_1' title="bbox 451 352 1796 432; baseline -0.003 -18"><span class='ocrx_word' id='word_1_1' title='bbox 451 352 516 416; x_wconf 83' lang='grc'><strong>258</strong></span> <span class='ocrx_word' id='word_1_2' title='bbox 743 357 922 415; x_wconf 82' lang='lat' dir='ltr'><strong>GERHOHI</strong></span> <span class='ocrx_word' id='word_1_3' title='bbox 944 357 1179 432; x_wconf 80' lang='lat' dir='ltr'>PRAEPOSITI</span> <span class='ocrx_word' id='word_1_4' title='bbox 1200 355 1608 413; x_wconf 82' lang='lat' dir='ltr'>REICHERSBERGENSIS</span> <span class='ocrx_word' id='word_1_5' title='bbox 1631 355 1796 411; x_wconf 84' lang='lat' dir='ltr'>LIBELLI.</span> 
     </span>
    </p>
   </div>
   <div class='ocr_carea' id='block_1_2' title="bbox 278 541 2149 5218">
    <p class='ocr_par' dir='ltr' id='par_1_2' title="bbox 451 541 2146 2234">
     <span class='ocr_line' id='line_1_2' title="bbox 546 541 2097 628; baseline -0.003 -18"><span class='ocrx_word' id='word_1_6' title='bbox 546 546 628 610; x_wconf 87' lang='lat' dir='ltr'><strong>&#39;Iam</strong></span> <span class='ocrx_word' id='word_1_7' title='bbox 652 545 692 610; x_wconf 91' lang='lat' dir='ltr'><strong>de</strong></span> <span class='ocrx_word' id='word_1_8' title='bbox 717 546 929 609; x_wconf 77' lang='lat' dir='ltr'><strong>sacramentis</strong></span> <span class='ocrx_word' id='word_1_9' title='bbox 953 555 1047 610; x_wconf 88' lang='lat' dir='ltr'><strong>extra</strong></span> <span class='ocrx_word' id='word_1_10' title='bbox 1069 544 1242 610; x_wconf 87' lang='lat' dir='ltr'><strong>ecclesiam</strong></span> <span class='ocrx_word' id='word_1_11' title='bbox 1273 545 1337 609; x_wconf 87' lang='lat' dir='ltr'><strong>ritu</strong></span> <span class='ocrx_word' id='word_1_12' title='bbox 1366 554 1476 608; x_wconf 91' lang='lat' dir='ltr'><strong>tamen</strong></span> <span class='ocrx_word' id='word_1_13' title='bbox 1506 542 1729 608; x_wconf 85' lang='lat' dir='ltr'><strong>ecclesiastico</strong></span> <span class='ocrx_word' id='word_1_14' title='bbox 1760 541 1934 608; x_wconf 90' lang='lat' dir='ltr'><strong>celebratis</strong></span> <span class='ocrx_word' id='word_1_15' title='bbox 1962 549 2097 628; x_wconf 90' lang='lat' dir='ltr'><strong>quatuor</strong></span> 
     </span>
     <span class='ocr_line' id='line_1_3' title="bbox 451 647 2097 738; baseline -0.003 -22"><span class='ocrx_word' id='word_1_16' title='bbox 451 651 672 716; x_wconf 87' lang='lat' dir='ltr'><strong>demonstrata</strong></span> <span class='ocrx_word' id='word_1_17' title='bbox 695 661 779 732; x_wconf 82' lang='lat' dir='ltr'><strong>sunt,</strong></span> <span class='ocrx_word' id='word_1_18' title='bbox 803 650 958 716; x_wconf 87' lang='lat' dir='ltr'><strong>videlicet</strong></span> <span class='ocrx_word' id='word_1_19' title='bbox 980 651 1068 738; x_wconf 91' lang='lat' dir='ltr'><strong>quod</strong></span> <span class='ocrx_word' id='word_1_20' title='bbox 1091 661 1166 716; x_wconf 90' lang='lat' dir='ltr'><strong>sunt</strong></span> <span class='ocrx_word' id='word_1_21' title='bbox 1188 653 1315 738; x_wconf 85' lang='lat' dir='ltr'><strong>integra</strong></span> <span class='ocrx_word' id='word_1_22' title='bbox 1339 660 1518 738; x_wconf 82' lang='lat' dir='ltr'><strong>quantum·</strong></span> <span class='ocrx_word' id='word_1_23' title='bbox 1541 649 1584 714; x_wconf 91' lang='lat' dir='ltr'><strong>ad</strong></span> <span class='ocrx_word' id='word_1_24' title='bbox 1606 660 1715 736; x_wconf 89' lang='lat' dir='ltr'><strong>partes</strong></span> <span class='ocrx_word' id='word_1_25' title='bbox 1738 647 1965 735; x_wconf 80' lang='lat' dir='ltr'><strong>principaliter</strong></span> <span class='ocrx_word' id='word_1_26' title='bbox 1983 648 2097 712; x_wconf 89' lang='lat' dir='ltr'><strong>consti-</strong></span> 
     </span>
     <span class='ocr_line' id='line_1_4' title="bbox 451 755 2098 844; baseline -0.004 -20"><span class='ocrx_word' id='word_1_27' title='bbox 451 759 582 841; x_wconf 84' lang='lat' dir='ltr'><strong>tutivas,</strong></span> <span class='ocrx_word' id='word_1_28' title='bbox 607 757 695 844; x_wconf 92' lang='lat' dir='ltr'><strong>quod</strong></span> <span class='ocrx_word' id='word_1_29' title='bbox 718 767 793 822; x_wconf 90' lang='lat' dir='ltr'><strong>sunt</strong></span> <span class='ocrx_word' id='word_1_30' title='bbox 816 767 943 823; x_wconf 87' lang='lat' dir='ltr'><strong>mortua</strong></span> <span class='ocrx_word' id='word_1_31' title='bbox 966 758 1145 824; x_wconf 90' lang='lat' dir='ltr'><strong>secundum</strong></span> <span class='ocrx_word' id='word_1_32' title='bbox 1164 759 1383 823; x_wconf 90' lang='lat' dir='ltr'><strong>testimonium</strong></span> <span class='ocrx_word' id='word_1_33' title='bbox 1398 756 1584 842; x_wconf 80' lang='lat' dir='ltr'><strong>Augustini,</strong></span> <span class='ocrx_word' id='word_1_34' title='bbox 1609 755 1696 843; x_wconf 92' lang='lat' dir='ltr'><strong>quod</strong></span> <span class='ocrx_word' id='word_1_35' title='bbox 1719 766 1795 820; x_wconf 90' lang='lat' dir='ltr'><strong>suut</strong></span> <span class='ocrx_word' id='word_1_36' title='bbox 1817 756 1964 820; x_wconf 84' lang='lat' dir='ltr'><strong>extincta</strong></span> <span class='ocrx_word' id='word_1_37' title='bbox 1987 777 2098 819; x_wconf 90' lang='lat' dir='ltr'><strong>secun-</strong></span> 
     </span>
     <span class='ocr_line' id='line_1_5' title="bbox 452 862 2099 952; baseline -0.003 -22"><span class='ocrx_word' id='word_1_38' title='bbox 452 866 529 930; x_wconf 92' lang='lat' dir='ltr'><strong>dum</strong></span> <span class='ocrx_word' id='word_1_39' title='bbox 552 864 771 930; x_wconf 89' lang='lat' dir='ltr'><strong>testimonium</strong></span> <span class='ocrx_word' id='word_1_40' title='bbox 794 864 914 929; x_wconf 82' lang='lat' dir='ltr'><strong>Leonis</strong></span> <span class='ocrx_word' id='word_1_41' title='bbox 938 887 1035 952; x_wconf 89' lang='lat' dir='ltr'><strong>pape,</strong></span> <span class='ocrx_word' id='word_1_42' title='bbox 1059 864 1147 952; x_wconf 94' lang='lat' dir='ltr'><strong>quod</strong></span> <span class='ocrx_word' id='word_1_43' title='bbox 1171 875 1246 930; x_wconf 91' lang='lat' dir='ltr'><strong>sunt</strong></span> <span class='ocrx_word' id='word_1_44' title='bbox 1267 865 1359 929; x_wconf 83' lang='lat' dir='ltr'><strong>irrita</strong></span> <span class='ocrx_word' id='word_1_45' title='bbox 1382 862 1560 929; x_wconf 91' lang='lat' dir='ltr'><strong>secundum</strong></span> <span class='ocrx_word' id='word_1_46' title='bbox 1583 863 1803 928; x_wconf 87' lang='lat' dir='ltr'><strong>testimonium</strong></span> <span class='ocrx_word' id='word_1_47' title='bbox 1818 862 2003 926; x_wconf 82' lang='lat' dir='ltr'><strong>Placentini</strong></span> <span class='ocrx_word' id='word_1_48' title='bbox 2028 883 2099 926; x_wconf 93' lang='lat' dir='ltr'><strong>con·</strong></span> 
     </span>
     <span class='ocr_line' id='line_1_6' title="bbox 452 953 2129 1058; baseline -0.004 -22"><span class='ocrx_word' id='word_1_49' title='bbox 452 971 528 1036; x_wconf 90' lang='lat' dir='ltr'><strong>cilii.</strong></span> <span class='ocrx_word' id='word_1_50' title='bbox 566 969 664 1036; x_wconf 92' lang='lat' dir='ltr'><strong>Libet</strong></span> <span class='ocrx_word' id='word_1_51' title='bbox 687 953 774 1035; x_wconf 82' lang='lat' dir='ltr'><strong>nuuc</strong></span> <span class='ocrx_word' id='word_1_52' title='bbox 790 970 991 1057; x_wconf 85' lang='lat' dir='ltr'><strong>distinguere</strong></span> <span class='ocrx_word' id='word_1_53' title='bbox 1014 973 1099 1036; x_wconf 91' lang='lat' dir='ltr'><strong>inter</strong></span> <span class='ocrx_word' id='word_1_54' title='bbox 1121 973 1194 1058; x_wconf 89' lang='lat' dir='ltr'><strong>ipsa</strong></span> <span class='ocrx_word' id='word_1_55' title='bbox 1217 983 1420 1036; x_wconf 87' lang='lat' dir='ltr'><strong>sacramenta</strong></span> <span class='ocrx_word' id='word_1_56' title='bbox 1443 993 1506 1058; x_wconf 91' lang='lat' dir='ltr'><strong>que</strong></span> <span class='ocrx_word' id='word_1_57' title='bbox 1530 979 1666 1056; x_wconf 90' lang='lat' dir='ltr'><strong>possunt</strong></span> <span class='ocrx_word' id='word_1_58' title='bbox 1689 991 1760 1033; x_wconf 91' lang='lat' dir='ltr'><strong>esse</strong></span> <span class='ocrx_word' id='word_1_59' title='bbox 1784 978 1920 1052; x_wconf 65' lang='lat' dir='ltr'><strong>monna,</strong></span> <span class='ocrx_word' id='word_1_60' title='bbox 1946 969 2129 1048; x_wconf 69' lang='lat' dir='ltr'><strong>extinctas</strong></span> 
     </span>
     <span class='ocr_line' id='line_1_7' title="bbox 452 1075 2100 1165; baseline -0.002 -23"><span class='ocrx_word' id='word_1_61' title='bbox 452 1079 551 1160; x_wconf 88' lang='lat' dir='ltr'><strong>irrita,</strong></span> <span class='ocrx_word' id='word_1_62' title='bbox 577 1088 610 1142; x_wconf 93' lang='lat' dir='ltr'><strong>et</strong></span> <span class='ocrx_word' id='word_1_63' title='bbox 632 1078 736 1164; x_wconf 89' lang='lat' dir='ltr'><strong>ipsam</strong></span> <span class='ocrx_word' id='word_1_64' title='bbox 759 1078 914 1142; x_wconf 84' lang='lat' dir='ltr'><strong>virtutem</strong></span> <span class='ocrx_word' id='word_1_65' title='bbox 943 1088 1230 1160; x_wconf 88' lang='lat' dir='ltr'><strong>sacramentorum,</strong></span> <span class='ocrx_word' id='word_1_66' title='bbox 1262 1101 1325 1165; x_wconf 90' lang='lat' dir='ltr'><strong>que</strong></span> <span class='ocrx_word' id='word_1_67' title='bbox 1354 1099 1522 1164; x_wconf 89' lang='lat' dir='ltr'><strong>nunquam</strong></span> <span class='ocrx_word' id='word_1_68' title='bbox 1552 1087 1658 1163; x_wconf 89' lang='lat' dir='ltr'><strong>potest</strong></span> <span class='ocrx_word' id='word_1_69' title='bbox 1689 1098 1761 1141; x_wconf 90' lang='lat' dir='ltr'><strong>esse</strong></span> <span class='ocrx_word' id='word_1_70' title='bbox 1784 1085 1920 1158; x_wconf 91' lang='lat' dir='ltr'><strong>mortua,</strong></span> <span class='ocrx_word' id='word_1_71' title='bbox 1946 1075 2100 1156; x_wconf 89' lang='lat' dir='ltr'><strong>extincta,</strong></span> 
     </span>
     <span class='ocr_line' id='line_1_8' title="bbox 451 1182 2101 1272; baseline -0.003 -22"><span class='ocrx_word' id='word_1_72' title='bbox 451 1185 582 1268; x_wconf 68' lang='lat' dir='ltr'><strong>irrital&#39;3</strong></span> <span class='ocrx_word' id='word_1_73' title='bbox 614 1184 674 1248; x_wconf 88' lang='lat' dir='ltr'><strong>sed</strong></span> <span class='ocrx_word' id='word_1_74' title='bbox 695 1182 882 1272; x_wconf 91' lang='lat' dir='ltr'><strong>ubicunque</strong></span> <span class='ocrx_word' id='word_1_75' title='bbox 907 1196 955 1250; x_wconf 89' lang='lat' dir='ltr'><strong>est</strong></span> <span class='ocrx_word' id='word_1_76' title='bbox 978 1186 1064 1267; x_wconf 85' lang='lat' dir='ltr'><strong>viva,</strong></span> <span class='ocrx_word' id='word_1_77' title='bbox 1094 1184 1205 1250; x_wconf 84' lang='lat' dir='ltr'><strong>lucida</strong></span> <span class='ocrx_word' id='word_1_78' title='bbox 1229 1195 1261 1250; x_wconf 90' lang='lat' dir='ltr'><strong>et</strong></span> <span class='ocrx_word' id='word_1_79' title='bbox 1283 1195 1354 1249; x_wconf 87' lang='lat' dir='ltr'><strong>rata</strong></span> <span class='ocrx_word' id='word_1_80' title='bbox 1377 1195 1436 1248; x_wconf 93' lang='lat' dir='ltr'><strong>est.</strong></span> <span class='ocrx_word' id='word_1_81' title='bbox 1482 1183 1543 1248; x_wconf 84' lang='lat' dir='ltr'><strong>Est</strong></span> <span class='ocrx_word' id='word_1_82' title='bbox 1566 1184 1653 1247; x_wconf 90' lang='lat' dir='ltr'><strong>enim</strong></span> <span class='ocrx_word' id='word_1_83' title='bbox 1676 1182 1830 1247; x_wconf 84' lang='lat' dir='ltr'><strong>distantia</strong></span> <span class='ocrx_word' id='word_1_84' title='bbox 1852 1205 1917 1246; x_wconf 91' lang='lat' dir='ltr'><strong>non</strong></span> <span class='ocrx_word' id='word_1_85' title='bbox 1942 1204 2048 1268; x_wconf 87' lang='lat' dir='ltr'><strong>parva</strong></span> <span class='ocrx_word' id='word_1_86' title='bbox 2069 1183 2101 1244; x_wconf 92' lang='lat' dir='ltr'><strong>in</strong></span> 
     </span>
     <span class='ocr_line' id='line_1_9' title="bbox 452 1287 2102 1378; baseline -0.003 -21"><span class='ocrx_word' id='word_1_87' title='bbox 452 1293 502 1357; x_wconf 90' lang='lat' dir='ltr'><strong>bis</strong></span> <span class='ocrx_word' id='word_1_88' title='bbox 526 1290 773 1372; x_wconf 85' lang='lat' dir='ltr'><strong>consideranda,</strong></span> <span class='ocrx_word' id='word_1_89' title='bbox 798 1313 860 1378; x_wconf 91' lang='lat' dir='ltr'><strong>que</strong></span> <span class='ocrx_word' id='word_1_90' title='bbox 884 1291 981 1355; x_wconf 87' lang='lat' dir='ltr'><strong>facile</strong></span> <span class='ocrx_word' id='word_1_91' title='bbox 997 1290 1171 1374; x_wconf 87' lang='lat' dir='ltr'><strong>videbitur,</strong></span> <span class='ocrx_word' id='word_1_92' title='bbox 1197 1293 1224 1356; x_wconf 92' lang='lat' dir='ltr'><strong>si</strong></span> <span class='ocrx_word' id='word_1_93' title='bbox 1248 1293 1318 1378; x_wconf 92' lang='lat' dir='ltr'><strong>ipse</strong></span> <span class='ocrx_word' id='word_1_94' title='bbox 1343 1299 1617 1355; x_wconf 86' lang='lat' dir='ltr'><strong>sacramentorum</strong></span> <span class='ocrx_word' id='word_1_95' title='bbox 1637 1289 1771 1354; x_wconf 85' lang='lat' dir='ltr'><strong>effectus</strong></span> <span class='ocrx_word' id='word_1_96' title='bbox 1795 1290 1899 1375; x_wconf 93' lang='lat' dir='ltr'><strong>primo</strong></span> <span class='ocrx_word' id='word_1_97' title='bbox 1923 1287 2102 1374; x_wconf 88' lang='lat' dir='ltr'><strong>distingua-</strong></span> 
     </span>
     <span class='ocr_line' id='line_1_10' title="bbox 451 1396 2103 1484; baseline -0.004 -20"><span class='ocrx_word' id='word_1_98' title='bbox 451 1411 513 1464; x_wconf 89' lang='lat' dir='ltr'><strong>tur.</strong></span> <span class='ocrx_word' id='word_1_99' title='bbox 561 1398 845 1464; x_wconf 88' lang='lat' dir='ltr'><strong>Sacramentorum</strong></span> <span class='ocrx_word' id='word_1_100' title='bbox 877 1400 997 1462; x_wconf 88' lang='lat' dir='ltr'><strong>etenim</strong></span> <span class='ocrx_word' id='word_1_101' title='bbox 1027 1398 1162 1464; x_wconf 83' lang='lat' dir='ltr'><strong>effectus</strong></span> <span class='ocrx_word' id='word_1_102' title='bbox 1192 1421 1258 1464; x_wconf 90' lang='lat' dir='ltr'><strong>non</strong></span> <span class='ocrx_word' id='word_1_103' title='bbox 1288 1410 1336 1464; x_wconf 89' lang='lat' dir='ltr'><strong>est</strong></span> <span class='ocrx_word' id='word_1_104' title='bbox 1366 1397 1546 1479; x_wconf 88' lang='lat' dir='ltr'><strong>uniformis,</strong></span> <span class='ocrx_word' id='word_1_105' title='bbox 1575 1398 1652 1484; x_wconf 93' lang='lat' dir='ltr'><strong>quia</strong></span> <span class='ocrx_word' id='word_1_106' title='bbox 1683 1396 1803 1461; x_wconf 89' lang='lat' dir='ltr'><strong>dicitur</strong></span> <span class='ocrx_word' id='word_1_107' title='bbox 1825 1407 2103 1460; x_wconf 87' lang='lat' dir='ltr'><strong>sacramentorum</strong></span> 
     </span>
     <span class='ocr_line' id='line_1_11' title="bbox 453 1502 2146 1592; baseline -0.004 -22"><span class='ocrx_word' id='word_1_108' title='bbox 453 1505 588 1571; x_wconf 87' lang='lat' dir='ltr'><strong>effectus</strong></span> <span class='ocrx_word' id='word_1_109' title='bbox 618 1505 759 1592; x_wconf 85' lang='lat' dir='ltr'><strong>passive,</strong></span> <span class='ocrx_word' id='word_1_110' title='bbox 791 1504 844 1569; x_wconf 91' lang='lat' dir='ltr'><strong>ille</strong></span> <span class='ocrx_word' id='word_1_111' title='bbox 875 1505 1009 1587; x_wconf 89' lang='lat' dir='ltr'><strong>scilicet,</strong></span> <span class='ocrx_word' id='word_1_112' title='bbox 1037 1528 1101 1592; x_wconf 92' lang='lat' dir='ltr'><strong>quo</strong></span> <span class='ocrx_word' id='word_1_113' title='bbox 1132 1507 1204 1592; x_wconf 91' lang='lat' dir='ltr'><strong>ipsa</strong></span> <span class='ocrx_word' id='word_1_114' title='bbox 1234 1516 1438 1570; x_wconf 90' lang='lat' dir='ltr'><strong>sacramenta</strong></span> <span class='ocrx_word' id='word_1_115' title='bbox 1467 1503 1553 1568; x_wconf 86' lang='lat' dir='ltr'><strong>effici</strong></span> <span class='ocrx_word' id='word_1_116' title='bbox 1584 1503 1802 1589; x_wconf 88' lang='lat' dir='ltr'><strong>designamus.</strong></span> <span class='ocrx_word' id='word_1_117' title='bbox 1849 1502 1982 1568; x_wconf 87' lang='lat' dir='ltr'><strong>Dicitur</strong></span> <span class='ocrx_word' id='word_1_118' title='bbox 2005 1503 2103 1566; x_wconf 90' lang='lat' dir='ltr'><strong>etiam</strong></span> <span class='ocrx_word' id='word_1_119' title='bbox 2122 1525 2146 1564; x_wconf 85' lang='grc' dir='ltr'><strong>ιι</strong></span> 
     </span>
     <span class='ocr_line' id='line_1_12' title="bbox 453 1609 2103 1697; baseline -0.001 -21"><span class='ocrx_word' id='word_1_120' title='bbox 453 1613 569 1694; x_wconf 85' lang='lat' dir='ltr'><strong>active,</strong></span> <span class='ocrx_word' id='word_1_121' title='bbox 600 1611 653 1676; x_wconf 93' lang='lat' dir='ltr'><strong>ille</strong></span> <span class='ocrx_word' id='word_1_122' title='bbox 685 1610 811 1676; x_wconf 89' lang='lat' dir='ltr'><strong>scilieet</strong></span> <span class='ocrx_word' id='word_1_123' title='bbox 841 1633 937 1697; x_wconf 89' lang='lat' dir='ltr'><strong>quem</strong></span> <span class='ocrx_word' id='word_1_124' title='bbox 969 1611 1114 1676; x_wconf 85' lang='lat' dir='ltr'><strong>efficiunt</strong></span> <span class='ocrx_word' id='word_1_125' title='bbox 1137 1621 1351 1676; x_wconf 86' lang='lat' dir='ltr'><strong>sacramenta.</strong></span> <span class='ocrx_word' id='word_1_126' title='bbox 1397 1611 1440 1676; x_wconf 87' lang='lat' dir='ltr'><strong>Et</strong></span> <span class='ocrx_word' id='word_1_127' title='bbox 1465 1612 1567 1697; x_wconf 77' lang='lat' dir='ltr'><strong>‘prior</strong></span> <span class='ocrx_word' id='word_1_128' title='bbox 1591 1609 1723 1697; x_wconf 91' lang='lat' dir='ltr'><strong>quidem</strong></span> <span class='ocrx_word' id='word_1_129' title='bbox 1747 1610 1882 1675; x_wconf 85' lang='lat' dir='ltr'><strong>effectus</strong></span> <span class='ocrx_word' id='word_1_130' title='bbox 1906 1611 1939 1674; x_wconf 90' lang='lat' dir='ltr'><strong>in</strong></span> <span class='ocrx_word' id='word_1_131' title='bbox 1964 1632 2003 1674; x_wconf 92' lang='lat' dir='ltr'><strong>eo</strong></span> <span class='ocrx_word' id='word_1_132' title='bbox 2028 1633 2103 1674; x_wconf 90' lang='lat' dir='ltr'><strong>con-</strong></span> 
     </span>
     <span class='ocr_line' id='line_1_13' title="bbox 453 1716 2104 1804; baseline -0.001 -22"><span class='ocrx_word' id='word_1_133' title='bbox 453 1720 546 1800; x_wconf 88' lang='lat' dir='ltr'><strong>sistit,</strong></span> <span class='ocrx_word' id='word_1_134' title='bbox 578 1720 606 1782; x_wconf 94' lang='lat' dir='ltr'><strong>si</strong></span> <span class='ocrx_word' id='word_1_135' title='bbox 636 1718 699 1782; x_wconf 90' lang='lat' dir='ltr'><strong>ritu</strong></span> <span class='ocrx_word' id='word_1_136' title='bbox 729 1716 952 1782; x_wconf 87' lang='lat' dir='ltr'><strong>ecclesiastico</strong></span> <span class='ocrx_word' id='word_1_137' title='bbox 982 1719 1107 1804; x_wconf 80' lang='lat' dir='ltr'><strong>integre</strong></span> <span class='ocrx_word' id='word_1_138' title='bbox 1139 1716 1331 1802; x_wconf 88' lang='lat' dir='ltr'><strong>celebretur,</strong></span> <span class='ocrx_word' id='word_1_139' title='bbox 1370 1720 1448 1804; x_wconf 92' lang='lat' dir='ltr'><strong>quia</strong></span> <span class='ocrx_word' id='word_1_140' title='bbox 1478 1719 1505 1781; x_wconf 93' lang='lat' dir='ltr'><strong>si</strong></span> <span class='ocrx_word' id='word_1_141' title='bbox 1534 1717 1587 1782; x_wconf 89' lang='lat' dir='ltr'><strong>vel</strong></span> <span class='ocrx_word' id='word_1_142' title='bbox 1618 1718 1651 1781; x_wconf 90' lang='lat' dir='ltr'><strong>in</strong></span> <span class='ocrx_word' id='word_1_143' title='bbox 1681 1719 1781 1781; x_wconf 89' lang='lat' dir='ltr'><strong>missa</strong></span> <span class='ocrx_word' id='word_1_144' title='bbox 1810 1716 1863 1780; x_wconf 90' lang='lat' dir='ltr'><strong>vel</strong></span> <span class='ocrx_word' id='word_1_145' title='bbox 1887 1716 1959 1782; x_wconf 92' lang='lat' dir='ltr'><strong>aliis</strong></span> <span class='ocrx_word' id='word_1_146' title='bbox 1983 1716 2104 1781; x_wconf 91' lang='lat' dir='ltr'><strong>divinis</strong></span> 
     </span>
     <span class='ocr_line' id='line_1_14' title="bbox 453 1824 2103 1910; baseline -0.002 -20"><span class='ocrx_word' id='word_1_147' title='bbox 453 1825 569 1890; x_wconf 85' lang='lat' dir='ltr'><strong>officiis</strong></span> <span class='ocrx_word' id='word_1_148' title='bbox 593 1824 658 1889; x_wconf 91' lang='lat' dir='ltr'><strong>alio</strong></span> <span class='ocrx_word' id='word_1_149' title='bbox 682 1825 755 1905; x_wconf 87' lang='lat' dir='ltr'><strong>ritu,</strong></span> <span class='ocrx_word' id='word_1_150' title='bbox 779 1846 877 1910; x_wconf 87' lang='lat' dir='ltr'><strong>quam</strong></span> <span class='ocrx_word' id='word_1_151' title='bbox 901 1845 939 1888; x_wconf 91' lang='lat' dir='ltr'><strong>eo</strong></span> <span class='ocrx_word' id='word_1_152' title='bbox 964 1845 1059 1910; x_wconf 91' lang='lat' dir='ltr'><strong>quem</strong></span> <span class='ocrx_word' id='word_1_153' title='bbox 1084 1824 1223 1889; x_wconf 89' lang='lat' dir='ltr'><strong>ecclesia</strong></span> <span class='ocrx_word' id='word_1_154' title='bbox 1246 1824 1401 1890; x_wconf 78' lang='lat' dir='ltr'><strong>divinittrs</strong></span> <span class='ocrx_word' id='word_1_155' title='bbox 1424 1824 1579 1890; x_wconf 88' lang='lat' dir='ltr'><strong>traditum</strong></span> <span class='ocrx_word' id='word_1_156' title='bbox 1601 1833 1700 1906; x_wconf 89' lang='lat' dir='ltr'><strong>tenet,</strong></span> <span class='ocrx_word' id='word_1_157' title='bbox 1724 1834 1871 1910; x_wconf 78' lang='lat' dir='ltr'><strong>agatur⁰,</strong></span> <span class='ocrx_word' id='word_1_158' title='bbox 1896 1845 2103 1910; x_wconf 87' lang='lat' dir='ltr'><strong>nequaquam</strong></span> 
     </span>
     <span class='ocr_line' id='line_1_15' title="bbox 453 1929 2105 2019; baseline -0.001 -23"><span class='ocrx_word' id='word_1_159' title='bbox 453 1942 693 1996; x_wconf 89' lang='lat' dir='ltr'><strong>sacramentum</strong></span> <span class='ocrx_word' id='word_1_160' title='bbox 723 1929 789 1994; x_wconf 91' lang='lat' dir='ltr'><strong>illic</strong></span> <span class='ocrx_word' id='word_1_161' title='bbox 820 1930 968 2012; x_wconf 88' lang='lat' dir='ltr'><strong>efficitur,</strong></span> <span class='ocrx_word' id='word_1_162' title='bbox 999 1931 1084 1995; x_wconf 89' lang='lat' dir='ltr'><strong>siout</strong></span> <span class='ocrx_word' id='word_1_163' title='bbox 1113 1929 1159 1994; x_wconf 95' lang='lat' dir='ltr'><strong>illi</strong></span> <span class='ocrx_word' id='word_1_164' title='bbox 1189 1929 1325 1996; x_wconf 90' lang='lat' dir='ltr'><strong>heretici</strong></span> <span class='ocrx_word' id='word_1_165' title='bbox 1355 1931 1512 2014; x_wconf 83' lang='lat' dir='ltr'><strong>fecerunt,</strong></span> <span class='ocrx_word' id='word_1_166' title='bbox 1543 1933 1600 2019; x_wconf 93' lang='lat' dir='ltr'><strong>qui</strong></span> <span class='ocrx_word' id='word_1_167' title='bbox 1629 1953 1696 1996; x_wconf 94' lang='lat' dir='ltr'><strong>non</strong></span> <span class='ocrx_word' id='word_1_168' title='bbox 1725 1932 1758 1995; x_wconf 95' lang='lat' dir='ltr'><strong>in</strong></span> <span class='ocrx_word' id='word_1_169' title='bbox 1785 1931 1916 1994; x_wconf 89' lang='lat' dir='ltr'><strong>nomine</strong></span> <span class='ocrx_word' id='word_1_170' title='bbox 1940 1931 2049 1994; x_wconf 86' lang='lat' dir='ltr'><strong>Patris</strong></span> <span class='ocrx_word' id='word_1_171' title='bbox 2073 1941 2105 1994; x_wconf 87' lang='lat' dir='ltr'><strong>et</strong></span> 
     </span>
     <span class='ocr_line' id='line_1_16' title="bbox 454 2035 2144 2125; baseline -0.004 -21"><span class='ocrx_word' id='word_1_172' title='bbox 454 2039 529 2104; x_wconf 80' lang='lat' dir='ltr'><strong>Filii</strong></span> <span class='ocrx_word' id='word_1_173' title='bbox 545 2048 578 2103; x_wconf 91' lang='lat' dir='ltr'><strong>et</strong></span> <span class='ocrx_word' id='word_1_174' title='bbox 594 2038 734 2125; x_wconf 86' lang='lat' dir='ltr'><strong>Spiritus</strong></span> <span class='ocrx_word' id='word_1_175' title='bbox 751 2038 855 2101; x_wconf 85' lang='lat' dir='ltr'><strong>sancti</strong></span> <span class='ocrx_word' id='word_1_176' title='bbox 878 2035 1144 2124; x_wconf 80' lang='lat' dir='ltr'><strong>baptizaverunt;</strong></span> <span class='ocrx_word' id='word_1_177' title='bbox 1169 2047 1202 2102; x_wconf 91' lang='lat' dir='ltr'><strong>et</strong></span> <span class='ocrx_word' id='word_1_178' title='bbox 1224 2037 1298 2102; x_wconf 93' lang='lat' dir='ltr'><strong>ideo</strong></span> <span class='ocrx_word' id='word_1_179' title='bbox 1322 2061 1381 2125; x_wconf 95' lang='lat' dir='ltr'><strong>pro</strong></span> <span class='ocrx_word' id='word_1_180' title='bbox 1405 2048 1608 2104; x_wconf 88' lang='lat' dir='ltr'><strong>sacramento</strong></span> <span class='ocrx_word' id='word_1_181' title='bbox 1625 2036 1778 2103; x_wconf 89' lang='lat' dir='ltr'><strong>babtismi</strong></span> <span class='ocrx_word' id='word_1_182' title='bbox 1802 2047 1933 2101; x_wconf 89' lang='lat' dir='ltr'><strong>nonest</strong></span> <span class='ocrx_word' id='word_1_183' title='bbox 1957 2035 2104 2102; x_wconf 89' lang='lat' dir='ltr'><strong>habitum</strong></span> <span class='ocrx_word' id='word_1_184' title='bbox 2122 2059 2144 2098; x_wconf 86' lang='lat' dir='ltr'><strong>a</strong></span> 
     </span>
     <span class='ocr_line' id='line_1_17' title="bbox 453 2143 2103 2234; baseline -0.002 -23"><span class='ocrx_word' id='word_1_185' title='bbox 453 2146 540 2234; x_wconf 94' lang='lat' dir='ltr'><strong>quod</strong></span> <span class='ocrx_word' id='word_1_186' title='bbox 563 2146 720 2212; x_wconf 86' lang='lat' dir='ltr'><strong>fecerunt.</strong></span> <span class='ocrx_word' id='word_1_187' title='bbox 756 2144 800 2208; x_wconf 84' lang='lat' dir='ltr'><strong>Et</strong></span> <span class='ocrx_word' id='word_1_188' title='bbox 823 2145 878 2230; x_wconf 93' lang='lat' dir='ltr'><strong>qui</strong></span> <span class='ocrx_word' id='word_1_189' title='bbox 902 2143 942 2208; x_wconf 90' lang='lat' dir='ltr'><strong>de</strong></span> <span class='ocrx_word' id='word_1_190' title='bbox 966 2143 1083 2208; x_wconf 87' lang='lat' dir='ltr'><strong>talibus</strong></span> <span class='ocrx_word' id='word_1_191' title='bbox 1107 2145 1313 2230; x_wconf 89' lang='lat' dir='ltr'><strong>resipuerunt</strong></span> <span class='ocrx_word' id='word_1_192' title='bbox 1336 2147 1369 2209; x_wconf 88' lang='lat' dir='ltr'><strong>in</strong></span> <span class='ocrx_word' id='word_1_193' title='bbox 1392 2145 1533 2210; x_wconf 86' lang='lat' dir='ltr'><strong>ecclesia</strong></span> <span class='ocrx_word' id='word_1_194' title='bbox 1556 2144 1726 2226; x_wconf 87' lang='lat' dir='ltr'><strong>catholica,</strong></span> <span class='ocrx_word' id='word_1_195' title='bbox 1757 2155 1913 2230; x_wconf 87' lang='lat' dir='ltr'><strong>tanquam</strong></span> <span class='ocrx_word' id='word_1_196' title='bbox 1935 2166 2103 2230; x_wconf 90' lang='lat' dir='ltr'><strong>nunquam</strong></span> 
     </span>
    </p>

    <p class='ocr_par' dir='ltr' id='par_1_3' title="bbox 409 2248 2142 3193">
     <span class='ocr_line' id='line_1_18' title="bbox 409 2248 2102 2338; baseline -0.002 -20"><span class='ocrx_word' id='word_1_197' title='bbox 409 2298 415 2307; x_wconf 89' lang='lat'><strong>·</strong></span> <span class='ocrx_word' id='word_1_198' title='bbox 453 2250 609 2318; x_wconf 87' lang='lat' dir='ltr'><strong>babtizati</strong></span> <span class='ocrx_word' id='word_1_199' title='bbox 634 2274 675 2316; x_wconf 86' lang='lat' dir='ltr'><strong>ex</strong></span> <span class='ocrx_word' id='word_1_200' title='bbox 699 2253 825 2337; x_wconf 89' lang='lat' dir='ltr'><strong>integro</strong></span> <span class='ocrx_word' id='word_1_201' title='bbox 850 2248 1007 2314; x_wconf 84' lang='lat' dir='ltr'><strong>babtizati</strong></span> <span class='ocrx_word' id='word_1_202' title='bbox 1031 2261 1120 2334; x_wconf 82' lang='lat' dir='ltr'><strong>sunt3</strong></span> <span class='ocrx_word' id='word_1_203' title='bbox 1152 2252 1208 2338; x_wconf 92' lang='lat' dir='ltr'><strong>qui</strong></span> <span class='ocrx_word' id='word_1_204' title='bbox 1238 2262 1347 2316; x_wconf 84' lang='lat' dir='ltr'><strong>autem</strong></span> <span class='ocrx_word' id='word_1_205' title='bbox 1376 2252 1454 2316; x_wconf 89' lang='lat' dir='ltr'><strong>foris</strong></span> <span class='ocrx_word' id='word_1_206' title='bbox 1482 2253 1545 2316; x_wconf 88' lang='lat' dir='ltr'><strong>ritu</strong></span> <span class='ocrx_word' id='word_1_207' title='bbox 1576 2251 1800 2316; x_wconf 89' lang='lat' dir='ltr'><strong>ecclesiastico</strong></span> <span class='ocrx_word' id='word_1_208' title='bbox 1831 2261 1905 2314; x_wconf 91' lang='lat' dir='ltr'><strong>sunt</strong></span> <span class='ocrx_word' id='word_1_209' title='bbox 1934 2249 2102 2333; x_wconf 76' lang='lat' dir='ltr'><strong>babtizati,</strong></span> 
     </span>
     <span class='ocr_line' id='line_1_19' title="bbox 453 2357 2102 2444; baseline -0.002 -20"><span class='ocrx_word' id='word_1_210' title='bbox 453 2359 496 2424; x_wconf 92' lang='lat' dir='ltr'><strong>ad</strong></span> <span class='ocrx_word' id='word_1_211' title='bbox 519 2359 691 2424; x_wconf 87' lang='lat' dir='ltr'><strong>ecclesiam</strong></span> <span class='ocrx_word' id='word_1_212' title='bbox 714 2359 882 2422; x_wconf 89' lang='lat' dir='ltr'><strong>venientes</strong></span> <span class='ocrx_word' id='word_1_213' title='bbox 905 2379 966 2444; x_wconf 89' lang='lat' dir='ltr'><strong>per</strong></span> <span class='ocrx_word' id='word_1_214' title='bbox 981 2379 1095 2422; x_wconf 88' lang='lat' dir='ltr'><strong>manus</strong></span> <span class='ocrx_word' id='word_1_215' title='bbox 1118 2358 1358 2444; x_wconf 88' lang='lat' dir='ltr'><strong>impositionem</strong></span> <span class='ocrx_word' id='word_1_216' title='bbox 1382 2359 1565 2423; x_wconf 68' lang='lat' dir='ltr'><strong>crismatis&lt;¹</strong></span> <span class='ocrx_word' id='word_1_217' title='bbox 1596 2360 1780 2424; x_wconf 88' lang='lat' dir='ltr'><strong>unctionem</strong></span> <span class='ocrx_word' id='word_1_218' title='bbox 1812 2368 1887 2423; x_wconf 89' lang='lat' dir='ltr'><strong>sunt</strong></span> <span class='ocrx_word' id='word_1_219' title='bbox 1910 2357 2102 2440; x_wconf 89' lang='lat' dir='ltr'><strong>confirmati,</strong></span> 
     </span>
     <span class='ocr_line' id='line_1_20' title="bbox 452 2463 2104 2553; baseline -0.002 -22"><span class='ocrx_word' id='word_1_220' title='bbox 452 2477 564 2553; x_wconf 90' lang='lat' dir='ltr'><strong>utpote</strong></span> <span class='ocrx_word' id='word_1_221' title='bbox 588 2464 746 2530; x_wconf 89' lang='lat' dir='ltr'><strong>habentes</strong></span> <span class='ocrx_word' id='word_1_222' title='bbox 770 2465 863 2529; x_wconf 92' lang='lat' dir='ltr'><strong>inse</strong></span> <span class='ocrx_word' id='word_1_223' title='bbox 887 2463 978 2528; x_wconf 91' lang='lat' dir='ltr'><strong>illum</strong></span> <span class='ocrx_word' id='word_1_224' title='bbox 1001 2464 1153 2530; x_wconf 87' lang='lat' dir='ltr'><strong>effectum</strong></span> <span class='ocrx_word' id='word_1_225' title='bbox 1180 2467 1384 2548; x_wconf 89' lang='lat' dir='ltr'><strong>sacramenti,</strong></span> <span class='ocrx_word' id='word_1_226' title='bbox 1409 2488 1473 2552; x_wconf 95' lang='lat' dir='ltr'><strong>quo</strong></span> <span class='ocrx_word' id='word_1_227' title='bbox 1498 2477 1735 2531; x_wconf 89' lang='lat' dir='ltr'><strong>sacramentum</strong></span> <span class='ocrx_word' id='word_1_228' title='bbox 1759 2467 1864 2552; x_wconf 89' lang='lat' dir='ltr'><strong>potuit</strong></span> <span class='ocrx_word' id='word_1_229' title='bbox 1887 2465 1987 2529; x_wconf 89' lang='lat' dir='ltr'><strong>etiam</strong></span> <span class='ocrx_word' id='word_1_230' title='bbox 2011 2475 2104 2529; x_wconf 86' lang='lat' dir='ltr'><strong>extra</strong></span> 
     </span>
     <span class='ocr_line' id='line_1_21' title="bbox 453 2570 2142 2659; baseline -0.002 -21"><span class='ocrx_word' id='word_1_231' title='bbox 453 2573 626 2638; x_wconf 86' lang='lat' dir='ltr'><strong>eeclesiam</strong></span> <span class='ocrx_word' id='word_1_232' title='bbox 656 2571 753 2636; x_wconf 86' lang='lat' dir='ltr'><strong>effici.</strong></span> <span class='ocrx_word' id='word_1_233' title='bbox 794 2570 840 2635; x_wconf 85' lang='lat' dir='ltr'><strong>At</strong></span> <span class='ocrx_word' id='word_1_234' title='bbox 869 2571 922 2636; x_wconf 92' lang='lat' dir='ltr'><strong>ille</strong></span> <span class='ocrx_word' id='word_1_235' title='bbox 947 2573 1074 2636; x_wconf 83' lang='lat' dir='ltr'><strong>activus</strong></span> <span class='ocrx_word' id='word_1_236' title='bbox 1098 2571 1233 2637; x_wconf 86' lang='lat' dir='ltr'><strong>effectus</strong></span> <span class='ocrx_word' id='word_1_237' title='bbox 1257 2595 1353 2659; x_wconf 91' lang='lat' dir='ltr'><strong>quem</strong></span> <span class='ocrx_word' id='word_1_238' title='bbox 1378 2583 1480 2658; x_wconf 91' lang='lat' dir='ltr'><strong>agunt</strong></span> <span class='ocrx_word' id='word_1_239' title='bbox 1502 2583 1535 2636; x_wconf 91' lang='lat' dir='ltr'><strong>et</strong></span> <span class='ocrx_word' id='word_1_240' title='bbox 1558 2572 1704 2638; x_wconf 85' lang='lat' dir='ltr'><strong>efficiunt</strong></span> <span class='ocrx_word' id='word_1_241' title='bbox 1727 2582 1941 2654; x_wconf 87' lang='lat' dir='ltr'><strong>sacramenta,</strong></span> <span class='ocrx_word' id='word_1_242' title='bbox 1966 2594 2032 2636; x_wconf 91' lang='lat' dir='ltr'><strong>non</strong></span> <span class='ocrx_word' id='word_1_243' title='bbox 2056 2582 2103 2636; x_wconf 88' lang='lat' dir='ltr'><strong>est</strong></span> <span class='ocrx_word' id='word_1_244' title='bbox 2119 2593 2142 2633; x_wconf 86' lang='grc' dir='ltr'><strong>ιιι</strong></span> 
     </span>
     <span class='ocr_line' id='line_1_22' title="bbox 453 2677 2101 2766; baseline -0.002 -22"><span class='ocrx_word' id='word_1_245' title='bbox 453 2681 515 2744; x_wconf 89' lang='lat' dir='ltr'><strong>nisi</strong></span> <span class='ocrx_word' id='word_1_246' title='bbox 546 2681 579 2742; x_wconf 94' lang='lat' dir='ltr'><strong>in</strong></span> <span class='ocrx_word' id='word_1_247' title='bbox 610 2677 770 2743; x_wconf 77' lang='lat' dir='ltr'><strong>ecclesia⁰</strong></span> <span class='ocrx_word' id='word_1_248' title='bbox 802 2678 972 2743; x_wconf 86' lang='lat' dir='ltr'><strong>catholica.</strong></span> <span class='ocrx_word' id='word_1_249' title='bbox 1018 2679 1061 2743; x_wconf 84' lang='lat' dir='ltr'><strong>Et</strong></span> <span class='ocrx_word' id='word_1_250' title='bbox 1090 2680 1179 2766; x_wconf 88' lang='lat' dir='ltr'><strong>prior</strong></span> <span class='ocrx_word' id='word_1_251' title='bbox 1207 2678 1338 2765; x_wconf 90' lang='lat' dir='ltr'><strong>quidem</strong></span> <span class='ocrx_word' id='word_1_252' title='bbox 1369 2678 1503 2744; x_wconf 87' lang='lat' dir='ltr'><strong>effectus</strong></span> <span class='ocrx_word' id='word_1_253' title='bbox 1535 2679 1637 2744; x_wconf 91' lang='lat' dir='ltr'><strong>oculis</strong></span> <span class='ocrx_word' id='word_1_254' title='bbox 1667 2680 1720 2744; x_wconf 76' lang='lat' dir='ltr'><strong>et‘</strong></span> <span class='ocrx_word' id='word_1_255' title='bbox 1753 2679 1867 2743; x_wconf 87' lang='lat' dir='ltr'><strong>auditu</strong></span> <span class='ocrx_word' id='word_1_256' title='bbox 1896 2678 2101 2761; x_wconf 88' lang='lat' dir='ltr'><strong>discernitur,</strong></span> 
     </span>
     <span class='ocr_line' id='line_1_23' title="bbox 454 2783 2102 2873; baseline -0.001 -22"><span class='ocrx_word' id='word_1_257' title='bbox 454 2788 606 2873; x_wconf 85' lang='lat' dir='ltr'><strong>quoniam</strong></span> <span class='ocrx_word' id='word_1_258' title='bbox 635 2783 675 2850; x_wconf 96' lang='lat' dir='ltr'><strong>de</strong></span> <span class='ocrx_word' id='word_1_259' title='bbox 699 2784 810 2849; x_wconf 89' lang='lat' dir='ltr'><strong>verbis</strong></span> <span class='ocrx_word' id='word_1_260' title='bbox 834 2783 1033 2850; x_wconf 88' lang='lat' dir='ltr'><strong>audibilibus</strong></span> <span class='ocrx_word' id='word_1_261' title='bbox 1058 2797 1090 2850; x_wconf 90' lang='lat' dir='ltr'><strong>et</strong></span> <span class='ocrx_word' id='word_1_262' title='bbox 1113 2784 1285 2872; x_wconf 91' lang='lat' dir='ltr'><strong>speciebus</strong></span> <span class='ocrx_word' id='word_1_263' title='bbox 1309 2783 1492 2850; x_wconf 87' lang='lat' dir='ltr'><strong>visibilibus</strong></span> <span class='ocrx_word' id='word_1_264' title='bbox 1516 2787 1623 2872; x_wconf 91' lang='lat' dir='ltr'><strong>ipsum</strong></span> <span class='ocrx_word' id='word_1_265' title='bbox 1647 2797 1893 2868; x_wconf 86' lang='lat' dir='ltr'><strong>sacramentum,</strong></span> <span class='ocrx_word' id='word_1_266' title='bbox 1924 2785 1960 2850; x_wconf 95' lang='lat' dir='ltr'><strong>id</strong></span> <span class='ocrx_word' id='word_1_267' title='bbox 1984 2795 2034 2850; x_wconf 91' lang='lat' dir='ltr'><strong>est</strong></span> <span class='ocrx_word' id='word_1_268' title='bbox 2057 2787 2102 2850; x_wconf 90' lang='lat' dir='ltr'><strong>rei</strong></span> 
     </span>
     <span class='ocr_line' id='line_1_24' title="bbox 454 2891 2103 2980; baseline 0.001 -24"><span class='ocrx_word' id='word_1_269' title='bbox 454 2915 567 2958; x_wconf 88' lang='lat' dir='ltr'><strong>sacrae</strong></span> <span class='ocrx_word' id='word_1_270' title='bbox 598 2892 726 2977; x_wconf 90' lang='lat' dir='ltr'><strong>signum</strong></span> <span class='ocrx_word' id='word_1_271' title='bbox 756 2892 931 2978; x_wconf 87' lang='lat' dir='ltr'><strong>perficitur.</strong></span> <span class='ocrx_word' id='word_1_272' title='bbox 978 2891 1115 2956; x_wconf 87' lang='lat' dir='ltr'><strong>Activus</strong></span> <span class='ocrx_word' id='word_1_273' title='bbox 1146 2904 1253 2956; x_wconf 89' lang='lat' dir='ltr'><strong>autem</strong></span> <span class='ocrx_word' id='word_1_274' title='bbox 1283 2903 1562 2957; x_wconf 87' lang='lat' dir='ltr'><strong>sacramentorum</strong></span> <span class='ocrx_word' id='word_1_275' title='bbox 1592 2893 1740 2975; x_wconf 84' lang='lat' dir='ltr'><strong>effectus,</strong></span> <span class='ocrx_word' id='word_1_276' title='bbox 1772 2915 1869 2980; x_wconf 90' lang='lat' dir='ltr'><strong>quem</strong></span> <span class='ocrx_word' id='word_1_277' title='bbox 1900 2903 2103 2958; x_wconf 86' lang='lat' dir='ltr'><strong>sacramenta</strong></span> 
     </span>
     <span class='ocr_line' id='line_1_25' title="bbox 455 2997 2102 3086; baseline -0.001 -23"><span class='ocrx_word' id='word_1_278' title='bbox 455 2999 600 3064; x_wconf 85' lang='lat' dir='ltr'><strong>efficiunt</strong></span> <span class='ocrx_word' id='word_1_279' title='bbox 623 2998 698 3062; x_wconf 93' lang='lat' dir='ltr'><strong>solis</strong></span> <span class='ocrx_word' id='word_1_280' title='bbox 721 2998 799 3062; x_wconf 91' lang='lat' dir='ltr'><strong>fidei</strong></span> <span class='ocrx_word' id='word_1_281' title='bbox 822 2998 923 3063; x_wconf 91' lang='lat' dir='ltr'><strong>oculis</strong></span> <span class='ocrx_word' id='word_1_282' title='bbox 949 2999 1100 3063; x_wconf 89' lang='lat' dir='ltr'><strong>cernitur.</strong></span> <span class='ocrx_word' id='word_1_283' title='bbox 1137 2997 1219 3063; x_wconf 86' lang='lat' dir='ltr'><strong>Cum</strong></span> <span class='ocrx_word' id='word_1_284' title='bbox 1236 3021 1314 3084; x_wconf 92' lang='lat' dir='ltr'><strong>ergo</strong></span> <span class='ocrx_word' id='word_1_285' title='bbox 1330 2998 1501 3085; x_wconf 86' lang='lat' dir='ltr'><strong>multiplex</strong></span> <span class='ocrx_word' id='word_1_286' title='bbox 1521 2999 1703 3064; x_wconf 88' lang='lat' dir='ltr'><strong>intellectus</strong></span> <span class='ocrx_word' id='word_1_287' title='bbox 1719 3011 1903 3086; x_wconf 87' lang='lat' dir='ltr'><strong>generetur,</strong></span> <span class='ocrx_word' id='word_1_288' title='bbox 1927 3000 1956 3063; x_wconf 91' lang='lat' dir='ltr'><strong>si</strong></span> <span class='ocrx_word' id='word_1_289' title='bbox 1980 2998 2102 3085; x_wconf 87' lang='lat' dir='ltr'><strong>absque</strong></span> 
     </span>
     <span class='ocr_line' id='line_1_26' title="bbox 455 3105 2142 3193; baseline -0.002 -23"><span class='ocrx_word' id='word_1_290' title='bbox 455 3106 723 3171; x_wconf 86' lang='lat' dir='ltr'><strong>determinatione</strong></span> <span class='ocrx_word' id='word_1_291' title='bbox 756 3115 1031 3170; x_wconf 87' lang='lat' dir='ltr'><strong>sacramentorum</strong></span> <span class='ocrx_word' id='word_1_292' title='bbox 1063 3105 1198 3170; x_wconf 82' lang='lat' dir='ltr'><strong>effectus</strong></span> <span class='ocrx_word' id='word_1_293' title='bbox 1232 3106 1426 3186; x_wconf 90' lang='lat' dir='ltr'><strong>nominetur,</strong></span> <span class='ocrx_word' id='word_1_294' title='bbox 1456 3107 1587 3170; x_wconf 89' lang='lat' dir='ltr'><strong>veniam</strong></span> <span class='ocrx_word' id='word_1_295' title='bbox 1621 3106 1759 3192; x_wconf 89' lang='lat' dir='ltr'><strong>postulo,</strong></span> <span class='ocrx_word' id='word_1_296' title='bbox 1790 3106 1877 3193; x_wconf 94' lang='lat' dir='ltr'><strong>quod</strong></span> <span class='ocrx_word' id='word_1_297' title='bbox 1907 3107 2102 3170; x_wconf 86' lang='lat' dir='ltr'><strong>necessitate</strong></span> <span class='ocrx_word' id='word_1_298' title='bbox 2119 3125 2142 3166; x_wconf 77' lang='lat' dir='ltr'><strong>a</strong></span> 
     </span>
    </p>

    <p class='ocr_par' dir='ltr' id='par_1_4' title="bbox 278 3211 2149 5218">
     <span class='ocr_line' id='line_1_27' title="bbox 351 3211 2101 3300; baseline 0 -24"><span class='ocrx_word' id='word_1_299' title='bbox 351 3223 586 3278; x_wconf 83' lang='lat' dir='ltr'><strong>·r.1os.ooactus</strong></span> <span class='ocrx_word' id='word_1_300' title='bbox 609 3213 777 3300; x_wconf 85' lang='lat' dir='ltr'><strong>passivum</strong></span> <span class='ocrx_word' id='word_1_301' title='bbox 801 3216 847 3276; x_wconf 78' lang='lat' dir='ltr'><strong>‘et</strong></span> <span class='ocrx_word' id='word_1_302' title='bbox 870 3213 1012 3277; x_wconf 88' lang='lat' dir='ltr'><strong>activum</strong></span> <span class='ocrx_word' id='word_1_303' title='bbox 1037 3222 1312 3277; x_wconf 87' lang='lat' dir='ltr'><strong>sacramentorum</strong></span> <span class='ocrx_word' id='word_1_304' title='bbox 1335 3213 1477 3294; x_wconf 91' lang='lat' dir='ltr'><strong>nomino,</strong></span> <span class='ocrx_word' id='word_1_305' title='bbox 1501 3234 1591 3276; x_wconf 89' lang='lat' dir='ltr'><strong>more</strong></span> <span class='ocrx_word' id='word_1_306' title='bbox 1613 3212 1770 3277; x_wconf 87' lang='lat' dir='ltr'><strong>hactenus</strong></span> <span class='ocrx_word' id='word_1_307' title='bbox 1786 3213 1950 3278; x_wconf 88' lang='lat' dir='ltr'><strong>inusitato.</strong></span> <span class='ocrx_word' id='word_1_308' title='bbox 1987 3211 2101 3298; x_wconf 89' lang='lat' dir='ltr'><strong>Neque</strong></span> 
     </span>
     <span class='ocr_line' id='line_1_28' title="bbox 278 3317 2104 3406; baseline -0.001 -22"><span class='ocrx_word' id='word_1_309' title='bbox 278 3343 389 3393; x_wconf 68' lang='lat' dir='ltr'><strong>ansa,</strong></span> <span class='ocrx_word' id='word_1_310' title='bbox 401 3343 435 3383; x_wconf 85' lang='grc' dir='ltr'><strong>ιι.</strong></span> <span class='ocrx_word' id='word_1_311' title='bbox 455 3321 541 3384; x_wconf 89' lang='lat' dir='ltr'><strong>enim</strong></span> <span class='ocrx_word' id='word_1_312' title='bbox 565 3341 676 3384; x_wconf 89' lang='lat' dir='ltr'><strong>omnes</strong></span> <span class='ocrx_word' id='word_1_313' title='bbox 691 3341 810 3383; x_wconf 91' lang='lat' dir='ltr'><strong>vocum</strong></span> <span class='ocrx_word' id='word_1_314' title='bbox 825 3319 998 3399; x_wconf 86' lang='lat' dir='ltr'><strong>novitates,</strong></span> <span class='ocrx_word' id='word_1_315' title='bbox 1022 3318 1080 3383; x_wconf 89' lang='lat' dir='ltr'><strong>sed</strong></span> <span class='ocrx_word' id='word_1_316' title='bbox 1095 3319 1248 3404; x_wconf 86' lang='lat' dir='ltr'><strong>profanas</strong></span> <span class='ocrx_word' id='word_1_317' title='bbox 1271 3327 1396 3382; x_wconf 91' lang='lat' dir='ltr'><strong>tantum</strong></span> <span class='ocrx_word' id='word_1_318' title='bbox 1414 3317 1590 3406; x_wconf 89' lang='lat' dir='ltr'><strong>[apostolus</strong></span> <span class='ocrx_word' id='word_1_319' title='bbox 1598 3317 1623 3406; x_wconf 60' lang='grc' dir='ltr'><strong>Β]</strong></span> <span class='ocrx_word' id='word_1_320' title='bbox 1649 3318 1745 3384; x_wconf 89' lang='lat' dir='ltr'><strong>docet</strong></span> <span class='ocrx_word' id='word_1_321' title='bbox 1768 3318 1949 3401; x_wconf 90' lang='lat' dir='ltr'><strong>cavendas;</strong></span> <span class='ocrx_word' id='word_1_322' title='bbox 1973 3330 2104 3383; x_wconf 89' lang='lat' dir='ltr'><strong>nonest</strong></span> 
     </span>
     <span class='ocr_line' id='line_1_29' title="bbox 455 3426 2102 3512; baseline -0.002 -21"><span class='ocrx_word' id='word_1_323' title='bbox 455 3436 563 3491; x_wconf 90' lang='lat' dir='ltr'><strong>autem</strong></span> <span class='ocrx_word' id='word_1_324' title='bbox 586 3426 724 3512; x_wconf 87' lang='lat' dir='ltr'><strong>profana</strong></span> <span class='ocrx_word' id='word_1_325' title='bbox 746 3426 837 3490; x_wconf 88' lang='lat' dir='ltr'><strong>vocis</strong></span> <span class='ocrx_word' id='word_1_326' title='bbox 861 3426 1000 3508; x_wconf 89' lang='lat' dir='ltr'><strong>novitas,</strong></span> <span class='ocrx_word' id='word_1_327' title='bbox 1025 3448 1089 3511; x_wconf 88' lang='lat' dir='ltr'><strong>qua</strong></span> <span class='ocrx_word' id='word_1_328' title='bbox 1113 3426 1307 3512; x_wconf 83' lang='lat' dir='ltr'><strong>exprimitur</strong></span> <span class='ocrx_word' id='word_1_329' title='bbox 1327 3447 1393 3489; x_wconf 89' lang='lat' dir='ltr'><strong>non</strong></span> <span class='ocrx_word' id='word_1_330' title='bbox 1416 3447 1503 3489; x_wconf 91' lang='lat' dir='ltr'><strong>nova</strong></span> <span class='ocrx_word' id='word_1_331' title='bbox 1525 3447 1634 3490; x_wconf 89' lang='lat' dir='ltr'><strong>rerum</strong></span> <span class='ocrx_word' id='word_1_332' title='bbox 1655 3427 1788 3490; x_wconf 89' lang='lat' dir='ltr'><strong>veritas.</strong></span> <span class='ocrx_word' id='word_1_333' title='bbox 1828 3426 1938 3490; x_wconf 85' lang='lat' dir='ltr'><strong>Licuit</strong></span> <span class='ocrx_word' id='word_1_334' title='bbox 1961 3447 2102 3511; x_wconf 91' lang='lat' dir='ltr'><strong>semper-</strong></span> 
     </span>
     <span class='ocr_line' id='line_1_30' title="bbox 455 3529 2102 3620; baseline -0.001 -22"><span class='ocrx_word' id='word_1_335' title='bbox 455 3555 518 3620; x_wconf 91' lang='lat' dir='ltr'><strong>que</strong></span> <span class='ocrx_word' id='word_1_336' title='bbox 541 3531 654 3598; x_wconf 86' lang='lat' dir='ltr'><strong>licebit</strong></span> <span class='ocrx_word' id='word_1_337' title='bbox 676 3533 724 3596; x_wconf 89' lang='lat' dir='ltr'><strong>rei</strong></span> <span class='ocrx_word' id='word_1_338' title='bbox 747 3533 918 3596; x_wconf 88' lang='lat' dir='ltr'><strong>veritatem</strong></span> <span class='ocrx_word' id='word_1_339' title='bbox 942 3542 1108 3618; x_wconf 89' lang='lat' dir='ltr'><strong>utcunque</strong></span> <span class='ocrx_word' id='word_1_340' title='bbox 1131 3533 1248 3618; x_wconf 86' lang='lat' dir='ltr'><strong>aptatis</strong></span> <span class='ocrx_word' id='word_1_341' title='bbox 1271 3529 1457 3595; x_wconf 90' lang='lat' dir='ltr'><strong>nominibus</strong></span> <span class='ocrx_word' id='word_1_342' title='bbox 1481 3553 1544 3617; x_wconf 91' lang='lat' dir='ltr'><strong>que</strong></span> <span class='ocrx_word' id='word_1_343' title='bbox 1569 3531 1664 3596; x_wconf 94' lang='lat' dir='ltr'><strong>modo</strong></span> <span class='ocrx_word' id='word_1_344' title='bbox 1691 3530 1791 3597; x_wconf 89' lang='lat' dir='ltr'><strong>nichil</strong></span> <span class='ocrx_word' id='word_1_345' title='bbox 1822 3533 1940 3596; x_wconf 91' lang='lat' dir='ltr'><strong>erroris</strong></span> <span class='ocrx_word' id='word_1_346' title='bbox 1971 3531 2102 3596; x_wconf 90' lang='lat' dir='ltr'><strong>induce-</strong></span> 
     </span>
     <span class='ocr_line' id='line_1_31' title="bbox 455 3637 2145 3726; baseline -0.002 -22"><span class='ocrx_word' id='word_1_347' title='bbox 455 3649 527 3704; x_wconf 90' lang='lat' dir='ltr'><strong>rent</strong></span> <span class='ocrx_word' id='word_1_348' title='bbox 549 3638 705 3726; x_wconf 85' lang='lat' dir='ltr'><strong>proserre,</strong></span> <span class='ocrx_word' id='word_1_349' title='bbox 737 3640 821 3704; x_wconf 90' lang='lat' dir='ltr'><strong>sicut</strong></span> <span class='ocrx_word' id='word_1_350' title='bbox 848 3639 953 3703; x_wconf 90' lang='lat' dir='ltr'><strong>sancti</strong></span> <span class='ocrx_word' id='word_1_351' title='bbox 975 3649 1084 3724; x_wconf 89' lang='lat' dir='ltr'><strong>patres</strong></span> <span class='ocrx_word' id='word_1_352' title='bbox 1108 3640 1140 3702; x_wconf 92' lang='lat' dir='ltr'><strong>in</strong></span> <span class='ocrx_word' id='word_1_353' title='bbox 1165 3639 1300 3725; x_wconf 87' lang='lat' dir='ltr'><strong>Nyceno</strong></span> <span class='ocrx_word' id='word_1_354' title='bbox 1324 3637 1461 3702; x_wconf 88' lang='lat' dir='ltr'><strong>concilio</strong></span> <span class='ocrx_word' id='word_1_355' title='bbox 1485 3637 1642 3720; x_wconf 73' lang='lat' dir='ltr'><strong>secerimt,</strong></span> <span class='ocrx_word' id='word_1_356' title='bbox 1668 3639 1723 3725; x_wconf 90' lang='lat' dir='ltr'><strong>qui</strong></span> <span class='ocrx_word' id='word_1_357' title='bbox 1746 3648 1882 3724; x_wconf 89' lang='lat' dir='ltr'><strong>urgente</strong></span> <span class='ocrx_word' id='word_1_358' title='bbox 1906 3638 2102 3703; x_wconf 86' lang='lat' dir='ltr'><strong>necessitate</strong></span> <span class='ocrx_word' id='word_1_359' title='bbox 2120 3659 2145 3700; x_wconf 80' lang='lat' dir='ltr'><strong>ao</strong></span> 
     </span>
     <span class='ocr_line' id='line_1_32' title="bbox 454 3742 2103 3832; baseline -0.001 -22"><span class='ocrx_word' id='word_1_360' title='bbox 454 3768 573 3812; x_wconf 93' lang='lat' dir='ltr'><strong>nomen</strong></span> <span class='ocrx_word' id='word_1_361' title='bbox 601 3768 722 3811; x_wconf 88' lang='lat' dir='ltr'><strong>novum</strong></span> <span class='ocrx_word' id='word_1_362' title='bbox 747 3744 935 3810; x_wconf 86' lang='lat' dir='ltr'><strong>‘omousion’</strong></span> <span class='ocrx_word' id='word_1_363' title='bbox 967 3746 1001 3808; x_wconf 94' lang='lat' dir='ltr'><strong>in</strong></span> <span class='ocrx_word' id='word_1_364' title='bbox 1032 3742 1178 3832; x_wconf 89' lang='lat' dir='ltr'><strong>symbolo</strong></span> <span class='ocrx_word' id='word_1_365' title='bbox 1208 3745 1339 3809; x_wconf 89' lang='lat' dir='ltr'><strong>recitari</strong></span> <span class='ocrx_word' id='word_1_366' title='bbox 1369 3744 1527 3826; x_wconf 87' lang='lat' dir='ltr'><strong>fecerunt,</strong></span> <span class='ocrx_word' id='word_1_367' title='bbox 1559 3768 1622 3830; x_wconf 95' lang='lat' dir='ltr'><strong>quo</strong></span> <span class='ocrx_word' id='word_1_368' title='bbox 1652 3755 1762 3809; x_wconf 90' lang='lat' dir='ltr'><strong>tamen</strong></span> <span class='ocrx_word' id='word_1_369' title='bbox 1791 3745 2015 3809; x_wconf 84' lang='lat' dir='ltr'><strong>nominarem</strong></span> <span class='ocrx_word' id='word_1_370' title='bbox 2038 3768 2103 3809; x_wconf 91' lang='lat' dir='ltr'><strong>non</strong></span> 
     </span>
     <span class='ocr_line' id='line_1_33' title="bbox 455 3850 2103 3939; baseline -0.002 -22"><span class='ocrx_word' id='word_1_371' title='bbox 455 3875 574 3918; x_wconf 86' lang='lat' dir='ltr'><strong>novam</strong></span> <span class='ocrx_word' id='word_1_372' title='bbox 605 3862 844 3939; x_wconf 88' lang='lat' dir='ltr'><strong>expresserunt.</strong></span> <span class='ocrx_word' id='word_1_373' title='bbox 892 3851 948 3917; x_wconf 88' lang='lat' dir='ltr'><strong>Sic</strong></span> <span class='ocrx_word' id='word_1_374' title='bbox 973 3862 1005 3916; x_wconf 91' lang='lat' dir='ltr'><strong>et</strong></span> <span class='ocrx_word' id='word_1_375' title='bbox 1027 3874 1086 3915; x_wconf 89' lang='lat' dir='ltr'><strong>nos</strong></span> <span class='ocrx_word' id='word_1_376' title='bbox 1109 3861 1245 3937; x_wconf 91' lang='lat' dir='ltr'><strong>urgente</strong></span> <span class='ocrx_word' id='word_1_377' title='bbox 1275 3852 1470 3914; x_wconf 86' lang='lat' dir='ltr'><strong>necessitate</strong></span> <span class='ocrx_word' id='word_1_378' title='bbox 1499 3852 1645 3936; x_wconf 82' lang='lat' dir='ltr'><strong>cogimur</strong></span> <span class='ocrx_word' id='word_1_379' title='bbox 1668 3861 1944 3916; x_wconf 87' lang='lat' dir='ltr'><strong>sacramentorum</strong></span> <span class='ocrx_word' id='word_1_380' title='bbox 1968 3850 2103 3916; x_wconf 87' lang='lat' dir='ltr'><strong>effectus</strong></span> 
     </span>
     <span class='ocr_line' id='line_1_34' title="bbox 455 3956 2103 4045; baseline -0.002 -21"><span class='ocrx_word' id='word_1_381' title='bbox 455 3962 489 4024; x_wconf 90' lang='lat' dir='ltr'><strong>in</strong></span> <span class='ocrx_word' id='word_1_382' title='bbox 512 3982 547 4024; x_wconf 90' lang='lat' dir='ltr'><strong>re</strong></span> <span class='ocrx_word' id='word_1_383' title='bbox 570 3958 706 4023; x_wconf 89' lang='lat' dir='ltr'><strong>multum</strong></span> <span class='ocrx_word' id='word_1_384' title='bbox 722 3957 890 4022; x_wconf 89' lang='lat' dir='ltr'><strong>distinctos</strong></span> <span class='ocrx_word' id='word_1_385' title='bbox 914 3959 1011 4022; x_wconf 89' lang='lat' dir='ltr'><strong>etiam</strong></span> <span class='ocrx_word' id='word_1_386' title='bbox 1035 3956 1220 4022; x_wconf 89' lang='lat' dir='ltr'><strong>nominibus</strong></span> <span class='ocrx_word' id='word_1_387' title='bbox 1240 3957 1449 4041; x_wconf 87' lang='lat' dir='ltr'><strong>distinguere,</strong></span> <span class='ocrx_word' id='word_1_388' title='bbox 1473 3967 1509 4021; x_wconf 93' lang='lat' dir='ltr'><strong>ut</strong></span> <span class='ocrx_word' id='word_1_389' title='bbox 1532 3957 1715 4022; x_wconf 88' lang='lat' dir='ltr'><strong>evidentius</strong></span> <span class='ocrx_word' id='word_1_390' title='bbox 1738 3968 1850 4045; x_wconf 89' lang='lat' dir='ltr'><strong>pateat</strong></span> <span class='ocrx_word' id='word_1_391' title='bbox 1858 3959 1882 4041; x_wconf 78' lang='lat'><strong>¹³,</strong></span> <span class='ocrx_word' id='word_1_392' title='bbox 1907 3981 1971 4044; x_wconf 92' lang='lat' dir='ltr'><strong>quo</strong></span> <span class='ocrx_word' id='word_1_393' title='bbox 1996 3981 2103 4022; x_wconf 88' lang='lat' dir='ltr'><strong>sacra-</strong></span> 
     </span>
     <span class='ocr_line' id='line_1_35' title="bbox 278 4063 2103 4150; baseline -0.002 -18"><span class='ocrx_word' id='word_1_394' title='bbox 278 4093 438 4143; x_wconf 65' lang='lat' dir='ltr'><strong>tusaassqq.</strong></span> <span class='ocrx_word' id='word_1_395' title='bbox 455 4076 635 4131; x_wconf 87' lang='lat' dir='ltr'><strong>mentorum</strong></span> <span class='ocrx_word' id='word_1_396' title='bbox 661 4064 779 4129; x_wconf 87' lang='lat' dir='ltr'><strong>effectu</strong></span> <span class='ocrx_word' id='word_1_397' title='bbox 802 4064 941 4129; x_wconf 91' lang='lat' dir='ltr'><strong>dicimus</strong></span> <span class='ocrx_word' id='word_1_398' title='bbox 965 4065 1126 4129; x_wconf 89' lang='lat' dir='ltr'><strong>hereticos</strong></span> <span class='ocrx_word' id='word_1_399' title='bbox 1151 4085 1273 4128; x_wconf 90' lang='lat' dir='ltr'><strong>carere.</strong></span> <span class='ocrx_word' id='word_1_400' title='bbox 1321 4063 1414 4128; x_wconf 87' lang='lat' dir='ltr'><strong>Sicut</strong></span> <span class='ocrx_word' id='word_1_401' title='bbox 1436 4065 1522 4128; x_wconf 90' lang='lat' dir='ltr'><strong>enim</strong></span> <span class='ocrx_word' id='word_1_402' title='bbox 1546 4065 1682 4150; x_wconf 89' lang='lat' dir='ltr'><strong>apostoli</strong></span> <span class='ocrx_word' id='word_1_403' title='bbox 1711 4088 1785 4129; x_wconf 94' lang='lat' dir='ltr'><strong>cum</strong></span> <span class='ocrx_word' id='word_1_404' title='bbox 1809 4066 1968 4130; x_wconf 89' lang='lat' dir='ltr'><strong>vidissent</strong></span> <span class='ocrx_word' id='word_1_405' title='bbox 1991 4065 2024 4128; x_wconf 92' lang='lat' dir='ltr'><strong>in</strong></span> <span class='ocrx_word' id='word_1_406' title='bbox 2048 4088 2103 4128; x_wconf 91' lang='lat' dir='ltr'><strong>no·</strong></span> 
     </span>
     <span class='ocr_line' id='line_1_36' title="bbox 456 4170 2147 4258; baseline -0.002 -22"><span class='ocrx_word' id='word_1_407' title='bbox 456 4174 542 4237; x_wconf 90' lang='lat' dir='ltr'><strong>mine</strong></span> <span class='ocrx_word' id='word_1_408' title='bbox 563 4172 697 4236; x_wconf 90' lang='lat' dir='ltr'><strong>Domini</strong></span> <span class='ocrx_word' id='word_1_409' title='bbox 721 4171 884 4258; x_wconf 89' lang='lat' dir='ltr'><strong>quendam</strong></span> <span class='ocrx_word' id='word_1_410' title='bbox 908 4170 1059 4236; x_wconf 90' lang='lat' dir='ltr'><strong>demonia</strong></span> <span class='ocrx_word' id='word_1_411' title='bbox 1082 4172 1253 4236; x_wconf 87' lang='lat' dir='ltr'><strong>eicientem</strong></span> <span class='ocrx_word' id='word_1_412' title='bbox 1278 4181 1310 4234; x_wconf 91' lang='lat' dir='ltr'><strong>et</strong></span> <span class='ocrx_word' id='word_1_413' title='bbox 1332 4171 1420 4256; x_wconf 91' lang='lat' dir='ltr'><strong>ipsos</strong></span> <span class='ocrx_word' id='word_1_414' title='bbox 1443 4193 1508 4234; x_wconf 91' lang='lat' dir='ltr'><strong>non</strong></span> <span class='ocrx_word' id='word_1_415' title='bbox 1533 4181 1732 4257; x_wconf 88' lang='lat' dir='ltr'><strong>sequentem,</strong></span> <span class='ocrx_word' id='word_1_416' title='bbox 1758 4182 1790 4235; x_wconf 89' lang='lat' dir='ltr'><strong>et</strong></span> <span class='ocrx_word' id='word_1_417' title='bbox 1812 4171 1898 4235; x_wconf 89' lang='lat' dir='ltr'><strong>bunc</strong></span> <span class='ocrx_word' id='word_1_418' title='bbox 1921 4170 2103 4258; x_wconf 91' lang='lat' dir='ltr'><strong>prohibuis-</strong></span> <span class='ocrx_word' id='word_1_419' title='bbox 2122 4191 2147 4233; x_wconf 84' lang='grc' dir='ltr'><strong>ιι</strong></span> 
     </span>
     <span class='ocr_line' id='line_1_37' title="bbox 456 4276 2103 4364; baseline 0 -22"><span class='ocrx_word' id='word_1_420' title='bbox 456 4290 537 4360; x_wconf 89' lang='lat' dir='ltr'><strong>sent,</strong></span> <span class='ocrx_word' id='word_1_421' title='bbox 561 4277 637 4342; x_wconf 91' lang='lat' dir='ltr'><strong>inde</strong></span> <span class='ocrx_word' id='word_1_422' title='bbox 661 4288 736 4342; x_wconf 90' lang='lat' dir='ltr'><strong>sunt</strong></span> <span class='ocrx_word' id='word_1_423' title='bbox 758 4300 778 4341; x_wconf 87' lang='lat' dir='ltr'><strong>a</strong></span> <span class='ocrx_word' id='word_1_424' title='bbox 793 4276 922 4342; x_wconf 82' lang='lat' dir='ltr'><strong>Christo</strong></span> <span class='ocrx_word' id='word_1_425' title='bbox 946 4277 1123 4364; x_wconf 89' lang='lat' dir='ltr'><strong>redarguti,</strong></span> <span class='ocrx_word' id='word_1_426' title='bbox 1148 4277 1235 4364; x_wconf 92' lang='lat' dir='ltr'><strong>quod</strong></span> <span class='ocrx_word' id='word_1_427' title='bbox 1258 4278 1292 4340; x_wconf 88' lang='lat' dir='ltr'><strong>in</strong></span> <span class='ocrx_word' id='word_1_428' title='bbox 1309 4299 1357 4358; x_wconf 89' lang='lat' dir='ltr'><strong>ee,</strong></span> <span class='ocrx_word' id='word_1_429' title='bbox 1382 4277 1496 4362; x_wconf 92' lang='lat' dir='ltr'><strong>inquo</strong></span> <span class='ocrx_word' id='word_1_430' title='bbox 1521 4288 1591 4341; x_wconf 89' lang='lat' dir='ltr'><strong>erat</strong></span> <span class='ocrx_word' id='word_1_431' title='bbox 1614 4299 1734 4358; x_wconf 89' lang='lat' dir='ltr'><strong>secum,</strong></span> <span class='ocrx_word' id='word_1_432' title='bbox 1758 4276 1995 4363; x_wconf 87' lang='lat' dir='ltr'><strong>prohibuerunt</strong></span> <span class='ocrx_word' id='word_1_433' title='bbox 2019 4301 2103 4362; x_wconf 91' lang='lat' dir='ltr'><strong>eum,</strong></span> 
     </span>
     <span class='ocr_line' id='line_1_38' title="bbox 456 4381 2105 4471; baseline 0 -23"><span class='ocrx_word' id='word_1_434' title='bbox 456 4407 553 4471; x_wconf 88' lang='lat' dir='ltr'><strong>quem</strong></span> <span class='ocrx_word' id='word_1_435' title='bbox 583 4385 690 4470; x_wconf 91' lang='lat' dir='ltr'><strong>potius</strong></span> <span class='ocrx_word' id='word_1_436' title='bbox 721 4381 901 4448; x_wconf 89' lang='lat' dir='ltr'><strong>debuerant</strong></span> <span class='ocrx_word' id='word_1_437' title='bbox 931 4385 1087 4449; x_wconf 90' lang='lat' dir='ltr'><strong>invitasse</strong></span> <span class='ocrx_word' id='word_1_438' title='bbox 1117 4383 1160 4448; x_wconf 92' lang='lat' dir='ltr'><strong>ad</strong></span> <span class='ocrx_word' id='word_1_439' title='bbox 1183 4383 1383 4470; x_wconf 89' lang='lat' dir='ltr'><strong>sequendum</strong></span> <span class='ocrx_word' id='word_1_440' title='bbox 1414 4383 1531 4469; x_wconf 89' lang='lat' dir='ltr'><strong>ipsum,</strong></span> <span class='ocrx_word' id='word_1_441' title='bbox 1562 4385 1596 4446; x_wconf 90' lang='lat' dir='ltr'><strong>in</strong></span> <span class='ocrx_word' id='word_1_442' title='bbox 1620 4384 1712 4448; x_wconf 90' lang='lat' dir='ltr'><strong>cuius</strong></span> <span class='ocrx_word' id='word_1_443' title='bbox 1740 4383 1870 4448; x_wconf 90' lang='lat' dir='ltr'><strong>nomine</strong></span> <span class='ocrx_word' id='word_1_444' title='bbox 1901 4384 1980 4448; x_wconf 87' lang='lat' dir='ltr'><strong>fecit</strong></span> <span class='ocrx_word' id='word_1_445' title='bbox 2010 4386 2105 4471; x_wconf 87' lang='lat' dir='ltr'><strong>signa</strong></span> 
     </span>
     <span class='ocr_line' id='line_1_39' title="bbox 456 4490 2104 4578; baseline -0.001 -22"><span class='ocrx_word' id='word_1_446' title='bbox 456 4493 627 4556; x_wconf 88' lang='lat' dir='ltr'><strong>virtutum:</strong></span> <span class='ocrx_word' id='word_1_447' title='bbox 652 4492 697 4555; x_wconf 91' lang='lat' dir='ltr'><strong>sic</strong></span> <span class='ocrx_word' id='word_1_448' title='bbox 722 4501 754 4554; x_wconf 91' lang='lat' dir='ltr'><strong>et</strong></span> <span class='ocrx_word' id='word_1_449' title='bbox 777 4513 835 4554; x_wconf 93' lang='lat' dir='ltr'><strong>nos</strong></span> <span class='ocrx_word' id='word_1_450' title='bbox 860 4491 954 4575; x_wconf 90' lang='lat' dir='ltr'><strong>argui</strong></span> <span class='ocrx_word' id='word_1_451' title='bbox 975 4513 1154 4578; x_wconf 88' lang='lat' dir='ltr'><strong>possemus,</strong></span> <span class='ocrx_word' id='word_1_452' title='bbox 1180 4491 1207 4554; x_wconf 90' lang='lat' dir='ltr'><strong>si</strong></span> <span class='ocrx_word' id='word_1_453' title='bbox 1231 4490 1390 4554; x_wconf 90' lang='lat' dir='ltr'><strong>hereticos</strong></span> <span class='ocrx_word' id='word_1_454' title='bbox 1413 4491 1447 4554; x_wconf 91' lang='lat' dir='ltr'><strong>in</strong></span> <span class='ocrx_word' id='word_1_455' title='bbox 1464 4513 1502 4554; x_wconf 92' lang='lat' dir='ltr'><strong>eo</strong></span> <span class='ocrx_word' id='word_1_456' title='bbox 1519 4491 1770 4577; x_wconf 85' lang='lat' dir='ltr'><strong>increparemus,</strong></span> <span class='ocrx_word' id='word_1_457' title='bbox 1795 4491 1909 4577; x_wconf 93' lang='lat' dir='ltr'><strong>inquo</strong></span> <span class='ocrx_word' id='word_1_458' title='bbox 1933 4490 2104 4556; x_wconf 88' lang='lat' dir='ltr'><strong>nobiscum</strong></span> 
     </span>
     <span class='ocr_line' id='line_1_40' title="bbox 457 4595 2104 4684; baseline -0.001 -22"><span class='ocrx_word' id='word_1_459' title='bbox 457 4609 568 4684; x_wconf 91' lang='lat' dir='ltr'><strong>agunt,</strong></span> <span class='ocrx_word' id='word_1_460' title='bbox 592 4609 625 4662; x_wconf 90' lang='lat' dir='ltr'><strong>et</strong></span> <span class='ocrx_word' id='word_1_461' title='bbox 647 4596 810 4662; x_wconf 85' lang='lat' dir='ltr'><strong>interdum</strong></span> <span class='ocrx_word' id='word_1_462' title='bbox 831 4596 983 4660; x_wconf 91' lang='lat' dir='ltr'><strong>demonia</strong></span> <span class='ocrx_word' id='word_1_463' title='bbox 1005 4597 1136 4678; x_wconf 89' lang='lat' dir='ltr'><strong>eiciunt,</strong></span> <span class='ocrx_word' id='word_1_464' title='bbox 1160 4596 1316 4662; x_wconf 87' lang='lat' dir='ltr'><strong>videlicet</strong></span> <span class='ocrx_word' id='word_1_465' title='bbox 1339 4619 1413 4660; x_wconf 89' lang='lat' dir='ltr'><strong>curn</strong></span> <span class='ocrx_word' id='word_1_466' title='bbox 1435 4595 1604 4661; x_wconf 86' lang='lat' dir='ltr'><strong>babtizant</strong></span> <span class='ocrx_word' id='word_1_467' title='bbox 1627 4597 1680 4661; x_wconf 89' lang='lat' dir='ltr'><strong>vel</strong></span> <span class='ocrx_word' id='word_1_468' title='bbox 1703 4597 1854 4680; x_wconf 84' lang='lat' dir='ltr'><strong>infantes,</strong></span> <span class='ocrx_word' id='word_1_469' title='bbox 1877 4597 1931 4662; x_wconf 88' lang='lat' dir='ltr'><strong>vel</strong></span> <span class='ocrx_word' id='word_1_470' title='bbox 1950 4597 2031 4663; x_wconf 90' lang='lat' dir='ltr'><strong>alios</strong></span> <span class='ocrx_word' id='word_1_471' title='bbox 2056 4620 2104 4662; x_wconf 85' lang='lat' dir='ltr'><strong>er·</strong></span> 
     </span>
     <span class='ocr_line' id='line_1_41' title="bbox 457 4702 2149 4790; baseline -0.003 -21"><span class='ocrx_word' id='word_1_472' title='bbox 457 4704 572 4785; x_wconf 63' lang='lat' dir='ltr'><strong>roresl,</strong></span> <span class='ocrx_word' id='word_1_473' title='bbox 584 4705 623 4767; x_wconf 92' lang='lat' dir='ltr'><strong>in·</strong></span> <span class='ocrx_word' id='word_1_474' title='bbox 635 4726 699 4790; x_wconf 91' lang='lat' dir='ltr'><strong>quo</strong></span> <span class='ocrx_word' id='word_1_475' title='bbox 714 4703 778 4789; x_wconf 92' lang='lat' dir='ltr'><strong>ipsi</strong></span> <span class='ocrx_word' id='word_1_476' title='bbox 795 4713 869 4768; x_wconf 89' lang='lat' dir='ltr'><strong>sunt</strong></span> <span class='ocrx_word' id='word_1_477' title='bbox 886 4702 1126 4784; x_wconf 87' lang='lat' dir='ltr'><strong>excusabiliter,</strong></span> <span class='ocrx_word' id='word_1_478' title='bbox 1139 4704 1337 4789; x_wconf 89' lang='lat' dir='ltr'><strong>ignorantes,</strong></span> <span class='ocrx_word' id='word_1_479' title='bbox 1351 4703 1404 4767; x_wconf 91' lang='lat' dir='ltr'><strong>vel</strong></span> <span class='ocrx_word' id='word_1_480' title='bbox 1420 4705 1518 4768; x_wconf 89' lang='lat' dir='ltr'><strong>etiam</strong></span> <span class='ocrx_word' id='word_1_481' title='bbox 1535 4725 1601 4786; x_wconf 91' lang='lat' dir='ltr'><strong>eos,</strong></span> <span class='ocrx_word' id='word_1_482' title='bbox 1615 4704 1670 4790; x_wconf 92' lang='lat' dir='ltr'><strong>qui</strong></span> <span class='ocrx_word' id='word_1_483' title='bbox 1686 4715 1823 4790; x_wconf 88' lang='lat' dir='ltr'><strong>urgente</strong></span> <span class='ocrx_word' id='word_1_484' title='bbox 1838 4705 1950 4770; x_wconf 89' lang='lat' dir='ltr'><strong>mortis</strong></span> <span class='ocrx_word' id='word_1_485' title='bbox 1968 4703 2105 4770; x_wconf 87' lang='lat' dir='ltr'><strong>articulo</strong></span> <span class='ocrx_word' id='word_1_486' title='bbox 2123 4727 2149 4764; x_wconf 86' lang='grc' dir='ltr'><strong>ιιι</strong></span> 
     </span>
     <span class='ocr_line' id='line_1_42' title="bbox 456 4808 2105 4898; baseline 0.001 -23"><span class='ocrx_word' id='word_1_487' title='bbox 456 4834 522 4876; x_wconf 88' lang='lat' dir='ltr'><strong>non</strong></span> <span class='ocrx_word' id='word_1_488' title='bbox 538 4809 683 4875; x_wconf 88' lang='lat' dir='ltr'><strong>valentes</strong></span> <span class='ocrx_word' id='word_1_489' title='bbox 705 4808 827 4874; x_wconf 89' lang='lat' dir='ltr'><strong>habere</strong></span> <span class='ocrx_word' id='word_1_490' title='bbox 848 4808 1024 4874; x_wconf 87' lang='lat' dir='ltr'><strong>catholicos</strong></span> <span class='ocrx_word' id='word_1_491' title='bbox 1047 4808 1265 4874; x_wconf 84' lang='lat' dir='ltr'><strong>babtizatores</strong></span> <span class='ocrx_word' id='word_1_492' title='bbox 1289 4811 1455 4896; x_wconf 90' lang='lat' dir='ltr'><strong>accipiunt</strong></span> <span class='ocrx_word' id='word_1_493' title='bbox 1477 4832 1536 4896; x_wconf 92' lang='lat' dir='ltr'><strong>per</strong></span> <span class='ocrx_word' id='word_1_494' title='bbox 1558 4811 1728 4893; x_wconf 88' lang='lat' dir='ltr'><strong>hereticos,</strong></span> <span class='ocrx_word' id='word_1_495' title='bbox 1753 4811 1841 4898; x_wconf 93' lang='lat' dir='ltr'><strong>quod</strong></span> <span class='ocrx_word' id='word_1_496' title='bbox 1864 4810 1997 4876; x_wconf 91' lang='lat' dir='ltr'><strong>mallent</strong></span> <span class='ocrx_word' id='word_1_497' title='bbox 2019 4812 2105 4876; x_wconf 89' lang='lat' dir='ltr'><strong>acci-</strong></span> 
     </span>
     <span class='ocr_line' id='line_1_43' title="bbox 351 4913 2105 5006; baseline -0.001 -23"><span class='ocrx_word' id='word_1_498' title='bbox 351 4944 439 4986; x_wconf 72' lang='lat' dir='ltr'><strong>·mos.</strong></span> <span class='ocrx_word' id='word_1_499' title='bbox 456 4941 534 5006; x_wconf 92' lang='lat' dir='ltr'><strong>pere</strong></span> <span class='ocrx_word' id='word_1_500' title='bbox 565 4940 624 5004; x_wconf 92' lang='lat' dir='ltr'><strong>per</strong></span> <span class='ocrx_word' id='word_1_501' title='bbox 654 4915 840 4981; x_wconf 87' lang='lat' dir='ltr'><strong>catholicos.</strong></span> <span class='ocrx_word' id='word_1_502' title='bbox 892 4913 1019 4995; x_wconf 79' lang='lat' dir='ltr'><strong>Quibus</strong></span> <span class='ocrx_word' id='word_1_503' title='bbox 1052 4917 1097 4980; x_wconf 89' lang='lat' dir='ltr'><strong>ita</strong></span> <span class='ocrx_word' id='word_1_504' title='bbox 1126 4913 1299 4980; x_wconf 87' lang='lat' dir='ltr'><strong>babtizatis</strong></span> <span class='ocrx_word' id='word_1_505' title='bbox 1334 4918 1488 5003; x_wconf 91' lang='lat' dir='ltr'><strong>quoniam</strong></span> <span class='ocrx_word' id='word_1_506' title='bbox 1517 4917 1629 4982; x_wconf 80' lang='lat' dir='ltr'><strong>‘corde</strong></span> <span class='ocrx_word' id='word_1_507' title='bbox 1664 4940 1728 4982; x_wconf 90' lang='lat' dir='ltr'><strong>non</strong></span> <span class='ocrx_word' id='word_1_508' title='bbox 1759 4916 1924 5003; x_wconf 90' lang='lat' dir='ltr'><strong>abnegant</strong></span> <span class='ocrx_word' id='word_1_509' title='bbox 1953 4920 2105 4984; x_wconf 84' lang='lat' dir='ltr'><strong>virtutem</strong></span> 
     </span>
     <span class='ocr_line' id='line_1_44' title="bbox 459 5021 2106 5112; baseline 0 -23"><span class='ocrx_word' id='word_1_510' title='bbox 459 5026 597 5111; x_wconf 89' lang='lat' dir='ltr'><strong>pietatis,</strong></span> <span class='ocrx_word' id='word_1_511' title='bbox 621 5045 687 5088; x_wconf 94' lang='lat' dir='ltr'><strong>non</strong></span> <span class='ocrx_word' id='word_1_512' title='bbox 709 5021 870 5086; x_wconf 57' lang='lat' dir='ltr'><strong>inaniter*</strong></span> <span class='ocrx_word' id='word_1_513' title='bbox 892 5022 1000 5086; x_wconf 91' lang='lat' dir='ltr'><strong>inesse</strong></span> <span class='ocrx_word' id='word_1_514' title='bbox 1024 5021 1223 5086; x_wconf 88' lang='lat' dir='ltr'><strong>credendum</strong></span> <span class='ocrx_word' id='word_1_515' title='bbox 1247 5033 1305 5105; x_wconf 90' lang='lat' dir='ltr'><strong>est,</strong></span> <span class='ocrx_word' id='word_1_516' title='bbox 1330 5024 1437 5088; x_wconf 90' lang='lat' dir='ltr'><strong>inesse</strong></span> <span class='ocrx_word' id='word_1_517' title='bbox 1461 5026 1567 5111; x_wconf 92' lang='lat' dir='ltr'><strong>ipsum</strong></span> <span class='ocrx_word' id='word_1_518' title='bbox 1591 5034 1829 5089; x_wconf 89' lang='lat' dir='ltr'><strong>sacramentum</strong></span> <span class='ocrx_word' id='word_1_519' title='bbox 1851 5026 1994 5112; x_wconf 89' lang='lat' dir='ltr'><strong>pietatis.</strong></span> <span class='ocrx_word' id='word_1_520' title='bbox 2033 5025 2106 5090; x_wconf 90' lang='lat' dir='ltr'><strong>Hoc</strong></span> 
     </span>
     <span class='ocr_line' id='line_1_45' title="bbox 457 5126 2105 5218; baseline 0.001 -23"><span class='ocrx_word' id='word_1_521' title='bbox 457 5132 575 5195; x_wconf 90' lang='lat' dir='ltr'><strong>intuitu</strong></span> <span class='ocrx_word' id='word_1_522' title='bbox 598 5138 804 5216; x_wconf 87' lang='lat' dir='ltr'><strong>prenotatum</strong></span> <span class='ocrx_word' id='word_1_523' title='bbox 819 5126 1045 5192; x_wconf 91' lang='lat' dir='ltr'><strong>Placentinum</strong></span> <span class='ocrx_word' id='word_1_524' title='bbox 1064 5128 1259 5193; x_wconf 83' lang='lat' dir='ltr'><strong>conciliuml</strong></span> <span class='ocrx_word' id='word_1_525' title='bbox 1282 5151 1302 5194; x_wconf 92' lang='lat' dir='ltr'><strong>a</strong></span> <span class='ocrx_word' id='word_1_526' title='bbox 1325 5131 1521 5216; x_wconf 87' lang='lat' dir='ltr'><strong>symoniacis</strong></span> <span class='ocrx_word' id='word_1_527' title='bbox 1544 5130 1696 5196; x_wconf 89' lang='lat' dir='ltr'><strong>hereticis</strong></span> <span class='ocrx_word' id='word_1_528' title='bbox 1720 5153 1785 5196; x_wconf 94' lang='lat' dir='ltr'><strong>non</strong></span> <span class='ocrx_word' id='word_1_529' title='bbox 1809 5133 1997 5218; x_wconf 89' lang='lat' dir='ltr'><strong>symoniace</strong></span> <span class='ocrx_word' id='word_1_530' title='bbox 2021 5130 2105 5196; x_wconf 92' lang='lat' dir='ltr'><strong>ordi-</strong></span> 
     </span>
    </p>
   </div>
   <div class='ocr_carea' id='block_1_3' title="bbox 459 5345 2151 5592">
    <p class='ocr_par' dir='ltr' id='par_1_5' title="bbox 459 5345 2151 5592">
     <span class='ocr_line' id='line_1_46' title="bbox 565 5345 2151 5414; baseline 0.003 -16"><span class='ocrx_word' id='word_1_531' title='bbox 565 5347 591 5409; x_wconf 86' lang='grc' dir='ltr'><strong>ιι)</strong></span> <span class='ocrx_word' id='word_1_532' title='bbox 613 5354 803 5412; x_wconf 88' lang='lat' dir='ltr'><strong>qu.-coast.</strong></span> <span class='ocrx_word' id='word_1_533' title='bbox 822 5348 851 5397; x_wconf 83' lang='lat' dir='ltr'><strong>in</strong></span> <span class='ocrx_word' id='word_1_534' title='bbox 869 5363 947 5410; x_wconf 71' lang='lat' dir='ltr'><strong>scarp.</strong></span> <span class='ocrx_word' id='word_1_535' title='bbox 966 5347 1048 5412; x_wconf 73' lang='lat' dir='ltr'><strong>mppl</strong></span> <span class='ocrx_word' id='word_1_536' title='bbox 1064 5349 1087 5396; x_wconf 93' lang='lat'><strong>1.</strong></span> <span class='ocrx_word' id='word_1_537' title='bbox 1159 5345 1188 5409; x_wconf 90' lang='lat' dir='ltr'><strong>b)</strong></span> <span class='ocrx_word' id='word_1_538' title='bbox 1209 5348 1316 5413; x_wconf 85' lang='lat' dir='ltr'><strong>integra</strong></span> <span class='ocrx_word' id='word_1_539' title='bbox 1336 5351 1360 5398; x_wconf 83' lang='lat'><strong>2.</strong></span> <span class='ocrx_word' id='word_1_540' title='bbox 1433 5345 1459 5409; x_wconf 86' lang='lat' dir='ltr'><strong>c)</strong></span> <span class='ocrx_word' id='word_1_541' title='bbox 1481 5350 1541 5414; x_wconf 88' lang='lat' dir='ltr'><strong>quis</strong></span> <span class='ocrx_word' id='word_1_542' title='bbox 1561 5355 1626 5413; x_wconf 86' lang='lat' dir='ltr'><strong>agat</strong></span> <span class='ocrx_word' id='word_1_543' title='bbox 1646 5351 1708 5400; x_wconf 69' lang='lat'><strong>23.</strong></span> <span class='ocrx_word' id='word_1_544' title='bbox 1781 5345 1809 5410; x_wconf 84' lang='lat' dir='ltr'><strong>d)</strong></span> <span class='ocrx_word' id='word_1_545' title='bbox 1832 5366 1868 5400; x_wconf 86' lang='lat' dir='ltr'><strong>er.</strong></span> <span class='ocrx_word' id='word_1_546' title='bbox 1883 5356 1957 5402; x_wconf 87' lang='lat' dir='ltr'><strong>unct.</strong></span> <span class='ocrx_word' id='word_1_547' title='bbox 1975 5350 2025 5400; x_wconf 75' lang='lat' dir='ltr'><strong>des.</strong></span> <span class='ocrx_word' id='word_1_548' title='bbox 2043 5353 2067 5401; x_wconf 82' lang='lat'><strong>2.</strong></span> <span class='ocrx_word' id='word_1_549' title='bbox 2082 5353 2106 5401; x_wconf 85' lang='lat'><strong>3.</strong></span> <span class='ocrx_word' id='word_1_550' title='bbox 2124 5363 2151 5402; x_wconf 77' lang='lat' dir='ltr'><strong>tt</strong></span> 
     </span>
     <span class='ocr_line' id='line_1_47' title="bbox 459 5435 2105 5505; baseline 0.002 -18"><span class='ocrx_word' id='word_1_551' title='bbox 459 5437 485 5498; x_wconf 80' lang='lat' dir='ltr'><strong>e)</strong></span> <span class='ocrx_word' id='word_1_552' title='bbox 508 5438 577 5486; x_wconf 89' lang='lat' dir='ltr'><strong>cath.</strong></span> <span class='ocrx_word' id='word_1_553' title='bbox 592 5436 659 5487; x_wconf 91' lang='lat' dir='ltr'><strong>eccl.</strong></span> <span class='ocrx_word' id='word_1_554' title='bbox 680 5439 703 5486; x_wconf 84' lang='lat'><strong>3.</strong></span> <span class='ocrx_word' id='word_1_555' title='bbox 758 5435 779 5494; x_wconf 75' lang='grc' dir='ltr'><strong>ι’)</strong></span> <span class='ocrx_word' id='word_1_556' title='bbox 802 5443 875 5486; x_wconf 84' lang='lat' dir='ltr'><strong>et-</strong></span> <span class='ocrx_word' id='word_1_557' title='bbox 890 5435 961 5486; x_wconf 83' lang='lat' dir='ltr'><strong>offici</strong></span> <span class='ocrx_word' id='word_1_558' title='bbox 980 5435 1008 5484; x_wconf 81' lang='grc' dir='ltr'><strong>ιἰι</strong></span> <span class='ocrx_word' id='word_1_559' title='bbox 1020 5453 1098 5501; x_wconf 72' lang='lat' dir='ltr'><strong>story.</strong></span> <span class='ocrx_word' id='word_1_560' title='bbox 1112 5435 1187 5500; x_wconf 73' lang='lat' dir='ltr'><strong>lasea</strong></span> <span class='ocrx_word' id='word_1_561' title='bbox 1205 5435 1329 5500; x_wconf 57' lang='lat' dir='ltr'><strong>,apium</strong></span> <span class='ocrx_word' id='word_1_562' title='bbox 1349 5439 1408 5488; x_wconf 91' lang='lat' dir='ltr'><strong>iunt</strong></span> <span class='ocrx_word' id='word_1_563' title='bbox 1422 5463 1453 5471; x_wconf 87' lang='lat'>-</span> <span class='ocrx_word' id='word_1_564' title='bbox 1468 5437 1556 5488; x_wconf 88' lang='lat' dir='ltr'><strong>oculis</strong></span> <span class='ocrx_word' id='word_1_565' title='bbox 1570 5439 1663 5504; x_wconf 79' lang='lat' dir='ltr'><strong>procul</strong></span> <span class='ocrx_word' id='word_1_566' title='bbox 1676 5439 1751 5489; x_wconf 78' lang='lat' dir='ltr'><strong>dubio</strong></span> <span class='ocrx_word' id='word_1_567' title='bbox 1768 5439 1854 5489; x_wconf 73' lang='grc' dir='ltr'>αόιιιίι.</span> <span class='ocrx_word' id='word_1_568' title='bbox 1874 5441 1898 5490; x_wconf 86' lang='grc'><strong>3.</strong></span> <span class='ocrx_word' id='word_1_569' title='bbox 1953 5435 1982 5505; x_wconf 84' lang='lat' dir='ltr'><strong>g)</strong></span> <span class='ocrx_word' id='word_1_570' title='bbox 1998 5440 2064 5490; x_wconf 79' lang='lat' dir='ltr'><strong>deest</strong></span> <span class='ocrx_word' id='word_1_571' title='bbox 2079 5443 2105 5502; x_wconf 77' lang='lat'><strong>¹3</strong></span> 
     </span>
     <span class='ocr_line' id='line_1_48' title="bbox 459 5520 1830 5592; baseline 0.001 -15"><span class='ocrx_word' id='word_1_572' title='bbox 459 5528 540 5577; x_wconf 89' lang='lat' dir='ltr'><strong>docet</strong></span> <span class='ocrx_word' id='word_1_573' title='bbox 560 5532 646 5592; x_wconf 90' lang='lat' dir='ltr'><strong>apost.</strong></span> <span class='ocrx_word' id='word_1_574' title='bbox 667 5542 726 5574; x_wconf 88' lang='lat' dir='ltr'><strong>cav.</strong></span> <span class='ocrx_word' id='word_1_575' title='bbox 746 5527 770 5574; x_wconf 82' lang='lat'><strong>2.</strong></span> <span class='ocrx_word' id='word_1_576' title='bbox 791 5528 815 5575; x_wconf 89' lang='grc'><strong>3.</strong></span> <span class='ocrx_word' id='word_1_577' title='bbox 889 5520 917 5584; x_wconf 83' lang='grc' dir='ltr'><strong>Ιι)</strong></span> <span class='ocrx_word' id='word_1_578' title='bbox 938 5531 1034 5588; x_wconf 86' lang='lat' dir='ltr'><strong>pareat</strong></span> <span class='ocrx_word' id='word_1_579' title='bbox 1053 5527 1078 5574; x_wconf 80' lang='lat'><strong>2.</strong></span> <span class='ocrx_word' id='word_1_580' title='bbox 1151 5523 1171 5584; x_wconf 89' lang='lat' dir='ltr'><strong>i)</strong></span> <span class='ocrx_word' id='word_1_581' title='bbox 1194 5533 1283 5575; x_wconf 79' lang='lat' dir='ltr'><strong>errore</strong></span> <span class='ocrx_word' id='word_1_582' title='bbox 1303 5527 1327 5575; x_wconf 80' lang='lat'><strong>2.</strong></span> <span class='ocrx_word' id='word_1_583' title='bbox 1402 5525 1429 5588; x_wconf 83' lang='lat' dir='ltr'><strong>k)</strong></span> <span class='ocrx_word' id='word_1_584' title='bbox 1451 5527 1480 5576; x_wconf 89' lang='lat' dir='ltr'><strong>in</strong></span> <span class='ocrx_word' id='word_1_585' title='bbox 1500 5527 1573 5577; x_wconf 89' lang='lat' dir='ltr'><strong>cred.</strong></span> <span class='ocrx_word' id='word_1_586' title='bbox 1593 5536 1634 5577; x_wconf 86' lang='lat' dir='ltr'><strong>est</strong></span> <span class='ocrx_word' id='word_1_587' title='bbox 1653 5529 1742 5578; x_wconf 87' lang='lat' dir='ltr'><strong>inesse</strong></span> <span class='ocrx_word' id='word_1_588' title='bbox 1762 5530 1786 5578; x_wconf 82' lang='lat'><strong>2.</strong></span> <span class='ocrx_word' id='word_1_589' title='bbox 1806 5531 1830 5579; x_wconf 79' lang='lat'><strong>3.</strong></span> 
     </span>
    </p>
   </div>
   <div class='ocr_carea' id='block_1_4' title="bbox 569 5705 788 5776">
    <p class='ocr_par' dir='ltr' id='par_1_6' title="bbox 569 5705 788 5776">
     <span class='ocr_line' id='line_1_49' title="bbox 569 5705 788 5776; baseline 0.005 -15"><span class='ocrx_word' id='word_1_590' title='bbox 569 5705 597 5776; x_wconf 90' lang='lat'><strong>1)</strong></span> <span class='ocrx_word' id='word_1_591' title='bbox 625 5705 655 5764; x_wconf 82' lang='lat' dir='ltr'><strong>c.</strong></span> <span class='ocrx_word' id='word_1_592' title='bbox 682 5707 710 5762; x_wconf 82' lang='lat' dir='ltr'><strong>a</strong></span> <span class='ocrx_word' id='word_1_593' title='bbox 735 5708 753 5763; x_wconf 86' lang='grc' dir='ltr'><strong>ι.</strong></span> <span class='ocrx_word' id='word_1_594' title='bbox 771 5707 788 5762; x_wconf 85' lang='grc' dir='ltr'><strong>ι.</strong></span> 
     </span>
    </p>
   </div>
   <div class='ocr_carea' id='block_1_5' title="bbox 0 0 2219 6404">
    <p class='ocr_par' dir='ltr' id='par_1_7' title="bbox 0 0 2219 6404">
     <span class='ocr_line' id='line_1_50' title="bbox 0 0 2219 6404; baseline 0 0"><span class='ocrx_word' id='word_1_595' title='bbox 0 0 2219 6404; x_wconf 95' lang='lat' dir='ltr'><strong> </strong></span> 
     </span>
    </p>
   </div>
  </div>
 </body>
</html>
