4410 6406
572 345 690 400 LIBER
712 347 765 402 DE
790 345 1054 403 NOVITATIBUS
1081 345 1199 401 HUIUS
1224 346 1432 400 TEMPORIS.
1762 340 1827 402 ’291

165 529 373 596 sidet-atione
397 543 586 618 suggestum
610 543 659 596 est
683 533 790 597 eidem
821 545 1015 620 persancte
1040 533 1275 597 recordationis
1300 535 1405 598 virum
1435 533 1587 598 abbatem
1611 532 1829 599 Olarevallen-

166 659 241 701 sem
255 643 275 719 ¹,
299 648 335 702 ut
351 638 505 702 videlicet
520 640 707 726 perquisitis
731 639 973 725 neglectoribus
997 641 1159 725 episcopis
1184 639 1285 703 malos
1302 639 1418 725 perdat
1442 653 1474 704 et
1491 642 1619 705 vineam
1636 663 1728 704 suam
1745 640 1845 712 locet¹

165 743 246 807 aliis
271 745 421 830 agricolis
446 747 502 832 qui
527 745 665 810 reddant
695 747 835 811 fructum
860 745 1060 832 temporibus
1085 747 1150 809 suis
1175 746 1328 810 mandata
1353 747 1440 811 sedis
1465 746 1642 833 apostolice
1667 747 1828 812 servando

166 863 204 914 et
228 865 297 916 tam
321 851 457 916 cenobia
481 875 580 938 quarn
603 853 749 939 plebales
773 854 951 918 aecclesias
975 851 1210 917 rationabiliter
1233 852 1424 917 ordinando.
1460 853 1610 940 Amplius
1634 853 1740 918 adhuc
1764 854 1827 918 for-

127 959 237 1021 stius
261 958 433 1023 dicendum
458 971 517 1040 est,
542 970 577 1024 ut
601 959 761 1024 Rubenite
792 963 853 1024 iste
884 983 949 1024 non
980 969 1138 1024 crescant.
1187 958 1273 1039 Quia
1298 960 1384 1022 euim
1408 960 1508 1023 semel
1532 971 1564 1024 et
1588 960 1682 1024 simul
1706 961 1827 1026 auferri

167 1087 238 1128 non
262 1076 405 1151 possunt,
437 1066 491 1129 isti
516 1077 729 1152 occupatores
754 1077 860 1131 terrae
885 1078 1028 1146 sanctae,
1053 1067 1109 1152 qui
1136 1067 1169 1128 in
1193 1076 1279 1129 terra
1303 1077 1488 1130 sanctorum
1512 1067 1623 1152 inique
1647 1079 1757 1152 agunt,
1787 1092 1826 1132 ae
1845 1092 2006 1140 sarmasia.

168 1185 346 1258 propterca
369 1196 434 1236 non
450 1172 609 1237 videbunt
625 1173 760 1258 gloriam
778 1174 922 1256 Domini,
946 1174 1082 1237 firmiter
1105 1171 1315 1236 indicendum
1333 1183 1382 1235 est
1399 1173 1572 1258 episcopis,
1598 1195 1638 1237 ue
1663 1173 1826 1259 aliquibus

169 1300 285 1342 corum
309 1279 543 1344 decedentibus
568 1302 679 1344 eorum
703 1281 888 1344 consimiles
919 1282 952 1344 in
977 1303 1087 1343 eorum
1111 1279 1184 1344 loca
1208 1278 1434 1364 subrogentur,
1467 1278 1524 1343 sed
1553 1278 1594 1343 ab
1619 1281 1665 1343 eis
1689 1280 1824 1346 liberata

170 1385 335 1470 stipendia
363 1387 395 1449 in
420 1409 497 1450 usus
521 1386 594 1451 Deo
619 1387 812 1472 regulariter
835 1389 1045 1452 servientium
1070 1397 1102 1450 et
1125 1386 1261 1450 aliorum
1287 1384 1408 1450 Christi
1432 1409 1612 1472 pauperum
1637 1386 1825 1473 dispensen-

113 1515 146 1553 ro
169 1505 234 1570 tur,
266 1493 349 1556 sicut
371 1505 496 1579 martyr
519 1504 551 1557 et
575 1517 661 1580 papa
684 1493 838 1558 Urbanus
862 1497 895 1558 in
920 1496 986 1558 suis
1010 1493 1150 1558 decretis
1174 1493 1309 1556 mandat
1332 1492 1483 1556 dieasse:
1517 1493 1589 1580 Ipse
1612 1519 1662 1559 res
1685 1497 1793 1582 serpat
1814 1535 1825 1544 ·

168 1625 242 1674 rara
264 1601 509 1685 parrochiarum
543 1604 575 1665 ia
599 1601 717 1666 ditione
748 1605 965 1688 episcoporurrr
996 1605 1055 1688 qai
1083 1603 1182 1664 locuni
1214 1615 1313 1664 terreat
1343 1602 1553 1686 apostolorarrr
1585 1616 1674 1664 eruat
1703 1617 1732 1665 et
1756 1618 1828 1665 sual

169 1707 276 1770 udlrrrc
299 1721 327 1771 et
334 1709 463 1794 futuris
486 1733 607 1794 seraper
624 1709 733 1773 ‹lebeat
754 1734 818 1773 esee
842 1711 1041 1795 tempor-ibas,
1066 1709 1233 1792 exquibus
1252 1710 1396 1793 episcopi
1410 1708 1560 1794 etflrleles
1577 1733 1682 1772 eor-ura
1699 1709 1825 1795 rlrspea·

168 1828 289 1876 sato-res
313 1816 455 1878 apartibus
478 1840 667 1880 corrrrrrurrera
696 1818 792 1880 riam
817 1817 926 1902 degere
957 1817 1129 1879 rolerrtihrrs
1154 1817 1349 1878 'rrrirristrnre
1373 1829 1482 1878 crrrrcta
1506 1818 1682 1878 rrecessaria
1708 1816 1825 1896 debeat,
1845 1840 1922 1890 rau.

164 1935 264 2004 prout
287 1922 399 1984 arelius
408 1924 581 2006 potnerunt,
606 1937 639 1986 at
660 1946 748 1986 neruo
772 1925 806 1986 in
830 1926 876 1986 eis
899 1947 989 2009 eqeas
1014 1924 1200 1986 irre-erriatur.
1248 1920 1337 1983 Ecce
1362 1919 1547 1984 audivimus
1572 1921 1824 1985 consolationem

120 2050 149 2088 rs
170 2026 363 2111 dispositam
392 2049 451 2112 per
482 2027 645 2113 apostolos
677 2041 709 2092 et
738 2029 933 2114 apostolicos
958 2030 1044 2092 viros
1075 2026 1225 2091 omnibus
1257 2049 1460 2090 communem
1488 2029 1589 2091 vitam
1620 2027 1824 2112 eligentibus.

169 2132 330 2196 Videmus
355 2147 462 2197 autem
488 2157 504 2197 c
529 2137 691 2200 contrario
716 2158 868 2220 magnam
893 2135 1135 2208 desolationem,
1161 2156 1234 2198 eum
1259 2132 1422 2218 stipendia
1445 2134 1600 2219 spiritalis
1628 2135 1762 2198 militiae
1787 2159 1824 2198 ac

170 2239 330 2324 regularis
355 2241 441 2304 vitae
473 2242 505 2304 in
531 2240 693 2305 seculares
717 2244 878 2306 vanitates
902 2242 1078 2306 translatae
1102 2241 1165 2304 illis
1190 2240 1366 2318 abundant,
1392 2241 1448 2326 qui
1473 2240 1592 2304 exinde
1617 2241 1691 2306 huic
1716 2241 1824 2306 seculo

170 2346 311 2411 militant
342 2359 438 2433 atque
469 2347 516 2411 illi
547 2359 680 2432 egentes
711 2350 888 2434 angustiati
913 2359 945 2412 et
969 2347 1081 2411 afflicti
1107 2359 1189 2426 suut,
1214 2346 1333 2432 quibus
1358 2347 1475 2432 diguus
1507 2369 1570 2410 non
1596 2359 1644 2412 est
1674 2348 1823 2412 mundus.

167 2453 289 2518 Adhuc
320 2466 427 2519 antem
453 2456 479 2518 si
504 2455 664 2537 adtendis,
696 2455 976 2520 abhominationes
1007 2457 1145 2519 maiores
1170 2453 1309 2518 ridebis.
1356 2453 1440 2518 Nam
1465 2477 1538 2518 cum
1564 2456 1605 2518 sit
1628 2479 1747 2540 magna
1771 2455 1825 2519 de·

121 2587 148 2623 so
168 2560 296 2642 solatio,
322 2585 386 2648 qua
410 2563 621 2648 exposuimus
645 2563 765 2626 auferri
790 2563 953 2648 stipendia
976 2561 1087 2626 debita
1111 2561 1183 2625 Deo
1214 2560 1427 2625 militantibus
1458 2563 1491 2624 in
1515 2563 1677 2625 communi
1702 2563 1770 2625 vita
1794 2574 1826 2626 et

168 2667 210 2730 ad
236 2668 296 2732 hos
320 2669 487 2732 transferri
512 2671 566 2755 qui
592 2669 711 2734 exinde
743 2669 883 2733 militant
912 2669 987 2733 huic
1019 2669 1138 2750 seculo,
1170 2667 1249 2732 illud
1280 2667 1393 2753 procul
1422 2667 1521 2732 dubio
1553 2667 1825 2732 abhominationis

169 2773 329 2838 desolatio
354 2787 412 2857 est,
437 2775 524 2862 quod
548 2776 699 2840 monachi
724 2789 755 2841 et
779 2777 946 2862 regulares
971 2777 1119 2839 canonici
1151 2775 1191 2838 de
1216 2776 1302 2860 agris
1334 2785 1390 2838 aut
1413 2775 1518 2838 vineis
1543 2787 1598 2838 aut
1622 2777 1824 2840 nutrimentis

169 2882 358 2946 animalium
383 2905 440 2946 suo
466 2895 595 2968 sumptu
620 2883 792 2947 elaboratis
818 2894 978 2968 coguntur
1001 2882 1127 2947 solvere
1152 2881 1296 2946 decimas
1328 2893 1384 2945 aut
1407 2881 1562 2946 militibus
1593 2893 1649 2946 aut
1673 2883 1824 2946 seculari-

169 2987 231 3051 bus
256 2988 383 3053 clericis
408 3000 520 3054 contra
544 3013 686 3054 canones
710 2992 860 3076 antiquos
885 3002 917 3054 et
940 3013 1052 3054 novos.
1087 2989 1172 3052 Nam
1189 2988 1229 3053 de
1254 2991 1396 3074 antiquis
1414 2999 1462 3052 est
1486 2989 1567 3053 illud
1584 2987 1720 3072 Urbani,
1738 2990 1825 3075 quod

120 3119 149 3158 ss
169 3096 388 3180 premisimus,
414 3097 467 3159 cui
490 3096 591 3160 multa
621 3097 739 3161 similia
769 3099 916 3161 invenire
947 3108 1054 3183 potest
1083 3097 1186 3160 lector
1216 3095 1388 3160 studiosus.
1436 3095 1489 3159 De
1513 3098 1606 3159 novis
1637 3108 1745 3159 autem
1770 3095 1823 3160 illa

170 3215 331 3288 suntque
355 3204 390 3266 in
408 3203 559 3268 conciliis
583 3204 787 3269 Innocentii³
812 3209 858 3268 'et
881 3204 1044 3288 Eugenii²
1068 3225 1166 3288 super
1188 3202 1249 3266 hoc
1274 3201 1432 3266 habemus
1456 3217 1563 3288 atque,
1589 3213 1623 3265 nt
1647 3226 1735 3265 more
1760 3226 1824 3266 non
1844 3229 1921 3278 *pne

170 3309 275 3372 solum
299 3308 446 3390 duorum,
471 3310 643 3374 sedetiam
667 3312 764 3375 trium
788 3313 918 3375 testium
942 3322 1005 3374 stet
1027 3310 1088 3373 hoc
1112 3311 1260 3373 iusticias
1277 3308 1424 3390 verbum,
1449 3321 1503 3373 tuo
1521 3332 1660 3395 quoque,
1677 3309 1822 3374 Adriane
1843 3335 2002 3384 narrarem.

170 3439 267 3502 papa,
292 3427 410 3480 statuto
434 3417 629 3502 indigemus,
654 3419 731 3503 quia
755 3417 909 3481 defuncto
926 3440 1011 3502 papa
1027 3417 1176 3501 Eugenio
1201 3427 1333 3501 putatur
1356 3415 1520 3479 abstultis
1545 3415 1733 3479 mandatum
1753 3417 1822 3479 eius

171 3524 292 3608 pariter
323 3546 394 3587 cum
426 3523 480 3586 illo
512 3523 700 3588 defunctum
730 3524 771 3588 de
795 3524 930 3588 decimis
961 3523 1156 3608 regularium
1189 3524 1418 3586 canonicorum
1444 3533 1476 3585 et
1499 3522 1730 3586 monachorum
1759 3545 1822 3586 non

123 3655 151 3692 so
169 3629 405 3715 persolvendis
423 3629 478 3694 ubi
495 3630 645 3694 manibus
670 3642 702 3694 et
725 3629 906 3716 sumptibus
923 3631 1061 3716 propriis
1086 3628 1254 3693 elaborant
1278 3652 1353 3692 suas
1377 3642 1490 3692 terras.
1526 3629 1610 3692 Nam
1635 3629 1675 3693 de
1701 3630 1822 3694 colonis

171 3759 283 3800 corarrn
307 3737 394 3800 nulla
418 3747 466 3800 est
490 3737 715 3819 contradictio,
740 3739 818 3824 quin
842 3736 887 3800 illi
912 3736 952 3800 de
978 3738 1042 3800 suis
1067 3736 1225 3800 fructibus
1250 3747 1347 3821 atque
1372 3735 1512 3798 fastibus
1536 3735 1612 3800 illuc
1637 3735 1822 3822 persolvere

170 3866 246 3906 suas
271 3841 415 3908 decimas
440 3843 590 3925 debeant,
615 3843 671 3908 ubi
695 3867 770 3908 suos
794 3844 933 3908 infantes
956 3842 1133 3929 baptizant,
1157 3842 1353 3906 metentibus
1377 3842 1439 3906 illis
1464 3865 1576 3906 eorum
1600 3842 1743 3907 carnalia
1767 3845 1821 3929 qui

172 3951 218 4012 eis
243 3950 431 4035 persolvunt
455 3951 621 4036 spiritalia.
670 3951 862 4036 Spirituales
886 3961 994 4014 autern
1018 3952 1090 4026 viri,
1119 3950 1269 4014 monaehi
1295 3963 1325 4013 et
1349 3949 1515 4034 regulares
1540 3951 1698 4028 canonici,
1724 3951 1779 4036 qui
1804 3973 1821 4013 a

167 4055 319 4142 plebanis
342 4056 542 4143 presbyteris
566 4057 655 4121 nulla
677 4060 847 4144 requirunt
870 4057 1059 4142 spiritualia,
1085 4059 1180 4121 nimis
1204 4058 1356 4120 iniuriose
1383 4068 1542 4140 coguntur
1565 4058 1611 4118 eis
1635 4057 1821 4142 persolvere

125 4188 151 4226 ss
171 4163 324 4228 carnalia.
374 4164 401 4228 O
426 4165 509 4228 mira
540 4163 696 4228 desolatio
727 4175 760 4228 et
787 4163 987 4227 detestabilis
1019 4163 1238 4228 abhominatio
1270 4163 1489 4244 desolationis,
1522 4186 1595 4226 cunr
1622 4162 1679 4242 illi,
1704 4162 1840 4248 quibus

122 4335 124 4346 ⁴
172 4270 211 4334 de
233 4270 367 4335 decimis
392 4271 503 4357 populi
520 4283 606 4334 esset
629 4271 850 4357 impendenda
874 4271 1061 4352 consolatio,
1087 4271 1299 4355 angariantur
1315 4268 1516 4334 secularibus
1533 4271 1681 4355 personis
1698 4270 1738 4334 de
1755 4258 1821 4333 suis

171 4376 336 4442 laboribus
360 4377 505 4444 decimas
529 4377 619 4459 dare,
644 4401 725 4464 quas
749 4380 856 4463 potius
881 4379 1034 4462 episcopo
1059 4377 1268 4462 dispensante
1300 4378 1361 4462 ipsi
1393 4375 1434 4440 ab
1459 4378 1506 4439 eis
1537 4376 1653 4440 adsui
1678 4377 1822 4440 consola-

171 4485 290 4546 tionem
323 4483 481 4548 deberent
510 4487 671 4570 accipere.
718 4485 829 4548 Latuit
860 4484 1015 4547 hactenus
1045 4485 1107 4547 ista
1138 4483 1347 4547 desolationis
1378 4482 1599 4547 abhominatio
1631 4485 1725 4569 quasi
1754 4484 1821 4547 val·
1843 4475 1993 4574 mallim

172 4590 289 4676 pecula
318 4591 431 4655 foveas
461 4590 600 4672 habens,
632 4591 708 4655 dum
739 4591 839 4654 veluti
875 4590 935 4654 sub
966 4590 1063 4675 pallio
1095 4591 1242 4654 iusticias
1273 4589 1492 4675 pharisaicae,
1524 4611 1586 4675 que
1616 4601 1759 4654 mentam
1791 4602 1823 4655 et
1843 4617 1982 4665 isarna.

125 4723 154 4759 ro
170 4709 276 4774 rutam
301 4708 333 4761 ct
356 4720 450 4761 omne
475 4698 567 4762 holus
592 4698 818 4761 *addecirnans
842 4698 993 4782 graviora
1015 4697 1097 4782 legis
1121 4698 1282 4760 iusticiam
1307 4696 1432 4760 scilicet
1456 4707 1487 4760 et
1511 4697 1767 4762 misericordiam
1792 4709 1823 4761 ct
1843 4723 1921 4772 aas.

122 4863 125 4870 .
171 4803 270 4867 fidem
293 4806 450 4890 preterire
475 4805 565 4885 solet,
598 4805 644 4868 sic
674 4804 818 4867 districtc
851 4801 892 4866 ab
917 4802 1066 4866 omnibus
1097 4803 1318 4888 exigebantur
1337 4803 1494 4882 decimae,
1519 4816 1554 4867 ut
1577 4825 1638 4867 nec
1663 4804 1823 4889 spiritales

169 4911 403 4996 exciperentur
419 4933 587 4997 personae,
613 4934 687 4975 cum
710 4933 771 4974 nec
796 4932 889 4994 reges
906 4910 1050 4993 gentium
1068 4910 1202 4994 exigant
1223 4908 1379 4973 tributum
1404 4932 1424 4972 a
1447 4908 1532 4991 filiis,
1557 4910 1615 4973 scd
1640 4909 1681 4973 ab
1699 4910 1822 4974 alienis.

173 5017 287 5103 Neque
312 5017 529 5081 adtenderent
558 5040 664 5103 neque
689 5016 866 5081 adtendere
890 5016 1063 5079 voluerunt
1087 5017 1231 5101 episcopi
1257 5018 1447 5101 premissam
1472 5015 1652 5079 doctrinam
1677 5039 1761 5103 pape
1786 5040 1823 5080 ac

172 5126 324 5209 martyris
348 5122 485 5206 Urbani,
517 5147 574 5189 seu
605 5126 702 5188 etiam
734 5146 838 5209 papae
864 5121 1015 5207 Gregorii
1047 5122 1217 5186 scribentis
1245 5122 1287 5186 ad
1310 5123 1527 5208 Augustiuum
1552 5123 1733 5218 Anglorum
1758 5126 1824 5209 epi-

127 5255 154 5293 a
173 5252 306 5315 scopum
318 5235 339 5312 ⁵,
371 5241 406 5294 ut
437 5233 599 5295 communi
628 5233 696 5294 vita
719 5229 905 5293 viventibus
937 5228 977 5292 de
1008 5229 1167 5292 faciendis
1198 5229 1400 5315 portionibus
1432 5230 1531 5294 nichil
1561 5232 1746 5316 imponatur
1768 5230 1825 5294 ubi

284 5488 311 5556 l)
336 5487 549 5546 Bernhardarrr.
666 5488 696 5558 2)
723 5489 814 5564 Epist.
841 5489 864 5558 I,
890 5509 912 5542 r.
932 5488 960 5558 4,
987 5487 1139 5544 llr'usclrius
1159 5487 1290 5561 p.144,·
1321 5488 1361 5557 cf.
1382 5486 1484 5544 Cbrrrrrr.
1510 5488 1539 5543 ia
1559 5509 1605 5563 ps.
1625 5489 1676 5557 64,
1703 5509 1724 5544 c.
1746 5488 1825 5550 124,-

182 5593 263 5650 la'ber
279 5595 488 5666 desiraorriqcis
503 5615 636 5670 supra-p.
653 5595 725 5651 251.
798 5591 1437 5682 ematurat.Lateraraa.1l35,s.1a,
1464 5594 1563 5650 ruerat
1578 5595 1662 5654 XXI.
1682 5598 1731 5652 col.
1752 5595 1823 5650 528.

177 5700 207 5765 ll
234 5699 338 5758 Cbrrcil.
365 5701 444 5756 Rern.
470 5722 498 5758 ιι.
519 5702 612 5770 1148,
638 5722 660 5756 r.
687 5701 715 5770 8,
741 5704 758 5757 l.
777 5704 794 5756 l.
821 5703 870 5757 col.
890 5701 962 5756 716.
1057 5703 1086 5766 b)
1116 5701 1205 5774 Epist.
1233 5701 1285 5758 XI.
1313 5700 1385 5758 aas.
1414 5700 1480 5756 ΚΕ.
1506 5701 1546 5770 II,
1571 5721 1599 5774 p.
1619 5702 1691 5756 3:33.

1560 5821 1611 5872 37*
