4426 6398
468 355 532 419 654
986 359 1222 416 TRAOTATUS
1246 358 1536 416 EBORACENSES.
1567 360 1605 414 11.

468 561 536 614 tum
553 549 795 636 prerogativam
809 547 874 612 alia
886 547 1066 633 superiora,
1083 545 1148 611 alia
1164 547 1337 611 inferiora·
1350 545 1500 612 ordinata
1515 549 1588 612 sint.
1613 547 1720 616 Huius
1733 547 1857 634 quippe
1872 545 2020 631 corporis
2031 567 2119 611 mern-

466 655 526 721 bra
542 664 617 719 sunt
640 677 762 734 omnes,
787 655 843 740 qui
859 675 936 718 vere
954 653 1122 718 christiani
1139 663 1223 734 sunt,
1248 654 1317 716 sive
1341 651 1382 716 de
1398 652 1553 739 legitimo,
1579 654 1647 717 sive
1668 652 1709 716 de
1728 675 1795 724 uon
1809 652 1961 738 legitimo
1978 652 2120 738 coniugio

467 761 557 826 editi.
589 760 656 826 Sed
671 761 707 824 iit
722 760 924 848 plerumque,
944 759 1032 847 quod
1047 760 1086 840 is,
1111 761 1166 846 qui
1183 759 1224 824 de
1240 782 1305 825 non
1321 759 1464 846 legitimo
1480 769 1575 824 natus
1591 769 1650 840 est,
1666 782 1725 845 pro
1741 759 1809 848 rite
1825 759 1945 824 merito
1963 771 1996 822 et
2012 760 2121 824 sancti·

466 869 541 933 tatis
566 866 759 933 excellentia
775 889 813 932 ac
830 867 1040 953 prerogativa
1056 867 1212 930 virtutum
1231 876 1263 930 et
1280 867 1439 954 sapientie
1455 865 1627 952 privilegio
1645 865 1758 931 oculus
1778 875 1893 953 sancte
1918 864 2060 952 ecclesie
2074 867 2121 930 vel

467 975 569 1040 iacies
584 973 638 1038 vel
654 973 779 1060 aliquid
795 972 836 1038 de
853 972 1075 1060 superioribus
1091 972 1246 1038 membris
1261 971 1430 1050 habeatur,
1452 982 1484 1036 et
1506 972 1560 1037 ille
1578 974 1632 1058 qui
1649 972 1690 1036 de
1706 973 1852 1059 legitimo
1869 983 1938 1037 tam
1955 993 2071 1058 parurn
2086 972 2122 1038 de
2137 999 2148 1037 ι

466 1081 516 1146 his
540 1080 670 1162 habeat,
693 1092 729 1146 ut
752 1081 810 1144 vix
834 1081 931 1144 etiam
955 1101 1014 1167 pas
1038 1102 1110 1144 esse
1132 1089 1305 1144 mereatur.
1354 1079 1389 1142 Si
1414 1101 1491 1165 ergo
1514 1078 1580 1161 ille,
1605 1080 1659 1166 qui
1685 1102 1744 1166 pes
1767 1091 1827 1163 est,
1852 1078 1909 1160 illi,
1936 1079 1995 1164 qui
2018 1078 2122 1144 oculus

468 1187 521 1253 vel
551 1187 653 1252 facies
681 1197 740 1268 est,
771 1186 964 1274 preferatur,
989 1186 1211 1273 dispositionis
1235 1185 1335 1250 decor
1358 1196 1390 1250 et
1413 1184 1662 1271 pulchritudinis
1686 1185 1765 1251 ordo
1790 1185 2014 1266 confunditur,
2045 1187 2122 1250 sicut

466 1293 599 1359 humani
623 1293 767 1380 corporis
791 1291 870 1356 ordo
894 1291 1112 1379 perturbatur,
1142 1291 1219 1356 dum
1243 1293 1350 1378 capite
1380 1293 1413 1356 in
1437 1302 1557 1356 terram
1581 1291 1729 1357 demerso
1753 1292 1856 1379 pedes
1889 1291 1933 1356 ed
1959 1293 2123 1378 superiora

466 1400 625 1465 levantur.
661 1399 717 1466 Sic
739 1400 839 1486 igitur
854 1399 899 1480 fit,
925 1399 1001 1464 dum
1026 1398 1090 1480 ille,
1115 1400 1170 1487 qui
1190 1421 1249 1486 pes
1275 1410 1334 1480 est,
1359 1397 1402 1462 ad
1425 1397 1643 1463 sacerdotium
1666 1398 1892 1485 provehitur),
1916 1407 1951 1462 et
1975 1399 2047 1480 iste,
2071 1401 2122 1485 qui

467 1507 578 1572 oculus
603 1518 652 1572 est
676 1505 825 1594 ecclesie,
849 1507 882 1570 in
899 1505 1005 1592 gradu
1027 1505 1185 1570 laicorum
1209 1503 1412 1592 relinquitur.
1446 1504 1531 1569 Nam
1555 1504 1618 1585 ille,
1643 1505 1699 1591 qui
1719 1505 1873 1594 celestem
1891 1517 1924 1570 et
1940 1505 2121 1590 angelicam
2139 1533 2159 1570 n

466 1613 567 1678 vitam
592 1612 690 1694 ducit,
715 1611 882 1693 subicitur,
908 1611 1028 1694 atille,
1053 1613 1109 1699 qui
1134 1610 1299 1677 carnalem
1322 1621 1355 1676 et
1378 1623 1540 1676 terrenam
1564 1613 1663 1676 vitam
1688 1613 1782 1698 gerit,
1805 1611 1988 1697 preficitur,
2014 1613 2122 1699 sicque

465 1721 511 1798 fit,
539 1731 575 1785 ut
603 1718 731 1804 celestis
762 1729 794 1784 et
825 1718 974 1804 angelica
1001 1719 1070 1784 vita
1099 1728 1226 1784 terrene
1257 1729 1290 1783 et
1320 1718 1464 1783 carnali⁰
1496 1717 1708 1783 subiciaturd.
1756 1717 1822 1784 Sed
1853 1729 1887 1782 et
1916 1717 2000 1790 illud
2030 1718 2122 1783 valde

465 1825 647 1891 mirandum
671 1837 731 1906 est,
755 1825 844 1912 quod
866 1827 904 1906 is,
931 1827 987 1911 qui
1011 1824 1109 1890 habet
1136 1835 1330 1911 potestatem
1358 1824 1514 1889 audiendi
1537 1824 1672 1890 verbum
1696 1825 1762 1890 Dei
1787 1835 1820 1890 et
1842 1825 1991 1894 faciendi
2000 1836 2024 1906 ⁰,
2049 1826 2122 1912 quia

466 1955 507 1996 ex
523 1933 597 1997 Deo
622 1942 671 1996 est
694 1942 726 1996 et
750 1931 839 2019 apud
862 1932 971 1996 Deum
995 1932 1187 1996 iustificatus
1211 1943 1269 2012 est,
1293 1953 1359 1996 non
1383 1929 1502 1996 debeat
1525 1929 1645 1996 habere
1667 1941 1863 2018 potestatem
1887 1931 2023 2000 dicendi
2045 1931 2122 1996 illud

465 2041 499 2104 in
524 2037 672 2126 ecclesia,
697 2061 770 2103 cum
794 2037 895 2103 multo
920 2038 1035 2102 melius
1066 2039 1107 2103 sit
1136 2037 1293 2104 obaudire
1322 2048 1355 2103 et
1384 2038 1493 2102 iacere
1517 2037 1653 2103 verbum
1677 2038 1752 2120 Dei,
1777 2060 1876 2125 quam
1900 2038 2024 2104 dicere.
2070 2037 2122 2102 Ad
2139 2065 2158 2104 ιι

465 2145 526 2210 hoc
551 2147 636 2210 enim
661 2145 789 2228 dicitur,
813 2155 849 2210 ut
872 2145 1045 2209 audiatur‘
1070 2153 1103 2209 et
1125 2145 1182 2210 liat
1206 2157 1238 2210 et
1253 2147 1321 2210 vita
1338 2155 1450 2233 eterna
1466 2157 1680 2232 comparetur,
1697 2145 1785 2232 quod
1801 2155 1851 2210 est
1874 2144 2004 2210 melius.
2039 2143 2122 2210 Illud

465 2274 594 2339 quoque
618 2237 882 2334 mirandum'est,
908 2251 995 2339 quod
1018 2253 1057 2332 is,
1082 2253 1137 2338 qui
1162 2250 1261 2316 habet
1279 2261 1473 2339 potestatem
1496 2250 1716 2316 manducandi
1740 2259 1773 2316 et
1795 2249 1932 2316 bibendi
1949 2275 2069 2338 corpus
2092 2263 2122 2316 et

353 2381 389 2422 ·.
439 2360 656 2444 ,sanguinem
681 2356 813 2440 Christi,
846 2381 911 2423 non
942 2357 1062 2423 debeat
1093 2357 1232 2422 ‘habere
1263 2368 1457 2445 potestatem
1487 2357 1741 2444 pronuntiandi⁸
1764 2357 1878 2438 verba,
1903 2356 2025 2445 quibus
2049 2381 2120 2434 eon·

466 2465 571 2529 ficitur
594 2488 712 2552 corpus
736 2475 769 2530 et
792 2466 925 2552 sanguis
950 2465 1081 2546 Christi,
1106 2487 1179 2530 cunr
1204 2464 1305 2530 multo
1328 2463 1490 2529 salubrius
1513 2465 1555 2528 sit
1577 2474 1675 2550 atque
1705 2463 1833 2529 beatius
1865 2464 2067 2530 manducare
2091 2475 2120 2529 et

465 2569 589 2653 bibere,
613 2573 641 2635 si
664 2583 774 2637 tamen
797 2572 895 2658 digne
919 2573 985 2654 fiat,
1010 2595 1107 2659 quam
1131 2570 1234 2636 verba
1257 2571 1312 2636 illa
1334 2572 1584 2658 pronunciare).
1629 2570 1684 2635 Ad
1706 2571 1768 2636 hoe
1792 2571 1879 2635 enirn
1903 2573 2120 2657 pronunciari·
2137 2597 2158 2636 ιι

465 2679 549 2760 turb,
578 2688 614 2742 ut
642 2701 761 2765 eorpus
785 2688 818 2743 et
840 2679 973 2764 sanguis
998 2678 1119 2744 Christi
1150 2679 1351 2758 conficiatur,
1382 2678 1425 2742 ad
1455 2677 1517 2743 hoc
1539 2700 1617 2742 vero
1649 2677 1829 2760 conficitur,
1858 2687 1894 2742 ut
1923 2676 2007 2742 illud
2036 2701 2120 2744 man·

465 2783 622 2849 ducemus
646 2795 678 2849 et
700 2783 861 2850 bibamus.
909 2784 963 2849 Ad
994 2785 1055 2850 hoc
1086 2786 1321 2850 manducamus
1352 2796 1385 2849 et
1414 2782 1567 2866 bibimus,
1595 2795 1631 2848 ut
1660 2785 1695 2848 in
1718 2783 1848 2850 Christo
1875 2807 2067 2849 maneamus
2090 2796 2121 2854 et

465 2889 630 2956 Christum
654 2901 839 2956 manentem
862 2893 896 2956 in
918 2891 1013 2957 nobis
1035 2891 1225 2974 habeamus,
1250 2892 1427 2979 participes
1450 2891 1528 2957 facti
1551 2915 1617 2956 non
1639 2901 1763 2956 tantum
1791 2891 1908 2979 gratie,
1937 2891 1999 2956 sed
2025 2893 2121 2960 etiam

466 2997 577 3086 divine
607 2998 709 3085 ipsius
744 3009 869 3088 nature,
900 2998 987 3085 quod
1019 3009 1051 3063 et
1082 2997 1263 3063 sacerdotio
1294 2998 1437 3064 sanctius
1469 3009 1567 3085 atque
1597 2996 1726 3063 beatius
1756 3019 1828 3062 esse
1861 2997 2004 3062 videtur.
2050 2998 2121 3064 Non

465 3125 543 3190 ergo
567 3104 785 3191 quodminus
810 3115 959 3170 sanctum
983 3115 1080 3192 atque
1105 3103 1237 3170 beatum
1262 3117 1320 3186 est,
1348 3105 1395 3170 illi
1419 3104 1576 3192 denegari
1599 3102 1707 3187 debet,
1731 3106 1784 3170 cui
1808 3105 2012 3188 conceditur,
2037 3105 2121 3192 quod
2136 3129 2157 3170 ιι

465 3213 569 3297 magis
593 3223 743 3276 sanctum
765 3213 936 3299 magisque
960 3211 1093 3277 beatum
1117 3223 1175 3276 est.

571 3317 638 3383 Sed
657 3341 745 3384 nunc
769 3318 1043 3383 considerandum
1067 3328 1126 3400 est,
1149 3328 1257 3384 utrum
1281 3318 1518 3384 sacerdotium¹
1539 3318 1701 3405 pertineat
1724 3317 1766 3383 ad
1782 3318 2030 3404 septiformem*
2050 3342 2120 3405 gra-

462 3425 542 3488 tiam
559 3423 699 3511 Spiritus
717 3426 821 3490 sancti
840 3448 884 3489 an
903 3447 978 3490 non.
1015 3425 1050 3490 Sl
1075 3426 1162 3490 enim
1185 3448 1250 3490 non
1273 3427 1414 3512 pertinet
1436 3425 1579 3490 adhunc
1596 3425 1744 3511 gratiam,
1768 3447 1831 3490 nec
1854 3424 1899 3490 ad
1913 3425 2027 3490 Deum
2050 3449 2120 3512 per-

463 3533 554 3614 tinet,
579 3530 667 3618 quod
689 3531 781 3596 nefas
798 3542 847 3596 est
866 3531 986 3596 dicere.
1023 3531 1059 3597 Si
1076 3555 1153 3618 ergo
1170 3534 1320 3618 pertinet,
1345 3555 1409 3598 non
1433 3542 1482 3596 est
1504 3532 1597 3615 ratio,
1622 3542 1658 3597 ut
1673 3531 1853 3618 denegetur
1871 3531 1929 3614 illi,
1952 3534 2010 3618 qui
2028 3532 2120 3597 huius

463 3637 568 3726 gratie
583 3637 819 3723 plenitudinem
836 3639 964 3725 accepit
980 3640 1013 3702 in
1029 3637 1234 3725 baptismatis
1250 3639 1471 3705 sacramentol
1491 3661 1548 3703 seu
1564 3639 1828 3703 confirmationis.
1852 3638 1936 3703 Item
1954 3640 1983 3702 si
1999 3661 2043 3724 ex
2058 3639 2121 3704 fide
2137 3663 2159 3702 ιι

286 3766 363 3808 neor.
373 3768 405 3818 ιι,
413 3769 446 3810 ιι.
464 3753 514 3809 est
529 3743 756 3825 sacerdotium,
781 3767 845 3810 non
866 3756 915 3810 est
931 3744 1161 3832 denegandum
1178 3745 1235 3828 illi,
1260 3747 1313 3811 cui
1332 3767 1352 3810 a
1368 3745 1441 3810 Deo
1458 3744 1554 3810 datur
1569 3745 1738 3831 integritas
1754 3743 1841 3810 fidei.
1876 3745 1953 3810 Non
1970 3757 2021 3812 est
2036 3747 2122 3810 enim

345 3875 445 3915 rur-s.
464 3851 569 3915 maius
592 3849 656 3914 fide
680 3851 908 3916 sacerdotium.
944 3851 1011 3916 Sed
1030 3853 1149 3916 caritas
1172 3851 1235 3916 fide
1260 3853 1364 3917 maior
1387 3862 1445 3934 est,
1470 3853 1539 3916 sine
1564 3874 1629 3939 qua
1651 3851 1752 3917 nichil
1775 3861 1825 3916 est
1846 3851 1936 3939 loqui
1955 3852 2121 3917 hominum

465 3956 584 4042 linguis
601 3967 633 4021 et
649 3957 839 4043 angelorum
855 3969 888 4022 et
904 3960 1008 4023 omnis
1024 3960 1161 4024 scientia
1184 3959 1253 4022 sive
1278 3959 1448 4045 prophetia
1468 3969 1501 4023 et
1517 3960 1621 4023 omnis
1637 3957 1718 4022 fides
1735 3967 1768 4022 et
1782 3957 1975 4024 facultatum
1992 3958 2121 4024 traditio

465 4065 500 4127 in
515 4062 606 4129 cibos
622 4087 813 4151 pauperum.
843 4064 925 4130 Cum
943 4065 1042 4151 igitur
1057 4063 1107 4130 his
1124 4064 1274 4130 omnibus
1292 4067 1396 4130 maior
1411 4066 1453 4130 sit
1469 4067 1598 4146 caritas,
1616 4065 1714 4130 etiam
1731 4064 1913 4130 sacerdotio
1929 4066 2036 4130 maior
2052 4089 2121 4130 osse

465 4168 706 4255 comprobatur.
737 4171 810 4236 Non
827 4180 877 4235 est
892 4193 970 4256 ergo
988 4171 1216 4258 denegandum
1232 4172 1461 4253 sacerdotium,
1485 4172 1696 4259 quodminus
1713 4181 1771 4253 est,
1792 4171 1848 4254 illi,
1869 4173 1923 4236 cui
1938 4172 2037 4238 datur
2051 4196 2122 4259 per·
2141 4196 2165 4235 ιι

465 4277 553 4340 fecta
576 4278 694 4342 caritas
718 4300 782 4365 que
806 4279 910 4342 maior
932 4289 1021 4342 este.
1059 4278 1160 4343 Item:
1192 4278 1227 4344 Si
1251 4279 1386 4343 exclusa
1409 4289 1458 4343 est
1485 4278 1527 4344 ab
1551 4301 1589 4342 eo
1613 4289 1757 4343 vetustus
1782 4289 1814 4342 et
1837 4281 1961 4343 terreni
1985 4279 2124 4344 hominis

464 4383 572 4468 imago
603 4383 637 4448 in
665 4406 704 4447 eo
731 4394 858 4449 mortua
886 4396 949 4467 est,
979 4407 1044 4449 non
1076 4384 1178 4449 solum
1207 4382 1412 4470 baptismatis
1442 4385 1704 4470 regeneratione,
1734 4384 1826 4473 [sedn
1854 4386 1952 4450 etiam
1982 4408 2068 4450 nove
2093 4401 2125 4450 et

466 4489 595 4578 celestis
625 4491 693 4578 vite
724 4493 981 4566 conversatione,
1012 4514 1076 4556 non
1108 4501 1157 4556 est
1186 4491 1462 4578 inproperandum
1493 4493 1523 4556 ei
1555 4514 1660 4571 omne,
1685 4490 1773 4577 quod
1803 4490 1973 4556 devetari
2004 4502 2037 4557 et
2060 4503 2123 4556 ter-

354 4621 446 4671 ruses.
465 4618 544 4660 reno
567 4595 696 4661 bomine
721 4597 844 4662 carnali
868 4597 1088 4686 generatione]
1115 4600 1287 4662 contraxit.
1333 4598 1373 4663 In
1398 4598 1477 4662 ‘hoc
1510 4599 1595 4662 enim
1623 4609 1766 4662 mortuus
1797 4608 1847 4662 est
1875 4609 1909 4662 et
1931 4601 2123 4678 resurrexit,

311 4713 499 4779 ostenaet
521 4704 589 4766 vita
618 4707 686 4768 eius
708 4705 891 4770 abscondita
922 4720 966 4769 est
994 4731 1063 4769 cum
1091 4705 1215 4770 Christo
1246 4709 1280 4770 ιἰι
1303 4705 1382 4786 Deo,
1412 4720 1440 4771 et
1469 4731 1539 4770 eum
1566 4705 1710 4770 Christus
1732 4707 1929 4792 apparuerit,
1954 4709 2169 4787 armatisque

466 4824 537 4874 urae
566 4825 595 4875 et
623 4814 691 4896 ipse
721 4814 889 4896 apparebit
918 4837 987 4875 cum
1017 4813 1074 4876 illo
1106 4815 1139 4877 ιἰι
1166 4813 1282 4899 gloria.
1330 4811 1458 4899 Corpus
1489 4812 1789 4897 enim·regenerati
1819 4810 1940 4876 factum
1970 4823 2021 4876 est
2048 4835 2124 4878 caro

466 4915 624 4998 crucifixi,
649 4926 682 4980 et
705 4916 789 4998 ideo,
814 4918 897 4981 sicut
927 4919 961 4981 iu
984 4916 1087 5003 gloria
1110 4919 1175 4982 Dei
1205 4920 1306 5005 patris
1337 4930 1387 4982 est
1416 4918 1601 4999 crucifixus,
1633 4919 1678 4981 ita
1708 4940 1837 5004 quoque
1867 4917 2052 5004 perfidem
2076 4943 2124 4983 re·

288 5047 364 5088 scor.
373 5047 445 5098 rare.
465 5032 639 5107 generatus
648 5033 671 5086 ⁰.
716 5023 809 5089 Tales
838 5036 991 5110 nanquep
1015 5024 1195 5089 secundum
1218 5024 1399 5112 apostolum
1430 5035 1504 5089 sunt
1531 5026 1663 5109 celestes,
1695 5027 1801 5110 qualis
1830 5040 1859 5090 et
1881 5027 2013 5110 celestr'e,
2045 5049 2124 5112 quo-

363 5167 365 5172 =
441 5128 552 5192 niam
582 5129 684 5214 ipsius
715 5129 891 5216 imaginem
922 5141 1062 5216 portant.
1110 5131 1205 5196 Unde
1230 5143 1365 5208 constat,
1391 5131 1478 5217 quod
1508 5133 1616 5216 imago
1641 5141 1673 5194 et
1697 5129 1836 5217 qualitas
1866 5133 1985 5198 summi
2017 5156 2124 5197 sacer-

465 5232 549 5300 dotis
579 5235 614 5298 in
636 5236 716 5321 ipsis
742 5247 791 5300 est
814 5247 846 5300 et
869 5238 932 5302 ritu
957 5237 1135 5302 sacerdotis
1166 5259 1222 5302 eos
1245 5240 1357 5302 vivere
1389 5249 1546 5303 necesseq
1571 5248 1620 5302 est
1651 5248 1793 5324 eosquer
1818 5260 1838 5300 a
1862 5238 2049 5304 sacerdotio
2074 5262 2170 5305 ress

571 5450 598 5515 a)
619 5453 717 5504 inferia
735 5453 770 5504 B.
869 5452 896 5515 b)
918 5456 1059 5521 proveitur
1078 5455 1110 5506 B.
1210 5454 1236 5518 c)
1259 5455 1364 5507 carnali
1378 5439 1416 5508 ΔΒ.
1516 5453 1544 5519 d)
1566 5457 1714 5508 subitiatur
1733 5455 1765 5506 B.
1859 5453 1890 5518 e)
1912 5454 1983 5507 illud
2008 5457 2072 5509 add.
2092 5457 2125 5508 B.
2168 5519 2170 5525 λ

463 5536 485 5602 l)
506 5541 673 5592 obaudiatur
685 5541 718 5593 13.
800 5540 828 5608 g)
850 5559 982 5609 pronunc.
1002 5544 1035 5596 Β.
1104 5541 1153 5608 h)
1174 5552 1301 5612 pronunt.
1321 5545 1354 5596 B.
1444 5543 1465 5608 i)
1486 5545 1660 5596 sacerdotum
1678 5545 1712 5596 B.
1800 5542 1830 5608 k)
1852 5545 2043 5611 septiformam
2061 5555 2132 5598 carr.-

465 5630 649 5696 septiiormem
669 5631 703 5684 B.
776 5631 795 5694 l)
816 5633 844 5682 in
862 5650 942 5700 marg.
959 5635 1020 5685 add.
1040 5636 1073 5685 B.
1164 5631 1201 5696 m)
1221 5643 1360 5700 aequarentur
1379 5643 1426 5684 tras
1444 5651 1527 5685 ιιοιιιιι
1545 5635 1610 5685 erasi
1627 5635 1655 5685 in
1674 5634 1707 5686 Β.
1750 5679 1752 5686 ,
1781 5631 1810 5694 ιι)
1832 5635 1881 5686 sad
1894 5659 1928 5683 —-.
1942 5637 2125 5700 generatione

463 5733 511 5768 om.
525 5719 558 5769 A.
631 5717 658 5778 o)
682 5724 851 5785 regeneratis
870 5723 902 5772 B.
976 5720 1003 5787 p)
1027 5733 1114 5786 noque
1135 5722 1168 5772 B.
1241 5721 1269 5789 q)
1292 5739 1398 5774 recessa
1417 5722 1450 5773 B.
1524 5719 1547 5782 r)
1570 5723 1735 5788 eosdemque
1755 5722 1787 5772 B.
