4426 6398
451 352 515 414 fild
959 351 1195 410 sancturus
1219 352 1510 410 EBORACENSES.
1545 353 1596 408 1v.

339 569 430 620 aare.
559 542 623 607 ‘Et
645 541 720 606 talis
736 540 867 628 quidem
885 549 935 604 est
957 539 1147 626 prefationis
1162 538 1257 603 huius
1274 539 1384 603 series.
1420 539 1474 602 Ex
1490 561 1555 626 qua
1570 537 1726 604 videlicet
1740 535 1950 625 perpendere
1966 539 2100 623 potesfis,

452 659 608 736 quantum
631 648 808 734 imperator
829 645 974 732 prelatus
997 646 1039 709 sit
1060 643 1269 732 pontificibus
1293 654 1325 710 et
1347 653 1476 709 erectus
1498 667 1602 731 usque
1625 644 1668 709 ad
1688 644 1814 734 celum¹
1837 666 1899 731 per
1914 643 1983 708 Dei
2004 647 2101 730 provi-

452 755 605 836 dentiam,
629 759 684 820 at¹
706 757 799 820 totius
822 755 908 818 orbib
924 755 1093 840 pontifices
1124 753 1171 818 ad
1190 753 1337 817 sinodum
1361 766 1544 816 convocaret
1570 766 1599 817 et
1621 755 1729 840 pratia
1760 752 1889 816 domini
1916 752 2021 814 nosni
2039 750 2104 815 Iesu

456 861 579 927 Chresti
599 875 782 948 cooperante
805 884 924 924 ornnem
948 859 1105 924 mendatii
1118 859 1333 946 pestilentiam
1357 859 1398 923 ab
1421 859 1531 922 coibas
1557 856 1680 922 Chr-cati
1699 871 1870 924 removerat
1892 881 2008 942 eaeque
2031 860 2104 922 oeri-

452 970 525 1033 tatis
544 969 741 1056 perminibas
764 967 910 1053 reficeret.
947 964 1082 1028 Dictum
1107 974 1156 1028 est
1179 964 1304 1028 enim³:
1328 963 1417 1028 Nata
1439 986 1573 1051 superna
1592 967 1696 1053 praete
1719 973 1751 1028 et
1775 973 1896 1028 cetera.
1932 961 1978 1026 Et
2000 962 2130 1048 utiques

452 1095 572 1159 magna
595 1081 628 1137 et
649 1082 765 1137 sancta
787 1071 993 1158 imperatoris
1016 1079 1171 1156 potestas,
1196 1092 1260 1159 que
1284 1071 1490 1156 cooperatrix
1511 1078 1560 1134 est
1582 1071 1687 1159 gratie
1703 1069 1769 1134 Dei
1792 1071 1827 1133 in
1842 1068 2021 1157 pascendis
2045 1071 2106 1133 ori-

453 1179 514 1244 bus
545 1180 615 1244 eius
639 1178 787 1242 veritatis
816 1175 1018 1263 germinibus
1049 1186 1081 1240 et
1109 1177 1161 1241 cui
1185 1199 1206 1240 a
1228 1176 1301 1240 Deo
1332 1199 1444 1240 omnes
1475 1187 1613 1262 regere⁸
1636 1199 1828 1241 concessum
1853 1185 1913 1258 est,
1939 1175 1993 1240 cui
2016 1177 2107 1240 totius

452 1285 566 1350 mundi
589 1284 759 1372 ponfifices
783 1282 825 1348 ad
849 1281 1022 1347 concilium
1046 1304 1240 1365 convocare,
1265 1285 1318 1348 cui
1342 1282 1382 1348 de
1407 1284 1620 1347 sacramentis
1643 1283 1803 1371 catholice
1825 1282 1904 1348 fidei
1929 1293 1964 1346 et
1987 1281 2107 1370 celesti-

343 1419 434 1470 ana.
454 1391 514 1456 bus
539 1391 678 1477 negotiis
702 1400 842 1455 nactae
866 1399 898 1453 et
920 1389 1000 1476 ipsis
1017 1387 1236 1476 pontificibus,
1255 1398 1291 1454 ut
1313 1389 1390 1455 inde
1416 1391 1602 1473 ‘tractentb,
1626 1391 1788 1477 imperare
1805 1411 1865 1476 per
1881 1401 2108 1475 cooperantem

454 1496 518 1562 sibi
549 1497 687 1562 eandem
721 1497 860 1582 gratiam
896 1495 1048 1560 collatum
1080 1505 1137 1560 est.
1190 1496 1330 1582 Propter
1360 1495 1448 1583 quod
1476 1518 1580 1582 usque
1615 1496 1658 1560 ad
1687 1495 1793 1585 celum
1823 1519 1844 1560 a
1873 1495 2007 1560 domino
2037 1495 2109 1559 Iesu
2124 1521 2144 1558 a

454 1603 584 1668 Christo
615 1614 743 1668 erectus
774 1625 845 1668 esse
876 1602 1005 1667 dicitur.
1051 1601 1105 1666 Ad
1136 1601 1252 1690 celum,
1283 1604 1427 1690 inquam,
1457 1625 1523 1668 non
1546 1603 1659 1689 utique
1688 1602 1776 1666 istud
1806 1624 2002 1688 corporeum
2026 1601 2109 1688 quod

453 1711 613 1792 videmus,
644 1709 703 1774 sed
732 1710 958 1796 incorporeum
989 1708 1076 1796 quod
1106 1731 1171 1772 non
1201 1708 1361 1791 videmus,
1392 1708 1426 1773 id
1457 1718 1507 1773 est
1536 1707 1734 1773 invisibilem
1756 1708 1880 1775 Deum.
1924 1708 2040 1795 Usque
2070 1708 2110 1772 ad

455 1817 564 1882 Deum
594 1817 714 1905 quippe
746 1825 873 1881 erectus
905 1823 964 1896 est,
995 1815 1073 1902 quia
1103 1816 1133 1879 ei
1164 1815 1198 1878 in
1228 1824 1387 1901 potestate
1418 1815 1465 1879 ita
1494 1815 1684 1880 coniunctus
1709 1825 1767 1898 est,
1791 1815 1941 1879 utnulla
1969 1825 2109 1901 potestas

455 1924 528 1987 Deo
552 1924 594 1986 sit
617 1922 839 2010 propinquior,
870 1922 1066 2008 imperatore
1097 1918 1274 2004 sublimior,
1306 1921 1365 1986 sed
1388 1922 1514 1986 omnis⁰
1539 1923 1581 1986 sit
1604 1921 1669 1986 alia
1691 1921 1834 1987 inferior.
1883 1921 1974 2002 Quia
1996 1922 2109 1985 summi

455 2041 488 2095 et
510 2029 639 2116 celestis
662 2029 866 2115 imperatoris
894 2027 949 2092 etd
972 2026 1107 2091 secundi
1134 2028 1320 2113 terrenique
1344 2049 1410 2092 una
1433 2027 1613 2116 eademque
1637 2039 1781 2115 potestas
1806 2038 1865 2111 est,
1897 2027 1959 2092 sed
1982 2027 2109 2117 celestis
2125 2051 2146 2089 u

455 2124 688 2222 principaliter,
712 2135 833 2199 terreni
850 2133 1043 2224 secundarie
1053 2143 1076 2198 ⁰.
1113 2133 1180 2198 Sed
1197 2144 1230 2198 et
1245 2135 1273 2198 si
1289 2135 1361 2220 quis
1377 2134 1537 2221 replicare
1554 2133 1702 2216 voluerit,
1728 2135 1867 2200 concilia
1890 2134 1981 2222 apud
1996 2134 2110 2198 Thola-

456 2254 524 2308 tum
547 2239 660 2305 habita
683 2242 828 2305 inveniet
851 2239 1101 2326 gloriosissimos
1124 2263 1231 2326 reges,
1254 2241 1497 2305 Richaredum⁴
1516 2239 1680 2324 videlicet,
1698 2239 1916 2307 Sisenandum
1927 2245 1950 2323 ⁵,
1968 2240 2109 2306 Chitilla-

456 2353 565 2430 num⁶,
590 2348 875 2430 Recensvintum⁷,
899 2347 1103 2432 Ervigiumfl,
1126 2346 1348 2411 Ariamimm⁹
1370 2369 1430 2433 per
1447 2347 1591 2412 divinam
1607 2347 1847 2434 providentiam
1871 2357 1904 2412 et
1928 2347 2110 2434 dispositio-

457 2477 529 2519 nem
553 2453 634 2518 illud
657 2474 756 2540 super
774 2452 943 2539 pontifices
966 2453 1114 2538 regimen
1137 2464 1169 2518 et
1192 2463 1387 2540 potestatem
1411 2463 1443 2519 et
1466 2453 1718 2518 dominationem
1742 2452 1896 2519 habuisse
1921 2463 1955 2518 et
1978 2475 2034 2518 eos
2058 2453 2110 2516 de-

458 2559 577 2626 cretis‘
609 2560 676 2624 suis
706 2558 750 2623 ad
779 2559 919 2624 eoncilia
949 2581 1159 2642 convocasse,
1191 2571 1224 2624 et
1254 2559 1378 2624 eisdem
1409 2559 1555 2625 conciliis
1585 2561 1742 2625 interesse
1772 2571 1805 2624 et
1834 2583 1981 2647 preesse,
2010 2570 2044 2624 et
2072 2559 2148 2624 den

458 2667 670 2732 sacramentis
694 2664 854 2752 catholice
883 2665 962 2730 fidei
985 2688 1150 2731 sermones
1174 2666 1302 2748 fecisse,
1327 2676 1359 2731 et
1383 2665 1423 2732 de
1448 2665 1621 2755 celestibus
1645 2668 1813 2753 negociis⁸
1837 2666 1935 2732 etde
1961 2665 2111 2732 ecclesis-

458 2774 540 2838 stico
570 2773 728 2859 regimine
758 2773 812 2859 pie
842 2771 1046 2859 fideliterque
1075 2783 1233 2837 tractasse
1264 2782 1298 2837 et
1326 2774 1406 2859 ipsis
1436 2771 1654 2860 pontificibus,
1683 2782 1718 2838 ut
1747 2772 1809 2838 hoc
1839 2773 1927 2837 idcm
1955 2773 2111 2854 facerent,

357 2943 358 2947 ,
459 2880 615 2944 divinitus
645 2881 823 2965 imperasse
854 2889 887 2943 et
915 2889 1109 2964 potestatem
1139 2879 1284 2944 faciendi
1313 2878 1453 2962 dedisse,
1484 2879 1645 2944 hereticos
1674 2879 1968 2944 anathematizasse
1999 2890 2033 2944 et
2059 2902 2112 2944 eos

459 2989 514 3074 qui
539 2996 652 3051 contra
674 2995 794 3050 statuta
817 2996 1001 3050 sanctorum
1024 2995 1154 3072 patrum
1178 3008 1276 3071 agere
1299 2996 1525 3074 presumerent
1548 3009 1606 3050 suo
1622 2987 1723 3072 regie,
1747 2987 1846 3051 immo
1863 2986 1977 3050 divino
1993 2986 2112 3051 iudicio

460 3092 728 3180 condempnasse.
765 3092 810 3156 Et
832 3103 941 3156 tamen
964 3093 1011 3156 ita
1034 3102 1107 3157 acta
1130 3091 1270 3157 concilia
1293 3103 1407 3156 sancta
1431 3092 1519 3156 dicta
1542 3102 1625 3174 sunt,
1651 3103 1683 3157 et
1705 3114 1800 3178 reges
1825 3094 1932 3157 sancti
1956 3101 1989 3156 et
2011 3093 2112 3179 ponti·
2129 3114 2151 3152 a

459 3199 538 3264 ficas
562 3199 676 3282 sancti,
701 3209 735 3264 et
757 3198 913 3286 quicquid
937 3199 971 3261 in
995 3199 1042 3262 eis
1066 3197 1234 3263 decretum
1251 3207 1300 3262 est
1323 3209 1470 3263 sanctum
1494 3209 1527 3263 et
1549 3199 1671 3264 sanctis
1695 3197 1843 3263 omnihus
1868 3199 1911 3263 ad
1929 3198 2113 3285 exemplum

461 3307 641 3371 sanctitatis
664 3307 877 3392 propositum.
924 3304 1021 3370 Unde
1051 3305 1258 3370 manifestum
1290 3315 1339 3369 est
1368 3327 1463 3392 reges
1492 3302 1614 3370 habere
1646 3316 1889 3370 sacrosanctam
1920 3315 2114 3392 potestatem

462 3411 676 3498 ecclesiastici
705 3413 873 3498 regiminis
902 3434 999 3498 super
1021 3413 1110 3498 ipsos
1134 3413 1233 3476 etiam
1262 3411 1432 3497 pontifices
1455 3410 1590 3476 Domini
1613 3424 1647 3475 et
1667 3412 1839 3498 imperium
1868 3433 1968 3498 super
1991 3434 2059 3492 eos,
2082 3422 2115 3475 ut

462 3529 494 3583 ot
523 3520 588 3605 ipsi
616 3519 670 3605 pie
700 3518 905 3605 fideliterque
935 3528 1052 3604 regant
1081 3529 1225 3583 sanctam
1258 3518 1445 3608 ecclesiam,
1480 3517 1711 3582 inmaculatam
1742 3540 1896 3604 sponsam
1926 3518 2116 3584 inmaculati

462 3626 583 3712 sponsi,
607 3625 740 3710 dignam
765 3625 865 3710 digni,
890 3624 1036 3689 divinam
1058 3623 1134 3706 Dei,
1159 3623 1312 3714 celestem
1337 3625 1474 3714 celestis.
1520 3623 1596 3688 Non
1619 3635 1669 3688 est
1694 3625 1794 3711 igitur
1817 3635 1931 3689 eontra
1957 3624 2115 3710 ‘regulam
2133 3645 2156 3684 so

463 3732 654 3814 sanctitatis,
685 3732 714 3795 si
737 3733 784 3795 eis
809 3731 980 3796 conferunt
1009 3732 1103 3816 signa
1133 3733 1218 3796 sacri
1241 3731 1419 3817 regiminis,
1450 3731 1484 3796 id
1507 3741 1557 3796 est
1585 3728 1738 3795 baculum
1762 3740 1795 3794 et
1817 3730 1950 3795 anulum
1974 3731 2117 3812 honoris,

464 3836 582 3925 quibus
607 3839 704 3902 etiam
727 3836 849 3902 habent
871 3835 1015 3901 tribuere
1038 3847 1232 3924 potestatem
1257 3846 1290 3901 et
1312 3837 1526 3901 ministerium
1550 3837 1695 3922 regendi.

553 3943 648 4008 Nunc
663 3955 771 4009 autem
786 3945 967 4008 inseramus
982 3943 1244 4008 benedictionem
1260 3951 1292 4007 et
1306 3925 1584 4008 consecrationem
1600 3942 1779 4008 sacerdotis
1794 3953 1826 4008 et
1838 3944 1926 4030 regis
1936 3948 1958 4026 ¹,
1971 3954 2009 4008 ut
2024 3945 2059 4008 in
2074 3945 2120 4008 eis

463 4050 644 4132 videamus,
662 4050 739 4138 quid
755 4051 883 4115 virtutis
901 4061 934 4115 et
948 4051 1063 4140 gratie,
1081 4049 1182 4136 quid1¹
1199 4050 1378 4114 sanctitatis
1394 4060 1426 4114 et
1442 4049 1570 4138 celestis
1586 4050 1794 4138 prerogativa
1814 4051 1848 4114 in
1864 4050 1946 4137 ipsis
1963 4049 2120 4115 efficiant

464 4157 531 4222 Aut
546 4157 633 4222 enim
649 4156 772 4243 aliquid
787 4157 902 4222 horum
917 4157 1072 4238 efficiunt,
1089 4166 1146 4220 aut
1160 4157 1230 4220 sine
1247 4155 1365 4221 effectu
1380 4166 1413 4220 et
1427 4156 1557 4221 inutiles
1574 4166 1657 4221 sunt.
1689 4155 1755 4222 Sed
1768 4155 1914 4220 efficiunt
1929 4157 2077 4243 quidem,
2090 4167 2123 4222 et
2139 4177 2163 4219 a

464 4287 620 4349 magnum
636 4275 694 4346 est,
712 4263 797 4351 quod
815 4263 968 4328 efficiunt.
1006 4261 1208 4345 Consecrant
1223 4263 1309 4326 enim
1326 4271 1358 4326 et
1373 4262 1588 4345 sanctificant,
1604 4264 1703 4328 immo
1719 4262 1882 4344 deificant,
1907 4262 1974 4326 alia
1996 4285 2121 4350 regem,

465 4370 530 4434 alia
552 4369 749 4457 pontificem.
784 4369 861 4433 Alia
877 4371 997 4456 quippe
1022 4369 1096 4433 ideo
1120 4391 1231 4455 regem
1252 4378 1420 4433 consecrat
1444 4379 1476 4432 et
1499 4368 1640 4452 deificat,
1659 4379 1696 4433 ut
1716 4369 1863 4433 divine¹¹
1881 4372 2018 4456 pictatiis
2042 4371 2123 4436 dono

466 4478 594 4558 ditonis,
610 4479 787 4564 planasque
800 4481 908 4564 pratia
924 4480 1066 4543 veritatis
1080 4516 1125 4524 -
1140 4479 1258 4542 summi
1276 4474 1460 4563 rcyirnt'nc's¹
1479 4477 1593 4541 solium
1607 4479 1710 4564 qratia
1725 4499 1859 4562 superna
1873 4477 2023 4564 larqs‘aata
2043 4503 2123 4566 poa-

572 4673 599 4738 a)
620 4676 676 4726 rad.
694 4693 758 4727 corr.
776 4693 806 4727 ea
824 4692 934 4742 regeres
954 4677 987 4726 Α.
1059 4673 1088 4738 b)
1108 4676 1143 4742 os.
1161 4692 1241 4742 aspa
1254 4693 1283 4741 p.
1298 4677 1358 4737 667,
1377 4677 1442 4726 ah.
1521 4672 1547 4737 c)
1568 4676 1636 4728 omis
1656 4675 1689 4726 A.
1763 4672 1791 4737 d)
1812 4682 1893 4726 et-
1911 4678 2072 4742 terrenique
2096 4677 2125 4726 in

465 4783 545 4832 may.
563 4765 624 4815 add.
645 4766 678 4815 A.
751 4761 777 4828 c)
798 4766 833 4816 sic
850 4783 870 4816 a.
942 4763 1097 4828 f)decritis
1116 4766 1150 4816 A.
1222 4762 1251 4831 g)
1271 4766 1390 4830 negotiis
1408 4764 1441 4814 B.
1514 4762 1543 4822 h)
1565 4766 1611 4830 qui
1630 4764 1663 4815 B.
1735 4763 1756 4828 i)
1777 4765 1904 4831 regimini
1923 4764 1958 4815 A.
1972 4764 2007 4815 B.
2142 4775 2170 4812 so

576 4945 605 5017 l)
631 4944 680 5018 Os.
700 4943 784 5004 Conc.
804 4943 937 5003 Chclccd.
961 4945 1034 5003 actio
1057 4945 1311 5016 I,·Pseado-Isid.
1330 4967 1363 5022 p.
1382 4946 1462 5001 283:
1487 4947 1691 5032 ,imperatorem
1716 4942 1814 5018 [Deus]
1840 4946 1932 5002 erexit
1956 4947 1994 5001 ad
2018 4948 2125 5016 selum,

466 5055 543 5130 qaod
574 5053 604 5109 in
635 5053 727 5110 codice
757 5071 811 5128 quo
840 5061 935 5108 noster
963 5073 1030 5109 usas
1060 5061 1100 5109 ast
1131 5052 1161 5110 in
1191 5054 1283 5110 celum
1318 5060 1479 5127 corruptam
1514 5051 1624 5110 videar
1653 5071 1720 5109 csse.
1846 5051 1877 5121 2)
1908 5050 1986 5108 Iln'd.
2019 5054 2128 5128 paucis

466 5158 587 5216 mansas.
680 5156 710 5228 3)
735 5157 810 5214 Ibit.
903 5155 934 5230 4)
959 5155 1008 5230 Cf.
1033 5157 1130 5215 concil.
1154 5159 1238 5216 Τοῖά.
1263 5158 1382 5228 ternam,
1415 5158 1516 5216 Mansi
1537 5158 1591 5228 IX,
1616 5160 1666 5216 col.
1685 5158 1758 5214 977.
1850 5154 1881 5232 5)
1907 5155 2015 5216 Concil.
2038 5159 2126 5216 Tolct.

467 5273 607 5340 quartam,
632 5266 650 5320 l.
668 5267 685 5321 l.
703 5263 737 5320 it.
756 5264 793 5334 X,
811 5265 860 5320 col.
880 5263 954 5319 611.
1024 5263 1055 5334 6)
1081 5262 1215 5328 Quintiani
1239 5273 1266 5321 ct
1285 5272 1403 5334 swain,
1428 5267 1446 5321 l.
1463 5267 1482 5321 l.
1507 5264 1541 5322 it.
1559 5265 1597 5336 X,
1621 5267 1671 5322 col.
1690 5263 1764 5320 653.
1783 5263 1856 5320 659.
1927 5261 1960 5338 7)
1985 5262 2127 5323 Octavam

467 5401 511 5409 -
527 5369 670 5440 marnam,
694 5373 712 5427 t.
730 5372 748 5426 l.
774 5370 811 5440 X,
836 5373 887 5427 col.
904 5369 986 5426 1206
993 5391 1003 5439 ;
1027 5369 1081 5439 XI,
1099 5372 1149 5427 col.
1168 5369 1218 5427 25.
1238 5371 1290 5427 33.
1359 5367 1391 5445 8)
1415 5371 1616 5428 Πιιοάεοίηιιυη
1631 5400 1675 5410 -
1691 5370 1823 5427 &dmum
1847 5371 1967 5440 tertiam,
1993 5373 2012 5427 l.
2031 5373 2051 5428 l.
2070 5371 2127 5442 XI,
2146 5385 2175 5424 ss

468 5476 741 5534 cottonalosa.
812 5476 843 5547 9)
867 5476 1053 5534 Bracarcnsa
1068 5495 1144 5534 conc.
1162 5475 1186 5533 Ι.
1204 5485 1231 5533 at
1245 5476 1286 5547 II,
1309 5479 1328 5533 l.
1345 5477 1435 5548 LIV,
1453 5479 1503 5534 col.
1522 5475 1600 5546 28'l,·
1623 5476 1678 5547 IX,
1696 5477 1747 5534 col.
1762 5475 1836 5532 773.
1908 5475 1960 5546 10)
1988 5475 2130 5541 Quaado

468 5583 677 5641 consecratione
699 5583 774 5661 repis
796 5591 895 5640 auctor
911 5583 1036 5652 inscruit,
1061 5583 1229 5640 conveniant
1243 5601 1303 5640 carn
1313 5583 1447 5654 formala
1462 5581 1680 5641 coruccrationis
1695 5600 1768 5660 qaae
1784 5581 1886 5639 dicitur
1901 5581 2069 5641 Actiaca-edi
2084 5585 2127 5641 ΙΙ.

468 5689 511 5744 cd.
536 5688 570 5744 A.
590 5689 704 5763 Ταμὼν,
722 5688 795 5746 ‘Tlc
815 5690 898 5766 plory
921 5689 961 5761 os
977 5688 1115 5762 royatity’
1134 5709 1168 5764 p.
1187 5688 1384 5745 ees—403.
1456 5687 1508 5759 11)
1535 5686 1583 5761 Os.
1608 5691 1626 5746 l.
1643 5690 1661 5745 l.
1680 5709 1715 5764 p.
1734 5687 1796 5745 395
1812 5707 1855 5765 sq.
1874 5688 1981 5764 paucis
2003 5690 2128 5749 omissis.
