4410 6406
432 323 496 385 268
724 331 905 387 ananam
927 329 1160 387 PRAEPOSITI
1183 327 1591 386 REICHERSBERGENSIS
1615 330 1780 385 LIBELLI.

433 523 517 605 quae
547 516 658 582 verbis
688 516 809 581 divinis
845 515 1078 581 accedentibus
1113 514 1156 580 ad
1187 516 1348 580 elementa
1378 516 1460 580 fiunt
1492 517 1527 580 in
1558 517 1804 581 consecratione
1841 516 2005 580 crismatis
2037 516 2087 580 vel

420 624 558 705 altaris,
590 624 642 687 vel
678 625 775 688 etiam
808 624 903 709 panis
935 633 967 688 et
995 623 1082 708 vini,
1118 633 1151 688 et
1183 623 1239 687 illa
1274 622 1405 711 quidem
1438 633 1657 704 sacramenta,
1689 644 1751 710 que
1784 625 1873 688 circa
1904 633 2087 687 creaturam

432 727 624 794 rationalem
661 730 756 812 fiunt,
796 752 870 794 cum
909 739 1003 794 exue
1042 729 1214 794 ecclesiam
1253 727 1418 794 celebrata
1456 730 1534 809 sint,
1574 730 1680 811 irrita,
1715 751 1836 810 vacua,
1873 730 2023 794 extincta
2057 741 2088 794 et

432 847 569 919 mortua,
599 837 680 900 fiunt
709 846 780 900 rata
811 846 843 900 et
871 835 982 900 lucida
1012 845 1044 900 et
1068 837 1174 917 ‘viva,
1198 834 1275 899 dum
1298 833 1484 900 rationabili
1508 845 1666 918 creatura,
1696 835 1805 900 idest
1834 836 1966 900 homine
1997 838 2087 922 peni-

432 943 567 1008 tentiam
598 953 714 1029 agcnte
746 943 957 1007 sacramentis
989 951 1083 1006 extra
1106 939 1289 1024 celebratis,
1321 941 1449 1006 accedit
1479 941 1638 1007 ecclcsiae
1663 939 1875 1008 confirmatio.
1923 943 1985 1007 Illa
2009 964 2116 1008 veros

433 1060 646 1132 sacramenta,
671 1071 734 1136 que
759 1049 847 1112 circa
870 1069 922 1111 res
946 1047 1141 1112 inanimatas
1170 1047 1262 1130 fiunt,
1293 1048 1380 1113 nullo
1411 1049 1507 1113 modo
1536 1049 1720 1113 confirmari
1743 1059 1905 1136 poterunt,
1931 1050 2012 1136 quia
2034 1048 2087 1113 ille

434 1165 602 1220 creaturae
633 1155 846 1242 penitentiam
876 1176 976 1240 agere
1005 1177 1071 1218 non
1100 1164 1261 1240 poterunt.
1316 1153 1412 1219 Unde
1447 1153 1664 1242 aliquotiens⁸
1698 1155 1836 1242 legimus
1871 1177 2088 1242 personarum

434 1271 639 1327 sacramenta
668 1262 747 1326 foris
776 1260 853 1325 data
875 1260 929 1325 vel
954 1259 1176 1325 intercedente
1207 1261 1386 1346 penitentia
1414 1283 1474 1347 per
1497 1260 1674 1326 catholicos
1698 1259 1889 1328 confirmata
1910 1261 1966 1326 vel
1988 1262 2087 1326 inter-

433 1370 585 1432 veniente
616 1368 801 1453 ignorantia
831 1376 999 1448 excusata,
1031 1367 1115 1431 sicut
1144 1365 1185 1430 ab
1209 1367 1383 1431 Anastasio
1414 1389 1500 1454 papa
1531 1377 1605 1431 suut
1635 1381 1793 1432 excusata
1817 1368 2033 1434 ordinationis
2057 1383 2089 1433 et

433 1473 587 1539 babtismi
617 1483 823 1538 sacramenta
851 1496 911 1560 per
934 1472 1115 1537 Achacium
1146 1471 1334 1537 damnatum
1365 1473 1530 1538 celebrata
1540 1478 1560 1554 ¹,
1592 1475 1685 1539 cuius
1716 1475 1802 1540 dicta
1826 1475 1961 1562 quidam
1984 1475 2086 1561 negli-
2107 1502 2130 1540 ro

433 1591 548 1667 genter
571 1579 715 1667 legentes
739 1589 855 1666 putant
878 1602 952 1643 eum
977 1580 1095 1643 sentire
1120 1589 1233 1644 contra
1256 1580 1430 1666 premissas
1454 1581 1672 1662 auctoritatae,
1704 1580 1763 1645 sed
1792 1605 1857 1646 non
1886 1582 1934 1645 ita
1963 1581 2087 1668 legenti

433 1686 568 1776 patebit,
600 1689 627 1752 si
657 1697 932 1751 sacramentorum
964 1685 1179 1750 differentiam
1212 1684 1379 1750 attondere
1402 1686 1550 1768 voluerit,
1582 1709 1694 1751 eorum
1718 1687 1843 1752 scilicet
1866 1711 1930 1774 que
1954 1687 2087 1775 aliquot

433 1794 529 1859 modo
554 1805 586 1858 et
609 1792 783 1880 aliquando
813 1803 966 1879 poterunt
996 1793 1156 1874 excusari,
1183 1815 1243 1878 per
1266 1792 1427 1856 venialem
1455 1815 1512 1856 seu
1542 1792 1766 1858 invincibilem
1788 1795 2010 1880 ignorantiam
2035 1818 2086 1859 ea-

434 1901 508 1965 dem
538 1911 743 1965 sacramenta
772 1899 1022 1986 percipientium
1052 1909 1085 1963 et
1115 1897 1217 1963 solam
1240 1897 1306 1962 Dei
1336 1895 1474 1983 gratiam
1504 1899 1538 1962 in
1565 1901 1777 1964 sacramentis
1808 1902 2026 1986 querentium,
2055 1915 2087 1967 et

433 2029 545 2072 eorum
569 2016 846 2072 sacramentorum
870 2027 932 2092 que
957 2005 1045 2069 circa
1069 2027 1121 2068 res
1144 2005 1339 2069 inanimatas
1362 2003 1440 2068 foris
1465 2003 1612 2070 exhibita
1633 2029 1801 2092 nunquam
1823 2006 1976 2093 leguntur
1999 2009 2086 2072 intus
2106 2027 2128 2074 u

433 2113 622 2178 confirmata
638 2113 690 2177 vel
715 2121 887 2194 excusata,
913 2110 970 2175 scd
994 2110 1186 2176 omnimodis
1211 2109 1332 2196 ubique
1356 2122 1431 2174 sunt
1455 2110 1637 2177 exsufflata.
1673 2112 1769 2178 Unde
1785 2113 1978 2178 Alexander
2000 2138 2087 2202 papa

433 2220 549 2285 dicire
575 2221 732 2300 Ecclesia,
756 2245 836 2306 qaae
851 2245 915 2306 per
923 2221 1105 2305 pactionem
1121 2221 1230 2304 precii
1250 2219 1402 2282 claruerit
1424 2243 1488 2283 csse
1511 2235 1700 2300 consecrata,
1724 2234 1753 2285 et
1775 2236 1808 2285 at
1830 2224 1936 2286 verius
1960 2221 2086 2286 cir-'catur

433 2341 591 2407 acerram,
630 2327 811 2391 nullomodo
838 2351 903 2412 pro
939 2327 1069 2390 ecclesia
1105 2325 1263 2389 habeatur.
1323 2323 1420 2404 Quod
1455 2324 1496 2389 de
1532 2325 1672 2390 ecclesia
1705 2325 1824 2391 dicitur
1858 2327 1900 2391 de
1935 2327 2085 2392 omnibus

434 2431 545 2497 'rebus
569 2433 754 2496 inanimatis
778 2455 844 2495 non
867 2432 1046 2516 incongrue
1071 2429 1137 2495 dici
1160 2431 1288 2517 poterit,
1314 2433 1391 2517 quia
1412 2431 1568 2497 videlicet
1591 2455 1696 2519 neque
1713 2435 1825 2498 vinum
1848 2457 1957 2521 neque
1980 2435 2083 2521 panis,

433 2562 539 2626 neque
571 2537 677 2602 oleum
700 2561 721 2602 a
743 2536 888 2624 quolibet
918 2535 1061 2601 heretico
1092 2547 1280 2600 execratum
1311 2539 1417 2624 potius
1449 2561 1546 2624 quam
1579 2551 1804 2604 consecratum
1835 2539 2009 2605 dicendum
2034 2541 2085 2606 vel
2104 2568 2129 2606 so

433 2644 620 2710 habendum
651 2656 700 2709 est
730 2653 888 2708 sanctum.
934 2643 1023 2707 Ecce
1054 2654 1218 2728 utcunque
1250 2643 1290 2707 de
1322 2647 1534 2709 sacramentis
1563 2669 1646 2732 quae
1678 2647 1834 2710 sentimus
1865 2649 2085 2734 expressimus

434 2751 557 2837 absque
588 2748 768 2838 preiudieio
799 2749 968 2814 meliorum
1000 2759 1032 2813 ct
1061 2749 1195 2813 meliora
1225 2748 1413 2832 dicentium,
1445 2750 1562 2837 quibus
1594 2754 1804 2839 acquiescere
1834 2755 1941 2839 parati
1965 2776 2084 2838 sumus,

434 2869 564 2922 ostensa
586 2856 680 2921 nobis
704 2858 828 2920 ratione
853 2855 906 2920 vel
929 2857 1131 2938 auctoritate,
1156 2856 1209 2920 cui
1232 2879 1297 2920 nou
1322 2855 1499 2921 debeamus
1524 2859 1758 2941 contradicere,
1784 2871 1816 2924 et
1838 2871 2084 2948 propterquam

435 2963 612 3030 debeamus
637 2963 724 3028 dicta
747 2971 858 3028 nostra
881 2973 1017 3026 mutare.

786 3092 845 3144 Ood.
861 3095 883 3143 l.
1605 3095 1681 3146 Codd
1702 3097 1726 3146 2.
1746 3098 1771 3146 3.
2105 3109 2131 3148 as

502 3175 538 3242 Si
568 3187 675 3241 autem
705 3177 740 3240 in
763 3174 858 3240 dictis
890 3186 922 3240 et
945 3175 1074 3261 scriptis
1104 3177 1233 3256 nostris,
1355 3174 1452 3240 Libet
1486 3188 1594 3241 autern
1625 3177 1731 3243 adhuc
1762 3178 1872 3244 dicere
1905 3180 2016 3267 aliqua
2047 3180 2085 3245 de

434 3295 470 3348 ut
493 3283 574 3348 alias
602 3285 667 3348 iam
690 3306 749 3348 nos
774 3282 896 3346 dixisse
924 3283 1140 3362 meminimus,
1165 3304 1233 3345 ccr-
1289 3283 1493 3368 iniquissima
1522 3293 1624 3369 peste,
1656 3286 1814 3371 symonia.
1861 3286 2087 3351 Interamnae

274 3379 415 3483 Ξξζὶξζξξ·
434 3401 575 3455 nuntur⁰
607 3389 662 3454 illa
689 3389 839 3475 insignia,
866 3387 1161 3474 quibusThamar,
1191 3411 1232 3451 ne
1289 3389 1409 3475 quippe
1426 3389 1625 3476 vulpeculas,
1651 3413 1713 3477 que
1729 3390 1948 3456 demoliuntur
1963 3395 2087 3476 vincas,

332 3481 335 3490 .
436 3497 689 3578 combureretur,
702 3496 822 3581 legitur
834 3495 978 3576 defensa,
989 3493 1144 3558 videlicet
1155 3517 1233 3557 anu·
1289 3495 1377 3558 nulla
1391 3495 1566 3582 vulpecula
1589 3499 1726 3583 nequior
1745 3498 1798 3562 vel
1822 3501 1958 3563 astutior
1982 3523 2087 3587 symo-

434 3604 495 3688 lus,
519 3603 654 3668 baculus
675 3614 708 3666 et
731 3600 867 3684 armilla,
890 3625 950 3688 per
966 3624 1028 3687 que
1045 3599 1235 3686 intelligitur
1288 3603 1353 3665 uia.
1399 3602 1495 3684 Nam,
1519 3613 1555 3666 ut
1578 3603 1710 3688 quidam
1734 3605 1780 3668 ait
1789 3609 1810 3688 ³,
2106 3633 2133 3670 so

435 3710 527 3792 fides,
559 3733 633 3797 spes
663 3720 695 3774 et
718 3711 847 3790 caritas,
872 3706 1008 3772 obsecro
1032 3717 1075 3789 te,
1100 3707 1233 3793 quicun-
1321 3709 1388 3786 an
1404 3725 1487 3774 terreo
1504 3711 1585 3775 rodo
1601 3726 1765 3776 mamacas
1782 3712 1917 3778 Prothea
1934 3715 2061 3778 cattas?

436 3823 499 3905 que
516 3819 563 3882 ita
578 3816 670 3903 legis,
689 3839 731 3880 ne
748 3815 863 3880 credas
880 3815 1021 3878 animam
1037 3836 1143 3877 meam
1160 3837 1233 3877 cum
1290 3816 1336 3878 sic
1369 3838 1428 3879 nos
1459 3815 1568 3880 dicere
1603 3839 1789 3902 possumus,
1821 3841 1885 3904 quo
1919 3831 2087 3884 teneamus

436 3935 528 4010 patre
545 3924 707 3988 mendacii
723 3923 925 4002 fornicatam,
940 3919 997 3984 scd
1010 3921 1116 4007 potius
1132 3919 1233 3984 latere
1288 3920 1374 3986 nodo
1403 3923 1584 4008 symoniam
1608 3922 1814 4009 vulpeculam
1845 3927 2087 4008 astutissimam,

275 4055 417 4104 canaam
436 4029 523 4095 illam
543 4030 584 4094 de
601 4031 724 4094 semine
740 4027 832 4110 Iude,
856 4027 891 4092 id
907 4038 957 4091 est
973 4025 1103 4108 Christi,
1128 4027 1233 4112 gravi-
1289 4028 1380 4093 vultu
1410 4029 1628 4112 multifariam,
1660 4030 1773 4095 habitu
1795 4031 2031 4114 milleformem,
2057 4044 2088 4097 et

437 4137 556 4220 datam,
580 4148 616 4201 ut
639 4135 789 4222 exemplo
814 4134 957 4198 Thamar
983 4143 1113 4219 pareret
1140 4133 1235 4219 quasi
1289 4157 1373 4220 pene
1403 4157 1532 4221 semper
1565 4159 1630 4200 non
1661 4136 1763 4201 solum
1794 4137 1865 4202 aliis
1895 4138 2086 4225 vulpeculis,
2106 4164 2132 4203 aa

436 4243 547 4326 filium,
572 4245 627 4331 qui
651 4240 870 4329 appellaretur
892 4240 1026 4322 Pheres,
1057 4240 1091 4303 id
1116 4249 1165 4303 est
1187 4239 1234 4302 di·
1289 4263 1403 4305 verum
1416 4251 1448 4305 ct
1460 4240 1653 4329 sibimetipsi
1669 4242 1867 4326 dissimilem,
1878 4268 1981 4331 usque
1993 4246 2086 4328 adeo,

436 4350 528 4433 visio,
554 4351 631 4435 quia
653 4349 746 4413 Deus
770 4349 860 4413 testis
885 4358 942 4429 est,
970 4346 1059 4411 nulla
1082 4347 1233 4432 propriae
1289 4357 1325 4410 ut
1341 4370 1415 4411 cum
1430 4349 1544 4412 vineas
1561 4348 1682 4413 Christi
1698 4349 1900 4434 demoliatur,
1924 4351 2088 4416 interdum

436 4455 558 4542 gloriae
583 4457 778 4542 captatione,
803 4453 861 4518 sed
884 4452 953 4518 sola
975 4454 1122 4517 veritatis
1147 4475 1233 4517 cmu-
1289 4453 1323 4517 in
1346 4454 1447 4539 ipsius
1470 4455 1617 4519 vinitoris
1643 4453 1758 4520 habitu
1782 4457 1957 4522 cernatur?
2004 4457 2087 4523 Cum

436 4563 555 4628 latione
579 4561 632 4626 vel
660 4584 712 4625 me
735 4584 755 4624 a
777 4562 989 4624 sacramentis
1018 4560 1234 4624 hereticorum
1290 4549 1438 4623 enimin
1465 4583 1531 4624 una
1561 4560 1706 4647 qualibet
1736 4586 1796 4627 sua
1823 4563 1909 4650 pelle
1940 4564 2087 4650 dignosci

436 4669 558 4752 divido,
582 4668 636 4733 vel
666 4669 750 4731 inter
779 4669 923 4753 ipsorum
948 4677 979 4730 et
1002 4665 1233 4730 catholicorum
1289 4667 1422 4752 ceperit,
1452 4668 1604 4732 continuo
1635 4669 1732 4732 aliam
1762 4670 1877 4753 induit,
1907 4681 1939 4736 et
1961 4673 2086 4754 vineas,
2104 4697 2132 4735 so

436 4786 641 4842 sacramenta
659 4796 811 4859 magnam
828 4772 1022 4837 divisionem
1046 4782 1079 4836 et
1102 4772 1233 4836 distinc-
1289 4794 1370 4858 quas
1394 4772 1553 4854 devastat,
1577 4774 1740 4840 interdum
1764 4798 1798 4840 se
1818 4776 1966 4862 plantare
1989 4779 2086 4842 simu-

436 4885 556 4948 tionem
568 4904 639 4946 esse
653 4880 748 4944 dictis
762 4891 794 4944 et
805 4881 934 4965 scriptis
951 4879 1146 4960 demonstr0‚
1164 4881 1233 4942 sine
1287 4877 1342 4942 lat.
1388 4878 1574 4966 Aliquando
1599 4890 1632 4944 ct
1655 4881 1840 4946 multotiens
1870 4883 1953 4948 haec
1975 4879 2087 4970 vulpe·

436 4989 615 5072 meliorum,
635 4998 671 5052 ut
694 4987 773 5070 dixi,
797 4985 988 5072 preiudicio.
1021 4985 1155 5049 Dudum
1178 5007 1233 5048 ne·
1289 4984 1362 5049 cula
1378 5008 1398 5049 a
1414 4985 1587 5072 sagacibus
1604 4985 1726 5052 Christi
1741 4988 1952 5054 venatoribus
1971 4989 2086 5078 depre-

543 5187 570 5252 a)
592 5188 740 5254 aliquando
759 5189 784 5239 2.
804 5189 828 5238 3.
901 5183 930 5247 b)
953 5184 1101 5252 aliquando
1121 5191 1148 5234 et
1168 5185 1342 5250 aliquomodo
1362 5187 1386 5236 2.
1460 5184 1485 5248 e)
1507 5204 1570 5237 corr.
1587 5205 1616 5238 ea
1635 5191 1722 5239 cernit
1743 5192 1765 5238 1.

546 5351 575 5417 1)
602 5350 650 5424 Cf.
677 5351 769 5426 Epist.
793 5351 835 5407 ad
855 5348 1047 5406 Irrcocentiam
1070 5367 1161 5422 supra
1178 5367 1212 5423 p.
1231 5346 1304 5404 222.
1396 5347 1426 5409 2)
1452 5347 1538 5412 Quod
1560 5351 1661 5406 (ucham
1679 5353 1828 5425 paululum
1851 5361 1985 5410 atatatum
2008 5355 2090 5430 apud
2105 5367 2132 5406 tt

438 5459 523 5518 Crat.
539 5457 570 5516 C.
588 5457 612 5519 I.
629 5478 675 5533 qa.
694 5457 723 5527 4,
741 5477 763 5513 c.
781 5458 807 5512 1.
827 5454 968 5532 Gregorio
983 5453 1152 5524 attribuitur,
1173 5455 1341 5511 Alexandro
1365 5454 1445 5512 etiam
1470 5455 1499 5512 ia
1516 5455 1641 5513 Anselmi
1657 5455 1725 5514 Coit.
1741 5458 1773 5529 V,
1792 5458 1842 5515 20.
1862 5460 1913 5530 21,
1938 5468 1969 5516 at
1984 5459 2086 5517 Fried-

436 5566 502 5642 berq
525 5563 646 5633 arronei&
670 5565 710 5634 cs.
736 5561 818 5619 etiam
841 5561 887 5618 Dc
906 5559 1035 5638 aedificio
1051 5559 1108 5617 Dei
1129 5580 1219 5635 supra
1237 5579 1270 5634 p.
1287 5560 1359 5616 162.
1384 5570 1411 5616 et
1434 5559 1537 5618 Coram.
1562 5561 1591 5618 in
1609 5581 1656 5637 ps.
1676 5562 1727 5632 25,
1752 5566 1803 5621 col.
1821 5565 1914 5622 1164.
1986 5566 2016 5636 3)
2036 5564 2086 5638 Cf.

438 5671 554 5730 Horatii
577 5670 665 5728 Satir.
692 5669 721 5740 2,
740 5669 769 5739 3,
788 5669 845 5725 71:
872 5668 934 5732 Quo
958 5675 1072 5723 teneam
1094 5668 1188 5722 vultus
1211 5674 1367 5722 mutantem
1392 5669 1516 5723 Prothea
1538 5671 1621 5724 nodo.
