4410 6406
466 375 530 439 326
764 378 945 435 GERHOHI
968 377 1202 435 PRAEPOSITI
1225 375 1634 433 REICHERSBERGENSIS
1657 376 1825 432 LIBELLI.

464 580 566 634 morte
590 567 695 632 zelum
713 566 891 631 ostenderit
913 564 1088 630 tacendum
1112 587 1178 630 non
1201 563 1350 629 arbitror.
1385 565 1532 650 Dignum
1548 573 1597 628 est
1613 564 1701 628 enim
1716 563 1873 649 temporis
1898 562 1983 626 illius
1997 562 2101 630 luctuo-
2176 546 2177 549 Ἴ

366 700 444 751 mu.
464 699 534 760 sam
564 674 745 760 tragediam
770 677 1015 758 'certamenque
1047 671 1206 736 ecclesiae
1238 683 1351 736 contra
1381 693 1556 758 pravorum
1583 670 1800 756 pervicatiam
1830 669 1864 732 in
1888 670 2040 733 noticiam
2060 694 2103 736 ex-

463 781 553 846 tendi
576 781 768 845 futurorum.
815 779 992 844 Enimvero
1016 779 1082 842 iam
1106 778 1211 843 dictus
1234 801 1321 865 papa
1337 776 1516 862 Gregorius
1530 776 1604 842 VII.
1630 776 1827 863 septiformis
1852 775 1995 862 Spiritus
2017 781 2107 862 gratu

464 887 602 952 donatus
626 897 700 972 post
722 885 839 950 multas
864 897 895 950 et
918 885 1017 950 fortes
1043 885 1309 950 commonitiones
1333 885 1399 948 iam
1423 883 1510 948 dicto
1538 884 1727 970 imperatori
1750 884 1820 946 eius
1844 881 2039 946 consiliariis
2061 869 2109 969 per

463 994 600 1058 nuncios
631 1015 670 1058 ac
700 993 824 1057 litteras
855 992 996 1056 directas
1029 990 1259 1080 [mandavit⁸],
1291 1001 1452 1077 quatenus
1482 991 1570 1054 vitae
1600 991 1753 1077 propriae
1785 1011 1935 1054 enormes
1968 1011 2134 1056 excessuss

465 1102 653 1186 corrigeret,
678 1100 832 1186 precipue
849 1121 928 1163 vcro
953 1111 987 1163 ut
1010 1097 1052 1162 ab
1077 1097 1253 1163 honoribus
1278 1097 1519 1178 ecclesiasticis,
1545 1119 1625 1184 quos
1642 1094 1843 1178 venditabat,
1868 1096 2025 1182 cuiquam
2047 1119 2114 1160 con·

464 1206 607 1271 ferendis
631 1207 760 1292 penitus
785 1193 971 1286 abstineret,
990 1206 1110 1292 quippe
1128 1204 1216 1292 quod
1231 1205 1301 1270 eius
1325 1204 1425 1268 officii
1440 1227 1506 1269 uon
1522 1215 1618 1286 esset,
1636 1226 1710 1267 cum
1726 1226 1840 1289 regum
1863 1225 1930 1267 non
1955 1204 1998 1267 sit
2021 1203 2116 1267 eccle-

465 1315 623 1394 siasticae,
656 1313 713 1377 scd
744 1313 846 1376 laicas
877 1313 1024 1376 tantumb
1049 1312 1238 1398 dispensare
1271 1311 1456 1398 dignitates,
1488 1311 1530 1375 ad
1558 1310 1777 1397 episcopalem
1799 1332 1879 1374 vero
1904 1310 2035 1396 apicem
2058 1311 2119 1372 site

464 1421 588 1484 meritis
620 1429 652 1483 et
683 1420 841 1484 electione
872 1418 950 1483 cleri
980 1418 1176 1504 precedente
1208 1441 1267 1504 per
1290 1417 1484 1504 episcopalis
1514 1439 1629 1482 mamis
1660 1418 1900 1504 impositionem
1924 1415 2122 1480 veniendum

466 1528 549 1590 sicut
572 1525 785 1612 predecessor
801 1548 931 1612 quoque
949 1525 1018 1589 eius
1034 1547 1121 1612 papa
1136 1523 1292 1588 Nicolaus
1316 1534 1469 1589 strennue
1494 1534 1636 1610 ceperat,
1661 1522 1817 1588 ecclesias
1842 1535 1875 1588 et
1899 1521 2124 1586 ecclesiastica
2142 1551 2162 1588 ιι

466 1633 574 1698 officia
598 1655 774 1719 eorumque
799 1632 1020 1696 ordinationes
1051 1629 1275 1696 sacerdotibus
1300 1641 1332 1695 et
1355 1631 1586 1696 ecclesiasticis
1616 1632 1764 1716 personis
1788 1630 1978 1695 vendicare.
2026 1629 2126 1692 Ροει1

465 1738 582 1804 multas
605 1740 715 1824 igitur,
740 1741 883 1826 inquam,
908 1739 1007 1803 fortes
1025 1739 1272 1803 ammonitiones
1289 1759 1472 1824 gravesque
1490 1739 1721 1824 correptiones,
1745 1748 1819 1824 post
1842 1737 1991 1801 fomenta
2006 1735 2127 1800 blande

465 1846 687 1910 instructionis
711 1857 743 1910 et
767 1845 978 1910 exortationis
1002 1843 1158 1926 adhibita,
1184 1867 1258 1909 cum
1285 1843 1365 1908 nihil
1395 1844 1445 1908 his
1469 1843 1618 1908 omnibus
1642 1843 1844 1930 profecisset,
1875 1843 1964 1908 ferro
1993 1841 2129 1906 tandem

310 1953 657 2038 1.cor.s,s.precisionis
681 1975 758 2016 usus
785 1962 834 2016 est
864 1951 996 2016 uadens
1028 1950 1187 2015 eiusmodi
1218 1951 1353 2016 sathane
1384 1951 1418 2015 in
1442 1952 1607 2016 interitum
1638 1951 1756 2032 caruis,
1786 1962 1821 2016 ut
1849 1952 1985 2036 spiritus
2017 1949 2129 2014 salvus

288 2086 446 2137 unaarum.
465 2059 558 2124 fieret
584 2060 619 2122 in
642 2059 717 2123 die⁰
741 2059 886 2124 Domini.
933 2058 1048 2144 Itaque
1074 2057 1202 2122 dicente
1226 2058 1385 2123 Domino:
1417 2060 1491 2124 Non
1515 2062 1589 2125 veni
1605 2083 1716 2146 pacem
1740 2062 1869 2140 mittere,
1900 2059 1959 2123 sed
1979 2058 2131 2145 pladium
2149 2083 2171 2122 u

465 2165 554 2230 misit
577 2178 609 2231 et
632 2167 702 2253 ipse
726 2165 816 2230 velut
839 2165 921 2230 alter
944 2164 1166 2230 Machabaeus
1190 2164 1344 2250 gladium,
1369 2188 1433 2252 quo
1457 2166 1518 2230 etsi
1546 2189 1612 2230 non
1639 2165 1826 2250 corrigeret,
1858 2164 1977 2229 saltem
2002 2174 2130 2250 pertur-

466 2270 559 2338 baret
582 2273 721 2359 iniquos,
745 2295 786 2336 ne
810 2272 893 2336 forte
918 2271 1027 2357 gladio
1043 2271 1137 2336 verbi
1153 2272 1219 2336 Dei
1235 2295 1374 2359 parcens
1390 2272 1529 2338 tacendo
1554 2272 1757 2338 consensisse
1774 2270 1943 2336 videretur
1967 2281 2002 2335 et
2025 2269 2130 2334 libere

466 2389 669 2465 grassaretur
692 2380 856 2466 iniquitas.
894 2379 1001 2459 Quam
1017 2401 1096 2442 vero
1119 2401 1185 2443 non
1201 2401 1338 2465 preceps
1363 2391 1418 2443 aut
1440 2379 1533 2460 levis,
1558 2380 1655 2443 immo
1672 2401 1750 2443 vero
1773 2378 1940 2443 modestus
1965 2380 2002 2443 in
2019 2377 2132 2442 danda

465 2487 499 2548 in
524 2509 598 2550 eum
622 2487 968 2550 excommunicationis
993 2486 1152 2550 sententia
1176 2485 1262 2549 idem
1281 2484 1460 2572 Gregorius
1478 2507 1565 2572 papa
1581 2485 1656 2550 VII.
1681 2486 1835 2567 extiterit,
1860 2487 1964 2571 ipsius
1990 2495 2132 2549 testatur

467 2591 683 2678 apollogetica
707 2591 845 2679 epistola
868 2593 1030 2679 episcopis
1054 2615 1092 2656 ac
1112 2591 1315 2679 principibus
1340 2591 1476 2678 aliisque
1500 2590 1650 2656 fidelibus
1674 2592 1708 2656 in
1724 2615 1825 2677 regno
1842 2592 2028 2656 Teutonico
2053 2614 2130 2656 cou-
2148 2618 2172 2656 so

467 2699 585 2762 stitutis
615 2699 749 2781 directa,
774 2722 872 2784 quam
896 2700 995 2763 etiarn
1026 2699 1101 2764 huic
1132 2699 1288 2785 opusculo
1318 2709 1428 2763 nostro
1459 2721 1523 2762 non
1554 2697 1753 2785 superfluum
1784 2699 1937 2762 duximus
1969 2699 2128 2762 inserere.

467 2803 647 2869 Contentus
671 2806 717 2870 ita
741 2829 775 2870 se
800 2804 935 2870 habers:

235 2908 447 3017 epistotaderp-
577 2913 751 3000 Greporins
779 2916 953 3000 episcopus,
981 2939 1090 2978 seratas
1117 2937 1277 2979 seruorum
1302 2914 1374 2978 Dei.
1426 2913 1577 2978 (latritibus
1600 2915 1767 3000 episcopis,
1792 2913 1936 2992 ducibus,
1960 2915 2130 2978 comitibus

245 3001 316 3050 ἔθνη
330 2985 435 3036 VHm'
468 3022 636 3106 ceterasque
659 3021 814 3108 fidelibus
843 3023 877 3086 in
908 3045 1002 3108 repuo
1032 3020 1269 3085 Teutouicorum
1301 3020 1507 3085 christianam
1530 3019 1632 3106 fldem
1664 3020 1905 3107 defendentibus
1935 3021 2070 3085 salutem
2102 3035 2129 3084 et

467 3128 673 3212 apostolicam
697 3127 947 3193 benedictionem.
2146 3155 2170 3194 u

389 3263 447 3305 rore.
573 3233 767 3298 Audivimus
790 3235 942 3320 quosdam
967 3237 1047 3299 iuter
1071 3259 1125 3298 cos
1148 3234 1186 3299 de
1210 3236 1536 3314 excommunicatione,
1560 3259 1655 3320 quam
1680 3235 1715 3298 in
1737 3259 1838 3320 repe-m
1852 3235 2009 3322 fecimus,
2035 3235 2127 3298 dubi-

466 3354 533 3405 tare
562 3365 599 3404 ac
630 3364 789 3425 quaerere,
821 3355 923 3404 riuum
954 3344 1033 3406 iuste
1064 3344 1347 3406 ercommnm'catus
1375 3343 1418 3405 sit
1447 3355 1475 3406 et
1503 3343 1536 3405 si
1563 3355 1670 3405 nostra
1697 3343 1847 3406 sannatia
1878 3365 1917 3404 ea
1940 3343 2127 3406 auctoritate

467 3448 579 3533 lepalis
609 3471 757 3512 cerasurae
787 3457 845 3512 eae
869 3473 932 3534 qua
964 3448 1070 3512 debuit
1101 3448 1325 3513 deliberatione
1355 3473 1478 3535 opressa
1508 3450 1557 3512 sit.
1610 3447 1809 3534 Quapropter·
1839 3449 1977 3533 qualiter
2006 3449 2053 3512 ad
2075 3473 2126 3512 ea-

467 3555 759 3619 corumunicandum
779 3556 871 3618 illum
887 3555 1022 3619 adducti
1033 3554 1166 3635 suranusf,
1184 3570 1284 3641 prout
1299 3558 1404 3620 verius
1413 3556 1577 3642 potuimus
1593 3567 1665 3619 teste
1681 3556 1870 3620 coriscientia
1885 3569 2004 3635 meua,
2025 3555 2126 3618 oculis

467 3675 495 3724 et
524 3661 729 3726 intellectibus
762 3664 899 3726 omnium
923 3663 1111 3748 patefacere
1141 3665 1332 3740 cterauimus,
1363 3686 1424 3726 nort
1454 3675 1528 3741 mni,
1559 3676 1592 3726 ut
1622 3663 1766 3749 sinpulas
1796 3685 1923 3740 causas,
1955 3685 2036 3746 quae
2068 3662 2125 3726 beu
2143 3689 2168 3726 so

466 3769 601 3831 nimium
625 3783 692 3832 note
715 3783 795 3849 suut,
820 3771 916 3854 quasi
936 3783 1040 3834 raostro
1065 3769 1201 3833 clamore
1221 3771 1419 3854 proiciamus
1443 3772 1477 3832 in
1494 3770 1671 3855 parituram,
1696 3793 1790 3853 quom
1814 3782 1848 3833 ut
1869 3791 1975 3834 eorum
2001 3771 2124 3854 opirn'o-

467 3875 559 3938 nibus
589 3876 841 3962 satisfaciamus,
872 3877 931 3960 qai
946 3889 1062 3961 putant
1090 3899 1146 3938 nos
1175 3876 1374 3961 spiritualem
1402 3875 1549 3962 pladiani
1580 3889 1690 3940 temere
1720 3889 1748 3939 et
1775 3877 1878 3962 mapis
1908 3889 1992 3939 rraotu
2023 3877 2128 3938 aninu‘

467 3983 570 4045 riustri
591 4005 686 4066 quam
710 3981 819 4046 diuino
843 3996 923 4045 metu
947 3997 976 4045 et
997 3984 1143 4046 iusticias
1165 3983 1228 4046 zelo
1252 3983 1438 4067 arripuisse.
1491 3980 1568 4045 Oura
1599 3981 1703 4046 adlice
1732 3984 1766 4046 in
1795 3981 1981 4048 diaconatus
2012 3983 2124 4068 officio

461 4090 567 4172 positi
595 4112 738 4168 essentias,
762 4089 892 4174 perlata
923 4089 969 4153 ad
996 4113 1053 4153 nos
1082 4088 1121 4152 de
1150 4090 1235 4174 repis
1264 4091 1439 4153 actionibus
1469 4090 1600 4153 siraistra
1624 4103 1652 4153 et
1673 4089 1803 4152 ortulano
1833 4089 1996 4154 inhonesta
2012 4090 2123 4176 foma,

465 4190 596 4279 propter
627 4196 826 4280 imperialem
856 4194 1040 4282 diqnitatem
1063 4210 1092 4258 et
1113 4197 1318 4259 reverenciam
1335 4198 1445 4280 patris
1468 4210 1496 4260 et
1518 4198 1630 4259 aaronis
1653 4198 1721 4260 eius
1743 4219 1861 4259 neuton
1877 4209 2013 4281 propter
2038 4220 2123 4280 spem
2141 4221 2166 4260 ss

372 4327 450 4378 *aaa
469 4314 498 4364 ct
520 4300 713 4365 desideriam
737 4305 938 4366 correctionis
960 4326 1035 4365 suae
1058 4325 1129 4387 sepe
1153 4326 1220 4365 eitra
1238 4325 1301 4387 per
1318 4302 1427 4365 literas
1450 4317 1478 4366 et
1501 4305 1640 4365 'ntrntios
1658 4304 1898 4380 ammonuimus,
1922 4316 1957 4366 ut
1978 4327 1998 4365 a
2009 4304 2123 4388 pravi·

469 4421 534 4484 tate,
551 4431 609 4471 sua
634 4408 794 4472 desisteret
816 4423 844 4472 et
865 4431 982 4472 metator
1005 4409 1183 4472 clarissimi
1207 4410 1332 4494 ⁸(seueris
1362 4433 1399 4472 ac
1426 4408 1592 4494 dipnr'totis
1620 4432 1696 4472 suae
1726 4411 1822 4472 citam
1852 4433 1942 4472 suoru
1973 4409 2123 4488 moribus,

469 4514 583 4598 quibus
608 4538 710 4600 repens
733 4528 761 4579 et
776 4515 938 4601 futuram,
963 4515 1031 4579 Deo
1055 4515 1198 4595 donante,
1224 4515 1343 4579 deceret
1365 4517 1557 4600 imperium⁸
1582 4513 1788 4579 destituereth.
1828 4514 1999 4600 Postquam
2023 4530 2123 4580 autem

469 4619 514 4682 ad
533 4622 736 4706 pontificatus
759 4624 881 4706 apicem
905 4620 1051 4708 indipui¹
1078 4624 1218 4685 uenimus
1242 4635 1270 4685 et
1291 4623 1382 4686 illius
1406 4621 1492 4686 etosk
1508 4636 1657 4686 cresceret
1678 4636 1707 4686 et
1728 4623 1893 4707 iniquitas,
1917 4623 2124 4710 intellipeutes

468 4725 572 4789 Deum
595 4729 831 4813 antarpotentcm
854 4742 937 4792 tanto
961 4728 1137 4792 districtius
1160 4728 1199 4791 de
1222 4753 1316 4791 niartu
1339 4742 1446 4792 nostra
1469 4731 1610 4792 auiraam
1633 4728 1725 4792 illius
1747 4730 1984 4813 requisiturum,
2008 4743 2123 4814 precato
2140 4754 2167 4792 ro

468 4833 558 4896 nobis
588 4833 634 4896 ad
663 4835 890 4919 increpandum
921 4835 1013 4898 illum
1038 4858 1099 4919 pre
1123 4837 1241 4898 cunctis
1265 4835 1393 4899 libertas
1418 4834 1492 4898 dota
1508 4836 1632 4922 suisset
1653 4849 1682 4898 et
1703 4837 1884 4914 auctor-itas,
1915 4836 2011 4900 muba
2035 4836 2122 4900 solli-

304 4966 448 5018 a.rrm.s,a.
469 4941 562 5004 citius
585 4965 653 5005 erem
676 4943 776 5004 modis
800 4943 942 5004 annisibus
965 4941 1136 5026 aequande,
1160 4941 1361 5021 obsecrando,
1392 4942 1586 5027 increpando
1609 4941 1654 5006 ad
1676 4941 1919 5006 carenda-tionem
1944 4945 2026 5006 uitae
2049 4966 2122 5006 suae

408 5088 423 5126 ,-
469 5045 588 5111 hortati
607 5071 722 5110 sumam.
774 5046 840 5124 Qui
860 5071 928 5110 cum
952 5070 1023 5132 sepe
1046 5049 1136 5112 nobis
1160 5047 1286 5112 decoras
1308 5047 1530 5112 salutationes¹
1557 5063 1586 5112 et
1608 5050 1717 5113 literas
1740 5050 1881 5128 mitteret,
1904 5073 2057 5114 accusares
2079 5073 2123 5128 se,

469 5163 562 5217 „„„m
586 5179 624 5217 esc
646 5168 732 5232 etate,
757 5153 843 5238 quod
856 5154 951 5239 strena
975 5167 1052 5217 esset
1074 5167 1102 5218 et
1116 5155 1269 5242 frapilis,
1300 5168 1363 5218 tasin
1386 5154 1474 5239 quod
1495 5156 1534 5220 ab
1558 5156 1617 5235 bis,
1649 5157 1683 5218 in
1706 5179 1839 5240 quorum
1862 5157 2008 5220 mortibus
2032 5158 2122 5220 curia

576 5348 603 5414 a)
623 5337 895 5418 onaaisupplbcb.
951 5349 980 5413 b)
1001 5359 1032 5402 tu
1050 5355 1093 5403 a?
1149 5351 1174 5416 e)
1197 5355 1269 5405 diem
1287 5371 1308 5404 c.
1364 5349 1392 5414 d)
1414 5355 1492 5406 minio
1511 5355 1539 5406 in
1557 5371 1669 5420 morpc.
1725 5351 1751 5416 c)
1773 5355 1877 5405 deceta.
1931 5353 2122 5418 OsimusGr.
2140 5367 2167 5405 lt

468 5438 497 5507 g)
519 5444 711 5508 imperatorem
727 5441 772 5492 Gr.
818 5439 847 5503 h)
868 5443 1085 5494 institueretGr.
1130 5441 1151 5504 i)
1174 5442 1239 5494 licet
1256 5443 1375 5494 odd.Gr.
1422 5441 1701 5510 klpariteradsl.Gr.
1747 5442 1767 5505 l)
1788 5439 1893 5494 saluto.
1940 5441 1977 5506 m)
2000 5460 2062 5494 cum
2077 5443 2122 5495 Gr.

579 5622 607 5692 1)
634 5621 683 5695 Cf.
700 5623 776 5680 Ana.
793 5623 891 5680 aeica.
916 5643 944 5681 a.
961 5623 1055 5693 1073,
1081 5623 1134 5682 SS.
1153 5623 1253 5694 XVII,
1273 5645 1306 5700 p.
1325 5625 1398 5682 446.
1469 5622 1501 5698 2)
1523 5624 1615 5698 daffe',
1640 5624 1714 5682 Bibl.
1738 5643 1796 5682 rer.
1812 5623 1909 5684 Germ.
1935 5624 1975 5696 ΙΙ,
1995 5645 2028 5701 p.
2047 5623 2122 5682 535.

471 5727 601 5785 Eandem
626 5729 770 5804 epistolam
795 5730 984 5812 Manepoldus
1006 5730 1035 5787 in
1059 5730 1129 5787 libro
1152 5732 1194 5788 acl
1216 5729 1414 5790 Gabelrardum
1438 5752 1461 5789 e.
1482 5731 1521 5788 28
1548 5726 1662 5807 (Libelli
1683 5731 1708 5802 1,
1727 5751 1760 5808 p.
1779 5726 1855 5806 359)
1880 5731 2006 5790 inseruit.
2064 5732 2065 5736 ’
