4478 6396
670 361 908 416 OPUSOULUM
931 363 984 416 DE
1009 361 1181 416 nnlnlclo
1205 363 1283 417 DEI.
1743 357 1804 420 199

137 548 291 632 predicto
308 550 421 634 ,sirene
444 552 648 634 requirerem,
680 549 761 634 quid
790 552 835 612 eis
866 549 1012 629 dedisset,
1043 549 1272 636 reponderunt
1300 574 1332 612 se
1363 573 1431 614 eum
1461 574 1598 637 rogasse,
1629 551 1686 614 sed
1707 553 1746 614 al
1771 575 1805 614 eo

145 656 252 718 nichil
274 659 441 741 cremisse,
466 659 512 720 ita
537 670 568 718 ut
590 680 687 741 ueqrte
704 681 822 742 partem
847 660 881 720 in
898 659 950 720 uia
974 658 1160 743 acceperint,
1185 655 1271 741 quod
1293 656 1370 720 dare
1394 658 1537 720 omnib-us
1561 658 1616 720 illi
1636 659 1805 722 aecclesiae

146 785 272 848 seraper
288 763 465 850 farniliare
488 764 564 849 fait.
602 763 762 827 Diaei-aret
784 766 885 827 enirn:
908 763 1098 850 ‘Respondit
1119 764 1209 827 soba
1233 763 1359 827 dicens:
1382 762 1455 827 Non
1479 763 1585 844 liabeo,
1610 765 1696 850 quael
1720 768 1805 830 tulis

148 869 229 932 clare
246 869 398 954 postim'.
448 869 490 933 la
511 872 622 950 miror,
653 873 686 933 si
708 873 735 934 is
766 873 824 954 qui
852 885 946 934 uestes
976 871 1075 946 leniret,
1106 884 1266 956 arpennos
1298 871 1397 950 labet,
1426 871 1560 934 cellaria
1591 872 1689 950 lesbet,
1721 873 1806 957 quod

109 978 346 1062 operarer-ibus
369 977 478 1040 debeat
501 977 578 1040 darc
601 1001 663 1040 non
687 978 784 1041 hctlet.
834 977 897 1042 llic
921 1001 992 1064 erpo
1018 978 1080 1055 illi,
1105 991 1138 1040 ut
1159 1001 1229 1040 cum
1254 977 1319 1040 loco
1344 992 1437 1040 rrsutet
1458 992 1596 1041 mentem.
1644 978 1717 1042 Non
1741 982 1808 1044 sili-i

148 1084 250 1146 solam
269 1084 427 1147 lectionem
445 1083 553 1147 credat
575 1098 603 1147 et
625 1087 796 1148 oration-ent
813 1085 973 1171 sufficere,
999 1098 1031 1146 at
1052 1097 1186 1146 retostus
1208 1083 1331 1147 studeat
1352 1084 1469 1164 sedere,
1494 1099 1522 1148 et
1541 1084 1578 1148 ele
1594 1110 1689 1148 asarta
1704 1086 1806 1150 nirlil

142 1191 368 1278 fructificare,
391 1190 449 1253 sed
463 1191 585 1278 larqarn
605 1215 731 1254 mareson
748 1192 867 1270 lubeat,
884 1194 1093 1254 neccessitatem
1103 1191 1300 1275 patientibus
1315 1205 1491 1270 concurrat,
1506 1192 1646 1255 alienam
1663 1195 1804 1278 inopiam

150 1299 255 1360 'mam
272 1297 387 1360 credat.
428 1297 511 1374 Quia
534 1300 634 1361 sisic
657 1323 717 1361 non
737 1299 835 1378 labet,
861 1322 990 1360 sacurem
1008 1300 1152 1383 episcopi
1172 1321 1282 1360 rsorrien
1298 1309 1383 1361 tenet.
1419 1295 1458 1360 ln
1475 1296 1592 1382 quibus
1609 1296 1718 1362 verbis
1743 1299 1803 1362 hoe

150 1401 326 1488 diligenter
349 1402 553 1488 pensandum
570 1413 628 1484 est,
654 1403 741 1489 quod
765 1404 948 1490 episeopus,
973 1405 1030 1488 qui
1054 1403 1185 1466 lectioni
1210 1413 1242 1466 et
1266 1403 1403 1466 orationi
1421 1402 1548 1467 deditus
1565 1404 1665 1468 fuisse
1683 1407 1803 1490 signiti-

103 1533 131 1573 1o
150 1520 253 1590 catur,
278 1521 388 1573 tamen
412 1519 585 1594 propterea
608 1521 721 1573 sancto
745 1509 890 1595 pontifici
914 1509 1159 1594 redarguendus
1176 1507 1358 1589 videbatur,
1385 1509 1470 1595 quod
1487 1510 1667 1575 viatoribus
1691 1535 1803 1576 conso-

150 1614 270 1680 latione
295 1614 517 1700 indigentibus
541 1627 638 1702 atque
662 1616 747 1680 hane
771 1615 813 1686 ab
838 1617 991 1702 episcopo
1016 1615 1225 1702 poscentibus
1251 1615 1351 1679 nichil
1374 1616 1480 1680 fuerat
1504 1617 1732 1682 oormolationis
1757 1622 1803 1683 in-

149 1744 304 1808 pensum3
330 1746 404 1786 eum
427 1732 536 1786 tamen
559 1734 692 1809 propter
707 1723 922 1787 corisolandos
944 1746 1044 1786 unum
1065 1723 1265 1786 deeimarum
1283 1721 1497 1808 quadrantem
1522 1735 1648 1788 constet
1671 1749 1712 1789 ex
1736 1737 1804 1791 tota

150 1830 360 1915 episcopatus
391 1829 563 1916 parrochia
593 1829 796 1915 dispositum.
846 1830 943 1910 Quod
973 1832 1000 1893 si
1031 1831 1204 1915 episcopus
1235 1829 1287 1892 ille
1318 1829 1489 1914 religiosus
1519 1830 1635 1896 fuisset
1666 1835 1721 1919 qui
1751 1857 1803 1898 res

149 1959 331 2022 pauperum
363 1935 517 2001 divitibus
549 1935 627 2000 dare
658 1947 714 2000 aaut
743 1961 784 2000 ex
808 1937 858 2000 his
883 1948 990 2000 eastra
1014 1936 1167 2000 edificare
1199 1959 1262 1999 non
1292 1938 1462 2018 timuisset,
1494 1961 1558 2002 non
1589 1938 1651 2003 hoc
1682 1941 1714 2003 in
1745 1964 1804 2004 sua

106 2066 131 2106 rs
149 2042 380 2127 redargutione
411 2043 566 2107 tacuisset
596 2042 710 2107 beatus
743 2043 936 2130 Gregorius,
969 2066 1149 2130 pauperum
1180 2054 1246 2106 tam
1278 2041 1416 2128 diligens
1447 2055 1612 2130 patronus,
1643 2057 1689 2129 ut,
1720 2049 1804 2111 sieut

149 2152 300 2235 superius
325 2150 447 2214 dietum
472 2160 530 2232 est,
555 2151 744 2236 episcopum
767 2150 979 2214 Paschasium
996 2150 1207 2214 vehementer
1229 2150 1425 2235 increparet,
1448 2174 1506 2215 cur
1526 2152 1725 2238 pauperibus
1748 2177 1803 2218 ne-

149 2256 264 2341 glectis
282 2257 322 2320 de
340 2256 438 2321 rebus
454 2251 634 2321 aecclesiae
651 2258 761 2320 navim
777 2255 939 2320 fabricare
964 2268 1181 2343 presumeret:
1207 2258 1259 2320 oui
1284 2257 1379 2320 edam
1405 2259 1438 2321 in
1463 2259 1529 2321 suis
1553 2258 1668 2323 litteris
1692 2285 1803 2325 nume·

148 2387 219 2427 rum
245 2363 421 2428 solidorum
445 2365 678 2449 inproperavit,
703 2387 783 2449 quos
808 2365 840 2426 in
858 2363 971 2428 eadem
997 2366 1073 2427 navi
1097 2362 1290 2428 fabricanda
1314 2362 1404 2428 illum
1424 2365 1621 2450 expendisse
1646 2367 1771 2432 audivit
1784 2375 1808 2433 ¹.·

261 2491 333 2551 174.
370 2488 482 2574 Usque
506 2488 588 2551 adeo
604 2488 656 2550 vir
679 2499 810 2552 sanetus
826 2487 929 2552 voluit
951 2511 1003 2551 res
1028 2488 1218 2568 aeecclesiae,
1244 2512 1307 2552 non
1330 2490 1424 2552 iuxta
1446 2512 1548 2553 novas
1565 2493 1803 2577 usurpationes,

103 2621 130 2658 so
149 2594 208 2658 sed
239 2596 331 2659 iuxta
362 2617 504 2658 canones
539 2594 689 2680 antiquos
725 2594 922 2680 dispensari,
959 2605 993 2658 nt
1024 2619 1084 2660 nec
1115 2595 1302 2659 infirmitate
1336 2597 1481 2682 corporis
1515 2595 1556 2659 ab
1587 2596 1802 2684 indigentium

149 2703 357 2788 susceptione
382 2701 470 2787 apud
493 2700 582 2764 illum
606 2699 724 2786 aliquis
747 2703 889 2786 potuerit
912 2705 1074 2784 excusari,
1100 2725 1197 2788 quam
1222 2702 1262 2766 de
1286 2704 1435 2788 portione
1459 2703 1501 2766 ad
1518 2705 1708 2790 episcopum
1731 2729 1803 2792 per-

147 2809 272 2872 tinente
304 2831 433 2894 semper
463 2809 497 2871 in
528 2807 704 2894 episcopali
736 2808 897 2872 aecelcsia
920 2808 1022 2872 voluit
1053 2831 1124 2873 esse
1154 2818 1312 2895 paratam,
1344 2811 1441 2873 etiam
1472 2811 1626 2896 episcopo
1658 2811 1802 2877 absente.

148 2916 237 2980 Hinc
262 2927 312 2980 est
335 2915 422 3001 quod
445 2915 664 2979 Marinianum
688 2909 910 2979 Ravennatem
936 2917 1125 3002 episcopum
1149 2939 1207 3001 pro
1232 2915 1416 2980 infirmitate
1442 2919 1586 3002 eorporis
1614 2919 1648 2981 in
1672 2920 1802 2984 civitate

148 3046 214 3086 non
245 3025 365 3087 morari
394 3023 555 3086 valentem
584 3021 703 3086 talibus
727 3021 836 3086 verbis
861 3021 1072 3108 alloquitur2:
1106 3024 1265 3088 Venientes
1288 3024 1419 3109 quielnrn
1443 3025 1642 3089 llartcnnates
1665 3027 1804 3092 homenes

104 3155 131 3194 ss
146 3134 339 3218 pravissimo
362 3155 482 3195 merore
505 3156 552 3194 nee
576 3133 759 3194 invenerunt
768 3132 962 3216 perculsum,
987 3133 1063 3215 puin
1072 3132 1313 3218 fraternitatem
1336 3145 1420 3194 tuarn
1444 3133 1615 3196 retulerunt
1634 3133 1672 3197 de
1688 3137 1804 3199 crinita

149 3241 317 3325 sczrepainis
340 3252 490 3326 egrotare.
537 3238 591 3300 Er
614 3262 676 3322 qua
700 3263 734 3300 re
757 3239 890 3301 sollicite
914 3252 942 3300 et
963 3239 1153 3324 sinpillatim
1177 3262 1237 3317 eos,
1262 3263 1339 3322 quos
1362 3239 1413 3301 liic
1437 3238 1541 3302 doctos
1565 3241 1692 3305 lectione
1716 3245 1802 3306 nori-

151 3371 220 3409 mus
249 3345 400 3426 medicos,
424 3346 568 3433 fecimus
598 3347 736 3429 requiri,
768 3358 795 3407 et
824 3345 905 3428 quid
933 3346 1056 3431 sinpnli
1083 3347 1236 3407 senserint
1266 3345 1381 3429 quidne
1411 3345 1613 3426 dictaverint,
1644 3351 1806 3413 sanctitati

151 3467 271 3516 cestrae
300 3455 452 3538 scriptum
484 3454 635 3515 torsimus.
686 3451 752 3528 Qui
779 3464 880 3514 tannen
908 3455 1037 3536 quietem
1063 3464 1091 3514 et
1112 3453 1271 3514 silentium
1289 3475 1352 3536 pre
1376 3453 1518 3514 orrrrn'lrns
1542 3452 1662 3517 (lictant
1667 3478 1678 3534 ,·
1709 3479 1802 3540 (ματη

150 3563 182 3622 si
203 3574 256 3622 tua
266 3561 463 3645 fraternitas
479 3562 513 3622 in
528 3583 587 3621 sua
603 3559 755 3622 aecclesia
766 3560 871 3643 possit
893 3558 1015 3638 labere,
1040 3557 1132 3621 ealda
1155 3583 1223 3620 sain
1244 3558 1367 3620 cloelius.
1404 3557 1448 3620 Et
1471 3557 1541 3621 ideo
1565 3559 1689 3622 videtur
1711 3563 1801 3640 rniln‘,

105 3691 131 3728 ao
152 3681 184 3730 ut
206 3667 354 3730 ordinata
378 3667 448 3729 illic
472 3667 634 3744 aecclesia,
667 3667 715 3728 rel
737 3668 796 3750 qui
816 3666 984 3728 missura-ns
1008 3665 1196 3749 sollempnia
1224 3666 1348 3749 emolere
1372 3665 1476 3728 caleat
1498 3667 1548 3728 cel
1569 3669 1628 3750 qrci
1648 3670 1806 3754 episcopii

150 3797 260 3836 cetram
277 3797 395 3858 perere,
420 3773 662 3858 leospdalitatern
687 3786 714 3834 ct
735 3774 958 3856 susceptionem
969 3774 1074 3857 possit
1089 3771 1242 3849 (relabere,
1267 3773 1359 3855 quiec
1375 3772 1574 3835 monasteriis
1590 3773 1803 3839 crestodientlis

144 3905 282 3966 preesse,
307 3895 359 3942 tua
373 3881 565 3965 fraternitas
588 3879 633 3941 od
655 3904 702 3940 *irie
725 3892 795 3942 arne
819 3881 948 3942 estivam
973 3893 1091 3964 ternpus
1115 3878 1223 3954 debeat
1246 3881 1361 3958 venire,
1387 3893 1420 3941 at
1441 3878 1631 3964 egritudinis
1655 3894 1724 3945 tuae
1748 3907 1801 3969 epo

149 3987 340 4074 specialiter,
371 3989 406 4050 in
429 4000 576 4070 qrcarrtum
603 3986 701 4064 ‘oulen
731 4011 839 4048 cetram
860 4010 968 4070 peroro
993 3987 1184 4070 quieternpue
1208 3999 1292 4048 tusum
1316 3985 1498 4049 «nandium.
1541 3984 1645 4064 ‘Quid
1667 3988 1727 4050 iste
1751 3989 1802 4051 vir
1820 4015 1849 4053 ν.
1885 4041 1890 4052 .

150 4103 281 4156 sanetas
305 4093 439 4172 diceret,
472 4093 498 4154 si
521 4101 631 4155 nostro
654 4101 800 4176 tempore
825 4091 952 4154 videret
976 4092 1146 4176 episcopos
1174 4092 1205 4153 in
1232 4091 1346 4154 eastris
1370 4093 1436 4154 suis
1459 4103 1624 4156 morantes
1649 4103 1681 4156 et
1705 4117 1801 4179 egen-

105 4225 131 4263 n
149 4201 230 4264 tium
254 4200 493 4285 susceptionem
525 4201 559 4262 in
583 4199 715 4262 civitate
744 4198 984 4282 procurandam
1007 4197 1209 4282 negligentes
1234 4209 1331 4284 atque
1355 4197 1417 4261 hoc
1441 4198 1528 4284 quod
1552 4199 1722 4283 egentibus
1748 4200 1801 4265 de-

150 4305 289 4372 bebatur
311 4305 467 4370 militibus
492 4303 748 4368 distribuentes?
796 4305 890 4384 Puto,
916 4303 1004 4390 quod
1027 4327 1087 4368 nec
1119 4306 1151 4368 in
1176 4305 1338 4390 episcopis
1369 4304 1433 4368 tale
1465 4304 1653 4388 dominium,
1684 4329 1746 4371 nec
1768 4309 1803 4371 in

150 4412 306 4478 militibus
330 4413 394 4477 tale
418 4412 594 4476 hominium
620 4411 665 4475 illi
690 4411 843 4496 placeret,
868 4434 927 4497 per
943 4411 1031 4497 quod
1053 4433 1215 4497 pauperes
1239 4410 1407 4496 dispoliari
1423 4411 1560 4475 videret.
1596 4413 1690 4495 Puto,
1716 4414 1803 4500 quod

149 4543 211 4585 nee
235 4520 466 4584 monachorum
491 4519 536 4582 illi
561 4518 705 4605 placeret
728 4519 954 4604 inportunitas,
980 4542 999 4580 a
1023 4517 1141 4604 quibus
1164 4519 1211 4581 itu
1227 4520 1468 4604 contempnitur
1484 4542 1644 4584 canonum
1663 4522 1801 4584 auctori·

150 4639 211 4708 tas,
236 4638 271 4690 ut
294 4626 405 4691 dicant
429 4628 583 4712 episcopo
608 4625 716 4704 licere,
742 4625 830 4711 quod
854 4627 883 4688 ei
908 4625 1070 4688 affirmant
1095 4626 1200 4688 sancti
1223 4635 1332 4710 patres
1356 4648 1420 4688 non
1445 4625 1554 4690 licere.

105 4818 132 4854 so
259 4797 412 4869 Gregorius
429 4796 562 4851 Antemio
585 4796 757 4850 subdiacono
775 4793 944 4865 Campaniae
955 4791 983 4849 ³:
1009 4793 1143 4851 Pmuersit
1165 4795 1207 4850 ad
1223 4814 1274 4851 reos
1284 4794 1414 4864 fratrem
1431 4803 1456 4850 ct
1471 4795 1662 4870 commearunt
1677 4803 1803 4852 nostrum
1821 4815 1887 4856 assu

151 4903 337 4960 Paschasius:
362 4933 405 4941 —
428 4933 472 4941 -
494 4902 569 4957 illurn
593 4901 649 4958 iam
673 4901 776 4958 solidos
795 4900 964 4976 perdidisse.
1012 4903 1049 4956 Et
1079 4909 1143 4972 post
1175 4901 1283 4972 eliqua:
1318 4900 1351 4957 Si
1380 4921 1455 4970 cera,
1487 4903 1564 4976 quod
1584 4922 1641 4959 non
1666 4901 1803 4958 credimus

152 5043 194 5050 -
219 5041 262 5049 -
285 5030 371 5086 apere
394 5008 541 5066 cortsreniat
561 5009 742 5064 sacerdotem.

259 5119 301 5172 Ex
324 5117 441 5172 concilio
465 5112 627 5171 Romano⁴:
655 5115 821 5190 Quicunque
843 5115 967 5185 militurn,
1000 5117 1043 5172 uel
1072 5115 1257 5190 cuiuscunque
1286 5114 1395 5171 ordinis
1419 5117 1462 5171 vel
1479 5115 1671 5190 professionis
1694 5146 1738 5155 -
1760 5146 1804 5154 —

152 5223 431 5281 auconnnunicatimri
451 5223 601 5279 stillarent.

108 5352 134 5390 ss
258 5331 290 5385 In
314 5332 357 5385 his
374 5331 466 5385 verbis
491 5331 644 5385 notandum
666 5339 719 5396 cst,
746 5331 819 5400 quod
844 5331 1117 5384 aeselcsiasticarrnn
1141 5348 1232 5384 rerum
1257 5329 1390 5384 alienatio
1414 5329 1608 5384 nichilominus
1632 5331 1801 5401 dampnatur

152 5441 204 5494 sub
229 5439 530 5504 exconnnunicatione3
557 5445 584 5492 et
610 5439 722 5506 quando
746 5439 893 5491 roboratur
917 5437 962 5491 vel
987 5437 1125 5491 toleratur
1149 5437 1319 5507 prelatorum
1344 5437 1500 5507 ‹lepravata
1523 5439 1718 5492 consensione.

223 5663 227 5680 ,
262 5615 291 5688 l)
316 5616 345 5670 V.
370 5636 398 5671 n.
418 5615 446 5670 2.
518 5613 548 5687 2)
573 5615 665 5689 Epist.
684 5614 737 5683 XI,
764 5613 814 5682 21,
844 5614 908 5669 ΕΕ.
927 5613 967 5682 Il,
988 5635 1019 5688 p.
1040 5615 1120 5683 282;
1145 5614 1185 5684 cs.
1209 5634 1299 5688 supra
1321 5634 1351 5688 p.
1369 5613 1440 5669 195.
1512 5614 1542 5684 3)
1569 5615 1661 5690 Epist.
1677 5614 1725 5684 VI,
1752 5613 1803 5681 23,

154 5723 221 5779 ΕΕ.
248 5723 270 5792 I,
291 5743 324 5796 p.
344 5722 416 5778 401.
491 5721 520 5790 4)
548 5720 653 5778 b'ortcil.
670 5721 752 5776 Rern.
770 5741 799 5776 a.
816 5720 909 5782 1078,
934 5720 1026 5792 Jaffc',
1051 5720 1124 5776 Bill.
1143 5720 1182 5788 II,
1203 5741 1236 5794 p.
1255 5719 1317 5774 332
1326 5743 1336 5789 ;
1362 5719 1447 5778 Grai.
1468 5719 1498 5778 0.
1517 5721 1586 5792 XII,
1612 5741 1658 5798 qu.
1678 5721 1706 5792 2,
1732 5740 1754 5776 c.
1773 5720 1802 5775 4.
