4418 6412
468 309 531 371 376
763 313 942 370 GERHOHI
965 273 1198 368 PRAEI'OSITI
1222 309 1630 368 liElCHERSBERGENSIS
1653 311 1819 366 LIBELLI.

468 503 514 566 eis
539 525 602 565 non
627 499 776 580 dabatur,
801 500 976 586 sagittariis
1001 521 1056 563 eos
1081 499 1225 586 undique
1249 521 1308 584 per
1324 499 1494 563 circuitum
1519 497 1571 561 die
1596 506 1758 584 noctuque
1782 495 2022 562 infestantibus.
2052 499 2104 586 lgi-

467 619 519 673 tur
541 609 642 672 nostri
666 606 775 670 loricis
793 607 911 686 vestiti,
935 616 970 670 ut
994 605 1192 686 dictumest,
1217 604 1259 670 ab
1277 607 1323 669 eis
1348 605 1550 669 diverterunt
1573 603 1735 690 peridem
1752 604 1929 686 desertum,
1947 627 2105 690 quovene·

467 727 549 796 rant,
574 715 661 778 viam
687 712 912 798 dirigentibus,
938 712 1024 798 quod
1053 712 1133 776 alias
1164 711 1347 777 divertendi
1378 711 1467 776 locus
1498 733 1563 775 non
1594 711 1708 776 fuisset
1740 710 1830 774 silvis
1861 723 1920 775 aut
1949 711 2109 797 paludibus

467 821 542 886 hinc
571 819 648 884 inde
679 817 943 906 impedientibus.
992 818 1058 884 Sed
1089 829 1122 883 et
1151 817 1309 884 abeuntes
1340 818 1521 883 adversarii
1551 841 1610 904 per
1637 817 1801 884 desertum
1825 828 1858 882 et
1882 840 1959 882 rara
1983 817 2110 905 quedam

467 927 629 992 silvestria
658 926 733 990 hinc
764 926 839 990 inde
871 927 1062 990 comitantes
1092 926 1224 1012 longum
1252 924 1342 990 illum
1366 925 1512 988 ordinem
1535 923 1724 989 abeuntium
1747 925 1874 1010 sagittis
1899 948 1920 988 a
1943 925 2065 988 dextris
2087 939 2114 990 et

468 1035 605 1098 sinistris
629 1032 821 1119 fatigabant.
869 1033 934 1113 Qui
958 1032 1035 1098 dum
1060 1056 1079 1096 a
1102 1035 1220 1097 nostris
1244 1031 1441 1119 fugabantur
1462 1055 1540 1096 mox
1564 1031 1679 1096 eadem
1702 1031 1846 1114 levitate,
1871 1055 1937 1118 qua
1961 1032 2115 1117 fugerant,

467 1139 667 1205 revelabant.
704 1139 850 1226 Contigit
873 1151 982 1205 autern
994 1145 1013 1220 ¹,
1039 1151 1073 1204 ut
1096 1141 1129 1203 in
1146 1139 1288 1226 quadam
1311 1163 1391 1226 rupe
1415 1161 1534 1224 magna
1550 1162 1626 1226 pars
1642 1149 1825 1204 nostrorum
1840 1161 1907 1202 una
1926 1161 1962 1202 se
1980 1141 2117 1204 noctium

467 1249 655 1334 recepisset,
680 1246 817 1312 credens
842 1269 876 1310 se
900 1245 965 1310 illie
989 1245 1031 1310 ab
1055 1245 1318 1311 adversariorum
1341 1247 1467 1332 sagittis
1483 1268 1580 1332 posse
1604 1247 1820 1332 requiescere.
1857 1244 1926 1310 Sed
1942 1245 2118 1310 adversarii

468 1353 582 1420 eadem
613 1377 692 1440 rupe
721 1352 922 1418 circumdata
945 1364 977 1417 et
1001 1365 1190 1439 expugnata
1219 1375 1348 1417 omnem
1378 1352 1466 1418 illam
1496 1351 1734 1418 multitudinem
1758 1352 1810 1416 vel
1834 1351 1954 1438 gladiis
1979 1375 2118 1438 pereme-

467 1471 542 1526 runt
565 1461 618 1525 vel
641 1461 788 1547 captivos
812 1459 1029 1541 abduxerunt,
1053 1482 1131 1546 rege
1155 1471 1264 1524 nostro
1288 1471 1441 1524 eventum
1464 1460 1511 1523 rei
1528 1461 1657 1545 penitus
1681 1461 1860 1546 ignorante,
1885 1458 2120 1545 aliquantulum
2138 1489 2182 1526 nr

468 1569 554 1632 enim
584 1566 710 1653 longius
741 1569 810 1653 ipse
842 1568 1001 1653 processit
1025 1579 1154 1630 etcum
1179 1565 1293 1630 rolmre
1318 1568 1482 1630 exercitus
1507 1577 1613 1630 castra
1643 1567 1675 1629 in
1699 1565 1771 1629 loco
1795 1564 1857 1628 sibi
1881 1567 2016 1652 proviso
2040 1565 2120 1630 loca·

468 1685 568 1738 verat.
616 1675 774 1738 Mortuisr
798 1675 896 1758 igitur
919 1682 951 1737 et
975 1671 1191 1738 cadaveribus
1215 1695 1344 1737 omnem
1366 1673 1455 1737 illam
1480 1673 1600 1736 deserti
1623 1673 1712 1736 viam
1735 1683 1869 1737 stratam
1901 1672 2121 1758 relinquentes

467 1804 528 1846 rex
558 1803 632 1846 cum
656 1782 820 1844 exercitus
850 1779 1044 1865 quibusdam
1075 1780 1220 1866 reliquiis
1246 1779 1562 1866 Constantinopolim
1592 1777 1698 1843 rediit.
1745 1778 1811 1844 Ubi
1843 1803 1918 1844 cum
1948 1779 2121 1865 aliquantis

371 1917 446 1968 ‘psa
469 1886 685 1975 'principibus
710 1888 846 1973 aliisque
870 1885 1087 1972 magnatibus,
1113 1885 1230 1973 quibus
1255 1887 1381 1950 animus
1404 1886 1457 1951 vel
1481 1887 1620 1972 pecunia
1645 1909 1710 1949 non
1734 1884 1911 1968 defecerat,
1932 1887 2022 1950 viam
2039 1887 2121 1950 lero-

468 1995 683 2059 solimitauam
707 2016 767 2080 per
789 2017 877 2058 rrrare
902 1995 1068 2078 ingressus
1093 2003 1150 2057 est.
2139 2025 2152 2059 1.

397 2221 448 2270 (ro).
811 2193 862 2254 60.
899 2188 1178 2254 Oalamitates
1202 2190 1419 2254 exercitus
1442 2189 1556 2274 regis
1579 2189 1769 2252 Francie.

575 2315 642 2380 Sed
666 2327 705 2401 et
722 2316 807 2400 regis
824 2315 976 2378 Frantiae
1002 2316 1181 2379 exercitum
1204 2326 1236 2379 et
1260 2337 1358 2401 quam
1382 2314 1490 2400 plures
1515 2337 1557 2378 ex
1578 2312 1761 2396 Gennanis,
1787 2315 1841 2400 qui
1866 2336 1926 2400 per
1949 2315 2040 2377 viam
2062 2325 2120 2378 ter-

468 2433 603 2487 restrem
624 2422 846 2486 lerosolimam
869 2421 1084 2504 tetenderant,
1109 2421 1232 2487 infinite
1256 2435 1353 2508 atque
1378 2423 1545 2485 innumere
1570 2420 1771 2485 calamitates
1795 2419 2119 2507 comprehenderrmt.

353 2559 448 2598 nster.
468 2529 551 2594 Nam
575 2553 649 2594 cum
673 2528 715 2592 ad
738 2527 810 2592 loca
834 2529 990 2592 montium
1013 2530 1200 2614 angustiora
1225 2528 1442 2607 devenissent,
1473 2526 1540 2592 illie
1564 2527 1663 2592 Turci
1694 2526 1859 2613 dispositis
1890 2528 2026 2591 armatis
2050 2551 2119 2591 cum

468 2647 558 2723 parte
583 2637 746 2700 exercitus
771 2647 884 2721 aperta
899 2658 997 2699 manu
1014 2637 1180 2720 congressi
1204 2648 1287 2715 sunt,
1312 2658 1392 2721 quos
1417 2635 1514 2698 etiam
1539 2657 1557 2698 a
1582 2634 1665 2698 facie
1690 2634 1786 2698 simul
1809 2644 1841 2698 et
1865 2657 1884 2698 a
1908 2645 2002 2720 tergo
2027 2644 2119 2720 atque
2135 2663 2154 2700 s·

468 2767 488 2807 a
511 2743 651 2828 scopulis
676 2741 818 2828 desuper
840 2743 1079 2827 impugnantes,
1104 2744 1280 2806 maximam
1304 2764 1346 2805 ex
1370 2743 1417 2805 eis
1441 2740 1678 2805 multitudinem
1702 2752 1918 2826 peremertmt,
1944 2740 2002 2805 ubi
2024 2743 2119 2830 etiam

469 2873 577 2914 eomes
608 2848 819 2912 carinthiaeb
850 2847 1082 2912 Bemhardus‘2
1111 2847 1272 2912 occubuit.
1326 2847 1397 2912 Illic
1433 2849 1530 2911 etiam
1566 2846 1748 2933 complures
1782 2846 1929 2912 locorum
1964 2849 2119 2932 augustiis

469 2955 563 3021 simul
587 2967 619 3020 et
642 2965 838 3020 armatorum
855 2955 966 3020 cuneis
991 2953 1125 3038 obsessi,
1151 2979 1224 3019 cum
1241 2954 1369 3042 quibua
1394 2977 1523 3040 exque
1548 2953 1703 3039 congredi
1727 2977 1792 3018 uon
1815 2965 1976 3040 poterant,
2003 2953 2121 3018 relictis

469 3065 535 3127 suis
560 3061 709 3127 omnibus
733 3061 818 3126 solas
842 3063 967 3126 animas
992 3061 1119 3126 salvare
1144 3063 1311 3148 cupientes
1342 3085 1401 3148 ρετ
1424 3083 1542 3147 aspera
1566 3060 1722 3126 etardus
1752 3061 1909 3126 montium
1940 3061 2052 3147 fugam
2076 3062 2121 3124 in-

469 3172 585 3234 ierunt.
632 3169 721 3233 Inter
751 3193 831 3255 quos
863 3169 959 3233 etiam
991 3169 1091 3232 frater
1120 3169 1206 3254 regis
1237 3170 1466 3248 Romanorum,
1492 3169 1569 3234 Otto
1593 3167 1812 3252 Frisingcnsis
1844 3169 2029 3254 episcopus,
2060 3191 2122 3232 nou
2139 3196 2162 3234 a

469 3276 573 3340 solum
603 3275 842 3358 calceameutis,
874 3273 933 3338 sed
963 3277 1061 3339 etiam
1092 3274 1230 3361 pedibus
1261 3277 1388 3356 attritis,
1420 3275 1506 3338 fame
1537 3296 1666 3361 quoque
1697 3297 1736 3339 ac
1766 3273 1842 3359 gelu
1871 3275 2051 3355 confectus,
2082 3274 2123 3338 ad

470 3383 633 3470 quandam
657 3383 824 3446 civitatem
847 3383 1043 3446 maritimam
1068 3405 1140 3446 cum
1158 3381 1352 3464 devenisset,
1375 3383 1584 3446 irriseratione
1603 3382 1723 3445 civium
1742 3381 1865 3445 refotus
1889 3392 1987 3468 atque
2012 3393 2123 3446 mutuo

470 3489 511 3554 ab
536 3491 582 3553 eis
606 3491 751 3575 acceptis
775 3488 937 3575 aliquibus
966 3490 1063 3553 etiarn
1093 3490 1163 3575 ipse
1194 3512 1254 3575 per
1276 3512 1365 3553 snare
1390 3488 1611 3552 lerosolimam
1641 3487 1788 3553 tetendit.
1836 3488 1993 3554 Similiter
2017 3500 2124 3554 autem

470 3619 529 3661 rex
544 3597 678 3660 Frentie
703 3595 919 3660 salernitatem
936 3619 1001 3659 non
1017 3594 1179 3660 modicam
1203 3597 1347 3660 incurrit.
1384 3595 1468 3660 Nam
1485 3619 1558 3658 eum
1574 3593 1782 3659 Antiochiam
1799 3595 1988 3660 devenisset
2011 3595 2124 3659 nichil-

470 3726 534 3790 que
550 3702 626 3786 illic,
643 3713 754 3788 utpote
770 3704 854 3766 inter
871 3704 1098 3788 compatriotas
1123 3726 1208 3784 suos,
1232 3704 1453 3788 suspicaretur
1476 3701 1562 3782 mali,
1586 3701 1700 3765 fraude
1725 3701 1819 3766 simul
1842 3713 1874 3766 et
1897 3704 1931 3766 vi
1955 3725 2015 3789 per
2038 3704 2124 3789 prin·
2142 3731 2166 3768 so

471 3811 577 3896 cipem
594 3811 735 3873 civitatis
759 3811 889 3896 proprie
913 3811 1024 3872 uxoris
1034 3815 1055 3891 ³,
1081 3833 1178 3895 quam
1203 3833 1312 3874 secum
1330 3809 1478 3890 duxerat,
1503 3809 1665 3872 consortio
1689 3809 1835 3894 privatus
1860 3819 1918 3872 est.
1956 3809 2030 3889 Qus
2051 3833 2124 3874 curo

469 3926 543 4004 post
566 3926 692 4002 tempus
716 3914 857 3979 libertati
882 3915 1009 3979 reddita
1032 3915 1139 3980 redire
1164 3915 1345 4002 adipsum,
1369 3925 1480 4002 utpote
1505 3926 1632 3979 servate
1656 3914 1733 3978 fidei
1757 3915 1945 3979 matronalis
1970 3914 2033 3980 sibi
2051 3939 2124 3980 con-

471 4025 549 4105 scie,
572 4022 738 4104 voluisset,
770 4023 912 4087 admissa
942 4045 1006 4086 non
1031 4035 1079 4086 est
1110 4034 1283 4108 manetque
1314 4024 1476 4086 intereos
1500 4021 1662 4108 hodieque
1687 4020 1871 4104 divortium,
1903 4023 1962 4086 sed
1986 4023 2059 4087 aliis
2083 4045 2125 4087 ex

472 4131 600 4195 causis⁴
619 4128 839 4193 ecclesiastice
865 4128 1050 4193 stabilitum.
1090 4129 1175 4192 Nam
1200 4143 1231 4192 et
1255 4129 1307 4193 ille
1332 4129 1452 4193 aliam⁵
1468 4128 1561 4193 duxit
1585 4139 1616 4192 et
1639 4139 1728 4192 tenet
1744 4151 1879 4193 uxorem
1903 4139 1935 4192 et
1959 4129 2014 4193 illa
2038 4130 2125 4215 regis

471 4235 614 4322 Anglie⁶
636 4237 840 4300 matrimonio
864 4237 987 4299 sociata
1012 4248 1068 4299 est.
1116 4235 1259 4299 Ventum
1289 4246 1397 4299 tomen
1426 4245 1475 4300 est
1504 4234 1636 4299 tandem
1660 4235 1882 4300 lerosolimam
1912 4235 1954 4300 ab
1978 4238 2124 4322 utrisque
2143 4262 2167 4301 a

472 4341 605 4428 regibus
629 4365 702 4407 curn
719 4341 914 4429 quibusdam
938 4342 1082 4428 reliquiis
1107 4344 1326 4425 exercituum3
1350 4365 1426 4406 nam
1450 4344 1537 4427 regis
1552 4343 1773 4406 Romanorum
1789 4343 1964 4425 exercitus,
1990 4345 2047 4429 qui
2071 4342 2125 4407 de-

472 4451 549 4513 serti
578 4448 664 4513 illius
694 4448 821 4513 labores
845 4459 878 4513 et
901 4448 965 4512 tela
989 4449 1128 4512 hostium
1153 4461 1311 4531 evaserat,
1336 4471 1378 4514 ex
1401 4450 1545 4513 maxima
1569 4459 1661 4535 parte
1688 4450 1730 4513 ad
1753 4459 1924 4535 paternum
1947 4449 2051 4514 solum
2075 4473 2125 4512 re-

471 4567 648 4621 meaverat.
696 4555 762 4621 Sed
786 4566 817 4620 et
841 4554 922 4620 alius
946 4555 1000 4619 ills
1024 4557 1187 4620 exercitus
1211 4578 1321 4641 regern
1337 4556 1469 4620 Frontis
1494 4558 1664 4621 comitatus
1689 4578 1730 4619 ex
1746 4566 1839 4642 parte
1862 4558 1948 4620 inter
1970 4568 2125 4621 montana

329 4690 452 4741 ussus
472 4663 527 4727 illa
549 4663 701 4748 perierat.
737 4663 879 4726 Ventum
901 4671 1021 4744 tamen,
1045 4663 1187 4749 inquam,
1212 4662 1343 4726 tandem
1368 4674 1416 4726 est
1439 4662 1672 4745 lerosolimam,
1694 4685 1791 4748 quam
1814 4663 1896 4728 adeo
1920 4661 2060 4728 liberam
2083 4661 2124 4727 ab

472 4769 613 4834 hostiurn
636 4771 767 4834 incursu
790 4769 994 4848 invenerunt,
1019 4770 1103 4832 sicut
1127 4791 1181 4833 ore
1198 4770 1328 4855 proprio
1345 4792 1404 4833 rex
1421 4770 1639 4834 Romanorum
1655 4779 1790 4834 testatus
1815 4773 1896 4852 esti,
1921 4769 2010 4856 quod
2032 4794 2124 4835 num·
2142 4797 2167 4834 ro

472 4898 570 4963 quam
599 4877 668 4940 fere
703 4877 817 4940 maiori
849 4898 930 4962 paee
961 4877 1058 4961 potiri
1089 4886 1276 4962 potuerunt,
1309 4889 1446 4962 excepto
1478 4875 1566 4963 quod
1596 4878 1679 4940 sicut
1709 4899 1838 4962 semper
1867 4877 1953 4940 inter
1983 4877 2125 4942 confinia

580 5075 606 5138 a)
628 5077 759 5128 mortibus
779 5095 799 5128 c.
873 5074 900 5138 b)
923 5077 1055 5128 corinthio
1074 5095 1095 5127 c.

583 5239 611 5309 1)
639 5239 686 5312 Of.
711 5240 880 5297 Boubardi
902 5242 919 5296 l.
938 5242 955 5296 l.
975 5261 1008 5316 p.
1027 5240 1100 5296 635.
1205 5240 1234 5310 2)
1259 5241 1305 5297 De
1328 5241 1379 5298 lroc
1403 5241 1576 5297 Beralsardo
1600 5239 1695 5298 cernite
1719 5241 1752 5297 de
1775 5240 1881 5297 Iliaca
1904 5261 1930 5298 o.
1955 5241 2127 5299 Bcralrordi

473 5348 491 5403 l.
508 5348 526 5402 l.
546 5367 579 5422 p.
598 5346 670 5403 628.
690 5347 762 5403 651.
856 5344 886 5420 3)
911 5347 1081 5416 Eleonorac,
1105 5347 1196 5422 neptis
1219 5347 1377 5404 Rairuundi
1397 5347 1473 5424 repis
1495 5347 1689 5404 Antiochensis
1696 5367 1706 5416 ,·
1730 5347 1771 5418 ef.
1796 5347 1833 5403 R.
1854 5347 1970 5419 lifrsclt,
1996 5347 2124 5406 ‘Studien

473 5471 525 5509 aar
549 5451 650 5510 Greek.
676 5453 771 5530 Ko‘rrip
796 5451 931 5529 Ludwips
949 5453 1013 5509 VII.
1038 5473 1092 5511 voa
1117 5453 1311 5510 Froalereiclr’
1337 5449 1468 5530 (Lapatip
1493 5449 1591 5529 1892)
1610 5473 1644 5530 ρ.
1663 5453 1703 5510 58
1720 5473 1762 5529 sq.
1855 5451 1886 5522 4)
1912 5453 2036 5529 Prrprter
2053 5474 2125 5530 pro·
2142 5473 2168 5512 45

468 5558 578 5634 piorem
602 5559 783 5638 affinitates.
885 5559 915 5629 5)
942 5557 1146 5630 Constantiam,
1169 5559 1263 5639 filiam
1287 5560 1404 5633 Alsoosi
1425 5559 1504 5616 VIII.
1529 5560 1605 5637 repis
1630 5558 1772 5619 (iustiliae.
1865 5558 1896 5630 6)
1921 5560 2059 5618 Heinrico
2082 5561 2123 5618 Π.

475 5665 505 5736 I)
531 5664 664 5724 Gertooo
686 5667 747 5742 ipso
771 5666 923 5724 audiente!
