4426 6398
446 349 510 413 648
971 348 1207 410 TBACTATUS
1232 351 1524 410 EBORAGENSES.
1558 353 1583 410 1.

442 542 643 608 voluntatem
667 541 733 608 Dei
757 551 790 606 et
812 541 1115 630 precogitationem,
1146 541 1174 604 si
1196 538 1352 626 possibile
1380 551 1476 622 esset,
1506 541 1632 605 irritam
1661 540 1810 605 facerent
1838 537 2097 626 ordinationique

442 649 639 714 resisterent.
676 647 774 729 Quod
798 648 825 712 ιί
848 649 990 712 scienter
1003 647 1160 729 facerent,
1184 647 1317 733 gravius
1332 647 1445 734 utique
1462 645 1697 733 delinquerent,
1723 648 1750 711 si
1765 647 1967 726 nescienter,
1987 647 2096 726 minua

442 777 508 820 non
531 753 634 821 solum
657 755 692 820 in
706 753 818 820 Deum
840 764 977 842 petrem,
1001 753 1060 818 sed
1083 763 1117 819 et
1138 755 1173 818 in
1192 751 1346 820 celestem
1361 751 1550 834 Ierusalem,
1574 764 1760 818 sanctorum
1784 753 1931 818 omnium
1956 764 2097 834 matrem,

443 863 530 949 quia,
554 871 712 949 quantum
735 861 770 926 in
792 861 873 948 ipsis
897 869 992 944 esset,
1016 859 1088 925 illos
1112 861 1217 926 creari
1236 882 1301 925 non
1317 861 1551 947 permitterent,
1576 859 1760 947 exquibus
1785 871 1836 924 est
1860 858 2049 946 edificanda
2069 871 2098 924 et

443 967 572 1056 celestis
595 969 700 1056 patrie
729 966 849 1033 damna
876 977 951 1032 sunt
981 967 1196 1054 reparanda⁸.
1244 965 1311 1032 Sed
1340 965 1382 1030 ab
1412 966 1474 1031 hoc
1505 966 1624 1032 delicto
1656 965 1803 1032 defendit
1826 989 1885 1031 eos
1908 967 2125 1052 inpotenh'eee

443 1076 520 1162 quia
549 1097 614 1140 non
643 1085 779 1162 possunt
801 1074 962 1139 voluntati
984 1074 1050 1138 Dei
1080 1075 1231 1140 resistere
1260 1083 1293 1138 et
1319 1072 1577 1160 preordinationi
1601 1074 1772 1138 contraire.
1820 1071 1986 1136 Voluntas
2017 1075 2099 1138 enim

442 1181 508 1246 Dei
531 1189 564 1246 et
585 1181 820 1270 predestinatio
844 1179 899 1246 lex
922 1190 1035 1270 eterna
1050 1189 1110 1262 est,
1133 1182 1167 1244 in
1183 1203 1249 1268 qua
1264 1181 1407 1245 omnium
1426 1202 1535 1246 rerum
1551 1201 1665 1246 cursus
1689 1179 1839 1244 decretus
1865 1191 1925 1260 est,
1953 1190 1987 1243 et
2009 1202 2098 1265 para-

442 1287 553 1374 digma
577 1299 635 1368 est,
666 1289 700 1352 in
724 1310 788 1374 quo
813 1288 957 1352 omnium
987 1286 1170 1376 seculorum
1200 1288 1306 1352 forma
1333 1287 1463 1373 depicta
1490 1297 1549 1369 cst,
1578 1285 1664 1375 queb
1688 1285 1777 1351 nulla
1799 1287 1928 1350 ratione
1954 1284 2097 1350 aboleri²

441 1404 558 1481 potest.
597 1395 684 1461 Huic
707 1395 807 1482 igitur
829 1395 1045 1459 ministerium
1066 1416 1131 1459 uon
1155 1393 1312 1458 exhibere
1335 1392 1457 1458 malum
1480 1403 1539 1476 est,
1564 1395 1642 1480 quia
1664 1391 1821 1458 exhibere
1845 1391 1973 1457 bonnm
1997 1405 2099 1458 estet

441 1501 599 1583 maxime,
631 1523 706 1567 cum
735 1499 824 1566 bona
851 1501 889 1565 fit
919 1499 1094 1566 voluntate.
1149 1499 1247 1581 Quod
1280 1509 1358 1566 tunc
1388 1499 1437 1582 fit,
1469 1522 1545 1565 cum
1574 1510 1727 1586 parentes
1762 1501 1966 1564 conveniunt
2002 1521 2098 1564 causa
2115 1525 2137 1562 10

441 1736 515 1778 sens
540 1713 680 1802 ecclesia
702 1713 934 1802 multiplicetur
956 1722 989 1779 et
1012 1713 1141 1802 celestis
1158 1715 1274 1778 civitas
1296 1713 1484 1796 fabricetur,
1509 1725 1541 1778 et
1564 1714 1742 1779 electorum
1764 1736 1921 1779 numerus
1938 1713 2108 1798 comples·

330 1847 422 1898 ears.
440 1829 502 1904 tur,
527 1843 664 1907 quorum
687 1820 787 1886 nichil
810 1831 917 1908 potest
942 1821 1014 1885 fieri
1039 1821 1123 1886 ‘sine
1148 1821 1363 1886 conventione
1387 1820 1454 1886 tali.
1502 1820 1538 1886 Si
1561 1822 1649 1886 enim
1671 1822 1769 1907 primi
1791 1831 1948 1907 parentes
1973 1831 2097 1884 sancto-

440 1949 511 1992 rum
535 1949 647 1992 omnes
671 1937 727 1992 aut
750 1929 952 1992 continentes
981 1929 1237 2015 permansissent
1267 1937 1323 1992 aut
1345 1928 1500 2014 virgines,
1530 1925 1638 1992 nullus
1661 1937 1849 1992 sanctorum
1873 1949 1917 1992 ex
1941 1928 1992 1991 eis
2016 1939 2098 1992 esset

439 2044 534 2100 natus
558 2034 593 2098 in
609 2033 729 2122 seculo,
753 2033 860 2098 nullus
883 2033 988 2121 gloria
1011 2045 1044 2099 et
1066 2033 1187 2100 honore
1205 2044 1377 2099 coronatus
1400 2035 1434 2098 in
1450 2034 1531 2116 celo,
1555 2033 1661 2099 nullus
1685 2034 1829 2098 adscitus
1853 2035 1888 2098 in
1905 2033 2096 2120 angelorum
2115 2056 2137 2094 ue

439 2162 584 2204 numero.
621 2139 688 2206 Sed
704 2141 782 2227 quia
804 2139 1020 2206 inestimabile
1044 2139 1166 2206 bonum
1190 2151 1248 2222 est,
1273 2141 1361 2228 quod
1385 2142 1489 2206 sancti
1511 2142 1580 2206 nati
1603 2151 1677 2205 sunt
1699 2142 1732 2205 in
1749 2140 1870 2230 seculo,
1889 2139 1980 2227 quod
1995 2139 2097 2226 gloria

440 2246 617 2311 ethonore
642 2256 840 2312 coronantur
860 2247 895 2311 in
911 2247 981 2336 celo
1006 2255 1038 2312 et
1061 2247 1149 2334 quod
1171 2247 1289 2312 adsciti
1312 2249 1443 2314 suntin
1466 2247 1655 2334 angelorum
1679 2270 1824 2328 numero,
1849 2269 1894 2312 cx
1918 2269 1958 2312 eo
1983 2269 2096 2334 paren-

440 2362 508 2418 tum
531 2353 714 2441 fecunditas
738 2352 865 2418 beatior
883 2353 1073 2442 predicatur
1096 2363 1129 2418 et
1151 2364 1331 2420 conventus
1355 2355 1507 2420 sanctior.
1543 2354 1600 2420 Sic
1623 2376 1701 2440 ergo
1717 2353 1833 2418 melius
1856 2353 1920 2418 fuit
1943 2355 1994 2418 eis
2017 2353 2096 2418 tales

439 2458 523 2525 filios
546 2461 708 2546 genuisse,
733 2483 831 2548 quam
854 2483 919 2525 non
942 2462 1095 2546 genuisse
1118 2460 1280 2548 talemque
1307 2461 1448 2542 fructum
1478 2462 1664 2548 nuptiarum
1692 2460 1877 2547 protulisse,
1903 2483 2005 2547 quam
2028 2462 2095 2525 eine

439 2567 547 2632 fructu
563 2568 766 2632 continentes
782 2579 838 2632 aut
853 2569 997 2654 virgines
1015 2569 1172 2650 extitisse,
1197 2567 1357 2655 quanvis‘¹
1380 2566 1500 2633 bonum
1525 2569 1566 2632 sit
1582 2566 1778 2655 quibusdam
1794 2568 2002 2632 continentes
2026 2591 2095 2632 esse
2112 2590 2136 2628 ιο

439 2673 493 2738 vel
508 2673 662 2760 virgines,
687 2673 749 2738 illis
765 2672 929 2756 videlicet,
947 2697 1028 2762 quos
1043 2675 1136 2739 Deus
1151 2674 1255 2740 voluit
1278 2673 1319 2739 ab
1337 2685 1448 2763 eterno
1471 2684 1505 2739 et
1526 2675 1750 2764 preordinavit
1772 2676 1819 2739 ita
1842 2675 2007 2739 creandos
2026 2697 2094 2738 esse

440 2781 474 2844 in
497 2780 618 2868 seculo,
642 2789 677 2846 ut
701 2781 900 2846 continentia
922 2781 975 2845 vel
998 2782 1184 2868 virginitate
1215 2791 1437 2868 permaneant.
1486 2781 1578 2848 Sicut
1608 2783 1694 2847 enim
1717 2782 1821 2846 voluit
1850 2780 1894 2846 ab
1924 2791 2037 2868 eterno
2065 2791 2095 2844 et

439 2887 662 2974 preordinavit
677 2889 836 2975 quosdam
859 2891 905 2954 ita
921 2888 1079 2954 creandos
1096 2910 1168 2954 esse
1184 2891 1218 2953 in
1234 2888 1354 2978 seculo,
1377 2899 1413 2954 ut
1436 2888 1576 2954 fructum
1599 2891 1785 2976 nuptiarum
1808 2889 1935 2952 faciant
1958 2898 1992 2952 et
2014 2887 2094 2952 filios

440 3005 607 3079 generent,
637 2996 683 3060 ita
713 2997 811 3062 etiam
834 2995 937 3061 voluit
967 3007 999 3061 et
1029 2996 1251 3084 preordinavit
1281 2995 1323 3060 ab
1352 3007 1472 3084 eterno,
1503 2995 1662 3082 quosdam
1691 2997 1739 3060 ita
1768 2994 1929 3060 creandos
1961 3017 2033 3059 esse
2062 2997 2093 3058 in

440 3100 561 3188 secul0,
584 3109 621 3166 ut
647 3101 907 3166 incontinentia
930 3101 982 3166 vel
1005 3103 1193 3188 virginitate
1220 3113 1443 3188 permaneant.
1489 3102 1534 3167 Et
1564 3103 1648 3168 sicut
1677 3101 1724 3166 illi
1754 3101 1797 3166 ad
1821 3100 1983 3166 creandos
2013 3100 2093 3165 filios
2110 3123 2133 3161 ee

439 3206 598 3272 voluntati
621 3207 687 3272 Dei
711 3219 743 3273 et
765 3208 1022 3298 preordinationi
1052 3209 1266 3274 ministerium
1294 3208 1459 3290 exhibent,
1490 3209 1537 3273 ita
1567 3219 1599 3272 et
1628 3209 1682 3272 isti
1712 3207 1754 3272 ad
1778 3207 2041 3273 conservandam
2064 3219 2094 3271 et

440 3315 673 3379 continentiam
696 3324 729 3379 et
751 3317 971 3402 virginitatem
989 3315 1146 3380 voluntati
1163 3316 1229 3380 Dei
1253 3327 1285 3380 et
1307 3315 1563 3402 preordinationi
1586 3316 1778 3380 ministrant.
1818 3315 1869 3379 Ae
1893 3337 1954 3401 pro
1978 3315 2040 3379 hoc
2064 3325 2093 3378 et

440 3419 567 3486 illorum
596 3421 780 3510 fecunditas
811 3431 844 3486 et
872 3422 1008 3487 istorum
1031 3423 1202 3508 virginitas
1232 3421 1319 3487 bona
1350 3432 1399 3486 est
1428 3432 1525 3508 atque
1555 3420 1739 3502 laudabilis,
1764 3444 1827 3508 que
1852 3422 1880 3485 si
1909 3443 1975 3485 non
2003 3422 2092 3484 mini-

329 3553 421 3604 ·asc.
440 3529 574 3591 sterium
591 3527 777 3593 *exhiberet
799 3527 959 3594 voluntati
974 3529 1040 3594 Dei
1063 3537 1096 3593 et
1118 3529 1384 3618 preordinationi,
1408 3551 1469 3592 nce
1485 3528 1572 3593 bona
1588 3539 1750 3592 essetnec
1766 3525 1951 3592 laudabilis.
1990 3528 2092 3593 Omne

440 3635 538 3716 enim,
563 3634 651 3721 quod
673 3635 832 3701 voluntati
855 3635 921 3700 Dei
945 3645 978 3700 et
1000 3635 1257 3724 preordinationi
1280 3635 1477 3700 contrarium
1502 3645 1561 3716 est,
1589 3657 1651 3699 nec
1679 3633 1801 3699 bonum
1825 3643 1961 3698 estnec
1984 3633 2093 3698 lauda·
2110 3657 2134 3694 ev

440 3739 515 3805 bile.
563 3741 598 3807 Si
630 3764 707 3828 ergo
738 3742 840 3807 voluit
868 3743 961 3808 Deus
991 3752 1025 3807 et
1054 3742 1310 3831 predestinavit⁰
1341 3742 1421 3807 alios
1451 3742 1576 3807 futuros
1605 3743 1764 3828 virgines,
1795 3739 1877 3806 alios
1907 3743 2093 3828 nuptiarum

440 3847 580 3912 fructum
611 3848 780 3931 facientes,
806 3855 945 3914 'necesse
976 3859 1026 3914 est
1056 3850 1136 3914 alios
1167 3871 1238 3914 esse
1262 3850 1417 3935 virginer,
1446 3848 1527 3913 alios
1550 3849 1735 3935 nuptiarum
1758 3847 1901 3912 fructum
1924 3847 2093 3912 facientes.

441 3953 477 4019 Si
493 3955 579 4018 enim
596 3977 707 4019 omnes
724 3966 832 4020 essent
847 3956 1002 4042 virgines,
1026 3955 1132 4022 nullus
1156 3967 1351 4038 sanctorum,
1376 3957 1431 4042 qui
1455 3955 1508 4019 vel
1530 3955 1726 4020 nascuntur‘
1750 3955 1804 4019 vel
1827 3954 1987 4018 nascituri
2011 3965 2093 4035 sunt,

440 4061 473 4125 in
497 4061 559 4126 hoc
582 4060 692 4150 seculo
716 4073 811 4128 natus
835 4073 923 4127 esset
944 4063 997 4127 vel
1020 4065 1214 4128 nasciturus.
1249 4063 1320 4128 Nec
1343 4063 1407 4148 ipsi
1430 4063 1527 4126 etiam
1543 4063 1687 4147 virgines
1712 4071 1821 4127 essent
1843 4061 2001 4147 virgines,
2018 4062 2094 4147 quia

437 4169 508 4232 nati
530 4191 596 4232 non
619 4178 736 4233 essent.
783 4169 838 4234 Ex
867 4169 1068 4234 fecunditate
1099 4169 1185 4233 enim
1216 4169 1344 4234 illorum
1374 4179 1445 4233 orta
1473 4177 1522 4232 est
1548 4170 1684 4233 istorum
1706 4168 1889 4255 virginitas.
1936 4168 2095 4254 Magnum
2112 4190 2137 4230 aa

439 4275 538 4360 igitur
560 4273 682 4340 bonum
706 4285 755 4339 est
785 4276 980 4363 fecunditas,
1005 4275 1045 4340 dc
1070 4299 1135 4363 qua
1158 4285 1271 4340 sancta
1293 4277 1453 4363 processit
1475 4275 1657 4360 virginitas.
1705 4274 1792 4354 Qui⁸
1815 4285 1924 4340 autem
1949 4276 2095 4361 virgines

439 4403 511 4445 esse
540 4378 682 4446 debeant
709 4392 741 4446 et
768 4384 825 4469 qui
854 4385 1042 4470 nuptiarum
1070 4383 1212 4447 fructum
1242 4383 1409 4464 facientes,
1439 4382 1535 4447 docet
1564 4403 1620 4446 eos
1643 4379 1791 4463 verbum,
1815 4381 1905 4467 quod
1927 4381 2022 4446 Deus
2046 4403 2094 4446 se-

439 4487 541 4551 minat
569 4487 604 4551 in
628 4487 781 4553 cordibus
805 4488 942 4554 illorum.
989 4489 1029 4554 In
1052 4489 1188 4554 aliorum
1218 4491 1304 4553 enim
1333 4487 1485 4554 cordibus
1516 4489 1654 4553 seminat
1676 4485 1813 4552 verbum
1836 4486 1922 4576 bone
1946 4487 2095 4553 fecundi·

438 4593 524 4676 tatis,
548 4595 734 4680 nuptiarum
751 4595 922 4660 fructumh.
957 4596 997 4660 In
1013 4617 1150 4682 quorum
1167 4617 1244 4660 vero
1262 4594 1414 4660 cordibus
1431 4595 1570 4659 seminat
1584 4592 1722 4659 verbum
1738 4594 1945 4679 virginitatis,
1971 4593 2095 4679 angeli·

439 4721 511 4764 cam
534 4701 636 4764 vitem
660 4703 897 4783 esseminantis,
928 4704 991 4789 ipsi
1014 4703 1233 4788 virginitatem
1262 4723 1393 4766 servare
1418 4701 1621 4783 desiderant3
1652 4699 1828 4788 inquibus
1852 4721 1932 4764 vero
1955 4699 2096 4765 verbum
2114 4724 2139 4762 ιο

438 4807 624 4892 nuptiarum
648 4809 798 4891 seminat,
822 4811 886 4896 ipsi
908 4809 1018 4875 facere
1041 4810 1230 4896 nuptiarum
1251 4808 1392 4874 fructum
1416 4817 1583 4894 appetunt.

545 5003 571 5068 a)
594 5010 684 5059 danna
703 5015 766 5060 sunt
785 5011 957 5076 preparanda
975 5028 1011 5072 o.;
1038 5011 1073 5076 cs.
1088 5029 1118 5076 p.
1131 5011 1191 5072 647,
1212 5012 1228 5062 l.
1244 5011 1285 5060 16.
1386 5007 1414 5070 b)
1437 5011 1484 5074 qui
1507 4987 1546 5076 (fl)
1567 5027 1588 5060 ο.
1679 5005 1705 5068 ο)
1728 5005 1839 5057 abolere
1857 5023 1877 5056 e.
1972 5007 2001 5068 d)
2023 5009 2059 5058 eie
2076 5025 2097 5058 e.

438 5092 463 5154 c)
485 5096 595 5161 sequitur
614 5099 649 5147 ad
667 5098 845 5149 amedelctnm.
909 5095 930 5160 f)
951 5101 1028 5150 nasci
1046 5117 1066 5149 ο.
1139 5097 1168 5166 g)
1190 5101 1254 5165 quia
1272 5116 1292 5148 ο.
1367 5095 1395 5160 ιι)
1414 5097 1455 5148 leia
1467 5098 1589 5164 quaedam
1600 5097 1680 5148 deme
1691 5095 1808 5147 uideatur
1814 5094 1939 5160 sortasse.-
1959 5096 2097 5158 facientis,

439 5185 466 5234 iu
486 5183 601 5236 aliorum
620 5203 686 5237 vero
707 5189 834 5238 cordibus
852 5189 966 5239 verbum
984 5190 1052 5255 virg.
1072 5188 1161 5255 angel.
1180 5190 1265 5240 vitam
1284 5188 1483 5247 esseminantis,
1501 5195 1531 5238 ut
1549 5186 1615 5238 Hau
1630 5185 1777 5238 mumdaeit.
