4396 6390
559 352 869 410 COMMENTARIUS
893 353 934 408 IN
958 351 1145 410 PSALMUM
1168 353 1260 408 LXV.
1668 345 1733 408 493

690 542 746 604 IN
764 541 995 606 PSALMUM
1012 541 1118 604 LXV.

184 647 397 712 Preccdentis
428 650 529 734 partis
560 647 683 734 psalmo
714 648 826 712 ultimo
857 647 900 712 ad
928 645 1038 711 sedem
1069 645 1280 732 apostolicam
1305 645 1429 710 directo
1454 645 1611 730 diffusius,
1636 669 1733 733 quam
1752 673 1768 713 r.
1777 674 1804 714 1¹.

79 753 194 840 psalmi
219 753 409 841 requirebat
432 756 603 840 expositio,
629 756 758 840 evagati
782 777 902 836 sumus,
927 753 1004 818 dum
1028 752 1303 834 exordinationes,
1328 775 1409 839 quas
1432 753 1466 816 in
1491 751 1652 817 aecclesia
1668 753 1733 818 Dei

79 860 149 924 fieri
172 860 322 925 videmus
347 873 379 925 et
403 861 563 943 dolemus,
595 859 727 925 auribus
759 860 943 947 apostolicis
974 859 1113 924 fideliter
1144 869 1175 924 et
1206 859 1404 924 sufficienter
1434 881 1598 946 exponere
1629 863 1734 946 gratia

50 966 144 1032 sDei
167 966 299 1032 favente
324 970 430 1033 conati
454 991 575 1050 sumus,
600 967 770 1032 credentes
796 979 828 1032 et
851 979 1029 1056 sperantes,
1054 966 1143 1054 quod
1168 966 1208 1030 de
1233 966 1347 1031 throno
1372 966 1542 1052 apostolici
1565 968 1732 1052 regiminis

78 1096 138 1160 per
161 1087 294 1139 sanctae
325 1075 559 1140 recordationis
590 1098 710 1162 papam
733 1075 917 1161 Eugenium
947 1073 1163 1160 procederent
1193 1072 1323 1158 fulgura
1346 1085 1379 1137 et
1401 1095 1499 1138 voces
1531 1085 1563 1138 et
1591 1076 1734 1139 tonitrua

81 1191 194 1245 eontra
225 1181 414 1246 multimoda
444 1205 588 1246 errorum
619 1194 762 1247 monstra
786 1192 818 1246 et
842 1181 1124 1246 exordinationum
1148 1190 1307 1266 portenta.
1354 1179 1398 1244 Et
1425 1179 1467 1244 ad
1495 1180 1576 1244 haec
1601 1181 1733 1268 quidem

79 1288 307 1374 persuadenda
336 1288 425 1354 illum
449 1289 522 1353 Deo
554 1290 674 1375 gratias
698 1288 903 1368 benevolum,
928 1287 1057 1352 doctum
1083 1298 1116 1351 ct
1139 1297 1296 1352 attentum
1326 1287 1509 1351 invenimus
1540 1287 1731 1372 auditorem,

79 1406 267 1481 presentata
290 1396 320 1460 ci
343 1418 402 1482 per
425 1407 568 1461 nostram
591 1419 762 1482 personam
787 1393 927 1481 predicti
950 1394 1067 1481 psalmi
1092 1395 1294 1480 expositione
1318 1395 1504 1481 pariterque
1536 1395 1646 1458 audita
1674 1417 1733 1481 per

45 1523 113 1566 uos
144 1513 290 1566 nostrum
321 1502 361 1567 de
392 1503 442 1566 his
472 1525 555 1590 quae
587 1504 819 1590 scripseramus
851 1503 949 1565 etiarn
977 1503 1073 1565 vivae
1097 1502 1187 1565 vocis
1219 1501 1460 1584 exhortatione,
1492 1500 1550 1565 sed
1581 1502 1732 1566 effectum

78 1619 188 1672 nostro
213 1609 343 1672 affectui
368 1607 618 1674 desiderabilem
641 1632 707 1672 non
730 1609 923 1689 invenimus,
949 1609 1025 1695 quia
1049 1607 1094 1672 illi
1121 1607 1218 1672 beato
1242 1609 1312 1672 viro
1336 1609 1402 1672 iam
1425 1621 1502 1672 tunc
1526 1607 1616 1673 velut
1639 1609 1731 1673 alteri

79 1715 196 1779 Heliae
226 1715 508 1801 persecutionibus
538 1715 644 1802 plebis
674 1716 841 1781 Romanae
872 1727 1026 1802 tanquam
1056 1714 1215 1779 lezabelis
1249 1715 1369 1801 impiae
1400 1714 1628 1779 vexationibus
1659 1738 1731 1801 gra·

78 1828 187 1904 vat01,
211 1821 265 1886 vel
288 1825 384 1886 etiam
409 1835 444 1886 ut
467 1822 559 1886 alteri
583 1823 682 1887 Ionae
714 1821 959 1909 tempestatibus
983 1833 1102 1886 vexato
1133 1844 1218 1886 mors
1247 1821 1421 1908 optabilior
1448 1822 1509 1885 fuit
1532 1845 1630 1908 quam
1653 1825 1731 1904 vita,

77 1929 123 1993 ita
147 1941 184 1994 ut
208 1952 282 1994 cum
304 1929 413 2017 Helya
437 1930 576 1994 diceret:
603 1930 736 2018 Sufficit
758 1931 847 2010 ιιιιἹιί,
872 1931 1017 2010 Domine,
1042 1931 1113 1994 tolle
1137 1933 1277 1994 unimam
1301 1955 1410 1994 mesra.
1450 1927 1513 1993 Vel
1536 1953 1610 1994 cum
1633 1930 1900 2003 lona:4.ae⁸.1s,a

36 2061 61 2100 rs
78 2037 197 2101 Melior
221 2053 265 2102 est
286 2039 369 2103 miti
389 2063 472 2101 mors
495 2063 590 2123 quoru
615 2040 687 2102 situ.
736 2036 843 2117 Quam
859 2059 937 2100 vero
960 2035 1006 2099 illi
1030 2035 1129 2100 fuerit
1152 2045 1288 2122 accepta
1311 2047 1441 2100 nostrae
1465 2037 1634 2122 parvitatis
1658 2060 1729 2124 per·
1749 2061 1852 2109 rosus.

78 2145 198 2223 suasio,
222 2142 302 2207 illud
326 2145 394 2207 sine
419 2143 517 2208 dubio
542 2155 611 2207 erat
634 2167 692 2229 pro
715 2143 847 2224 indicio,
872 2141 960 2229 quod
982 2153 1112 2206 nostrae
1135 2141 1326 2206 humilitatis
1349 2165 1521 2230 personam
1537 2155 1652 2231 postea
1676 2144 1730 2209 de-

80 2252 213 2314 stinavit
235 2273 293 2337 pro
318 2251 581 2315 aecclesiasticae
597 2251 674 2314 fidei
698 2273 736 2315 ac
760 2249 951 2335 disciplinae
969 2249 1146 2313 seminibus
1162 2249 1328 2314 mittendis
1351 2251 1386 2313 in
1403 2250 1467 2315 duo
1484 2273 1603 2336 magna
1618 2275 1730 2338 regna,

79 2357 287 2442 Ungarorum
310 2357 463 2422 videlicet
492 2369 589 2443 atque
614 2358 822 2438 Rutenorum,
847 2379 911 2443 quo
934 2369 1042 2420 tamen
1065 2357 1177 2420 venire
1202 2379 1267 2421 non
1290 2359 1453 2443 potuimus
1475 2369 1610 2445 propter
1633 2359 1731 2423 offen-

82 2487 147 2528 sam
172 2465 259 2550 regis
275 2463 462 2550 Ungarici²,
486 2464 612 2551 pridem
637 2487 696 2550 per
719 2487 777 2528 nos
802 2465 961 2549 increpati
984 2475 1016 2527 et
1039 2461 1080 2527 ob
1104 2463 1165 2528 hoc
1190 2462 1283 2528 nobis
1307 2465 1391 2528 irati.
1426 2463 1517 2528 Illius
1541 2466 1640 2550 igitur
1662 2476 1731 2530 tan-

38 2594 66 2633 ao
81 2593 177 2657 quam
209 2571 340 2635 alterius
368 2570 510 2636 Herodis
541 2594 599 2635 seu
622 2571 802 2635 Pharaonis
833 2570 1015 2635 devitantes
1046 2570 1190 2635 incidere
1221 2593 1336 2634 manus
1368 2583 1529 2654 cruentas,
1560 2571 1732 2658 legationis

81 2679 293 2742 ministerium
324 2677 417 2742 nobis
447 2679 628 2742 iniunctum
658 2699 723 2741 non
753 2678 915 2763 potuimus
940 2679 1069 2764 exequi,
1095 2700 1133 2742 eo
1158 2676 1245 2764 quod
1269 2679 1405 2764 scriptis'
1427 2680 1545 2742 nostris
1569 2681 1675 2743 missis
1699 2681 1732 2743 in

80 2783 260 2869 Ungariam
290 2786 500 2870 tetigeramus
531 2784 669 2870 predicti
701 2784 923 2848 crudelitatem
947 2784 1181 2848 Herodianam.
1229 2784 1284 2850 sie
1316 2785 1414 2850 dilato
1446 2794 1479 2849 et
1507 2784 1616 2850 ablato
1647 2785 1733 2872 lega·

79 2892 176 2954 tionis
200 2893 377 2956 ministerio
401 2893 435 2955 in
458 2914 632 2978 personam
655 2903 798 2956 nostram
822 2914 880 2977 per
895 2891 1080 2977 Eugenium
1104 2914 1223 2978 papam
1248 2891 1408 2957 destinato
1432 2891 1486 2956 ille
1510 2891 1607 2957 beata
1631 2905 1733 2959 morte

79 2997 160 3062 obiit
170 3003 191 3079 ³,
216 2999 330 3084 suique
354 2999 491 3062 fervoris
516 3021 554 3063 ac
578 2998 684 3063 bonae
708 2998 883 3062 voluntatis
908 2997 994 3083 apud
1019 3021 1087 3079 nos,
1112 3001 1209 3062 immo
1234 3001 1321 3063 etin
1346 3011 1413 3063 tota
1436 3009 1549 3064 sancta
1573 3000 1734 3065 aeeclesia

32 3123 59 3164 ss
79 3105 207 3170 dulcem
230 3105 360 3192 reliquit
384 3106 571 3169 memoriam
589 3103 772 3168 dolentibus
796 3104 914 3186 multis,
940 3105 1026 3191 quod
1050 3117 1123 3190 post
1145 3105 1234 3169 illum
1257 3107 1291 3169 in
1309 3105 1385 3170 sede
1410 3106 1588 3192 apostolica
1603 3129 1667 3171 non
1685 3119 1734 3173 est

77 3214 228 3276 inventus
253 3212 365 3276 similis
388 3210 444 3292 illi,
469 3213 525 3297 qui
549 3222 757 3275 conservaret
779 3211 885 3296 legem
910 3211 1041 3292 excelsi,
1067 3212 1150 3274 sicut
1169 3211 1324 3297 epistolae
1349 3235 1387 3276 ac
1404 3223 1497 3298 gesta
1512 3223 1734 3279 contestantur

78 3317 284 3383 succedentis
308 3321 337 3383 ei
362 3341 467 3405 papae
492 3318 673 3382 *Anastasii
697 3319 782 3382 senis
799 3318 923 3408 infirmi
933 3323 955 3400 ⁴,
981 3317 1021 3382 de
1046 3317 1163 3403 quibus
1187 3341 1252 3381 non
1276 3330 1326 3382 est
1355 3318 1452 3383 modo
1476 3319 1650 3384 dicendum
1673 3345 1733 3407 per
1752 3345 1810 3386 *aa

77 3424 216 3511 singula,
240 3448 313 3489 cum
337 3425 443 3490 nullus
467 3425 632 3490 hominum
656 3425 801 3488 iudicare
824 3423 945 3514 debeat
968 3424 1008 3488 de
1025 3425 1112 3487 Petri
1138 3424 1381 3489 successoribus
1405 3426 1474 3489 sive
1499 3449 1571 3490 cum
1595 3427 1649 3493 illo
1666 3429 1732 3515 gla-

78 3532 166 3596 dium
184 3531 388 3596 vibrantibus
413 3543 445 3595 et
469 3555 556 3595 mare
582 3530 793 3612 calcantibus,
819 3532 887 3594 sive
913 3553 985 3594 cum
1009 3529 1063 3594 illo
1088 3532 1172 3594 inter
1187 3533 1350 3596 ministros
1367 3534 1478 3597 mortis
1494 3535 1732 3621 trepidantibus
1753 3563 1856 3608 exara

23 3656 60 3700 so
78 3651 110 3704 et
140 3641 174 3702 in
205 3650 396 3725 tempestate
426 3637 695 3725 periclitantibus.
742 3639 814 3702 Hoc
845 3649 954 3701 tamen
984 3636 1122 3701 dicimus
1153 3661 1211 3724 pro
1234 3662 1374 3725 persona
1397 3642 1567 3726 parvitatis
1591 3651 1731 3723 nostrae,

78 3746 165 3833 quod
189 3769 276 3832 papa
298 3746 447 3831 Eugenio
471 3745 560 3809 velut
583 3744 683 3808 altero
707 3745 815 3830 Helva
839 3767 965 3808 sursum
989 3754 1092 3831 rapto,
1118 3747 1281 3831 quianon
1305 3746 1445 3810 vidimus
1470 3747 1500 3810 ei
1524 3745 1732 3812 substitutum

78 3854 174 3938 quasi
203 3853 339 3917 alterum
362 3852 541 3933 Heliseum,
566 3853 762 3916 consternati
794 3874 903 3914 sumus
933 3852 967 3914 in
990 3862 1125 3934 tantum,
1150 3863 1185 3915 ut
1207 3865 1402 3937 poneremus
1427 3854 1472 3917 ori
1498 3865 1607 3918 nostro
1638 3855 1731 3919 silen-

77 3961 158 4024 tium
183 3981 266 4045 pene
286 3960 415 4045 penitus
432 3959 589 4022 cessando
606 3957 647 4022 ab
665 3980 762 4043 opere
786 3959 818 4020 in
836 3957 975 4042 psalmos
1001 3970 1105 4043 cepto,
1131 3960 1273 4022 contenti
1296 3961 1478 4023 orationum
1502 3971 1534 4024 et
1556 3960 1730 4026 lectionum

78 4067 195 4131 studio.
232 4066 325 4130 Nunc
346 4077 463 4146 autem,
481 4067 634 4151 quoniam
650 4064 814 4128 Adrianus
831 4087 918 4150 papa
927 4070 948 4145 ⁵,
973 4067 1030 4150 qui
1046 4066 1203 4129 successit
1218 4065 1405 4147 Anastasio,
1430 4065 1471 4130 de
1488 4069 1602 4153 spiritu
1626 4091 1730 4155 papae

37 4174 220 4258 ssEugenii
243 4174 296 4237 vel
324 4174 430 4259 potius
463 4172 502 4236 de
534 4173 647 4258 spiritu
672 4172 760 4234 Petri
792 4171 929 4256 apostoli
960 4193 1016 4234 seu
1048 4173 1144 4235 etiarn
1175 4170 1216 4235 dc
1248 4173 1363 4258 spiritu
1392 4174 1494 4258 ipsius
1519 4171 1639 4237 Christi
1668 4173 1730 4238 hoe

79 4280 187 4362 habet,
211 4291 246 4344 ut
270 4303 350 4368 quos
373 4280 475 4344 bonos
500 4279 604 4344 credit
627 4289 682 4342 aut
704 4279 795 4342 novit
819 4277 932 4362 diligat
955 4289 988 4341 et
1010 4301 1068 4364 pro
1091 4278 1162 4364 lege
1180 4279 1245 4343 Dei
1265 4280 1313 4342 sui
1335 4291 1496 4344 certantes
1513 4291 1729 4364 manuteneat,

79 4389 172 4474 quasi
203 4387 425 4473 expergefacti
457 4386 497 4450 de
529 4409 640 4450 somno
670 4386 826 4448 tristiciae
858 4408 916 4470 per
940 4386 1209 4449 resurrectionem
1238 4387 1361 4472 sopitae
1386 4385 1428 4450 ad
1451 4398 1578 4473 tempus
1602 4387 1729 4452 leticiae

79 4495 237 4580 septimae
267 4494 342 4558 huic
365 4494 451 4579 parti
475 4492 644 4557 exordium
669 4491 782 4556 demus
806 4514 826 4555 a
848 4490 972 4577 psalmo
996 4491 1101 4572 LXV,
1126 4493 1181 4577 qui
1206 4491 1387 4557 intitulatur
1410 4494 1459 4557 De
1482 4494 1728 4561 Resurrects'oac.

35 4714 61 4752 ιο
185 4689 425 4776 Propemodum
450 4689 552 4752 simile
577 4699 626 4752 est
649 4687 724 4751 huic
748 4686 837 4767 illud,
862 4687 950 4772 quod
972 4710 1058 4751 nunc
1082 4689 1115 4750 in
1140 4689 1301 4752 aecclesia
1316 4689 1382 4752 Dei
1406 4690 1567 4753 cernimus
1592 4693 1808 4756 astiteritis.

78 4797 162 4862 Nam
186 4797 342 4862 derelicta
365 4795 556 4860 celsitudine
581 4795 777 4882 apostolicae
802 4793 1003 4879 disciplinae,
1028 4795 1061 4856 in
1086 4817 1150 4879 qus
1173 4795 1311 4859 ministri
1336 4795 1468 4859 Domini
1492 4795 1614 4862 debent
1637 4799 1729 4862 altari

77 4907 261 4968 ministrare
277 4927 315 4969 ao
332 4904 372 4968 de
390 4903 485 4967 altari
500 4904 623 4983 vivere,
639 4904 685 4966 ita
699 4912 734 4965 ut
749 4922 854 4986 neque
867 4902 1069 4986 vituperetur
1083 4902 1298 4966 ministerium
1312 4925 1432 4984 eorum,
1449 4925 1555 4990 neque
1572 4903 1730 4968 habentes

78 5013 201 5076 victum
219 5023 250 5076 et
266 5013 416 5076 vestitum
433 5020 571 5098 querant
587 5009 674 5073 aliud
690 5008 815 5072 lucrum
831 5007 894 5070 nisi
910 5007 1131 5072 tantummodo
1148 5009 1339 5090 animarum,
1353 5008 1500 5072 videmus
1516 5032 1600 5096 pene
1618 5033 1729 5075 omnes

79 5141 142 5204 que
166 5141 225 5182 sua
248 5127 322 5182 sunt
346 5139 492 5204 querere,
516 5139 581 5180 uon
598 5138 661 5202 que
677 5115 753 5179 Iesu
769 5113 889 5179 Christi
912 5114 946 5176 in
969 5115 1040 5200 ipso
1063 5115 1242 5179 ministerio
1260 5113 1390 5180 Christi,
1429 5115 1516 5180 Hinc
1539 5116 1731 5183 habundant
1749 5143 1873 5194 runem.

33 5247 60 5286 ιι
79 5226 258 5312 symoniaci
282 5224 496 5289 conductores
520 5233 552 5287 et
576 5221 772 5288 conducticii
796 5220 905 5284 clerici
929 5221 1150 5285 sacrificantes
1173 5244 1238 5285 uon
1261 5223 1295 5286 in
1317 5233 1437 5304 monte,
1461 5222 1501 5287 de
1518 5244 1583 5308 quo
1607 5223 1729 5288 dictum

79 5344 129 5396 est
150 5331 295 5414 Abrahe,
322 5332 437 5396 sedin
459 5329 544 5395 valle
570 5329 761 5411 Gehennon,
793 5330 872 5408 sive,
896 5341 932 5390 ut
955 5329 1097 5412 apertius
1122 5327 1277 5409 dicamus,
1308 5329 1341 5392 in
1365 5328 1524 5414 profundo
1549 5330 1728 5415 gehennae,
1748 5331 1874 5434 ᾖξ’·ιξῗιῧῗ·

78 5438 243 5504 maledicti
266 5439 420 5504 videlicet
450 5459 488 5501 ac
519 5439 611 5523 penis
642 5433 877 5521 gehennalibus
908 5433 1030 5497 addicti
1062 5457 1136 5498 cum
1158 5433 1341 5500 vexillifero
1366 5458 1423 5499 suc
1449 5435 1591 5522 Symone
1622 5460 1727 5523 mago,

79 5547 132 5610 cui
155 5545 277 5610 dictum
302 5556 351 5610 est
374 5569 393 5609 a
416 5545 513 5609 Petro
538 5544 682 5630 apostolo
707 5541 924 5606 sacrificatore
948 5552 1116 5604 montano:
1142 5542 1214 5606 Non
1239 5557 1282 5607 cst
1304 5545 1365 5607 riti
1378 5568 1462 5628 pora
1485 5569 1581 5629 neque
1603 5570 1672 5608 soro
1696 5548 1729 5608 ia.
1748 5571 1866 5618 sasso.

189 5717 218 5785 1)
245 5713 292 5786 Cf.
318 5715 364 5770 De
387 5714 511 5790 incestip.
528 5712 694 5769 Antichristi
717 5731 739 5768 c.
758 5709 808 5780 49,
833 5729 923 5785 supra
941 5730 973 5785 p.
993 5709 1065 5766 356.
1148 5710 1178 5778 2)
1205 5709 1318 5768 Geizae.
1397 5711 1427 5780 3)
1452 5711 1600 5781 A.1153,
1626 5711 1678 5768 lul.
1698 5713 1727 5770 8.

34 5837 62 5876 to
81 5819 112 5898 4)
135 5822 190 5893 IV,
214 5842 242 5879 a.
263 5821 497 5892 1153-1154,
522 5819 591 5876 Dec.
611 5819 639 5876 3.
732 5817 762 5888 5)
789 5815 847 5881 Qui
868 5816 934 5874 obiit
955 5837 983 5874 α.
1004 5816 1097 5886 1159,
1125 5815 1200 5893 Sept.
1218 5819 1244 5873 l.
