4410 6406
408 367 472 429 324
700 371 880 428 GERHOHI
904 371 1138 428 PRAEPOSITI
1162 371 1571 428 REICHERSBERGENSIS
1595 371 1761 427 LIBELLI.

897 562 947 623 17.
985 557 1365 629 Abhominationes
1389 559 1576 624 maxime.

258 709 388 761 maan.
515 685 558 749 Et
582 687 659 771 quia
689 683 729 748 de
754 682 995 749 abominatione
1023 683 1233 748 desolationis
1263 684 1297 746 in
1320 683 1392 748 loco
1423 694 1535 748 sancto
1567 693 1710 746 statuta*
1739 681 1914 768 loquimur,
1946 679 2060 745 abomi-

407 790 509 856 nandi
532 814 597 855 non
621 791 751 872 erimus,
776 792 803 854 si
827 790 933 856 adhuc
956 789 1128 876 loquamur
1144 788 1402 854 abominationes
1426 791 1564 854 maiores
1584 790 1644 854 his.
1679 789 1755 854 Nox
1772 799 1843 853 eret
1858 801 2062 852 sacrosancta

407 898 524 963 natalis
552 898 697 978 Domini,
728 899 761 961 in
791 919 857 984 qua
886 896 1081 982 sollempnes
1113 919 1221 983 agere,
1252 908 1287 960 ut
1317 907 1428 960 notum
1459 907 1518 979 est,
1546 896 1675 982 vigilias
1707 896 1907 982 interpositis
1938 917 2062 981 quoque

408 1007 579 1069 missarum
604 1003 803 1090 sollempniis
826 1005 981 1067 universa
1005 1001 1126 1068 Christi
1155 1004 1324 1068 consuevit
1348 1004 1498 1068 ecclesia.
1545 1004 1583 1067 In
1607 1003 1668 1067 hac
1693 1005 1723 1066 ei
1747 1002 1944 1088 sollempnes
1969 1023 2091 1087 ageres

409 1110 539 1177 diabolo
563 1110 692 1196 vigilias
716 1110 900 1175 christianis
925 1110 1046 1197 vigiliis
1077 1112 1208 1174 omnino
1233 1112 1412 1175 contrarias
1444 1133 1486 1174 ex
1511 1110 1705 1175 daemonum
1736 1109 1815 1174 haut
1845 1108 1945 1173 dubie
1971 1131 2065 1172 suasu

410 1217 615 1305 complacuit,
639 1218 674 1280 in
698 1215 815 1303 quibus
840 1227 872 1281 ct
895 1217 1091 1282 sacrificium
1115 1217 1290 1282 christiano
1315 1219 1475 1282 sacrificio
1498 1217 1627 1303 penitus
1652 1217 1849 1281 contrarium
1873 1214 1947 1279 loeo
1971 1217 2065 1278 misse

410 1327 555 1390 inseruit.
590 1324 716 1388 Aderat
737 1323 785 1388 ibi
809 1324 1046 1410 impudicorum
1064 1347 1145 1410 grex
1169 1346 1211 1388 ex
1228 1325 1356 1389 clericis
1381 1336 1412 1388 et
1435 1323 1527 1388 laicis
1552 1324 1713 1388 adunatus
1737 1322 1884 1410 singulis,
1905 1321 2065 1402 utfertur,

410 1431 543 1519 psalmis
568 1441 600 1496 et
623 1429 817 1496 lectionibus
842 1441 949 1496 scorta
978 1432 1186 1495 interserens.
1234 1430 1300 1495 Ubi
1323 1453 1402 1496 vero
1433 1431 1475 1495 ad
1499 1431 1596 1494 misse
1622 1441 1654 1495 et
1677 1430 1829 1495 sacrificii
1858 1428 1968 1494 locum
1992 1451 2066 1492 ven-

411 1549 479 1603 tum
496 1549 553 1620 est,
570 1539 679 1602 omnia
694 1539 824 1602 inverse
849 1547 881 1602 et
905 1559 1058 1624 perverse
1083 1560 1122 1601 ac
1147 1539 1311 1602 sanctitati
1328 1539 1490 1602 contraria
1506 1535 1714 1623 gerebantur,
1738 1538 1785 1600 ita
1806 1548 1842 1600 ut
1864 1559 1925 1622 pro
1950 1534 2067 1600 osculis
2086 1562 2107 1600 ro
2149 1569 2158 1598 ι

412 1645 564 1710 sacerdos
591 1645 747 1731 profanus
771 1655 804 1709 et
826 1645 965 1709 ministri
996 1643 1146 1730 sacrilegi
1178 1643 1278 1708 altare
1309 1646 1488 1731 posteriore
1513 1645 1657 1730 eorporis
1681 1655 1773 1732 parte
1796 1643 1922 1707 nudata
1946 1643 2067 1706 contin-

412 1762 535 1837 gerent.
573 1751 666 1832 Quae
690 1751 737 1815 ibi
760 1774 876 1837 spurce
901 1750 1115 1815 delibationes
1140 1750 1247 1815 oblate
1272 1753 1336 1816 sint
1359 1773 1457 1838 parco
1483 1751 1602 1832 dicere,
1626 1773 1667 1815 ne
1692 1751 1855 1815 dicentem
1878 1748 1984 1813 lector
2007 1771 2069 1812 ona

413 1882 486 1923 curn
510 1859 670 1923 sacrificio
694 1857 882 1923 detestetur.
919 1857 1038 1922 Omnia
1062 1867 1170 1922 tamen
1194 1858 1342 1922 feruntur
1365 1868 1527 1945 spermate
1551 1857 1692 1922 humano
1716 1857 1816 1920 fnisse
1840 1856 1964 1920 sedata.
1993 1855 2069 1920 Vidi

413 1989 474 2051 ego
505 1966 574 2052 ipse
606 1964 824 2051 episcopalem
855 1964 942 2029 illam
972 1964 1131 2050 capellam
1162 1966 1196 2028 in
1221 1965 1352 2029 civitate
1376 1965 1555 2051 Ratispona
1585 1987 1644 2051 pro
1674 1963 1732 2028 tali
1762 1963 1923 2028 sacrificio
1954 1963 2069 2026 merito

235 2063 393 2164 ,umglm
413 2072 627 2159 profanatam.
663 2072 707 2135 Et
730 2071 809 2158 quid
832 2071 872 2135 de
897 2071 958 2136 hoc
983 2073 1125 2136 omnium
1149 2070 1383 2157 flagitiosorum
1407 2073 1572 2158 preposito
1597 2072 1791 2152 existimem,
1815 2070 1878 2135 nisi
1895 2069 2070 2155 Beelfegor
2088 2094 2110 2133 n
2149 2113 2158 2133 .

412 2201 472 2265 per
495 2181 601 2266 ipsum
618 2201 690 2242 esse
714 2189 982 2260 consummatum,
1000 2201 1097 2264 quern
1113 2177 1241 2264 legitur,
1259 2179 1432 2265 quoniamb
1448 2177 1506 2242 filii
1523 2177 1624 2242 Israel
1648 2179 1680 2242 in
1698 2177 1825 2241 deserto
1850 2200 1925 2241 curn
1940 2175 2069 2242 filiabus

413 2285 545 2350 Madian
578 2297 652 2350 sunt
681 2285 815 2348 iniciati.
862 2285 945 2348 Nem
971 2285 1119 2371 quamvis
1151 2287 1260 2350 omnia
1290 2286 1351 2350 hec
1379 2297 1411 2349 et
1438 2284 1533 2371 plura
1556 2285 1616 2367 his,
1641 2297 1798 2371 quantum
1827 2284 1900 2348 fieri
1930 2294 2068 2370 poterat,

413 2390 604 2457 abscondite
635 2391 827 2476 agebantur,
858 2413 917 2477 per
941 2413 997 2455 eas
1027 2402 1135 2455 tamen
1166 2403 1340 2476 matronas,
1367 2415 1450 2479 quae
1480 2393 1581 2456 invite
1611 2403 1644 2456 et
1667 2393 1796 2484 captive
1826 2389 2070 2484 adhibebantur

414 2501 515 2564 sacris
538 2498 683 2581 nefariis,
706 2521 829 2584 perque
846 2499 958 2562 uxoris
974 2500 1105 2584 proprie
1122 2497 1271 2585 publicas
1287 2499 1417 2564 taudem
1435 2499 1654 2585 querimonias
1672 2497 1801 2563 detecta
1817 2508 1902 2561 sunt.
1937 2497 2069 2561 Etenim

413 2617 486 2692 post
501 2607 596 2669 unius
613 2606 746 2670 ιυῑοῑὶει
763 2603 896 2687 obitum,
922 2627 964 2669 ex
988 2629 1053 2691 qua
1077 2615 1109 2669 et
1132 2605 1251 2671 liberos
1276 2606 1382 2670 adhuc
1406 2606 1494 2670 eirca
1518 2607 1679 2692 principia
1701 2606 1794 2690 regni
1818 2605 1877 2686 sui,
1898 2616 1934 2668 ut
1956 2604 2068 2684 fertur,
2086 2629 2108 2668 a

413 2713 579 2776 honestior
608 2711 742 2776 honeste
774 2723 962 2798 susceperat
973 2717 993 2794 ²,
1023 2734 1120 2798 quam
1144 2712 1306 2776 Dominus
1330 2736 1350 2776 a
1372 2712 1456 2776 facie
1488 2712 1583 2776 huius
1613 2712 1793 2798 iniquitatis
1824 2721 2011 2796 gementem
2039 2721 2069 2774 et

414 2819 576 2884 dolentem
593 2817 847 2882 misericorditer
862 2817 1003 2899 abstulit,
1029 2817 1126 2883 aliam
1143 2820 1229 2904 regis
1246 2819 1364 2884 Ruteni
1388 2819 1497 2900 liliam,
1522 2820 1651 2884 nomine
1669 2817 1838 2898 Gisilamss,
1863 2817 2068 2882 matrimonio

413 2926 508 2991 huius
538 2926 674 2989 misterii
703 2925 884 3011 iniquitatis
914 2925 1063 3012 ignaram
1094 2927 1232 3012 accepit.
1281 2925 1353 3006 Qus
1376 2925 1433 2989 ubi
1457 2926 1633 3012 impietatis
1658 2925 1779 2990 cultum
1803 2925 1908 3012 primo
1940 2925 1973 2988 in
1998 2924 2067 2988 aliis

316 3057 393 3108 aas.
413 3033 608 3118 tandemque
632 3033 666 3095 in
684 3033 873 3118 'semetipsa
896 3055 956 3119 per
971 3032 1153 3119 impudicos
1178 3033 1337 3097 admissos
1354 3043 1490 3120 experta
1506 3043 1564 3114 est,
1588 3044 1663 3119 post
1685 3030 1852 3095 muliebris
1868 3030 2066 3098 verecundie

414 3139 614 3225 aliquamdiu
638 3150 769 3204 servata
793 3138 928 3220 silentia,
954 3140 1084 3225 quando
1109 3141 1174 3203 iam
1197 3141 1388 3226 patientiam
1412 3139 1623 3204 matronalem
1647 3139 1726 3204 vicit
1753 3137 1944 3224 magnitudo
1969 3137 2066 3202 scele-
2083 3163 2106 3201 ss

413 3268 485 3310 rum
508 3247 611 3332 primo
635 3243 786 3309 fidelibus
811 3244 932 3309 Christi
956 3247 1119 3332 episcopis
1144 3257 1175 3310 et
1199 3245 1422 3311 sacerdotibus
1453 3269 1521 3310 rem
1552 3246 1666 3333 pandit
1695 3245 1836 3331 fugaque
1868 3269 1906 3310 ac
1939 3267 2067 3331 separa-

413 3353 509 3416 tionis
533 3351 659 3417 occulte
684 3353 933 3438 oportunitatem
957 3354 1106 3438 queritat.
1154 3353 1301 3417 Instabat
1324 3355 1409 3418 inter
1431 3353 1492 3418 hec
1516 3354 1607 3440 regia
1628 3353 1787 3439 profectio
1812 3351 1852 3416 de
1870 3351 2065 3438 Cisalpinise

413 3457 559 3544 partibus
590 3460 623 3522 in
647 3456 913 3544 Longobardiam
944 3459 1114 3540 destinato,
1142 3483 1205 3546 quo
1237 3473 1268 3523 ot
1299 3462 1412 3546 regine
1437 3471 1635 3524 commeatus
1666 3459 1708 3524 ab
1735 3460 1930 3545 imperatore
1955 3481 2067 3544 quere-

412 3564 524 3648 batur3
557 3565 699 3651 dumque
723 3564 779 3628 illa
802 3587 860 3651 pro
886 3567 992 3629 causis
1017 3566 1148 3652 quidem
1178 3565 1418 3648 secretioribus,
1443 3566 1580 3630 obtensa
1602 3589 1680 3631 vero
1706 3567 1905 3652 pregnantis,
1930 3575 2066 3648 uteret,

413 3671 597 3736 infirmita-te
628 3671 774 3736 laborem
798 3674 850 3735 vie
875 3671 1081 3755 detrectaret,
1106 3673 1251 3760 episcopi
1276 3695 1352 3738 vero
1381 3675 1504 3759 regine,
1529 3686 1565 3738 ut
1588 3685 1657 3738 erat
1684 3674 1755 3758 regi
1777 3672 1963 3759 placitumd,
1995 3696 2067 3758 pro·
2085 3697 2109 3735 so

412 3779 586 3843 factionem
610 3778 794 3860 suaderent,
818 3778 874 3843 illa
897 3781 981 3843 inter
1005 3791 1114 3844 cetera
1138 3780 1260 3844 dixisse
1285 3778 1474 3866 perhibetur
1496 3781 1580 3844 iusto
1605 3803 1640 3844 se
1664 3803 1809 3844 moerere
1834 3777 2067 3844 contabescere

412 3887 564 3972 viamque
588 3887 702 3950 merito
726 3885 919 3968 detrectare,
944 3909 1006 3972 que
1031 3869 1061 3950 a¹
1073 3888 1205 3973 proprio
1228 3889 1344 3950 marito
1369 3888 1414 3950 ita
1437 3889 1609 3973 prostituta
1633 3887 1683 3968 sit,
1707 3898 1743 3950 ut
1767 3887 1849 3950 seire
1873 3909 1939 3950 non
1954 3888 2066 3972 possit,

413 4015 455 4057 ex
480 4015 543 4079 quo
574 3992 698 4078 prolem
722 3995 920 4079 conceperit.
966 3993 1119 4057 Profecto
1148 4007 1257 4058 tamen
1288 4005 1337 4058 est
1367 4005 1464 4080 atque
1495 3995 1529 4057 in
1558 3995 1630 4080 ipsa
1653 3995 1707 4058 via
1731 3992 1934 4080 quorundam
1958 3993 2067 4057 Deum

413 4100 595 4163 timentium
618 4097 740 4162 auxilio
764 4099 875 4184 fugam
900 4101 1044 4185 arripuit.
1091 4100 1255 4186 Dumque,
1279 4099 1336 4164 ubi
1359 4111 1496 4186 poterat,
1522 4099 1727 4165 delitesceret
1750 4101 1856 4163 missis
1880 4099 1922 4164 ad
1942 4101 2066 4186 episco-

412 4228 471 4291 pos
493 4204 689 4270 Germaniae
713 4205 828 4270 litteris
853 4229 968 4270 causas
992 4205 1089 4291 fugae
1115 4229 1153 4271 ac
1178 4208 1391 4293 separationis
1415 4206 1548 4293 publica
1570 4207 1757 4270 manifestat
1780 4207 1982 4292 querimonia
2006 4208 2066 4270 sic·
2085 4231 2110 4270 ss

413 4334 476 4399 que
506 4313 686 4398 iniquitatis
717 4313 905 4394 misterium,
935 4313 1021 4398 quod
1051 4315 1141 4399 prius
1170 4313 1340 4378 dicebatur
1369 4315 1403 4377 in
1427 4313 1580 4394 tenebris,
1610 4313 1697 4399 cepit
1726 4312 1759 4376 in
1783 4312 1856 4376 luce
1881 4323 1913 4375 et
1935 4312 2066 4398 publico

413 4419 488 4499 dici,
513 4430 670 4504 quantum
697 4429 805 4482 tamen
836 4417 986 4505 publicus
1017 4419 1146 4484 auditus
1178 4431 1305 4507 poterat
1335 4420 1517 4484 admittere.
1565 4421 1691 4504 Regina
1714 4441 1792 4482 vero
1822 4420 2011 4505 inproprie
2036 4430 2068 4483 et

412 4525 519 4589 mariti
542 4524 697 4588 videlicet
720 4524 846 4588 dimissi
868 4547 969 4611 regno
993 4525 1116 4591 latendi
1145 4529 1351 4591 securitatem
1382 4549 1446 4590 non
1470 4528 1640 4590 inveniens
1664 4527 1769 4612 primo
1800 4526 1842 4590 ad
1866 4526 2067 4612 Ungaricum

413 4655 559 4716 regnum,
583 4629 640 4694 ubi
663 4631 821 4717 quosdam
837 4644 988 4718 parentes
1012 4632 1164 4716 habebat,
1188 4634 1267 4719 fuga
1284 4634 1425 4697 devenit.
1461 4633 1615 4719 Dumque
1640 4645 1673 4696 et
1695 4633 1772 4697 inde
1797 4655 1869 4697 eam
1892 4634 2068 4719 imperator

412 4739 519 4802 missis
534 4738 655 4800 nuntiis
672 4739 837 4804 retrahere
854 4740 1057 4822 destinasset,
1082 4741 1116 4804 in
1132 4741 1315 4824 Ruteniam,
1336 4740 1379 4804 ad
1394 4741 1536 4827 patrium
1552 4739 1707 4805 videlicet
1722 4762 1869 4826 regnum,
1886 4737 2066 4824 repedavit,
2085 4765 2112 4803 ro

333 4929 335 4936 γ
412 4843 469 4908 ubi
492 4842 653 4930 reliquum
676 4846 762 4910 vitae
787 4857 913 4933 tempus
942 4849 977 4911 in
1000 4859 1113 4912 sancta
1136 4847 1294 4912 viduitate
1318 4849 1453 4934 peregit.
1501 4847 1573 4911 Rex
1596 4869 1674 4912 vero
1699 4857 1731 4911 et
1754 4847 1824 4932 ipse
1851 4847 1884 4909 in
1909 4867 1988 4910 suae
2012 4845 2067 4910 ob-

413 4951 579 5015 scenitatis
603 4961 636 5015 et
659 4953 833 5039 impietatis
857 4954 1004 5039 nequitia
1019 4955 1244 5039 perseveravit
1259 4952 1432 5018 venditans
1458 4954 1664 5039 episcopatus
1689 4963 1721 5017 et
1744 4950 1945 5040 quibuslibet
1967 4953 2066 5038 turpi·

412 5056 472 5121 bus
496 5081 739 5146 nonnumquam
763 5058 804 5123 ob
828 5061 930 5145 ipsius
954 5060 1163 5144 turpitudinis
1187 5061 1335 5146 precium
1358 5059 1599 5124 ecclesiasticos
1623 5059 1766 5145 largiens
1790 5059 1938 5140 honores,
1964 5060 2011 5122 ita
2033 5068 2068 5122 ut

411 5165 445 5227 in
469 5166 578 5229 stratis
602 5187 731 5250 quoque
755 5165 945 5230 lectulorum
976 5166 1058 5228 inter
1085 5177 1192 5230 scorta
1223 5177 1255 5230 et
1284 5167 1368 5230 inter
1391 5167 1479 5251 ipsos
1507 5166 1744 5252 turpitudinum
1768 5167 1874 5230 socios
1897 5187 1936 5230 ac
1961 5167 2068 5230 socias

411 5269 584 5334 lasciviens
609 5270 737 5335 dicatur
760 5272 890 5336 cuidam
914 5272 1122 5357 episcopatus
1146 5273 1371 5336 investituram
1401 5295 1461 5359 per
1485 5273 1626 5356 anulum,
1651 5283 1687 5336 ut
1711 5283 1781 5336 eret
1808 5273 1922 5359 turpis,
1950 5273 2067 5358 turpis-
2086 5297 2112 5337 sa

520 5449 546 5514 a)
568 5459 674 5502 statura
691 5471 712 5502 c.
785 5451 918 5518 b)q1‘ric.
992 5451 1018 5516 c)
1040 5453 1152 5520 cisalpis
1171 5471 1191 5504 e.
1265 5452 1294 5518 d)
1315 5454 1454 5521 placidum
1473 5473 1507 5516 c.,·
1526 5473 1570 5505 ent.
1592 5454 1650 5505 Sca.

522 5614 551 5684 1)
575 5614 691 5672 Bartae.
783 5615 814 5686 2)
845 5617 876 5672 V.
900 5617 1045 5693 sequentia
1068 5610 1302 5676 verba'assumta
1325 5619 1355 5676 ia
1378 5619 1454 5676 Aoo.
1479 5617 1692 5695 Reicltersberq.
1717 5638 1746 5676 a.
1767 5618 1861 5688 1067,
1887 5617 1942 5675 SS.
1966 5616 2066 5687 XVII,

406 5741 439 5797 p.
463 5720 537 5777 446.
631 5721 661 5792 3)
685 5722 846 5780 adelheidis
868 5725 912 5780 vel
933 5723 1078 5781 Pracedis
1101 5724 1169 5784 alibi
1189 5725 1292 5782 rectius
1315 5725 1425 5782 ιίἰοίίιιν.
