4418 6412
453 413 519 477 396
746 418 926 476 GERIIOIII
949 417 1182 474 PRAEPOSI'I'I
1205 413 1612 472 REICHERSBERGENSIS
1637 413 1803 470 LIBELLI.

1229 712 1332 787 VIII.

453 855 536 941 EX
574 851 876 942 OPUSOULO
915 853 994 937 DE
1035 849 1254 939 GLORIA
1286 853 1362 936 ΕΤ
1393 850 1637 938 HONORE
1677 849 1814 934 FILII
1850 847 2104 934 HOMINIS.

563 1005 726 1094 Sequentia
743 1007 848 1072 libelli
853 1029 964 1094 pauca
980 1019 1095 1070 nantum
1112 1007 1211 1070 serr'ei
1224 1019 1347 1070 nostrae
1364 1005 1542 1084 inserimus,
1565 1005 1685 1069 scilicet
1708 1027 1758 1068 eos
1781 1003 1876 1082 locos,
1900 1001 1961 1086 qui
1976 1003 2107 1064 auctoru

456 1116 552 1178 uitam
576 1115 854 1198 commerciumque
877 1112 963 1199 quod
985 1137 1054 1176 cum
1077 1111 1232 1176 Ilouranis
1248 1112 1455 1198 pontificibus
1478 1111 1623 1176 babuerit
1648 1111 1830 1196 respiciunt.
1879 1107 2022 1193 Scripsit
2043 1107 2107 1170 bor-

456 1235 537 1286 tante
560 1219 749 1285 Eberhardo
772 1219 1010 1306 archiepiscopo
1035 1217 1275 1306 Salnburpensi
1295 1243 1328 1283 eo
1352 1233 1487 1304 tempore
1511 1241 1571 1304 quo
1590 1217 1717 1282 Gerbob
1739 1241 1810 1280 cum
1832 1215 1924 1302 apud
1946 1217 2131 1300 imperato-u

457 1351 533 1408 rem,
549 1341 610 1390 tum
628 1325 718 1412 apud
731 1325 835 1390 sedem
850 1327 1056 1412 apostolicam
1072 1325 1212 1390 hereseos
1224 1327 1366 1412 praviter
1381 1340 1592 1404 accusaretur,
1608 1325 1677 1389 scil.
1695 1349 1725 1388 a.
1737 1324 1834 1402 1183,
1849 1323 2019 1386 schismate
2035 1323 2110 1384 inter

456 1433 676 1498 Alexandrum
701 1431 767 1496 ΙΙΙ.
793 1447 819 1496 et
844 1431 995 1496 Victorem
1015 1429 1075 1496 IV.
1101 1431 1238 1496 nondum
1262 1431 1451 1512 diiudicata,
1475 1433 1540 1495 iam
1563 1433 1603 1495 ab
1628 1431 1684 1496 illo
1709 1431 1829 1495 litteras
1852 1430 2012 1514 acciperet
2034 1430 2111 1492 eius·

457 1565 515 1628 que
532 1555 643 1628 partes
667 1541 732 1606 iam
757 1541 789 1604 in
807 1539 875 1604 dies
894 1541 996 1626 mapis
1018 1539 1254 1625 amplecteretur
1264 1541 1283 1602 ¹.
1324 1536 1536 1624 Conpositum
1559 1551 1603 1602 est
1626 1539 1724 1626 ipitur
1739 1537 1923 1623 opusculum
1948 1535 1988 1600 de
2008 1535 2112 1621 ploria

457 1662 485 1712 et
506 1647 621 1712 bonore
637 1647 711 1734 filii
732 1646 868 1710 bominis
892 1669 952 1710 non
976 1646 1071 1710 multo
1089 1659 1165 1731 post
1178 1644 1337 1708 Libellum
1355 1644 1393 1708 de
1409 1647 1645 1732 inoestipan'one
1661 1643 1862 1723 Antichristo,
1886 1645 1979 1707 cuius
1988 1643 2113 1727 prioris

457 1755 647 1818 recensionis
677 1755 770 1816 etiam
807 1753 840 1816 in
870 1752 970 1816 Libro
1006 1751 1044 1816 de
1075 1751 1110 1814 F
1108 1750 1159 1816 ide
1194 1752 1284 1816 breoi
1311 1765 1381 1816 ante
1411 1752 1594 1838 opusculum
1625 1764 1764 1816 nostrum
1793 1751 1971 1836 comcrr'prto
2002 1750 2149 1812 mention

450 1861 547 1948 facta
571 1873 615 1924 est
626 1863 646 1923 ².

564 1965 767 2030 Asseruatum
791 1978 836 2030 est
858 1967 891 2029 in
915 1965 1020 2029 codice
1045 1963 1077 2028 S.
1103 1965 1219 2031 Petri
1241 1963 1417 2052 Salisburp.
1442 1990 1473 2046 a,
1490 1962 1544 2046 VI,
1561 1966 1613 2044 33,
1644 1965 1692 2046 8⁰,
1721 1965 1811 2045 mbr,
1841 1987 1921 2028 saec.
1947 1960 2032 2042 XII,
2064 1962 2117 2025 ubi

458 2073 590 2160 epistola
614 2072 660 2137 ad
674 2072 908 2137 Hartmannum
924 2073 1018 2158 episc.
1037 2071 1239 2136 Briniensem
1249 2073 1432 2158 praemissa
1449 2071 1632 2160 f.1‘-56.
1657 2073 1779 2158 lepitur.
1815 2069 1870 2134 En
1884 2069 1992 2134 eodem
2010 2068 2114 2132 codice

458 2207 478 2244 a
501 2203 549 2244 nte
573 2181 683 2244 iterum
708 2179 820 2243 collato
844 2177 947 2242 edidit
968 2177 1038 2258 Pes,
1061 2177 1148 2243 Tbes.
1173 2178 1281 2243 anecd.
1307 2176 1335 2258 I,
1359 2179 1391 2258 2,
1415 2179 1471 2242 col.
1489 2179 1551 2242 163
1567 2203 1655 2264 sqq.,·
1678 2202 1772 2263 quam
1796 2177 1965 2242 editionem
1990 2177 2116 2240 iteravit

461 2285 672 2367 Gallandius,
704 2284 764 2350 Vct.
797 2284 883 2350 Patr.
916 2285 1003 2350 Bibl.
1036 2299 1055 2350 t.
1081 2283 1177 2366 XIV,
1207 2285 1264 2350 col.
1291 2285 1354 2350 595
1370 2309 1437 2370 sqq.
1444 2334 1454 2366 ,
1489 2285 1570 2348 boreo
1599 2284 1723 2370 Miqne,
1753 2282 1873 2349 Patrol.
1907 2284 1961 2347 lat.
1994 2297 2013 2346 t.
2042 2283 2114 2363 194,
2132 2299 2153 2338 1⁶

459 2394 516 2459 col.
537 2393 621 2457 1073
637 2417 704 2478 sqq.

588 2517 876 2604 Arqentorati,
900 2542 929 2582 a.
951 2517 1047 2598 1898,
1070 2541 1172 2582 mense
1195 2515 1295 2580 Maio.
1759 2515 1799 2580 II.
1825 2513 2025 2579 SAOKUR.

461 2933 653 3010 INCIPIT
688 2921 1001 3010 OPUSOULUM
1034 2933 1105 3008 DE
1140 2933 1335 3011 GLORIA
1361 2935 1430 3010 ET
1456 2935 1670 3012 HONORE
1703 2935 1826 3010 FILII
1861 2933 2080 3010 HOMINIS
2090 2958 2113 3007 ⁸.

569 3083 2114 3103 ,,,,,,,,,,,,,,,,,,,,,,,,,,,,
2130 3061 2152 3099 ,⁰

316 3139 442 3244 901,st
568 3143 641 3208 Hoc
669 3165 747 3229 ergo
771 3165 877 3208 sermo
901 3141 1031 3207 divinus
1054 3144 1202 3229 precipit,
1227 3153 1262 3207 ut
1286 3143 1449 3226 sacerdos,
1474 3145 1530 3231 qui
1554 3143 1691 3210 similam
1715 3145 1763 3210 sie
1785 3144 1969 3208 minutatim
1994 3143 2114 3208 exami-

461 3262 570 3316 natam
594 3249 634 3315 de
658 3272 757 3314 mauu
780 3249 944 3314 offerentis
968 3251 1097 3336 accipit,
1129 3248 1235 3316 lucide
1259 3251 1405 3316 caritatis
1427 3249 1605 3337 liquamine
1635 3249 1724 3316 illam
1748 3249 1881 3317 condire
1905 3261 2005 3337 atque
2029 3249 2116 3336 apud

463 3379 518 3422 eos
543 3357 598 3443 qui
622 3355 700 3422 loris
724 3367 799 3421 sunt
820 3353 907 3420 bono
931 3357 1115 3422 testimonio
1139 3357 1367 3422 commendare
1391 3367 1529 3443 satagat.
1575 3357 1670 3422 Fecit
1699 3357 1761 3422 hoa
1790 3356 1943 3422 sacerdos
1966 3379 2115 3442 magnus,

378 3497 443 3537 aa.
463 3465 520 3552 qui
546 3464 580 3528 in
605 3461 720 3529 diebus
743 3463 810 3529 suis
833 3462 957 3550 placuit
978 3463 1063 3546 Deo,
1091 3485 1179 3550 papa
1201 3463 1380 3550 Eugenius,
1405 3465 1461 3550 qui
1486 3469 1670 3551 'acceptam
1693 3463 1734 3530 de
1758 3487 1856 3529 manu
1879 3485 1954 3528 mea
1978 3463 2116 3529 similam

463 3593 562 3658 quam
584 3581 751 3656 gratanter
774 3571 949 3656 acceperit,
973 3593 1070 3657 quam
1093 3569 1201 3635 lucido
1226 3571 1370 3636 caritatis
1394 3570 1487 3636 oculo
1515 3569 1603 3635 illam
1627 3573 1801 3657 aspexerit,
1826 3570 1984 3658 cuiusque
2009 3569 2115 3635 odoris
2130 3593 2152 3634 a

463 3678 551 3765 apud
573 3677 663 3742 illum
687 3677 794 3758 luerit,
819 3677 895 3742 satis
918 3677 1066 3742 indicant
1089 3678 1158 3741 eius
1182 3677 1298 3760 littere,
1323 3699 1386 3764 que
1409 3677 1456 3742 ita
1478 3701 1513 3742 se
1536 3676 1696 3743 habentt:

349 3781 444 3876 ,¹⁸2¹ss
570 3785 733 3872 Eupenius
756 3787 930 3870 episcopus,
961 3809 1069 3849 seroces
1093 3809 1253 3849 servorum
1277 3785 1351 3865 Dei,
1380 3784 1492 3850 dilecto
1507 3788 1584 3874 fllia
1610 3783 1796 3874 G[erbolro]
1819 3785 2119 3874 Rcmbersperqensi

458 3894 621 3980 preposita
644 3891 774 3956 salutem
798 3905 826 3956 et
848 3891 1053 3977 apostolicam
1076 3891 1326 3956 benedictionem.

572 3997 700 4085 Scripta
731 3997 904 4062 deuotionis
934 4011 982 4061 tue
1013 3999 1141 4084 benipne
1171 4000 1344 4084 recepimus
1367 4013 1396 4064 et
1410 4000 1574 4087 feruorem
1607 4013 1655 4064 tue
1685 4001 1851 4088 relipionia
1877 4024 1917 4064 en
1938 4022 2046 4064 eorum
2070 4001 2116 4063 in·

464 4107 619 4192 spectione
648 4104 828 4192 manifeste·
846 4105 1055 4191 aequanimus,
1082 4107 1239 4170 concaluit
1262 4130 1315 4170 cor
1338 4120 1423 4170 torum
1446 4107 1532 4170 intra
1555 4109 1687 4171 teatin
1712 4106 1912 4171 meditatione
1943 4121 1996 4170 tua
2027 4129 2116 4170 corar-
2132 4128 2155 4167 n

465 4212 566 4276 descet
588 4213 690 4298 ipnia,·
721 4212 853 4298 iynitum
877 4234 997 4296 quoque
1021 4211 1176 4297 eloquium
1201 4226 1286 4276 tuum
1312 4213 1508 4278 veliementer.
1557 4211 1660 4299 Super
1683 4213 1740 4276 boc
1764 4215 1878 4298 itaque,
1902 4211 1989 4298 quod
2011 4226 2117 4277 contra

460 4321 618 4405 pessimus
641 4320 801 4397 novitates,
825 4319 1047 4382 commocioncs
1070 4340 1200 4404 quoque,
1232 4343 1290 4403 que
1313 4333 1420 4384 contra
1444 4321 1607 4384 ecclesiam
1630 4319 1697 4384 Dei
1717 4321 1873 4398 oriuntur,
1897 4333 1923 4384 te
1945 4319 2011 4384 zelo
2034 4321 2117 4384 cari·

466 4427 538 4490 tatis
561 4425 762 4489 exardescere
786 4425 1029 4511 capnoverimns,
1049 4438 1187 4510 paterno
1210 4426 1324 4510 affectu
1344 4425 1519 4512 pandemus
1542 4439 1570 4490 et
1592 4425 1789 4490 devocionem
1813 4439 1898 4490 neam
1921 4427 1956 4491 in
1980 4425 2117 4490 Domino

466 4531 692 4596 collaudamus.
732 4531 845 4595 Verum
867 4532 944 4616 quia
968 4532 1080 4594 bon-um
1100 4543 1145 4595 est
1166 4532 1316 4617 incipere,
1339 4531 1397 4596 sed
1418 4533 1512 4596 multo
1536 4532 1649 4596 molius
1672 4555 1896 4614 consummare,
1921 4531 2118 4597 dileat-ionem

467 4653 549 4702 tuam
575 4640 609 4702 in
632 4637 770 4702 Donn’no
793 4661 1018 4718 commonemus,
1042 4651 1076 4700 nt
1099 4638 1133 4701 in
1157 4639 1233 4702 bono
1253 4640 1417 4725 proposito
1434 4640 1575 4725 firmiter
1591 4663 1783 4724 perseveres.
1826 4638 1910 4717 Quia
1932 4663 1989 4704 nos
2006 4663 2117 4726 perso·
2135 4661 2158 4702 a

466 4769 540 4810 nam
563 4759 658 4824 tuane,
681 4758 830 4830 tanquam
854 4745 1011 4809 literatum
1035 4757 1063 4808 et
1084 4745 1266 4831 reliyiosum
1284 4747 1387 4809 cirum
1399 4759 1535 4832 paterna
1551 4748 1681 4811 caritate
1705 4745 1881 4832 dilipirnus,
1905 4761 1934 4810 et
1956 4748 2119 4832 inquibus

466 4851 635 4916 sectandum
651 4851 752 4916 Deum
764 4875 943 4938 possumus,
960 4851 1114 4916 bonorare
1129 4865 1157 4915 et
1171 4866 1368 4916 manutenere
1385 4853 1535 4916 colurnus.
1571 4852 1658 4917 Data
1675 4851 1781 4916 Sutrii
1794 4851 1908 4916 XVII.
1922 4853 1999 4917 Kal.
2018 4853 2116 4917 Ircnii.

575 5049 601 5114 a)
623 5052 700 5102 ntirrio
717 5052 836 5118 scriptum
854 5069 874 5103 c.

579 5238 607 5306 1)
631 5237 662 5293 V.
687 5236 770 5307 infra
791 5255 821 5310 p.
840 5236 913 5292 397.
1006 5235 1036 5305 2)
1064 5233 1111 5307 Cf.
1136 5235 1220 5307 infra
1238 5255 1270 5312 p.
1290 5235 1370 5292 397:
1395 5237 1555 5309 nuperrime
1665 5237 1768 5292 dictavi
1795 5277 1801 5290 .
1828 5276 1836 5290 .
1862 5278 1868 5290 .
1893 5235 2058 5308 opusculum
2082 5237 2118 5290 de

469 5346 557 5412 Fide3
590 5343 631 5415 cf.
654 5362 743 5419 supra
761 5362 794 5419 p.
814 5342 886 5412 304,
911 5363 940 5399 n.
959 5342 988 5399 2.
1013 5372 1057 5382 -
1081 5341 1166 5398 Liber
1189 5344 1223 5399 dc
1248 5342 1320 5399 Fide
1342 5341 1442 5419 lepinrr
1471 5342 1500 5398 in
1526 5339 1593 5399 Coa.
1619 5340 1779 5398 Reicbcrsb.
1805 5339 1884 5411 VIII,
1902 5341 1934 5412 s.
1953 5336 2119 5417 23-82¹,·
2136 5357 2162 5395 to

470 5451 510 5523 cs.
535 5450 616 5508 eduen
642 5447 770 5506 Gerbobi
793 5449 870 5524 epist.
891 5449 940 5519 18,
968 5449 1065 5526 Mipne
1088 5457 1106 5506 t.
1127 5447 1198 5519 193,
1224 5451 1274 5506 col.
1300 5449 1381 5519 570;
1410 5448 1514 5526 Mapni
1537 5445 1654 5518 Cleon,
1681 5447 1734 5505 88.
1760 5448 1860 5518 XVII,
1880 5468 1913 5523 p.
1932 5447 2013 5516 4955
2038 5447 2118 5504 Bacis

470 5559 487 5616 l.
505 5559 522 5615 l.
542 5577 575 5634 p.
597 5555 675 5626 112,-
700 5555 740 5627 cf.
765 5555 849 5627 infra
866 5555 1082 5631 praefationem
1105 5564 1230 5614 nostram
1254 5557 1297 5612 ad
1311 5554 1414 5614 Comm.
1439 5555 1468 5612 in
1486 5557 1623 5631 psalmos.
1695 5551 1725 5630 3)
1750 5555 1860 5612 Eadem
1885 5554 2002 5630 epistola
2025 5551 2123 5628 (Jaffe'

470 5684 516 5722 nr.
541 5657 639 5739 8922)
671 5671 764 5720 enatat
793 5662 821 5719 in
848 5661 950 5719 Canem.
983 5662 1011 5718 in
1030 5681 1077 5738 ps.
1096 5662 1135 5718 38
1169 5657 1281 5740 (diique
1304 5671 1322 5718 t.
1342 5662 1414 5733 193,
1439 5658 1624 5739 6011318),
1655 5662 1684 5720 in
1702 5683 1749 5738 ps.
1768 5661 1819 5732 64,
1845 5661 1968 5732 c.176;
1993 5659 2122 5719 Gerbobi

471 5771 548 5847 epist.
569 5771 618 5826 17.
644 5779 669 5826 ct
692 5770 751 5840 21,·
777 5769 861 5826 liber
884 5770 918 5825 de
941 5767 1106 5826 novitatibus
1130 5769 1209 5826 basius
1232 5769 1363 5844 turpioris
1386 5789 1409 5825 c.
1427 5769 1456 5840 4,
1480 5789 1570 5844 supra
1588 5789 1621 5846 p.
1641 5768 1714 5826 293.
