4544 6420
531 414 707 470 ARNULFI
730 412 928 470 SAGIENSIS
952 413 1241 468 ARCHIDIACONI
1263 413 1486 469 INVECTIVA.
1792 408 1833 471 99

183 600 279 665 Nunc
310 600 445 664 multum
477 600 618 687 postulat
641 613 672 665 et
696 624 827 665 suorum
850 601 968 686 repetit
991 601 1116 687 premia
1142 601 1339 682 meritorum,
1371 612 1406 664 ut
1430 601 1555 665 scilicet
1581 603 1616 664 in
1639 603 1833 666 necessitate

183 705 359 771 subvenias
390 719 422 771 et
454 730 628 794 oppressae
659 720 803 793 prestare
829 706 975 771 subsidia
998 730 1063 771 non
1087 729 1227 770 recuses.
1275 706 1441 793 Numquid
1472 721 1608 772 matrem
1639 708 1833 773 clamantem

182 836 248 878 uon
272 813 411 878 audies?
458 815 624 900 Numquid
647 838 712 878 nou
736 813 891 878 solaberis
916 813 1118 878 desolatam?
1165 813 1330 899 Numquid
1355 837 1420 877 non
1437 814 1593 878 exaudies
1618 815 1832 880 exorantem?

183 920 349 1006 Numquid
373 921 568 1007 postulatam
592 944 723 984 manum
746 919 868 985 labenti
894 943 1004 984 coram
1029 933 1059 984 te
1084 943 1149 984 non
1173 922 1365 1007 porrigens²
1390 919 1590 985 sustinebis?

144 1051 158 1089 s
289 1027 333 1090 At
356 1050 435 1092 vero
460 1028 624 1113 pretendis
649 1050 690 1090 ex
715 1027 908 1112 indignitate
937 1037 994 1091 tua
1022 1026 1215 1113 subterfugii
1240 1049 1381 1106 causam,
1415 1029 1507 1113 quasi
1537 1051 1595 1092 nos
1626 1030 1833 1115 prudentiam

184 1139 293 1197 'tuam
316 1145 348 1197 et
372 1133 594 1219 singularumb
618 1134 758 1220 partium
781 1135 869 1198 ritae
894 1144 968 1198 tuae
999 1135 1115 1198 merita
1139 1135 1351 1198 nesciremus.
1398 1135 1559 1215 Profecto,
1591 1136 1618 1198 si
1642 1147 1673 1199 te
1699 1135 1833 1221 dignum
1852 1161 1939 1205 urse.

182 1240 345 1321 crederes,
370 1240 431 1305 hac
455 1242 526 1326 ipsa
550 1241 752 1304 estimatione
769 1241 927 1306 uidereris
951 1240 1115 1326 indignus.
1154 1240 1248 1305 Dicis
1273 1263 1401 1326 quoquc
1426 1240 1548 1304 nullum
1566 1243 1690 1327 sperari
1713 1242 1766 1306 hic
1790 1265 1833 1306 ex

183 1349 321 1433 paritate
353 1347 512 1430 solatium,
545 1348 637 1434 quasi
669 1346 710 1412 ab
742 1346 948 1412 inferioribus
980 1348 1115 1412 consilia
1145 1359 1197 1412 et⁰
1231 1346 1485 1433 obsequentibus
1516 1348 1639 1412 auxilia
1669 1361 1833 1435 nequeant

182 1453 341 1519 exhiberi.
389 1455 578 1541 Numquidd
609 1453 688 1518 illud
718 1456 872 1542 precipue
900 1453 994 1518 nobis
1019 1477 1099 1518 onus
1123 1453 1291 1532 incumbit,
1323 1475 1396 1518 cum
1422 1454 1510 1518 velut
1540 1455 1738 1518 inhumano
1763 1478 1831 1519 cor-

137 1586 163 1622 ιο
181 1584 271 1647 pore,
297 1562 323 1626 is
349 1563 405 1648 qui
427 1561 581 1647 presidet,
608 1562 724 1646 capitis
744 1562 890 1642 sormam,
915 1560 1134 1626 membrorum
1158 1561 1275 1647 reliqui
1300 1560 1544 1625 similitudinem
1569 1572 1693 1646 gerant,
1717 1573 1752 1626 ut
1777 1564 1832 1648 qui

181 1679 301 1754 preest,
332 1679 445 1733 nutum
469 1667 632 1748 adhibeat,
665 1667 872 1732 difficultates
904 1668 1058 1754 expediat
1089 1667 1336 1754 obsequentium
1367 1666 1484 1731 labor?
1531 1667 1703 1732 Revereris
1734 1670 1831 1732 etiarn

181 1775 306 1860 pudore
331 1774 486 1840 laudabili
510 1774 618 1839 subire
642 1785 751 1839 tantae
775 1775 906 1861 fastigia
930 1775 1107 1861 dignitatis,
1131 1777 1164 1838 in
1189 1797 1287 1861 quam
1310 1797 1462 1860 suprema
1486 1776 1578 1859 regni
1602 1787 1633 1838 et
1657 1775 1830 1840 sacerdotii

181 1884 390 1968 prerogativa
415 1881 556 1946 mirabili
580 1881 691 1946 federe
716 1881 868 1967 copulata
892 1883 1099 1946 conveniunt.
1146 1881 1191 1945 At
1214 1904 1283 1962 nos,
1308 1904 1372 1944 non
1396 1881 1438 1944 ad
1461 1881 1616 1946 honorem
1640 1892 1682 1962 te,
1707 1881 1765 1944 sed
1789 1882 1831 1946 ad

181 1989 363 2075 periculum
386 1991 493 2075 potius
518 1990 703 2053 invitamus.
750 1989 819 2052 Nec
844 1990 930 2053 euim
955 2011 1064 2053 sumus
1089 1990 1204 2074 ignari,
1237 1987 1315 2074 quid
1346 1987 1520 2052 adversum
1549 2010 1608 2052 nos
1637 1987 1691 2052 ille
1715 1988 1831 2052 adver-

135 2119 162 2157 1s
182 2097 287 2159 sarius
310 2097 523 2160 machinetur.
570 2096 640 2160 lam
664 2097 793 2181 stringit
817 2095 952 2180 gladios,
976 2098 1042 2159 iam
1066 2097 1200 2181 sagittas
1226 2096 1330 2178 acuit,
1354 2117 1415 2159 nec
1439 2095 1527 2158 viam
1552 2093 1613 2158 sibi
1637 2093 1680 2158 ad
1704 2105 1830 2180 aposto-

182 2201 282 2266 latum
306 2215 417 2288 patere
434 2204 497 2266 nisi
520 2205 621 2267 nostri
646 2203 812 2288 sanguinis
834 2203 1012 2267 effusione¹
1029 2202 1171 2267 confidit.
1209 2203 1514 2288 Quantumcumque
1531 2214 1641 2266 tamen
1657 2201 1830 2266 discrimen

181 2308 276 2373 nobis
300 2311 410 2373 mortis
434 2311 611 2388 immineat,
636 2309 807 2374 maluimus
832 2310 999 2395 sanguinis
1022 2311 1124 2373 nostri
1148 2308 1332 2372 mercedem
1356 2308 1397 2373 de
1413 2331 1511 2372 manu
1527 2308 1638 2373 divina
1654 2309 1830 2394 requirere,

182 2427 300 2501 quam⁰
329 2415 369 2480 de
400 2439 498 2480 rnanu
528 2429 638 2480 nostra
670 2418 802 2502 sanguis
833 2416 991 2480 ecclesiae
1022 2417 1215 2501 requiratur.
1262 2415 1391 2480 Huius‘
1415 2425 1447 2479 te
1470 2417 1582 2479 mortis
1607 2416 1729 2479 socium
1754 2437 1831 2501 que·

181 2523 297 2604 rimus,
329 2524 426 2587 immo
450 2523 598 2588 volumus
630 2525 728 2588 etiam
758 2545 993 2609 precursorem.
1047 2522 1242 2609 Exponatur
1271 2522 1400 2608 iugulas
1431 2533 1505 2587 tuus
1536 2524 1620 2586 sicut
1650 2532 1760 2586 noster
1789 2521 1831 2586 ad

134 2653 163 2691 so
181 2630 358 2710 victimam,
383 2653 488 2716 neque
514 2631 599 2694 enim
623 2630 673 2694 fas
697 2641 755 2710 est,
781 2631 821 2710 ei,
847 2631 902 2715 qui
926 2629 1025 2710 dedit,
1050 2651 1171 2714 negare
1196 2630 1353 2715 spiritum,
1379 2651 1452 2693 cum
1477 2630 1650 2715 reposcitss.
1694 2627 1832 2714 Siquid

181 2736 281 2821 igitur
296 2747 327 2800 te
344 2738 456 2800 matris
473 2736 637 2801 desolatae
663 2736 841 2818 calamitas,
866 2737 893 2800 si
918 2736 997 2822 quid
1012 2736 1173 2800 inundans
1190 2737 1409 2800 assistentium
1425 2735 1529 2818 fletus,
1555 2737 1581 2799 si
1606 2735 1707 2822 quid¹²
1725 2733 1827 2799 ullus¹

181 2842 359 2907 honestatis
383 2866 483 2925 amor,
509 2845 536 2907 si
559 2844 638 2930 quid
654 2845 756 2908 virtus
774 2842 979 2908 obedientiae
997 2853 1115 2925 moret,
1140 2844 1323 2929 acquiesce.
1364 2842 1399 2908 Si
1423 2843 1613 2928 acquiescis,
1639 2841 1830 2906 exhibemus

182 2948 349 3036 obsequia.
386 2950 422 3015 Si
445 2973 587 3030 recusas,
613 2951 774 3036 exigimus
799 2950 839 3014 de
855 2948 1078 3014 inobedientia
1093 2972 1223 3036 penam.
1258 2949 1385 3013 Eadem
1402 2951 1498 3030 enim,
1524 2972 1587 3038 que
1611 2971 1696 3038 pape
1720 2971 1830 3034 super-

182 3058 265 3120 stitis
290 3069 348 3138 est,
373 3059 443 3143 ipso
461 3057 650 3138 decedente,
675 3080 776 3144 penes
800 3079 858 3120 nos
882 3055 1087 3145 precipiendi
1111 3067 1142 3120 et
1165 3056 1345 3121 ulciscendi
1369 3078 1497 3142 quoque
1523 3056 1670 3120 consistit
1693 3055 1831 3119 auctori-

136 3185 162 3224 ss
181 3175 241 3244 tas,
266 3163 370 3228 donec
394 3163 476 3228 alius
500 3163 697 3228 inducatur'.

288 3271 349 3334 His
366 3270 471 3352 dictis,
495 3269 656 3357 parabant
672 3271 1017 3334 excommunicationis
1034 3270 1239 3356 promulgare
1264 3271 1467 3350 sententiam,
1492 3270 1624 3335 allatum
1643 3269 1772 3334 interim
1789 3292 1832 3333 ex

182 3377 358 3463 longinquo
389 3377 531 3464 pluviale
562 3401 620 3464 pre
651 3377 800 3442 manibus
832 3377 1014 3442 offerentes.
1062 3376 1150 3457 Quid
1180 3376 1330 3440 faceret?
1377 3377 1566 3472 Temp'taret
1590 3399 1632 3440 ex
1655 3376 1733 3461 fuga
1757 3375 1831 3440 sub·

183 3483 326 3547 sidium?
373 3484 417 3548 At
448 3483 526 3548 ihud
557 3486 710 3549 continua
741 3485 904 3548 seniorum
936 3506 1056 3548 corona
1085 3483 1268 3548 claudebat.
1319 3482 1503 3548 Postularet
1532 3483 1706 3548 inducias?
1753 3483 1830 3564 Sed,

184 3591 353 3676 quominus
383 3593 642 3677 impetrarentur,
675 3590 862 3655 dilationem
886 3592 934 3654 rei
957 3592 1112 3654 instantia
1134 3591 1223 3654 Petri
1254 3590 1517 3655 machinamenta
1546 3587 1720 3676 negabant.
1766 3589 1830 3654 Ne-

137 3710 275 3783 rogaret
304 3698 458 3784 semper?
504 3697 548 3761 At
578 3697 624 3761 illi
654 3697 763 3782 gladio
795 3698 926 3783 spiritus
956 3696 1178 3779 imminebant,
1211 3697 1426 3761 anathematis
1456 3719 1576 3783 penam
1605 3698 1752 3783 protinus
1783 3697 1829 3759 in-

183 3815 386 3891 temptantes.
433 3805 522 3869 Dum
546 3827 623 3890 ergo
648 3803 710 3868 sibi
727 3803 855 3868 videtur
877 3806 963 3869 inter
986 3806 1114 3893 gemine
1139 3807 1249 3869 mortis
1274 3803 1445 3869 conclusus
1470 3804 1647 3890 angustias,
1672 3803 1829 3888 alterique

184 3935 293 3975 corum
317 3910 389 3996 lege
413 3912 616 3975 necessitatis
641 3910 811 3994 obnoxius,
844 3910 1019 3976 discrimen
1041 3912 1178 3998 periculi
1204 3911 1380 3997 corporalis
1405 3912 1544 3997 excepit,
1570 3910 1656 3996 quia,
1682 3909 1758 3973 dum
1781 3931 1829 3973 re-

184 4019 269 4104 spuit
292 4017 506 4082 anathematis
530 4019 673 4104 experiri
697 4019 901 4100 sententiam,
925 4018 1062 4100 insidiis,
1087 4020 1185 4082 immo
1202 4019 1346 4106 potentie
1371 4040 1442 4082 sese
1458 4018 1548 4081 Petri
1563 4016 1683 4081 Leonis
1700 4015 1829 4082 obiecit.

182 4125 221 4188 ln
245 4148 283 4189 eo
308 4137 425 4206 autem,
458 4148 521 4212 quo
546 4125 682 4190 ordinek
706 4126 854 4211 sequenti
879 4125 931 4188 die
955 4126 1045 4189 Petri
1068 4127 1281 4211 processisset
1308 4125 1453 4205 intrusis,
1485 4147 1550 4188 non
1575 4124 1694 4188 diutius
1718 4125 1830 4188 immo-

137 4253 164 4292 ω
183 4231 289 4312 rabor,
314 4254 412 4317 quam
428 4243 463 4296 ut
479 4231 628 4315 dixerim,
646 4234 751 4296 virum
768 4244 905 4318 turpem,
931 4231 1077 4295 fedatum
1101 4231 1245 4315 infamia,
1270 4231 1403 4318 publica
1419 4232 1658 4295 existimatione
1675 4230 1830 4317 dampna-

183 4349 261 4419 tum,
285 4339 446 4424 posterius
470 4362 490 4403 a
515 4337 838 4427 [conspiratoribus1]
865 4350 897 4402 et
919 4337 1108 4424 parentibus
1133 4361 1203 4402 esse
1227 4343 1440 4424 promoturus
1483 4337 1538 4401 Ad
1561 4349 1593 4402 te
1617 4339 1829 4424 potissimum,

184 4443 333 4527 (simi-de,
358 4459 513 4527 revertar,
538 4456 581 4526 ut,
607 4446 686 4532 quid
702 4447 818 4532 egeris,
844 4457 913 4508 orta
929 4456 1131 4530 tempestate,
1157 4467 1345 4531 cognoscas
1371 4457 1403 4509 et
1426 4467 1521 4509 aures
1544 4455 1598 4533 tue
1620 4467 1742 4526 eorum,
1767 4467 1830 4532 que

183 4553 266 4616 male
291 4554 429 4638 gessisti,
455 4551 694 4617 contundantur
717 4551 839 4616 auditu.

290 4787 316 4850 a)
339 4791 478 4855 porrigere
497 4807 517 4838 c.
598 4787 627 4850 b)
648 4787 829 4853 singularium
850 4787 880 4838 P.
896 4788 927 4838 (ι’.
1007 4787 1033 4850 c)
1054 4789 1113 4840 mid.
1134 4790 1168 4840 ab
1188 4790 1223 4839 W.
1304 4787 1331 4852 d)
1353 4789 1413 4840 aas.
1433 4805 1488 4840 non
1506 4789 1542 4838 W.
1620 4786 1646 4850 e)
1668 4804 1749 4853 quem
1766 4805 1830 4838 corr.

137 4886 165 4924 40
183 4894 264 4943 quam
283 4895 303 4928 c.
375 4877 397 4938 i)
419 4879 543 4944 quamvis
562 4878 596 4927 D.
611 4877 641 4927 P.
654 4877 685 4928 G.
701 4879 736 4927 ll'.
814 4875 842 4943 g)
863 4877 1046 4944 addimusque
1063 4879 1098 4928 ad
1111 4879 1136 4944 f.
1152 4879 1219 4930 144¹.
1238 4878 1327 4928 codicis
1346 4878 1429 4928 Panis.
1448 4878 1559 4944 sequitur
1578 4885 1698 4928 mactabis
1715 4877 1831 4943 Hisponis

182 4967 213 5016 dc
231 4985 250 5017 r.
265 4966 366 5028 lictore,
386 4968 429 5033 qui
447 4967 530 5017 estole
548 4967 638 5017 sirtute
655 4967 755 5018 aaronis.
784 4966 856 5017 Folio
871 4969 929 5017 145.
949 4968 1071 5032 arripitur
1089 4968 1208 5018 invectiva
1227 4976 1320 5028 nostra,
1339 4968 1382 5017 sed
1399 4968 1490 5018 desum
1507 4966 1628 5034 maedam
1647 4966 1706 5016 iude
1723 4967 1753 5016 ab
1771 4967 1830 5016 illa:

183 5058 213 5105 si
239 5057 303 5121 quid
329 5059 412 5121 igitur
431 5065 457 5106 te
477 5058 569 5106 matris
597 5073 672 5122 aspie
696 5056 731 5106 ud
756 5056 785 5106 id
806 5057 919 5106 Girarde
946 5061 1001 5107 nori
1026 5061 1056 5118 (c.
1074 5056 1100 5116 l',
1124 5073 1152 5120 p.
1172 5059 1214 5116 90,
1228 5054 1271 5116 10)
1296 5057 1324 5106 iu
1348 5057 1428 5107 codice
1453 5065 1554 5115 noram
1581 5056 1615 5122 rs.
1637 5055 1830 5121 praefationes.

184 5143 211 5206 h)
234 5148 292 5210 quis
313 5145 347 5194 D.
438 5143 458 5204 i)
482 5145 563 5195 ullius
583 5146 618 5194 W.
715 5143 744 5206 k)
766 5145 838 5210 quod
859 5145 954 5196 ordine
973 5153 1151 5212 praepostero
1171 5145 1271 5195 materis
1290 5145 1372 5206 Bruti,
1393 5145 1514 5211 Bouqaet,
1534 5145 1592 5194 Rec.
1612 5145 1662 5194 Le.
1754 5142 1773 5206 Ι)
1794 5145 1831 5194 ita

192 5233 320 5284 Waaen'ca
340 5235 464 5293 locamur,
483 5252 557 5299 quam
578 5234 696 5284 Doehm'i
714 5234 788 5284 editio
804 5252 832 5299 p.
847 5236 906 5285 355.
922 5235 1032 5300 parcebat,
1052 5235 1164 5298 erplerit.

136 5467 163 5506 ss
293 5451 321 5520 1)
340 5450 388 5524 Cf.
407 5451 537 5527 epistolas
553 5452 710 5510 Irruoceatii
726 5452 836 5527 eiusque
852 5454 997 5508 electorum
1014 5453 1095 5526 opud
1112 5450 1296 5507 illir'lrlboelrer
1319 5452 1336 5505 l.
1356 5471 1377 5506 c.
1400 5471 1430 5525 p.
1450 5451 1530 5520 5,1;
1555 5451 1686 5525 epistolas
1702 5451 1829 5520 Huborb',

185 5558 319 5616 Lucensis
343 5559 473 5634 episcopi,
499 5568 525 5614 er
541 5557 691 5629 Greolterii,
711 5558 902 5634 patriarchae
918 5558 1105 5620 Baioulous,
1131 5558 1193 5613 ibid.
1215 5578 1247 5632 p.
1267 5557 1317 5626 27,
1334 5558 1361 5613 7.
1433 5557 1463 5626 2)
1489 5557 1534 5613 De
1558 5557 1687 5614 electione
1703 5557 1832 5614 Arrocleti

182 5666 339 5741 cerrdpopoe
358 5665 392 5721 Ε.
414 5665 598 5722 rllir'lrlbarher
622 5668 639 5722 l.
658 5687 679 5722 r.
700 5687 733 5740 p.
751 5663 810 5719 108
828 5685 868 5740 sq.
888 5665 987 5735 ⁹fusius
1010 5665 1150 5720 mactavit.
1199 5665 1307 5733 I'rrucu,
1333 5683 1405 5740 quac
1421 5664 1564 5735 Arnulfirs
1586 5663 1686 5733 cludit,
1712 5683 1770 5720 eura
1795 5683 1831 5720 ear

182 5772 447 5828 lnrrocmtiauormu
472 5771 680 5843 diqfrrrsiouibus
704 5771 844 5846 collegisse
866 5771 1014 5828 rmisbude
1038 5779 1084 5827 cst.

1567 5890 1616 5942 13*
