4478 6396
468 393 533 454 208
761 397 940 452 GEllHOHl
966 394 1196 450 PRAEPOSITI
1220 393 1628 451 RlllCHllRSBERGENSlS
1653 397 1817 451 LIBELLI.

466 585 587 649 dictum
613 584 789 671 capitulum
815 607 893 648 0000
918 581 1017 664 iubet,
1046 605 1087 646 ne
1111 605 1131 645 a
1155 605 1213 645 suo
1237 583 1402 669 proposito
1426 593 1601 647 retrorsum
1627 582 1799 646 exorbitet.
1848 582 2020 663 Quomodo
2046 604 2126 645 vero

464 692 604 778 idipsum
628 701 819 778 preceptum
843 692 972 777 penitus
996 688 1169 774 irregulari
1192 688 1310 752 elerico
1336 691 1441 776 aptari
1466 700 1573 775 queat,
1603 689 1684 753 mihi
1706 712 1771 753 non
1795 701 1943 776 apparet,
1968 689 2126 776 quoniam

464 799 645 863 sanctitatis
676 798 876 884 propositum
908 819 973 860 nen
1004 794 1113 878 habet,
1145 819 1164 858 a
1188 817 1252 881 quo
1277 795 1458 859 monendus
1487 797 1537 877 sit,
1569 819 1610 860 00
1644 794 1816 860 exorbitet.
1866 794 1933 860 Sed
1957 806 2027 860 esto
2053 817 2128 880 per·

463 907 631 970 mittantur
654 904 721 968 illic
745 914 778 967 et
801 905 835 967 in
859 903 931 966 aliis
956 901 1154 989 quibusdam
1179 902 1329 989 capitulis
1354 903 1492 966 ministri
1517 903 1630 967 altaris
1653 902 1776 967 habere
1801 905 1948 989 propria,
1979 902 2039 966 sed
2065 925 2128 965 000

464 1015 496 1077 111
529 1011 652 1076 eisdem
686 1034 747 1075 nec
779 1011 851 1075 aliis
882 1010 1054 1074 autenticis
1086 1007 1236 1095 capitulis
1268 1019 1444 1072 excusatur
1473 1011 1676 1096 presumptio
1707 1009 1882 1094 sacrilega,
1913 1033 1979 1095 qua
2011 1021 2129 1073 centra
2154 1032 2167 1070 0

465 1119 673 1184 interdictum
696 1141 801 1204 papae
827 1140 865 1181 00
889 1117 1041 1202 martyris
1066 1114 1191 1180 Urbani
1221 1138 1280 1202 per
1303 1115 1666 1209 matricesxaeeelesias
1690 1118 1758 1180 vita
1782 1119 1962 1181 communis
1987 1115 2129 1202 impedi-

465 1239 524 1308 tur,
550 1227 602 1289 cui
627 1224 945 1288 aecclesiasticamm
969 1245 1077 1286 rerum
1101 1221 1239 1286 facultas
1262 1222 1489 1308 principaliter
1512 1222 1659 1306 debetur,
1684 1234 1720 1286 ut
1743 1223 1785 1288 ab
1809 1223 1880 1309 1000
1904 1223 2128 1309 dispensetur,

465 1333 534 1396 sive
563 1333 765 1418 paupertatis
796 1329 1005 1410 amatoribus,
1037 1331 1106 1392 sive
1130 1329 1249 1393 Lazari
1280 1328 1450 1408 similibus,
1482 1331 1551 1394 sive
1583 1329 1776 1416 hospitibus,
1808 1332 1888 1412 sive,
1919 1342 1955 1395 ut
1985 1328 2128 1394 multum

364 1502 366 1508 ,
466 1437 777 1519 condescendamus,
809 1437 945 1501 infirmis
977 1437 1103 1500 clericis
1135 1445 1228 1500 extra
1256 1458 1366 1500 sacros
1391 1435 1521 1500 ordines
1545 1435 1759 1501 tolerabiliter
1781 1436 1969 1502 viventibus
1994 1449 2027 1500 ct
2052 1459 2129 1500 aec·

467 1547 585 1611 clesiae
609 1544 823 1632 promodulo
848 1567 906 1608 suo
931 1543 1045 1608 saltem
1069 1544 1103 1606 in
1126 1542 1308 1628 psalmodia
1331 1542 1557 1608 seruientibus.
2150 1568 2175 1604 10

574 1653 606 1718 S.
643 1651 758 1716 Nonne
775 1673 834 1738 per
850 1651 911 1716 hoc
928 1650 1079 1714 videmur
1095 1650 1256 1731 excusari,
1274 1651 1360 1736 quod
1378 1673 1437 1714 nos
1454 1661 1562 1737 patres
1580 1664 1776 1716 censuerunt
1795 1673 1890 1738 posse
1907 1650 2050 1730 tolerari,
2070 1651 2127 1736 qui

466 1762 500 1824 in
516 1758 712 1847 quibusdam
729 1758 875 1823 conciliis
900 1767 1082 1822 statuerunt
1105 1756 1211 1841 legem
1235 1754 1276 1820 de
1292 1757 1426 1843 propria
1450 1756 1632 1822 substantia
1655 1759 1822 1822 morientis
1838 1757 2032 1845 presbyteri,
2060 1780 2126 1843 quo

467 1866 562 1930 modo
578 1865 733 1930 videlicet
750 1875 912 1952 oporteret
927 1875 994 1928 tam
1011 1863 1113 1927 dividi
1138 1864 1222 1926 inter
1238 1865 1428 1950 episcopum
1452 1875 1484 1928 et
1507 1863 1645 1929 heredes
1665 1877 1761 1951 atque
1779 1866 1883 1951 ipsam
1899 1863 2125 1929 aecclesiam?

575 1975 631 2037 ‘rt
666 1972 781 2037 Patres
796 1971 854 2052 illi,
871 1994 953 2057 quos
970 1993 1214 2050 commemoras,
1238 1969 1417 2056 0110100101
1431 1971 1588 2051 10001001,
1613 1970 1762 2036 morbum
1778 1981 2007 2058 temperantes,
2024 1994 2123 2058 quem

467 2083 595 2168 penitus
620 2080 747 2144 auferre
771 2101 836 2143 non
855 2087 1040 2165 potuerunt.
1076 2077 1149 2141 Hoc
1173 2088 1206 2141 et
1228 2076 1274 2141 illi
1298 2076 1509 2142 adverterunt
1532 2080 1588 2165 qui
1612 2101 1631 2142 a
1655 2077 1752 2142 rebus
1777 2077 1957 2142 aecclesiae
1981 2101 2034 2143 res
2055 2079 2123 2164 epi·
2146 2101 2171 2140 rs

468 2189 557 2274 scopi
582 2188 730 2273 proprias
753 2187 917 2249 iusserunt
940 2183 1053 2248 haberi
1079 2183 1258 2248 distinctas.
1300 2184 1386 2264 Quia
1410 2186 1561 2249 nimirum
1586 2185 1706 2249 accidit
1729 2184 1940 2250 morientibus
1958 2187 2122 2272 episeopis

468 2306 523 2360 aut
546 2292 746 2381 presbyteris
770 2292 965 2356 aecclesiam
982 2292 1098 2354 vexari
1121 2289 1163 2354 ab
1180 2289 1364 2372 heredibus,
1390 2302 1422 2355 et
1447 2291 1534 2378 quod
1558 2291 1665 2356 adhue
1689 2293 1814 2378 turpius
1840 2304 1917 2374 crat,
1943 2317 1962 2356 a
1985 2291 2121 2380 presby·

467 2415 609 2467 tororum
640 2399 777 2464 dominis
810 2396 1006 2479 carnalibus,
1037 2421 1110 2461 cum
1142 2397 1381 2484 disceptaretur
1404 2397 1444 2462 de
1469 2399 1608 2485 propriis
1633 2389 1744 2463 eorum
1769 2397 1876 2490 rebus.
1923 2399 2011 2463 Huic
2036 2399 2121 2463 malo

467 2507 674 2595 precavendo
706 2506 915 2570 intendemnt
939 2506 993 2591 qui
1018 2504 1058 2569 de
1083 2503 1264 2568 substantia
1294 2507 1425 2591 propriu
1455 2506 1545 2590 leges
1573 2505 1742 2588 dederunt,
1767 2505 1928 2592 quomodo
1953 2506 2121 2570 sciliceta

468 2614 565 2679 rebus
596 2613 849 2677 aecclesiasticis
880 2611 1076 2676 haberentur
1104 2610 1285 2693 distinctae,
1311 2622 1343 2676 et
1366 2613 1528 2698 quomodo
1552 2611 1763 2677 morientibus
1787 2611 1989 2699 presbyteris
2014 2623 2123 2678 000001
2143 2639 2171 2676 ao

468 2719 676 2786 dividendae.
724 2719 813 2783 Pone
838 2717 896 2782 tibi
921 2729 997 2782 ante
1022 2717 1132 2782 oculos
1157 2715 1394 2804 presbyterum,
1420 2721 1452 2783 in
1477 2743 1540 2806 quo
1565 2721 1606 2783 sit
1630 2721 1996 2807 00001110101000011010
2012 2717 2122 2784 verbis

466 2829 620 2915 Prosperi
656 2849 754 2912 supra
789 2825 1075 2911 comprehensum,
1110 2824 1258 2911 nunquid
1289 2835 1363 2910 eget
1392 2826 1455 2889 ista
1485 2825 1728 2913 dispensatione
1759 2826 1812 2890 vel
1842 2825 2003 2906 remedio,
2035 2827 2122 2913 quod

469 2935 605 2999 heredes
630 2945 790 3020 temperet
813 2957 833 2997 a
856 2931 1020 3018 sacrilegii
1043 2931 1096 2995 vel
1121 2933 1309 3018 rapacitatis
1333 2931 1472 2997 morbo?
2034 2947 2038 2956 ·

576 3041 610 3106 S.
646 3040 722 3106 Scio
746 3040 900 3127 perfectis
931 3062 997 3104 non
1026 3040 1202 3104 convenire
1233 3061 1317 3125 quac
1341 3039 1492 3104 defendo.
1541 3039 1607 3104 Sed
1632 3065 1691 3126 ego
1721 3039 1763 3104 ad
1790 3041 1851 3105 hoc
1876 3040 1983 3122 tendo,
2015 3063 2056 3104 00
2082 3038 2123 3104 ob

469 3150 530 3214 hoe
561 3150 661 3212 simus
693 3146 928 3233 dampnabiles,
958 3146 1044 3232 quod
1075 3169 1134 3210 000
1164 3145 1274 3210 0110110
1305 3147 1444 3209 ministri
1474 3145 1632 3211 habemus
1663 3149 1889 3234 proprietates,
1914 3171 1994 3234 quas
2020 3159 2053 3211 01
2076 3147 2121 3211 1111
2143 3171 2170 3210 aa

469 3255 661 3336 habuerunt,
686 3253 804 3341 quibus
828 3262 1019 3341 prenotatae
1042 3253 1133 3339 leges
1156 3255 1282 3340 positae
1306 3253 1447 3335 fuerunt,
1470 3277 1512 3317 ne
1530 3254 1684 3318 videlicet
1707 3255 1880 3335 nescirent,
1905 3277 1969 3340 qua
1994 3253 2122 3319 cautela

470 3385 528 3426 sua
552 3385 626 3426 eum
649 3360 746 3425 rebus
771 3360 950 3425 aecclesiae
975 3359 1096 3424 habere
1121 3360 1288 3424 deberent.

576 3469 614 3532 R.
649 3468 722 3554 Ego
746 3467 969 3554 principaliter
991 3466 1125 3531 intendo
1149 3489 1247 3553 agere
1279 3465 1441 3531 derebus
1472 3467 1663 3550 aecclesiae,
1688 3491 1771 3555 quac
1796 3467 1839 3532 ad
1862 3468 2027 3554 quoddam
2050 3492 2122 3555 pro-

470 3578 611 3664 positum
641 3586 789 3639 sanctum
820 3586 895 3638 sunt
925 3573 1053 3639 oblatae
1085 3584 1181 3660 atque
1211 3597 1230 3636 a
1257 3573 1404 3661 patribus
1434 3574 1630 3657 destinatae,
1661 3598 1742 3662 quas
1773 3576 1829 3661 qui
1860 3574 1936 3639 inde
1964 3574 2124 3639 abstrahit

372 3705 452 3748 1010.
471 3682 678 3768 sacrilegium
703 3683 882 3746 committit.
929 3682 995 3745 Res
1019 3692 1129 3745 autem
1153 3681 1369 3745 hereditariae
1393 3680 1446 3744 vel
1470 3681 1600 3745 aliunde
1625 3682 1815 3768 acquisitae,
1840 3705 1924 3769 quae
1943 3687 2124 3769 ‘nunquam
2143 3707 2170 3746 οο

470 3791 601 3854 11101001
624 3791 656 3852 10
682 3799 811 3853 0000100
834 3811 911 3852 0000
936 3787 1075 3868 oblatae,
1105 3787 1228 3874 absque
1253 3786 1423 3873 sacrilegio
1447 3799 1582 3874 possunt
1605 3787 1719 3853 haberi
1743 3790 1776 3852 in
1800 3791 2008 3875 proprietate.
2058 3789 2124 3854 Sed

471 3921 525 3961 eas
550 3895 745 3960 habentibus
769 3895 969 3982 presbyteris
994 3907 1026 3959 et
1049 3894 1242 3959 diaconibus
1265 3895 1344 3959 nihil
1361 3893 1499 3958 debetur
1515 3895 1555 3959 de
1573 3897 1693 3960 sanctis
1710 3895 1890 3960 aecclesiae
1908 3894 2015 3960 rebus.
2057 3897 2123 3962 Sua

469 4027 558 4084 vero,
584 4013 722 4067 testante
739 4001 911 4088 Prospero,
937 4004 1006 4065 sine
1023 4013 1159 4088 peceato
1175 4001 1354 4087 possident,
1379 4002 1406 4064 si
1431 4024 1479 4082 ea,
1505 4025 1588 4088 quac
1614 4003 1660 4066 010
1685 4001 1726 4066 ab
1744 4001 1904 4067 aeeclesia
1924 4015 2122 4090 competunt,

470 4111 686 4196 dispensatori
718 4108 902 4195 1011000001
932 4108 1012 4172 nihil
1043 4107 1238 4172 habentibus
1269 4109 1477 4173 conferenda.
1525 4108 1622 4190 Quod
1652 4121 1761 4174 tamen
1785 4109 1825 4174 de
1850 4110 1899 4174 his
1923 4110 2047 4174 dietum
2071 4113 2122 4192 sit,

470 4239 550 4302 quos
567 4226 678 4280 votum
703 4217 882 4279 communis
899 4216 985 4279 vitae
1010 4238 1075 4279 non
1099 4216 1212 4300 tangit,
1238 4217 1387 4302 quamvis
1410 4214 1611 4302 presbyteris
1636 4227 1669 4280 et
1692 4216 1884 4282 diaconibus
1909 4219 2006 4281 etiam
2030 4228 2168 4282 extruas

469 4333 581 4388 votum
605 4321 820 4386 existentibus
844 4323 901 4385 vix
926 4333 981 4386 aut
1004 4321 1188 4385 nullatenus
1213 4333 1370 4407 congruat
1397 4322 1451 4386 illa
1474 4322 1678 4408 indulgentia
1702 4347 1761 4387 sua
1784 4325 1853 4388 sine
1878 4323 1974 4388 rebus
1999 4324 2122 4388 aeccle-

471 4431 537 4493 siae
562 4429 734 4511 rctincndi,
758 4451 856 4514 quam
881 4429 1016 4492 infirmis
1040 4429 1191 4493 concedit
1214 4430 1389 4494 auctoritas
1413 4429 1576 4516 Prosperi.
1617 4431 1662 4493 Hi
1687 4432 1771 4494 enim
1796 4433 1849 4517 qui
1876 4432 1989 4495 altario
2014 4431 2124 4495 descr-

469 4538 562 4600 11001
593 4537 723 4599 01001110
753 4535 833 4600 tales
858 4534 980 4599 debent
1010 4559 1093 4617 csse,
1124 4545 1263 4600 testante
1295 4547 1406 4600 saneto
1430 4535 1556 4601 Hilario
1582 4548 1614 4600 ct
1638 4547 1750 4601 sancto
1774 4536 1948 4602 Ambrosio
1972 4549 2005 4602 et
2027 4536 2123 4601 beato

470 4642 632 4706 leronimo
645 4647 664 4724 ¹,
697 4665 834 4728 quorum
865 4642 953 4706 dieta
983 4643 1088 4706 studio
1119 4641 1289 4706 brevitatis
1320 4653 1476 4728 tanquam
1506 4643 1653 4729 pluribus
1684 4655 1760 4708 nota
1791 4646 1914 4726 omitto,
1945 4655 1980 4708 ut
2012 4667 2123 4708 0011110

469 4751 574 4836 portio
600 4751 641 4812 sit
665 4751 698 4812 in
722 4759 809 4812 terra
833 4751 1021 4830 viventium,
1053 4748 1197 4835 nihilque
1228 4751 1394 4835 proprium
1425 4750 1614 4836 possideant
1644 4752 1677 4814 in
1704 4751 1766 4815 1100
1797 4764 1884 4815 terra
1907 4752 2123 4831 morientium,
2142 4778 2169 4814 ro

471 4856 529 4919 sed
553 4857 617 4919 sint
640 4854 735 4919 liberi
759 4879 779 4918 0
802 4857 877 4940 iugo
902 4855 1097 4920 secularium
1120 4865 1326 4941 potestatum,
1352 4856 1439 4943 quod
1469 4855 1565 4921 beato
1589 4857 1796 4942 Augustino²
1819 4869 1900 4921 teste
1924 4857 2031 4921 nullus
2055 4857 2124 4921 illo·

471 4986 541 5026 rum
565 4963 685 5049 poterit
708 4986 790 5043 0000,
815 4945 871 5048 001
895 4961 1006 5026 dicere
1030 4961 1145 5027 habet:
1170 4985 1260 5026 meus
1285 4986 1409 5044 servus,
1440 4987 1514 5027 mea
1538 4964 1624 5044 villa,
1656 4987 1730 5029 mea
1753 4964 1945 5046 substantia,
1970 4965 2124 5051 quoniam

470 5072 540 5134 iure
565 5069 716 5151 humano,
741 5069 828 5154 quod
851 5068 1066 5155 potestatibus
1097 5069 1192 5132 huius
1223 5069 1337 5133 mundi
1360 5068 1517 5152 subiacet,
1549 5071 1757 5157 possidentur
1786 5072 1933 5158 propria3
1966 5072 2023 5135 sed
2053 5073 2123 5136 iure

471 5177 583 5240 divino
607 5176 741 5240 Domini
766 5185 815 5238 est
838 5187 926 5238 terra
950 5186 982 5240 et
1005 5176 1172 5261 plenitudo
1197 5176 1276 5239 eius.
1323 5177 1393 5240 Nec
1424 5177 1534 5242 dicere
1559 5179 1731 5264 quisquam
1754 5189 1862 5264 potest
1884 5201 1927 5242 ex
1950 5178 2011 5243 hoc
2037 5181 2123 5243 iure:

470 5305 562 5348 meus
592 5282 722 5365 fundus,
754 5305 845 5346 meus
877 5305 1000 5346 servus.
1047 5283 1143 5346 Unde
1173 5305 1238 5346 non
1270 5295 1318 5347 est
1349 5282 1432 5347 liber
1455 5307 1475 5347 0
1497 5284 1623 5371 laqueis
1656 5285 1755 5349 seculi
1787 5286 1843 5371 qui
1872 5287 2124 5372 aproprietatis
2143 5309 2169 5348 0

472 5391 677 5476 possessione
705 5413 770 5452 non
794 5389 863 5453 vult
893 5389 1026 5453 liberari
1059 5389 1223 5476 digneque
1254 5389 1421 5476 repellitur
1451 5391 1503 5455 1110
1533 5391 1607 5455 10110
1632 5394 1724 5456 iuxta
1746 5393 1887 5477 rigorem
1911 5392 2125 5479 apostolicum

582 5645 611 5720 l)
637 5645 685 5719 C's.
702 5667 792 5723 supra
811 5667 843 5722 p.
861 5648 932 5718 140,
957 5668 986 5704 0.
1005 5648 1041 5718 2;
1060 5669 1093 5724 p.
1112 5649 1182 5720 143,
1208 5670 1235 5706 0.
1254 5649 1292 5718 4,·
1311 5647 1433 5724 00146,
1458 5669 1486 5705 0.
1506 5651 1534 5704 3.
1607 5647 1637 5722 2)
1661 5648 1890 5727 1000000.Ιο1.
1915 5659 1950 5706 tr.
1967 5650 2015 5720 VI,
2037 5647 2125 5724 §25,

474 5753 546 5832 000.
573 5753 629 5823 ΙΙΙ,
648 5753 677 5824 2,
703 5756 752 5810 001.
772 5753 853 5824 240,·
878 5756 917 5826 es.
944 5755 1044 5811 Libelli
1065 5755 1106 5824 II,
1127 5776 1159 5830 p.
1178 5755 1251 5811 645.
