4568 6428
396 409 594 466 sarstono
616 411 669 466 DE
693 409 872 466 VIIANDA
895 409 1010 466 mssa
1034 409 1314 467 UXORA'IORUM
1339 409 1617 467 SAOERDOTUM.
1810 403 1829 466 9

176 599 282 662 maior
305 613 357 677 est,
387 597 445 662 sed
465 597 592 662 recedat
614 597 731 676 oculas,
762 597 887 661 recedat
908 622 1030 676 manas,
1060 597 1186 661 recedat
1201 622 1271 683 pes,
1300 612 1334 660 nt
1355 611 1476 662 caetera
1498 598 1637 661 membra
1660 598 1828 662 salventur.

176 702 260 766 Item
290 702 408 766 frustra
439 725 498 765 nos
530 701 640 766 docuit
669 700 785 766 beatus
808 702 991 788 Ieronimus
1019 703 1053 765 in
1083 701 1226 766 secundo
1249 700 1592 791 ,Commentariorum⁸
1619 700 1701 766 libro
1733 723 1831 788 super

178 808 347 894 epistolam
375 807 473 872 Pauli
505 808 548 872 ad
577 807 738 894 Ephesios
770 809 815 872 ita
846 806 1031 872 scribens1:
1062 808 1103 872 In
1132 811 1294 874 aecclesiis
1324 833 1424 874 noane
1456 811 1543 874 vobis
1573 809 1720 873 videntur
1739 809 1834 897 salsi

178 939 242 980 esse
265 930 421 1002 pastores,
453 918 512 1002 qai
539 939 601 980 aon
623 931 763 1001 pascant
785 940 854 980 oves
881 940 950 980 cam
974 915 1173 1001 ‘disciplina
1203 915 1261 980 sed
1282 918 1378 1001 qnasi
1398 918 1612 981 mercennarii
1631 940 1830 1002 nequaquam
1849 931 1926 972 ⁸1:1⁰⁴·

143 1025 282 1110 sprepis
306 1023 436 1086 calaum
459 1025 605 1110 copitant,
636 1021 722 1106 quod
743 1025 863 1086 aravit
884 1045 946 1086 aon
969 1036 1174 1086 convntentes
1197 1036 1226 1086 et
1247 1022 1334 1107 qaod
1348 1025 1453 1108 periit
1474 1047 1536 1086 non
1560 1037 1750 1108 quaerentes,
1773 1022 1831 1087 sed

177 1127 387 1192 mnmmmodo
411 1128 449 1192 de
473 1129 583 1192 coibas
613 1128 663 1192 lac
693 1141 722 1192 et
752 1129 868 1207 lanam,
899 1129 984 1191 cibos
1015 1128 1161 1192 videlicet
1189 1153 1204 1216 e
1246 1131 1426 1193 vestimenta
1453 1128 1621 1214 captantes’
1632 1128 1647 1191 1
1691 1127 1734 1191 Et
1757 1137 1831 1213 post

178 1238 321 1319 pauca2:
354 1233 395 1298 Si
416 1236 489 1320 qais
511 1257 572 1298 non
596 1233 723 1320 edificat
745 1235 929 1298 aecclesiam
953 1233 1020 1298 Dei
1046 1259 1101 1298 nec
1124 1235 1250 1320 plebem
1280 1236 1347 1299 sibi
1373 1235 1542 1299 subiectam
1569 1237 1706 1314 insanit,
1737 1233 1831 1298 atde

177 1342 312 1405 subiecto
327 1341 451 1426 populo
479 1339 602 1404 Christi
621 1340 773 1404 aecclesia
798 1354 1004 1419 cormnaatar,
1029 1342 1085 1404 iste
1109 1365 1163 1405 aec
1186 1342 1347 1427 apostolas
1370 1366 1425 1406 nec
1440 1341 1599 1426 propbeta
1622 1365 1677 1404 nec
1700 1337 1830 1428 eaanpe'·

179 1448 253 1512 licta
284 1471 340 1510 nec
365 1461 480 1532 pastor
511 1471 566 1511 nec
597 1449 746 1534 maprster
778 1460 822 1510 est
852 1446 1072 1532 appellandae.
1128 1443 1320 1510 Cassabitur
1351 1445 1580 1510 nichilominus
1613 1444 1743 1510 tardum
1775 1468 1831 1510 ex-

132 1577 160 1615 ιο
178 1551 339 1637 pectendo
362 1550 539 1616 iudiciumb
567 1561 600 1616 et
629 1549 828 1616 istud-beati
850 1551 1017 1615 Euticiani
1048 1574 1133 1638 pape
1156 1551 1362 1616 decretumssz
1395 1551 1529 1638 Siquis
1553 1553 1676 1617 dederit
1702 1555 1752 1618 ael
1779 1580 1830 1618 ac-

178 1662 296 1745 ceperit
325 1661 569 1724 commemioaem
601 1659 638 1724 de
668 1683 765 1723 mann
797 1659 928 1723 berea'ci
955 1672 983 1722 et
1013 1661 1119 1738 nescit,
1151 1658 1237 1743 qaod
1265 1660 1419 1723 catholica
1450 1660 1603 1723 aecclesia
1633 1659 1830 1740 contradicit,

171 1779 284 1850 postea
315 1766 493 1851 intellipens
515 1789 632 1828 annam
663 1767 817 1852 intepram
833 1767 991 1850 peniteat.
1039 1762 1081 1828 Si
1101 1779 1202 1828 anam
1225 1767 1285 1830 scit
1307 1780 1335 1829 et
1357 1766 1528 1853 neplenerit
1550 1779 1578 1829 et
1600 1780 1712 1852 postea
1736 1768 1830 1852 peni·

178 1874 304 1936 tentiam
328 1875 438 1959 aperit,
469 1871 506 1934 X
525 1874 619 1935 arnan
641 1873 792 1956 peniteat.
841 1869 975 1954 Siquis
995 1873 1183 1956 permiserit
1205 1872 1372 1936 hereticam
1403 1873 1532 1935 arissam
1562 1895 1651 1935 snam
1676 1873 1832 1937 celebrare

180 1980 214 2042 in
232 1979 385 2042 aecclesia
405 1977 559 2042 catbolica
582 1992 612 2041 et
632 1979 738 2056 nescit,
763 1975 826 2039 XL
844 1976 912 2040 dies
927 1979 1080 2062 peniteat,
1103 1979 1136 2041 si
1149 2001 1215 2063 pro
1239 1979 1411 2042 reverentia
1436 1979 1514 2057 aias,
1538 2002 1654 2042 annam
1678 1981 1831 2066 intepram

133 2107 159 2147 rs
176 2086 362 2169 μαι-116510,
391 2085 424 2148 si
444 2107 509 2169 pro
541 2083 764 2170 dampnatione
790 2083 960 2147 aecclesiae
984 2083 1165 2163 catholicae,
1196 2108 1235 2148 erc
1257 2083 1476 2148 consuetudine
1499 2082 1714 2148 Romanorum
1738 2088 1831 2170 proi-

179 2193 283 2254 ciatur
302 2191 341 2253 ab
358 2191 510 2254 aecclesia
533 2192 615 2254 sicat
636 2191 799 2269 beren'cas,
823 2191 892 2253 nesi
912 2189 1023 2254 babeat
1038 2192 1265 2275 penitentiam,
1287 2193 1320 2254 si
1341 2190 1494 2268 babuerit,
1518 2187 1555 2252 X
1570 2193 1664 2254 annis
1680 2193 1830 2276 peniteat.

179 2295 223 2358 Et
246 2305 319 2381 post
343 2316 465 2380 pauca:
497 2295 538 2360 Si
559 2297 724 2382 episcopas
747 2309 802 2358 cat
824 2296 921 2359 abbas
952 2297 1035 2359 iubet
1061 2297 1211 2360 monacho
1234 2320 1291 2360 sao
1308 2319 1372 2382 pro
1397 2296 1541 2360 hereticis
1565 2298 1696 2360 mortale
1719 2299 1833 2360 missas

172 2403 299 2488 facere,
329 2425 390 2466 aon
423 2403 494 2466 licet
521 2415 549 2464 et
578 2425 640 2465 aon
662 2400 790 2487 expedit
817 2401 942 2466 obedire
966 2404 1021 2480 ets,
1053 2426 1159 2466 verum
1184 2401 1395 2466 dissimulatis
1418 2403 1591 2488 paulisper
1621 2403 1681 2481 bes,
1712 2405 1771 2487 qai
1798 2405 1833 2467 in

180 2510 359 2573 auctoribus
382 2509 432 2572 eet
454 2509 673 2572 tractatoribus
695 2509 1006 2593 samaa-scripturae
1029 2509 1139 2572 nolunt
1159 2511 1300 2595 recepere
1322 2511 1391 2573 nisi
1411 2508 1498 2593 qnod
1519 2509 1667 2572 lanariae
1683 2510 1832 2596 fomitem

132 2640 161 2678 so
182 2615 305 2680 vident-r
336 2616 586 2693 ammirnstrare,
622 2638 748 2678 rursum
779 2628 914 2699 propter
947 2615 1160 2699 simpliciores
1187 2616 1315 2702 fratres
1350 2615 1424 2678 libet
1458 2638 1713 2694 commemorare,
1749 2614 1835 2700 qaod

181 2721 346 2786 debeamm
369 2745 434 2806 pro
458 2720 601 2785 hereticis
625 2733 811 2806 computare.
859 2719 980 2782 Beatus
1004 2717 1206 2804 Augustinus
1229 2719 1264 2782 in
1288 2719 1370 2783 libro
1394 2718 1521 2783 XVIII.
1546 2719 1587 2782 de
1612 2720 1744 2784 civitate
1768 2720 1833 2784 Dei

180 2828 227 2890 sic
252 2825 442 2890 diffinivitt:
471 2825 536 2904 Qut
557 2829 591 2890 in
614 2827 766 2890 aecclesia
790 2825 857 2890 Dei
876 2824 1076 2890 morbidam‘l
1103 2827 1234 2912 aliquid
1247 2851 1448 2913 martemque
1471 2829 1610 2912 sapiant,
1634 2828 1667 2890 si
1687 2829 1833 2912 correpti,

181 2948 215 2998 at
236 2958 346 2998 sanam
370 2947 545 3018 rectamque
568 2935 707 3019 sapiant,
730 2934 879 2996 resistunt
894 2934 1114 2996 contumaciter
1136 2957 1255 3017 setaque
1271 2934 1434 3020 pestifera
1453 2947 1481 2996 et
1499 2933 1669 3020 mortifera
1687 2932 1832 3021 dopmcta

180 3040 344 3104 ensendare
360 3040 485 3131 ueniant,
508 3039 566 3103 sed
587 3039 755 3127 defensare
772 3040 958 3123 persistant,
982 3039 1113 3103 heretici
1125 3040 1219 3125 flunt.
1260 3037 1380 3124 Liquet
1403 3060 1481 3124 ergo
1505 3039 1724 3102 contentiosos
1748 3038 1833 3102 sacri

132 3169 162 3210 ss
181 3145 351 3209 ministerii
370 3146 642 3209 contaminatores
666 3143 826 3208 hereticos
850 3165 921 3207 esse
946 3154 979 3207 et
1002 3143 1182 3208 secundum
1206 3144 1387 3230 apostolum
1406 3142 1557 3208 vitandos
1582 3166 1664 3208 csse.
1704 3143 1739 3208 Si
1760 3145 1832 3230 quis

181 3263 290 3315 autem
313 3251 381 3315 vult
405 3273 460 3315 eos
485 3249 672 3330 defendere,
705 3249 817 3313 audiat
844 3272 941 3335 super
964 3249 1026 3314 hoc
1050 3251 1244 3314 sententiam
1267 3249 1405 3315 Eusebii
1428 3255 1552 3337 pape5:
1588 3250 1654 3329 Qui
1674 3253 1774 3316 aliam
1799 3254 1840 3315 in

181 3360 274 3444 cubae
300 3357 371 3422 ‘saa
404 3357 576 3446 defendere
608 3358 658 3422 ael
688 3381 837 3421 wetmare
868 3359 990 3437 aititur,
1023 3361 1311 3422 accommanicetar.
1367 3357 1403 3421 Si
1438 3357 1493 3443 qui
1530 3379 1606 3443 ergo
1642 3357 1832 3442 pestiferam
1852 3375 1923 3414 ’ett-

181 3465 386 3528 securitatem
406 3473 628 3549 conceperunt
651 3461 883 3548 extemporali
906 3461 1158 3549 lenitateprimi
1174 3461 1312 3544 Nicolai,
1336 3460 1452 3527 bibant
1476 3462 1626 3526 salutaris
1651 3462 1832 3526 antidotum

181 3569 361 3634 formidinis
392 3593 434 3634 ex
465 3569 602 3634 eternali
633 3569 808 3633 severitate
839 3568 936 3654 primi
968 3567 1129 3654 Gregorii.
1175 3567 1274 3654 Isque
1307 3590 1447 3654 namque
1481 3567 1628 3632 scribens
1662 3567 1704 3632 ad
1736 3591 1831 3654 reges

134 3701 162 3740 so
180 3676 381 3740 Francorum
416 3676 457 3741 de
491 3675 678 3740 huiusmodi
714 3672 938 3738 sacerdotibus
974 3697 1136 3738 canonum
1172 3672 1448 3760 contemptoribus
1484 3673 1626 3760 capitulo
1656 3673 1830 3737 LXXXV.

181 3787 325 3862 testetur,
358 3781 446 3869 quod
475 3805 612 3868 regnum
635 3804 678 3845 ex
702 3780 799 3867 culpa
828 3779 941 3844 talium
972 3780 1178 3845 sacerdotum
1207 3791 1431 3866 pregravatur,
1463 3791 1496 3844 et
1525 3791 1599 3867 post
1626 3802 1733 3867 pauca
1757 3779 1831 3844 sub·

181 3889 322 3973 iungit⁶z
347 3889 457 3954 Maior
476 3887 639 3953 metuenda
662 3889 797 3952 estillic
821 3888 898 3952 locis
916 3888 1118 3968 calamims0,
1141 3889 1200 3953 abi
1220 3888 1297 3952 mles
1320 3891 1537 3953 intercessores
1559 3887 1605 3951 ad
1627 3888 1727 3952 locam
1750 3889 1831 3975 repi-

181 3999 277 4060 minis
300 3996 511 4075 adducantur,
542 3997 602 4080 qai
622 3994 689 4058 Dei
715 3997 750 4058 in
780 4019 812 4059 se
842 3997 944 4081 mapis
974 3995 1177 4059 iracundiam
1201 3992 1412 4080 provocans,
1442 4019 1536 4080 qaam
1560 4018 1624 4080 per
1653 3996 1833 4079 semetipsos

179 4103 309 4188 populis
331 4103 468 4188 placare
492 4101 669 4166 debuerant.
716 4099 809 4163 Idem
832 4097 1031 4185 presbiteris,
1056 4098 1258 4182 diaconibus,
1287 4098 1451 4164 nobilibus
1475 4110 1508 4163 et
1531 4099 1651 4186 populo
1674 4099 1792 4163 Indara
1805 4102 1831 4162 ⁷:

133 4231 161 4272 se
183 4209 329 4273 Pervenit
351 4209 396 4273 ad
418 4233 465 4272 me
489 4208 642 4293 quosdam
673 4222 844 4271 aesaoram
874 4209 1055 4293 ipocrantia
1086 4208 1137 4271 ael
1157 4210 1336 4272 necessitate
1360 4207 1500 4292 deceptos
1523 4207 1583 4286 bis,
1615 4209 1675 4292 qui
1694 4209 1733 4270 ab
1757 4230 1832 4292 apo·

182 4315 292 4379 stolica
314 4315 386 4379 sede
410 4316 515 4400 calpa,
539 4317 621 4378 sicat
641 4315 750 4392 nostis,
774 4315 911 4399 equente
931 4315 1144 4378 communione
1160 4315 1291 4399 privati
1311 4327 1382 4376 suat
1402 4315 1655 4392 comrnnnicasse,
1681 4313 1833 4398 quosdam

183 4445 254 4484 aero
285 4422 411 4486 salubri
441 4421 627 4485 discretione
652 4433 832 4507 protepeate
860 4418 999 4483 Domino
1032 4419 1240 4505 suspendisse.
1294 4419 1339 4483 Et
1370 4433 1519 4504 qnantum
1553 4418 1591 4483 de
1623 4419 1834 4483 conserentibus

180 4527 313 4613 pendeo,
343 4541 461 4591 tanturn
485 4527 523 4591 de
547 4527 773 4591 deviantibusg
800 4527 978 4613 inpemisco,
1010 4527 1159 4611 paeoniam
1188 4550 1299 4590 sacrae
1329 4527 1555 4590 communionis
1585 4527 1743 4605 misteria,
1775 4548 1834 4610 que

183 4633 230 4696 ad
250 4635 473 4698 absolutionem
502 4635 592 4698 nobis
622 4632 735 4696 divina
758 4634 877 4717 pietate
908 4655 1051 4696 concessa
1080 4646 1161 4712 sura,
1192 4634 1227 4696 ia
1258 4631 1439 4714 detrimento
1477 4633 1602 4696 animae
1632 4656 1707 4696 strae
1730 4620 1832 4718 mapis

135 4761 166 4800 to
183 4723 371 4825 receperant.
418 4739 462 4804 Et
484 4741 571 4824 qaia,
599 4741 682 4802 sicat
703 4739 790 4803 vobis
813 4737 901 4802 Dens
928 4739 1121 4823 maninotens
1144 4740 1323 4818 innotescat,
1347 4739 1537 4803 aebentartter
1565 4739 1696 4802 caritati
1716 4751 1835 4802 vestrae

290 4934 317 4997 a)
345 4953 457 4989 suorum
481 4937 542 4988 add.
569 4936 639 4997 Sala,
664 4937 731 5003 prod
754 4954 805 4987 aaa
830 4936 858 4986 in
880 4936 934 4986 cod.
1025 4931 1052 4998 b)
1079 4936 1191 5002 sequitur
1208 4937 1313 4988 iterum:
1339 4943 1366 4988 et
1392 4938 1525 4988 iudicium
1549 4954 1570 4987 c.
1658 4933 1684 4994 c)
1712 4929 1790 5002 penit
1814 4953 1834 4985 c.

185 5023 214 5088 d)
235 5027 385 5077 morbibnm
403 5043 424 5076 c.
498 5023 524 5088 a)
545 5026 603 5076 iore
623 5023 765 5076 calamitas
786 5024 860 5090 arsy.
931 5021 953 5084 f)
975 5031 1126 5090 provocent
1146 5024 1220 5090 Οτι).
1293 5022 1321 5091 g)
1343 5026 1378 5077 ds
1398 5026 1538 5077 viantibus
1556 5042 1576 5076 c.

295 5208 322 5275 1)
348 5205 499 5264 Commeat.
529 5205 558 5262 in
582 5206 660 5281 epist.
685 5207 727 5262 ad
749 5205 854 5280 pres.
879 5204 919 5275 II,
944 5225 967 5262 c.
992 5204 1021 5274 4,
1055 5205 1128 5280 opp.
1154 5214 1172 5262 t.
1200 5205 1263 5276 VII,
1289 5207 1338 5263 col.
1357 5206 1431 5262 615.
1561 5205 1592 5274 2)
1624 5204 1666 5261 15.
1691 5206 1741 5261 col.
1760 5203 1833 5259 616.

190 5312 220 5382 3)
245 5312 278 5370 In
302 5313 422 5389 maniis
450 5311 556 5388 spuriis
586 5311 667 5368 baias
691 5330 791 5386 papae
820 5331 877 5368 aon
907 5311 1016 5388 lepitar,
1048 5311 1135 5369 eidem
1158 5311 1329 5368 adtribuimr
1351 5331 1399 5386 ap.
1427 5310 1511 5370 Grat.
1539 5309 1569 5368 O.
1596 5310 1710 5378 XXIV,
1735 5330 1781 5386 qa.
1806 5311 1833 5379 1,

143 5439 211 5479 sec.
236 5419 294 5487 41,·
326 5417 357 5477 0.
382 5418 440 5486 XI,
464 5438 510 5494 qa.
532 5418 561 5488 3,
587 5438 609 5474 c.
632 5417 682 5474 91.
715 5447 759 5457 -
787 5416 875 5490 Jaffe'
898 5417 968 5473 148.
1084 5416 1115 5487 4)
1140 5417 1186 5474 De
1210 5417 1281 5475 cinit.
1307 5418 1364 5474 Dei
1386 5420 1403 5473 t.
1430 5416 1551 5486 XVIII,
1584 5436 1607 5473 c.
1629 5417 1681 5486 51,
1711 5417 1763 5480 §1
1792 5418 1834 5473 ed.

190 5525 293 5582 Bened.
317 5524 380 5594 VII,
406 5527 456 5582 col.
475 5524 537 5580 533
553 5522 584 5582 U.
699 5522 730 5592 5)
755 5522 790 5579 In
813 5523 934 5598 epistolis
951 5523 1185 5582 Pseudo-Isidori
1206 5495 1267 5580 riori
1286 5523 1482 5593 inaminatum
1506 5523 1546 5594 cs.
1568 5521 1692 5579 Sdralelc
1708 5542 1742 5597 p.
1763 5521 1834 5592 159,

190 5649 217 5686 n.
237 5631 263 5687 1.
389 5631 420 5701 b)
446 5631 539 5707 Epist.
553 5629 607 5700 IX,
636 5628 710 5699 215,
745 5628 812 5685 ΕΕ.
834 5629 874 5699 ΙΙ,
893 5649 927 5705 p.
946 5628 1029 5698 202,-
1062 5630 1150 5704 Jaffe'
1171 5630 1265 5686 1744.
1391 5628 1422 5699 t)
1448 5629 1540 5704 Epist.
1564 5628 1612 5698 VI,
1634 5628 1685 5698 18,
1718 5627 1834 5697 ΕΕ.Ι,

185 5755 217 5810 p.
234 5736 312 5805 421,·
334 5737 421 5811 Jafft'
443 5735 536 5793 1428.

259 5857 357 5908 Libeili
376 5859 409 5909 de
430 5857 485 5908 lite.
517 5858 571 5908 111.
1244 5895 1246 5900 .
1608 5858 1623 5908 2
