4478 6396
447 367 511 428 246
739 372 919 428 GERHOHI
941 371 1176 428 PRAEPOSITI
1198 371 1608 430 REICHERSBEBGENSIS
1631 373 1797 428 LIBELLI.

446 560 533 625 hunc
556 561 739 625 Romanum
762 560 949 646 pontificem
972 559 1050 626 talia
1074 559 1237 624 dicentem
1261 559 1392 646 spiritus
1416 559 1563 623 veritatis
1593 561 1702 644 arguit
1723 560 1881 625 mundum
1905 561 1946 625 de
1971 559 2108 642 iudicio,

446 669 599 732 nimirum
623 666 809 750 ostendeus,
834 667 922 754 quod
945 667 1098 754 princeps
1122 666 1236 730 mundi
1259 666 1354 731 huius
1377 666 1443 730 iam
1466 665 1629 731 iudicatus
1653 676 1712 748 est,
1742 689 1808 731 non
1838 667 1943 732 solum
1967 669 2002 730 in
2025 666 2109 752 ipsis

446 773 608 838 heresium
639 773 866 838 damnatarum
898 771 1097 855 auctoribus,
1129 773 1188 838 sed
1218 783 1251 837 et
1280 774 1315 838 in
1338 771 1488 838 omnibus
1512 795 1624 838 eorum
1648 772 1874 856 sectatoribus,
1906 774 2108 838 successori-

445 878 518 961 bus,
542 879 898 946 communicatoribus?
944 880 1018 944 Hoc
1048 881 1207 968 principis
1237 880 1333 944 huius
1362 879 1475 944 mundi
1504 879 1662 944 iudicium
1686 881 1751 944 iam
1774 879 1895 946 factum
1920 880 2006 945 bene
2032 903 2108 966 pro·

446 989 556 1074 spexit
579 987 726 1052 Romana
750 986 930 1073 diligentia,
962 987 1083 1052 doeens
1107 987 1324 1053 conductitios
1348 985 1484 1050 clericos
1514 987 1548 1050 in
1578 986 1674 1050 nullis
1705 987 1874 1052 aecclesiis
1904 986 2140 1070 tolerandos,s

446 1103 559 1180 utpote
583 1093 617 1156 in
641 1094 740 1180 impio
757 1093 893 1158 Balaam
909 1095 1013 1180 primo
1039 1094 1237 1159 conductitio
1254 1092 1434 1176 damnatos,
1459 1102 1492 1156 et
1516 1091 1575 1156 sub
1594 1092 1739 1158 eiusdem
1755 1093 1892 1158 Balaam
1909 1093 2109 1159 detestando

448 1202 578 1265 nomine
609 1200 643 1264 in
666 1199 858 1288 Apocalipsi
881 1200 1036 1265 Iohannis
1067 1201 1205 1289 apostoli
1234 1211 1266 1266 et
1295 1202 1330 1264 in
1359 1199 1527 1286 epistolis⁸
1549 1199 1640 1264 Petri
1670 1200 1819 1286 apostoli,
1849 1223 1889 1266 ac
1912 1201 1995 1266 Inde
2026 1223 2109 1288 apo-

358 1330 428 1374 ·r.ss.
447 1307 542 1372 stolib
572 1317 715 1390 notatos,
746 1308 844 1371 immo
877 1317 908 1372 et
938 1309 972 1371 in
1004 1307 1146 1394 Symone
1176 1330 1273 1394 mago
1304 1305 1490 1371 multotiens
1520 1305 1821 1371 anathematizatos.
1872 1307 1981 1373 Istos*
2013 1313 2108 1372 'con-

447 1414 605 1480 ducticios
636 1424 804 1500 tamquam
834 1414 917 1479 filios
948 1415 1064 1480 ancille
1095 1424 1199 1480 mater
1222 1413 1327 1479 libera
1349 1413 1546 1500 quandoque
1573 1412 1742 1478 iudicabat
1764 1413 1877 1478 dicens
1900 1415 1974 1480 Deo
1999 1416 2107 1501 patri:

285 1521 525 1594 csn.u‚1o.Eice
549 1523 701 1586 ancillam
725 1535 753 1586 et
763 1523 874 1609 filium
898 1525 975 1602 eius,
999 1522 1097 1586 immo
1122 1532 1154 1586 et
1176 1521 1286 1608 plures
1309 1519 1393 1584 filios
1410 1517 1676 1602 concubinarum,
1694 1518 1812 1607 quibus
1829 1521 1890 1586 etsi
1906 1544 1948 1585 ex
1965 1532 2109 1608 paterna
2128 1547 2153 1586 ro

315 1651 427 1700 mas.
446 1627 512 1692 Dei
535 1627 694 1714 patientia
718 1629 923 1714 proveniunt,
947 1651 1083 1692 munera
1107 1639 1140 1693 et
1161 1628 1253 1692 lucra
1275 1627 1387 1709 multa,
1408 1626 1485 1691 dum
1510 1637 1543 1691 et
1566 1649 1680 1713 agrurn
1697 1651 1776 1714 agro
1793 1638 1827 1692 et
1842 1628 1952 1693 domui
1970 1628 2107 1693 domum

446 1734 647 1819 coniungunt
674 1734 717 1799 ad
739 1734 955 1800 hereditatem
986 1734 1063 1799 solis
1093 1735 1167 1799 filiis
1198 1732 1300 1799 libere
1331 1735 1442 1798 matris
1472 1735 1665 1820 promissam
1695 1756 1761 1799 non
1791 1733 1988 1800 admittent?
2036 1735 2106 1802 Sed

319 1865 427 1906 uasa.
448 1841 607 1906 eicientur
629 1841 716 1905 foras
740 1865 760 1906 a
783 1841 922 1906 filiorum
952 1840 1111 1907 nobilium
1142 1842 1314 1924 consortio,
1346 1842 1415 1906 sive
1445 1841 1509 1929 ipsi
1540 1841 1755 1906 conductores
1785 1843 1954 1907 imitentur
1976 1843 2105 1907 Balach

447 1971 558 2034 regem
579 1949 648 2012 sive
665 1948 819 2014 conducti
842 1949 1009 2012 imitentur
1024 1948 1159 2013 Balaam
1176 1948 1322 2030 ariolum,
1340 1949 1396 2034 qui
1413 1946 1599 2012 mercedem
1614 1948 1795 2034 iniquitatis
1811 1951 1943 2014 amavit.
1979 1947 2105 2014 Contra

447 2077 585 2141 quorum
608 2055 828 2141 insipientiam
852 2055 929 2141 quia
952 2057 1030 2120 satis
1054 2055 1197 2142 loquitur
1219 2057 1312 2120 asina
1334 2055 1470 2141 cupiens
1495 2077 1612 2120 cavere
1628 2054 1783 2140 gladium,
1801 2077 1897 2143 quem
1915 2054 2034 2120 talibus
2055 2058 2103 2120 in-
2123 2080 2148 2120 rs

447 2162 564 2226 tentari
588 2161 687 2244 videt,
714 2184 773 2225 nos
798 2161 984 2226 huiusmodi
1006 2162 1193 2227 Balachitas
1217 2173 1250 2227 et
1272 2161 1471 2226 Balaamitas
1496 2162 1590 2248 quasi
1613 2161 1725 2248 paleas
1756 2162 1865 2227 aridas
1895 2173 2008 2228 eterno
2031 2164 2102 2250 igni

448 2267 626 2332 servandas
649 2269 684 2332 in
706 2279 831 2354 partem
856 2280 1107 2356 sequestremus,
1139 2269 1200 2334 hoe
1225 2268 1293 2334 solo
1317 2269 1471 2351 contenti,
1494 2277 1531 2333 ut
1554 2267 1596 2334 ab
1620 2270 1667 2333 eis
1691 2279 1802 2355 utpote
1826 2269 2009 2335 inordinate
2033 2293 2101 2334 am-

447 2373 634 2438 bulantibus
665 2374 865 2439 declinemus
896 2398 957 2440 nec
989 2376 1030 2441 dc
1061 2376 1272 2440 sacramentis
1302 2399 1362 2462 per
1392 2399 1447 2440 eos
1478 2373 1651 2440 celebratis
1681 2377 1857 2463 quicquam
1887 2376 2101 2464 disputemus,

448 2482 601 2567 quoniam
625 2503 724 2568 supra
747 2483 832 2546 inter
849 2505 969 2569 pravos
993 2493 1026 2546 et
1048 2482 1238 2547 interdictos
1262 2482 1440 2547 catholicos
1464 2505 1520 2547 eos
1544 2483 1725 2569 computari
1748 2505 1844 2570 posse
1868 2486 2100 2568 concessimus,

448 2588 597 2674 exceptis
621 2611 733 2652 eorum
756 2589 867 2674 pravis
892 2599 925 2652 et
946 2587 1169 2675 pertinacibus
1193 2588 1430 2672 defensoribus,
1460 2612 1549 2654 nunc
1572 2589 1615 2654 ad
1637 2591 1725 2677 ipsos
1750 2589 1912 2655 calamum
1935 2603 2101 2656 vertamus
2119 2617 2146 2656 ao

448 2716 529 2780 quos
559 2693 722 2759 hereticos
753 2717 825 2758 esse
855 2717 920 2759 non
951 2693 1147 2778 dubitamus,
1177 2718 1324 2783 quosque
1352 2705 1441 2761 recte
1465 2696 1671 2782 symoniacos
1695 2696 1856 2762 hereticos
1878 2698 2100 2762 nominamus:

448 2801 576 2865 etiamsi
606 2801 705 2865 semel
737 2800 938 2884 damnatam,
974 2803 1072 2867 immo
1107 2802 1293 2867 multotiens
1327 2804 1488 2890 precisam
1522 2825 1589 2868 non
1618 2802 1796 2870 defendant
1828 2805 2101 2890 negociationem,

306 2933 428 2980 sasas.
449 2907 610 2993 quomodo
635 2929 708 2971 earn
725 2906 849 2994 Symon
864 2930 980 2994 magus
1004 2932 1069 2974 non
1086 2908 1241 2992 defendit,
1266 2911 1332 2996 qui,
1356 2910 1433 2974 licet
1456 2919 1543 2974 essct
1565 2911 1600 2974 in
1623 2909 1697 2976 folle
1721 2909 1946 2976 amaritudinis
1971 2922 2004 2976 et
2023 2909 2102 2976 obli-

356 3039 429 3080 tust.
448 3015 578 3099 gatione
603 3015 794 3100 iniquitatis,
819 3024 928 3078 tamen
945 3015 1029 3080 dixit
1047 3016 1219 3103 apostolis:
1244 3017 1430 3082 Precomioi
1450 3043 1504 3082 voa
1520 3042 1585 3104 pro
1608 3043 1656 3083 me
1679 3017 1725 3084 ad
1739 3018 1922 3100 Dominum,
1947 3033 1980 3084 ut
2001 3020 2105 3084 nichil

450 3111 555 3188 ueniat
576 3146 671 3208 super
693 3147 741 3187 ma
764 3123 875 3186 horum
898 3149 957 3209 que
981 3124 1119 3188 desistis.
1156 3123 1362 3210 Quamquam
1387 3145 1465 3208 ergo
1490 3122 1532 3187 ad
1554 3123 1712 3190 iudicium
1736 3125 1801 3188 sint
1816 3124 1957 3190 vocandi
1980 3126 2038 3212 qui
2061 3125 2102 3190 de
2120 3150 2146 3190 ss

449 3228 599 3314 symonia
613 3227 744 3314 pulsati,
768 3250 875 3315 neque
893 3232 1079 3316 symoniace
1096 3231 1233 3295 actionis
1252 3253 1358 3316 neque
1376 3231 1585 3316 symoniacae
1601 3232 1762 3317 pactionis
1786 3231 1878 3318 lepra
1902 3242 1977 3296 sunt
2000 3233 2103 3296 mani-

353 3359 429 3400 ⁸sse.
449 3333 531 3398 feste
555 3333 717 3418 maculati,
741 3346 778 3399 ut
799 3334 943 3399 habeant
965 3336 1072 3417 locum
1096 3336 1295 3401 defensionis
1318 3338 1374 3424 qui
1398 3336 1504 3402 adhue
1530 3334 1671 3401 'habent
1693 3360 1808 3406 vocem
1830 3339 2031 3425 negationis,
2056 3338 2104 3402 illi

449 3451 558 3505 tamen
574 3441 685 3506 clerici
701 3441 898 3507 conducticii
915 3465 1091 3529 eorumque
1112 3443 1327 3508 conductores
1343 3453 1410 3508 tam
1426 3443 1590 3508 manifesti
1607 3455 1683 3508 sunt
1705 3446 1739 3510 in
1757 3445 1852 3510 domo
1868 3445 1934 3510 Dei
1949 3447 2102 3532 negocia·

448 3559 546 3631 tores,
562 3559 678 3613 utnon
695 3548 797 3613 solum
814 3550 910 3632 actio,
928 3549 986 3614 sed
1011 3551 1107 3614 etiam
1132 3551 1241 3636 pactio
1265 3552 1455 3636 symoniaca
1478 3551 1524 3614 ita
1547 3551 1645 3615 sitin
1668 3550 1718 3615 his
1741 3533 1924 3634 manifesta,
1941 3563 2103 3639 quatenus

450 3679 508 3740 pro
532 3667 620 3720 certo
645 3653 766 3720 debeat
788 3667 948 3738 constare,
973 3656 1044 3721 illos
1068 3657 1259 3721 iamdudum
1282 3681 1356 3722 curn
1374 3657 1516 3744 Symone
1541 3659 1631 3721 etin
1654 3656 1797 3744 Symone
1818 3681 1914 3744 mago
1932 3659 2103 3724 damnatos
2121 3684 2147 3724 so

450 3763 554 3844 esseb,
578 3785 685 3848 neque
710 3773 829 3827 sortem
853 3762 952 3826 ullam
975 3765 1022 3827 eis
1045 3765 1080 3827 in
1104 3763 1293 3829 sacerdocio
1310 3763 1431 3829 Christi
1448 3786 1529 3846 esse,
1547 3764 1676 3829 dicente
1693 3764 1736 3829 ad
1752 3764 1929 3854 Symonem
1949 3777 2102 3852 magum⁰

308 3895 430 3946 issaar,
451 3867 594 3956 Symone
610 3868 725 3933 Petro:
750 3869 824 3933 Non
841 3885 885 3934 eat
907 3872 1069 3957 tibipara,
1092 3896 1189 3956 neque
1205 3895 1274 3936 sors
1290 3875 1323 3936 io
1339 3897 1478 3937 sermone
1495 3875 1565 3953 sisto,
1581 3897 1635 3936 cor
1651 3875 1734 3937 enim
1750 3887 1835 3938 tuum
1851 3897 1913 3938 acu
1928 3889 1973 3938 est
1987 3889 2104 3939 rechem

451 4001 555 4041 coram
573 3977 650 4041 Deo.
687 3975 809 4041 Similis
833 3977 919 4040 enim
936 3999 1036 4040 causa
1058 3976 1156 4040 simili
1179 3977 1327 4042 subiacet
1350 3978 1521 4042 sententie.
1556 3977 1713 4064 Nunquid
1728 3979 1816 4044 enim
1831 3979 1948 4044 Petrus
1971 4002 2104 4065 magum

451 4082 540 4147 illum
570 4082 728 4147 damnans
758 4105 823 4146 non
854 4083 992 4147 eandem
1023 4106 1156 4148 causam
1186 4086 1358 4170 expressit,
1387 4107 1484 4171 quarn
1507 4108 1594 4148 nunc
1617 4086 1702 4148 inter
1725 4085 1947 4152 conducticios
1971 4097 2004 4152 et
2028 4109 2103 4152 con-

451 4189 602 4254 ductores
633 4211 704 4252 asse
735 4211 830 4253 nemo
855 4199 905 4253 est
934 4192 989 4276 qui
1017 4212 1138 4276 negare
1167 4191 1295 4278 possit?
1346 4191 1409 4256 Cor
1438 4195 1531 4272 enim,
1562 4192 1676 4277 inquit,
1708 4207 1792 4256 tuum
1823 4217 1884 4260 aon
1914 4208 1958 4258 est
1987 4209 2104 4258 rectam
2123 4219 2147 4258 ss

451 4321 556 4360 eoram
580 4296 657 4361 Deo.
706 4295 761 4360 Sic
785 4305 818 4360 et
841 4319 928 4361 nunc
952 4298 979 4360 si
1002 4306 1141 4383 querant
1164 4296 1360 4362 conducticii
1387 4319 1488 4383 quare
1512 4319 1531 4362 a
1554 4297 1644 4362 Petri
1667 4299 1792 4364 vicario
1823 4299 1888 4366 sint
1917 4301 2103 4387 proscripti,

451 4401 574 4465 dictum
598 4401 661 4466 sibi
683 4403 858 4488 reputentd
875 4403 963 4489 quod
980 4403 1116 4490 Symoni
1132 4426 1228 4488 mago
1245 4403 1367 4468 dictum
1384 4416 1448 4468 est:
1475 4403 1552 4468 ‘Cor
1567 4405 1653 4469 enim
1669 4415 1815 4470 vestrum
1830 4427 1895 4472 non
1911 4417 1962 4470 est
1977 4418 2105 4472 rectum

451 4530 560 4572 coram
576 4508 672 4573 Deo’.
707 4509 826 4597 Inquo
850 4522 988 4575 nonest
1010 4511 1161 4576 rectum?
1196 4511 1370 4594 Videlicet,
1387 4511 1465 4597 quia
1481 4510 1603 4575 donum
1618 4511 1684 4575 Dei
1708 4512 1919 4578 existimastis
1943 4513 2106 4599 peccunia

451 4615 622 4700 possideri.

325 4747 431 4795 roasa
556 4719 668 4804 Libet,
704 4721 835 4787 admota
870 4725 1104 4810 scripturarum
1138 4725 1272 4790 lucerna
1300 4727 1448 4813 propius,
1481 4724 1722 4790 demonstrante
1757 4727 1829 4812 ipso
1863 4726 1985 4794 lumine
2017 4727 2106 4814 quod
2122 4753 2150 4792 ro

451 4827 611 4892 illuminat
634 4851 763 4893 omnem
786 4829 960 4912 hominem,
991 4831 1120 4912 intueri,
1148 4853 1249 4917 quare
1273 4855 1331 4918 pre
1355 4830 1504 4896 omnibus
1528 4832 1681 4898 hereticis
1706 4834 1814 4897 acrius
1837 4833 2007 4920 dampnati
2031 4844 2106 4900 sunt

451 4935 641 5021 symoniaci.
696 4935 783 5016 Quia
814 4959 888 5000 cum
918 4960 1029 5001 omnes
1059 4937 1266 5002 heresiarche
1301 4939 1496 5025 pravitatem
1527 4962 1619 5004 suam
1649 4940 1860 5026 pertinaciter
1890 4940 2104 5006 defendentes

450 5041 601 5127 legantur
628 5041 772 5105 damnati
784 5045 804 5124 ¹,
835 5044 869 5106 in
897 5043 1000 5107 solum
1025 5043 1203 5131 Symonem
1225 5067 1357 5130 magum
1381 5046 1479 5109 etiam
1509 5069 1569 5133 pro
1592 5047 1690 5110 venia
1713 5057 1883 5132 rogantem
1911 5046 2105 5135 deprompta

558 5202 585 5280 *)
612 5211 685 5266 Istos
707 5233 784 5281 mqroe
805 5216 840 5266 ad
862 5212 1022 5268 dubitamus
1039 5232 1165 5286 quosque
1185 5215 1274 5281 (1.21)
1291 5219 1341 5269 cles.
1362 5221 1386 5270 2.
1400 5221 1425 5282 3,
1444 5219 1488 5286 qai
1506 5219 1566 5270 haee
1582 5219 1688 5270 holme:
1707 5216 1794 5271 Tales
1818 5217 1892 5272 enim
1913 5217 2105 5273 conducticios

613 5335 766 5390 eorumque
791 5319 977 5374 conductores
999 5320 1046 5376 vel
1068 5321 1277 5392 prebendarum
1301 5339 1353 5376 seu
1375 5323 1577 5379 aecclesiarum
1599 5322 1728 5394 publicos
1749 5323 1915 5380 venditores
1939 5331 1969 5380 et
1993 5330 2104 5395 empto·
2123 5340 2151 5380 ss

613 5442 659 5478 res
683 5431 762 5480 recte
786 5437 830 5480 eta

559 5575 586 5640 a)
608 5579 727 5646 epistola
747 5583 771 5631 2.
791 5584 816 5632 3.
888 5577 917 5642 b)
938 5581 1004 5631 deest
1023 5584 1048 5632 2.
1067 5579 1092 5632 3.
1165 5581 1191 5645 c)
1213 5600 1247 5634 m.
1268 5584 1294 5634 S.
1313 5602 1361 5636 om.
1377 5587 1399 5636 1.
1473 5581 1501 5648 d)
1523 5591 1622 5652 putent
1641 5587 1666 5638 3.

563 5723 592 5796 l)
619 5724 668 5798 Cf.
694 5725 841 5784 Brunonis
865 5725 978 5802 Signini
1001 5726 1090 5802 epist,
1115 5727 1176 5784 Ia't.
1202 5728 1242 5800 II,
1261 5750 1295 5805 p.
1314 5729 1388 5787 563.
