4410 6406
445 301 509 364 266
736 306 916 363 GERHOHI
938 303 1172 362 PRAEPOSITI
1194 303 1605 362 REICHERSBERGENSIS
1628 305 1793 360 LIBELLI.

302 520 425 570 mma.
443 517 525 577 rum,
550 493 628 581 quis
650 493 684 557 in
707 491 848 558 ecclesis
869 513 935 557 non
952 491 1136 574 comedunt,
1159 511 1225 556 nou
1248 514 1304 557 eos
1327 492 1405 578 agni
1428 513 1554 574 carnes,
1580 491 1638 556 sed
1661 490 1812 556 dracoms
1836 489 2023 572 comedere,
2043 491 2099 576 qui

443 600 539 665 datus
563 600 670 664 estin
692 620 802 663 escam
821 597 950 685 populis
965 597 1152 684 Ethiopum.
1198 599 1267 664 Nos
1282 621 1361 663 vero
1386 597 1586 662 comedimus
1610 598 1716 662 azima
1738 599 1935 662 sinceritatis
1959 607 1995 661 et
2016 596 2100 660 veri·

443 708 529 772 tatis.
582 705 786 792 Augustinus
815 704 859 769 ad
888 704 1094 770 Bonifatium
1107 707 1133 768 ¹:
1166 705 1313 771 Heretici
1339 729 1401 770 non
1431 720 1564 792 querant
1593 703 1751 792 Spiritum
1780 719 1937 785 sanctam,
1968 705 2039 768 nesi
2066 705 2101 767 in

448 813 571 878 Christi
592 837 731 900 corpore,
762 815 853 877 cus‘ns
880 813 993 877 halem
1007 813 1101 900 foris
1123 825 1369 894 sacramentum
1398 812 1456 876 sed
1477 836 1543 877 rem
1567 815 1670 899 ipsm
1693 835 1755 876 non
1778 824 1878 876 tenent
1900 813 1986 875 intus
2010 812 2102 874 cuius

445 919 530 984 illud
558 934 603 984 εει
630 933 867 984 sacramentum.
914 915 1023 982 Idem:
1058 917 1124 996 Qui
1150 917 1264 1006 Ioseph
1294 933 1419 1000 emerat,
1450 919 1607 983 eunuchus
1627 919 1714 1006 fuit:
1745 921 1790 982 ita
1814 921 1843 982 is
1873 920 1933 1004 qui
1956 919 2132 1005 pratiams

443 1028 548 1091 sancti
569 1024 711 1112 Spiritus
740 1039 907 1106 mercatur,
938 1027 1042 1089 vivum
1072 1049 1175 1091 semen
1205 1049 1266 1089 non
1296 1026 1387 1090 hahet
1412 1027 1507 1090 siccis
1527 1026 1726 1113 penitalilms.
1776 1023 1831 1089 Sic
1861 1047 1983 1110 quoquc
2015 1025 2103 1110 ipnis

444 1133 611 1219 sacrificii,
635 1134 694 1218 qui
706 1156 770 1219 per
785 1131 887 1195 LXX
898 1156 997 1196 annos
1016 1131 1206 1197 Bahilonice
1228 1133 1423 1218 captivitatis
1444 1133 1501 1196 suh
1524 1155 1609 1217 aqua
1633 1134 1765 1211 viserat,
1789 1133 1941 1196 cutiacum
1963 1143 2011 1194 est
2030 1129 2102 1192 Aa·

445 1239 545 1303 tiocho
561 1237 675 1303 Iasoni
695 1238 842 1303 vendente
864 1238 1089 1303 sacerdocium.
1136 1238 1208 1303 Hoc
1230 1240 1391 1326 sipnistcat
1412 1241 1515 1325 iprum
1538 1240 1642 1302 sancti
1655 1235 1798 1324 Spiritus
1820 1239 2015 1324 symoniacis
2037 1259 2103 1300 non

446 1347 547 1410 lucere
570 1346 784 1410 sacramentis.
833 1343 993 1429 Origenes
1016 1343 1052 1407 in
1075 1344 1278 1430 expositione
1304 1365 1402 1430 super
1423 1343 1646 1408 Leviticum²z
1675 1343 1767 1408 Talis
1789 1346 1841 1408 air
1864 1345 2019 1428 queritur,
2043 1345 2106 1428 qui

445 1475 556 1516 carnes
578 1465 703 1516 sanctas
718 1453 824 1538 possit
847 1451 1015 1530 comedere,
1045 1475 1106 1515 non
1138 1453 1172 1516 in
1196 1475 1377 1536 quoeunque
1401 1452 1477 1532 loco,
1507 1451 1565 1516 sed
1594 1453 1628 1515 in
1652 1451 1846 1515 locosancto
1871 1453 1955 1514 intra
1979 1451 2102 1514 atrium
2122 1476 2146 1514 m

445 1559 648 1623 tabernaculi.
707 1557 853 1622 Audiam
887 1557 941 1622 hec
975 1559 1034 1642 qui
1061 1556 1211 1622 scindant
1243 1558 1404 1638 ecclesias,
1437 1572 1466 1621 et
1480 1559 1671 1644 pereprinas
1702 1582 1740 1621 ac
1762 1581 1888 1643 pravas
1917 1555 2103 1620 inducentes

445 1665 606 1730 doctrinas
624 1678 739 1751 patant
760 1688 792 1728 se
814 1688 925 1728 sacras
948 1687 1058 1728 carnes
1087 1677 1176 1728 esdra
1199 1665 1345 1750 templum
1369 1663 1436 1728 Dei
1464 1677 1492 1727 et
1520 1677 1608 1728 entra
1638 1664 1747 1727 aulam
1777 1663 1968 1727 dominicam
1995 1665 2102 1749 'posse

445 1771 602 1836 comedere
609 1795 620 1852 ,·
643 1771 793 1858 profana
822 1784 894 1834 sunt
922 1793 1028 1834 eoram
1058 1771 1232 1857 sacrificia,
1263 1793 1321 1854 que
1344 1784 1451 1834 contra
1474 1769 1622 1834 mandati
1642 1771 1738 1858 lepem
1758 1783 1917 1857 peruritur.
1965 1768 2008 1832 In
2032 1770 2101 1833 loco

443 1891 549 1942 sancto
573 1877 629 1941 edi
650 1878 803 1957 iubentur,
828 1879 912 1941 intra
936 1878 1022 1940 atria
1045 1877 1244 1942 taberrsaculi
1264 1877 1436 1941 testimonii
1455 1889 1535 1956 sunl,
1563 1900 1643 1961 quae
1658 1876 1747 1963 fidei
1765 1899 1875 1940 murres
1896 1877 2006 1957 amls't,
2029 1877 2104 1962 spei

445 1985 605 2048 columnae
628 1983 831 2070 suspendunt,
855 1985 999 2047 caritats‘s
1021 1983 1199 2068 amplitudo
1223 1982 1345 2048 dilatat.
1399 1982 1467 2047 Uli
1486 1982 1562 2048 haec
1585 2007 1645 2047 non
1668 1996 1741 2046 sunt
1761 2006 1872 2047 carnes
1893 1995 2021 2047 sanctae
2043 2006 2101 2046 nec
2119 2008 2144 2048 n

445 2091 558 2154 haberi
570 2104 706 2176 possunt
728 2114 782 2154 nec
805 2089 934 2154 comedi.

552 2195 587 2261 Si
611 2205 720 2259 autem
743 2193 872 2281 aliquae
896 2195 1105 2259 auctoritates
1128 2195 1338 2282 requiruntur
1361 2215 1380 2258 a
1404 2193 1482 2258 sede
1506 2193 1685 2280 apostolica
1707 2193 1930 2280 promulgatae
1954 2194 2100 2258 nostris*

444 2299 678 2366 assertionibus
702 2323 854 2384 consone,
878 2311 1030 2388 poterunt
1052 2301 1202 2366 sufficere
1226 2301 1435 2366 auctoritates
1455 2301 1613 2387 premisse
1637 2299 1678 2365 de
1702 2300 1831 2387 scriptis
1846 2301 1968 2366 Leonis
1984 2300 2099 2387 Magni

445 2420 478 2473 et
506 2431 612 2495 papae
643 2406 789 2473 Pascalis
820 2418 1006 2493 excerptae,
1035 2429 1172 2495 quorum
1203 2407 1285 2472 alter
1314 2408 1347 2471 in
1378 2407 1518 2472 ecclesia
1547 2405 1774 2472 Alexandrina
1802 2417 1937 2494 propter
1966 2430 2098 2472 excom-

444 2516 626 2579 municatos
654 2515 771 2578 asserit
797 2514 1011 2600 interceptam
1042 2513 1194 2578 sacrificii
1222 2511 1418 2578 oblationem
1442 2524 1475 2577 et
1498 2513 1658 2578 defecisse
1683 2515 1843 2578 crismatis
1867 2514 2098 2579 sanctificatio·
2116 2541 2141 2579 sc

444 2645 519 2685 nem
550 2631 584 2685 et
611 2643 705 2686 omne
736 2619 925 2685 caelestium
956 2629 1233 2684 sacramentorum
1260 2619 1370 2684 lumen
1401 2621 1612 2702 extinctum⁸,
1643 2620 1725 2684 alter
1754 2621 1789 2684 in
1812 2620 1950 2707 epistola
1972 2621 2097 2686 Medio,-

445 2725 633 2792 lsnensibus
657 2727 804 2791 directe⁴
831 2724 911 2790 illud
933 2724 1023 2790 beati
1044 2725 1221 2812 Augustini
1246 2724 1367 2790 dicmm
1392 2725 1598 2814 comprobat:
1624 2728 1700 2792 Veri
1719 2730 1879 2816 sacrificii
1899 2729 1986 2793 leem
2008 2743 2097 2794 extra

445 2835 631 2900 catholicam
666 2835 828 2900 ecclesiam
862 2858 924 2898 non
959 2837 1035 2898 esl⁵.
1093 2832 1220 2897 Horum
1256 2831 1393 2897 duorum
1422 2833 1641 2898 Romanorum
1675 2834 1864 2919 pontificum
1899 2832 1988 2898 dicta
2023 2857 2095 2899 cum

445 2941 594 3026 superius
617 2942 831 3026 posuerimus,
856 2938 971 3004 eadem
994 2939 1048 3004 hic
1071 2941 1190 3004 iterare
1215 2937 1423 3026 superfluum,
1448 2939 1506 3003 sed
1523 2961 1776 3004 commemorare
1793 2949 1986 3025 oportsmum
2002 2939 2096 3005 duxi-

444 3070 526 3110 mus.
550 3045 720 3117 ,Attamen
743 3047 771 3110 si
794 3047 867 3132 quis
891 3045 1000 3133 plures
1023 3046 1200 3132 apostolice
1225 3045 1311 3110 sedis
1335 3047 1472 3132 requirit
1495 3047 1714 3128 auctoritates,
1738 3045 1851 3110 audiat
1874 3069 1958 3133 quae
1982 3069 2095 3112 secun·
2114 3073 2138 3112 ss

445 3164 505 3218 tur.
544 3153 697 3239 Pelagius
721 3175 809 3239 papa
824 3152 972 3217 Victorib
989 3163 1022 3217 et
1036 3152 1210 3217 Pancratio
1234 3155 1280 3216 ait
1302 3154 1386 3217 inter
1402 3157 1548 3217 ceterass:
1573 3153 1648 3219 Non
1670 3168 1714 3218 est
1732 3152 1856 3218 Christi
1875 3178 1990 3240 corpus
2013 3155 2098 3240 qaod

444 3263 641 3326 scismaticis
664 3262 798 3348 conjicit,
827 3262 860 3324 si
881 3263 1009 3325 veritate
1032 3259 1109 3325 duce
1133 3260 1316 3348 diripimur,
1346 3285 1402 3324 nec
1431 3263 1514 3324 enim
1545 3260 1684 3324 diadum
1711 3259 1869 3324 Christum
1897 3285 1961 3326 esse
1977 3265 2098 3348 poterit

445 3371 612 3454 quisquam
635 3369 704 3432 sine
727 3367 865 3453 apostoli
885 3367 1102 3452 reprobatione
1125 3368 1308 3453 constrepere.
1361 3366 1473 3446 Unam,
1497 3381 1531 3430 ut
1551 3391 1623 3452 sepe
1647 3366 1764 3431 dictam
1787 3381 1841 3448 εει,
1869 3392 1949 3453 quae
1977 3367 2100 3433 Christi

285 3521 289 3526 -
341 3498 426 3540 mna.
446 3499 559 3561 corpus
582 3488 635 3555 est,
666 3497 730 3538 esse
754 3486 872 3537 constat
894 3473 1081 3552 ‘ecclesiam
1112 3495 1192 3557 quae
1216 3475 1250 3536 in
1274 3473 1335 3536 duo
1359 3473 1410 3537 vel
1431 3475 1466 3536 in
1482 3473 1584 3558 plura
1608 3473 1734 3538 *dividi
1753 3497 1816 3538 non
1831 3488 1943 3561 potest.
1991 3473 2097 3539 Simul

445 3585 527 3646 enim
552 3606 621 3646 cum
651 3581 691 3644 ab
714 3604 749 3644 eo
772 3582 937 3664 quisquam
964 3579 1151 3659 discesserit,
1176 3603 1239 3643 esse
1263 3579 1386 3644 desistit
1407 3581 1546 3644 ecclesia.
1598 3579 1700 3644 Unum
1721 3579 1926 3646 Hierusalem
1948 3584 2096 3669 templum
2114 3605 2139 3646 so

445 3702 499 3767 est,
526 3687 635 3775 ydolis
664 3710 784 3751 neccsse
814 3699 858 3750 εει
886 3699 920 3749 ut
949 3687 1096 3766 immolet,
1126 3688 1186 3771 qui
1206 3688 1404 3770 semetipsum
1435 3685 1588 3751 diviserit.
1635 3685 1728 3750 Idem
1751 3685 1890 3750 Iohanni
1913 3687 2094 3752 Patricio⁷z

444 3793 528 3858 Noli
548 3793 734 3858 catholicam
749 3815 871 3877 semper
886 3805 1013 3856 mentem
1038 3793 1149 3876 aliqua
1172 3794 1421 3856 scismaticorum
1437 3795 1650 3858 communione
1658 3795 1814 3880 polluere.
1855 3794 1956 3859 Unum
1976 3794 2099 3861 Christi

446 3925 569 3987 corpus,
593 3924 688 3963 unam
712 3912 830 3962 constat
858 3923 922 3962 esse
952 3899 1123 3962 ecclesiam.
1172 3897 1307 3962 Dienses
1336 3899 1375 3963 ah
1399 3901 1516 3963 unitate
1540 3902 1697 3965 ueritatem
1722 3904 1865 3988 corpors's
1892 3900 2016 3966 Christi
2035 3927 2096 3966 non

440 4021 543 4093 potest
564 4029 754 4071 consecrare.
803 4002 844 4068 Si
871 4007 953 4068 enim
984 4007 1087 4090 misius
1116 4007 1359 4070 consecrationis
1388 4029 1498 4070 nomen
1527 4007 1717 4072 rationabili
1743 4033 1781 4072 ac
1809 4011 1914 4073 vicaci
1941 4010 2097 4073 intellecta

447 4113 642 4192 discutimus,
666 4135 847 4175 consecrare
870 4125 915 4174 est
936 4112 1034 4174 ss'rnul
1054 4135 1191 4176 sacrare.
1239 4109 1305 4175 Sed
1333 4113 1372 4176 ab
1395 4112 1543 4177 ecclesiae
1566 4115 1738 4177 visceribus
1762 4113 1884 4178 divisus
1907 4129 1936 4179 ει
1957 4117 1996 4180 ab
2020 4141 2095 4202 apo·
2114 4137 2139 4178 ss

445 4219 566 4283 stolicis
595 4218 722 4282 sedibus
751 4219 916 4304 separatus
947 4217 1101 4281 dissecrat
1119 4221 1229 4304 potius
1260 4221 1327 4298 iste,
1358 4243 1418 4282 non
1449 4233 1615 4284 consecrat
1663 4219 1746 4283 Noli
1766 4245 1838 4308 erpo
1868 4224 1965 4306 quasi
1984 4223 2095 4287 nullae

445 4326 693 4389 seminaticornm
724 4337 780 4387 aut
808 4323 956 4388 ecclesiae
985 4326 1028 4388 sit
1056 4323 1249 4410 differentia,
1281 4325 1358 4389 uelle
1389 4325 1608 4412 indifferenter
1631 4340 1831 4412 utrorumque
1853 4329 2025 4415 sacrifieiis
2047 4353 2095 4393 so-

447 4433 539 4495 ciari.
588 4428 766 4515 Gregorius
796 4429 830 4491 in
860 4439 989 4514 regesto
998 4429 1058 4492 4⁸:
1090 4429 1159 4494 Nos
1189 4435 1447 4496 consecrationem
1480 4432 1585 4496 dicere
1614 4433 1793 4497 nullomodo
1817 4457 1988 4519 possumus
2017 4460 2096 4520 quae

446 4539 485 4602 ah
509 4539 784 4601 excommunicatis
806 4550 851 4600 εει
872 4537 1050 4601 hominihus
1073 4538 1237 4602 celebrata.
1283 4535 1376 4600 Idem
1398 4537 1433 4600 in
1456 4536 1634 4601 Moralibus
1664 4536 1747 4602 libro
1771 4538 1944 4602 XXXV⁹÷
1976 4540 2095 4606 Notan-

446 4644 518 4707 dum
543 4667 730 4730 mapnopere
753 4656 806 4722 εει,
837 4643 924 4727 quod
951 4645 1163 4707 conversionis
1192 4667 1267 4707 suae
1296 4645 1491 4730 sacrificium
1520 4647 1622 4708 amici
1641 4643 1697 4708 Iob
1721 4644 1860 4710 Domino
1890 4671 1952 4711 non
1970 4671 2031 4734 per
2053 4673 2095 4727 se,
2115 4671 2142 4710 so

315 4776 425 4826 rossan.
444 4751 502 4815 sed
517 4775 580 4836 per
595 4748 651 4813 Iob
676 4751 820 4812 iubentur
836 4750 957 4835 offerre.
995 4748 1053 4813 Ait
1071 4751 1208 4813 enim10:
1232 4748 1299 4814 ‘Ich
1315 4764 1416 4814 autem
1431 4775 1540 4814 seroces
1555 4775 1640 4815 meus
1656 4753 1832 4838 orchitpro
1848 4754 1954 4818 eolis:
1969 4755 2096 4841 faciem

552 4945 579 5011 a)
600 4965 626 4998 u.
647 4965 671 4997 a.
690 4948 718 4997 in
737 4948 862 4998 loacraso
882 4949 905 4997 1.
979 4946 1007 5010 b)
1029 4948 1135 4998 Victori
1155 4949 1179 4998 2.
1199 4950 1225 5000 3.
1298 4946 1324 5010 c)
1347 4947 1413 4999 nula
1433 4952 1456 5000 1.
1529 4946 1557 5011 d)
1579 4952 1694 5016 registro
1715 4953 1739 5000 2.
1759 4953 1783 5001 3.

555 5111 584 5182 1)
610 5111 702 5187 Epist.
719 5111 790 5167 185.
807 5112 849 5168 ad
862 5111 1047 5183 Bonisaciam
1071 5108 1160 5184 §50,
1186 5109 1259 5187 Opp.
1277 5111 1317 5183 ΙΙ,
1335 5113 1385 5170 col.
1404 5112 1465 5169 663
1480 5113 1514 5169 Α.
1586 5112 1617 5183 2)
1634 5114 1739 5170 Hamil.
1756 5113 1810 5172 IV.
1830 5135 1916 5191 saper
1932 5115 2095 5188 Leviticum,

446 5217 519 5295 Opp.
545 5215 629 5294 (Bas.
650 5213 746 5293 1536)
771 5216 795 5288 I,
814 5237 848 5293 p.
869 5218 948 5288 155,
977 5219 1016 5289 cs.
1041 5237 1132 5293 supra
1149 5237 1182 5293 p.
1202 5217 1275 5274 221.
1346 5217 1376 5289 3)
1408 5219 1438 5275 V.
1463 5239 1553 5295 supra
1574 5240 1603 5295 p.
1623 5219 1696 5277 226.
1789 5221 1821 5291 4)
1847 5222 1947 5280 libelli
1968 5223 1992 5293 I,
2012 5243 2046 5298 p.
2064 5223 2094 5280 6.

446 5324 476 5394 5)
503 5324 552 5397 Cf.
576 5345 667 5400 supra
685 5345 718 5400 p.
737 5323 811 5380 226.
904 5324 935 5394 6)
962 5323 1030 5381 Call.
1055 5323 1130 5380 Brit.
1152 5324 1211 5381 Pel.
1238 5345 1280 5400 ep.
1299 5324 1351 5394 22,
1376 5324 1425 5382 (Ν.
1443 5325 1561 5382 Archie’
1584 5326 1617 5396 V,
1636 5347 1669 5403 p.
1689 5327 1770 5398 545,
1793 5327 1951 5386 Deusdedil
1974 5329 2035 5386 Lib.
2052 5329 2094 5401 II,
2114 5347 2142 5386 45

443 5428 463 5505 ξ
489 5431 517 5502 2,
542 5433 560 5487 l.
578 5432 595 5487 l.
616 5451 648 5506 p.
667 5429 740 5487 120.
833 5429 864 5500 ’1)
891 5429 958 5488 Call.
983 5428 1058 5486 Brit.
1077 5429 1144 5486 Pel.
1170 5450 1213 5506 ep.
1234 5431 1283 5501 11,
1309 5430 1356 5487 (Ν,
1382 5431 1501 5488 Archiv'
1530 5433 1561 5502 V,
1581 5453 1613 5508 p.
1640 5433 1721 5504 541,
1751 5433 1860 5492 Dcusd.
1887 5433 1955 5493 Coll.
1981 5455 2044 5493 can.
2069 5435 2094 5507 I,

445 5557 467 5595 c.
488 5537 559 5608 144,
579 5557 613 5613 p.
635 5537 714 5607 104,
737 5558 763 5595 v.
787 5556 877 5613 supra
895 5556 928 5612 p.
948 5535 1020 5593 226.
1091 5533 1122 5610 8)
1146 5537 1239 5612 spesi.
1257 5536 1312 5608 IV,
1331 5537 1382 5605 20,
1409 5537 1476 5594 ΕΕ.
1501 5537 1525 5608 Ι,
1546 5559 1577 5613 p.
1597 5539 1678 5609 254,
1701 5539 1810 5597 Desud.
1829 5540 1890 5598 Lib.
1908 5541 1948 5612 ΙΙ,
1967 5562 2000 5617 p.
2020 5541 2094 5599 321.

445 5643 476 5714 9)
502 5643 534 5702 C.
560 5643 590 5714 8,
614 5641 634 5717 ᾖ
654 5643 702 5714 12,
729 5641 802 5719 opp.
827 5642 851 5714 Ι,
877 5645 927 5700 col.
947 5642 1041 5699 1148.
1135 5642 1186 5712 10)
1212 5643 1286 5700 Ibid.
1311 5643 1453 5701 nouandis
1475 5645 1591 5701 omissis.
1717 5659 1718 5662 ’
