4544 6420
434 372 494 434 108
775 379 949 436 Assum
972 375 1166 434 ssslnnsls
1191 343 1485 434 ARCHffilACONI
1507 379 1731 436 Iuvserrvs.

279 548 410 650 ιοὴῗῗθῖῧξέζ
431 568 528 630 tiorzoe
551 581 621 630 truie
644 567 871 653 letificaverunt
888 569 1029 631 ortz'mum
1045 571 1168 632 ‘virenon
1208 562 1294 628 Vodo
1311 565 1409 648 enim,
1435 567 1548 652 inquit,
1573 583 1601 630 et
1624 570 1712 631 oeoio
1735 567 1781 630 ud
1797 592 1858 647 uos,
1882 583 1909 632 ot
1928 569 2080 654 yurrdebo't

431 697 483 736 eor
508 687 649 736 uestrum.
698 671 786 752 Quid
816 672 940 757 igitur?
975 671 1179 736 fraudabitur
1209 669 1317 758 operis
1348 674 1397 736 sui
1425 672 1532 736 fructu
1554 694 1631 759 pars
1655 671 1770 755 electa,
1801 695 1898 758 quam
1929 673 2014 755 dieo,
2045 683 2078 736 et

271 799 339 837 seur.
349 798 368 848 ⁷,
377 799 410 837 21.
430 779 677 864 promissionem
701 801 792 842 suam
816 779 981 843 Divinitas
1011 777 1219 844 immutabit?
1265 777 1371 843 Absit.
1419 780 1544 844 Iuraor't
1566 779 1652 842 enim
1676 780 1833 844 Dominus
1856 794 1884 843 et
1906 804 1966 842 ooo
1983 781 2077 865 peni-

430 887 503 950 ahu
531 911 608 950 euro.
656 885 781 949 Horum
813 908 890 971 ergo
921 897 1046 950 mentes
1077 887 1253 972 promissus
1285 885 1425 972 Spiritus
1456 898 1587 949 sanetus
1617 883 1790 968 inhabitat,
1822 907 1903 971 quas
1933 907 2078 970 congrua

430 989 492 1054 sibi
516 992 637 1077 templa
660 993 798 1079 paravit,
827 1002 859 1056 et
883 1015 938 1056 eas
962 994 1147 1056 necessario
1170 991 1268 1078 plena
1291 993 1475 1078 cognitione
1499 993 1646 1055 veritatis
1669 991 1816 1056 illustrat.
1864 992 2025 1072 Quoniam
2049 991 2109 1057 sis

431 1099 562 1184 spiritus
578 1100 670 1163 Deus
687 1110 736 1163 est
747 1103 768 1181 1,
792 1099 884 1163 Deus
901 1111 1009 1163 antem
1024 1100 1155 1179 veritas,
1179 1100 1324 1185 profecto
1349 1098 1408 1163 sub
1433 1099 1598 1184 presentia
1614 1099 1754 1184 Spiritus
1777 1121 1841 1162 non
1864 1109 1964 1162 restat
1986 1098 2077 1183 igno-

431 1205 536 1268 rantia
551 1207 708 1270 veritatis.
756 1205 844 1286 Quid
867 1205 985 1292 plura?
1031 1205 1101 1268 Iam
1125 1229 1166 1269 ne
1191 1228 1296 1269 senno
1319 1217 1428 1270 noster
1451 1217 1555 1269 metas
1579 1204 1709 1268 debitae
1733 1203 1903 1269 brevitatis
1926 1204 2076 1286 excedat,

429 1311 598 1396 paneade
622 1311 780 1397 pluribus,
803 1313 930 1376 minora
953 1312 993 1376 de
1017 1312 1169 1376 maximis
1193 1311 1315 1376 dixisse
1340 1311 1489 1376 sufficiat.

1109 1435 1384 1510 annulum.

535 1609 561 1674 a)
582 1613 648 1663 dem
665 1615 700 1663 Ι).
716 1613 747 1663 (τ’.
768 1613 798 1664 Ρ.

538 1812 565 1882 n
593 1811 641 1883 ef.
667 1812 727 1869 101..
754 1795 849 1882 aas.
879 1813 926 1883 14,
941 1813 970 1868 o.
