4426 6398
608 381 843 439 TRACTATUS
868 379 1157 437 EBORACENSES.
1189 381 1227 437 11.
1681 375 1744 438 653

91 571 183 634 ouria
213 569 323 634 dolore
353 570 443 655 tangi
474 568 627 652 creditur,
657 568 735 634 dum
766 568 900 634 coheres
924 569 1059 634 Domini
1089 569 1140 632 sui
1170 580 1203 633 et
1233 569 1399 634 concivis*
1431 591 1508 634 suus
1530 551 1559 634 a
1588 571 1743 634 socictate

90 676 263 746 ministerii
285 677 336 740 sui
359 676 527 741 refutatur.
563 675 631 741 Sed
655 676 734 763 quid
757 675 800 740 ad
822 675 904 740 tales
923 675 1067 763 loquitur
1082 675 1273 762 apostolus?
1308 675 1457 756 Nescitis,
1481 676 1620 764 inquitb,
1645 680 1742 763 quia⁰¹
1764 705 1921 754 acassam.

91 807 226 870 corpora
249 798 352 848 ocsus
374 785 521 869 templum
544 783 638 848 souti
654 783 797 870 Spiritus
818 785 944 848 eoacti?
967 786 1159 870 attemptata
1175 783 1242 849 Det
1253 799 1394 849 sanctam
1410 798 1454 849 εεῖ
1476 785 1563 870 quod
1584 787 1657 850 estis
1680 809 1744 865 ooo,

93 893 136 954 'ct
157 914 211 954 vos
233 893 307 955 eatis
330 891 477 976 templum
494 890 560 956 Dei
581 892 657 971 vivi,
681 905 710 954 et
732 889 874 976 Spiritus
896 905 1021 956 concurs
1044 891 1164 956 habitat
1187 893 1222 955 iu
1245 893 1340 956 vobis.
1381 889 1499 972 Credo,
1524 891 1611 977 quod
1634 891 1744 956 verius
1763 918 1912 968 acorum.

60 1021 73 1060 ε
91 1005 124 1060 εῖ
139 997 282 1061 sanctius
299 1005 349 1060 est
370 995 432 1061 hoc
447 995 614 1082 templum,
638 1019 736 1083 quam
751 995 841 1079 illud,
865 996 974 1083 quod⁰
990 1019 1032 1060 ex
1048 995 1211 1083 lapidibus
1226 997 1413 1060 inanimatis
1430 999 1635 1062 construitur.
1670 998 1743 1063 Hoc
1763 1025 1853 1074 uass.

91 1105 178 1168 enim
201 1114 251 1168 est
271 1104 404 1186 veritas,
429 1102 509 1168 illud
531 1104 645 1189 figura.
680 1105 720 1168 In
743 1105 804 1170 hoc
827 1103 947 1191 templo
971 1113 1084 1168 sancta
1099 1102 1181 1168 fides
1198 1102 1306 1168 cordis
1322 1113 1372 1168 est
1395 1102 1507 1187 altare,
1531 1105 1623 1168 cuius
1646 1116 1743 1192 typus

92 1220 142 1274 eat
164 1211 265 1275 altare
288 1209 464 1297 lapideum,
488 1209 577 1297 quod
598 1212 633 1275 in
655 1210 710 1276 illo
735 1223 793 1276 est.
840 1211 958 1275 Hostia
981 1234 1044 1301 que
1075 1211 1109 1274 in
1132 1209 1194 1274 hoc
1217 1208 1312 1274 altari
1334 1209 1519 1275 immolatur
1541 1210 1596 1274 illa
1619 1223 1677 1294 est,
1703 1211 1743 1276 de

91 1340 157 1403 qua
184 1317 264 1382 dicit
294 1316 477 1403 apostolus:
511 1319 644 1384 Obsecro
669 1343 722 1384 vos
745 1343 808 1407 per
831 1319 1085 1384 mabericordiam
1109 1318 1183 1398 Dei,
1207 1333 1241 1382 ot
1262 1317 1457 1383 enhr'beutt's'
1480 1321 1619 1382 merubra
1643 1334 1743 1384 vestm
1763 1347 1898 1394 nonnas.

91 1426 224 1490 hostiam
251 1429 413 1506 viventem,
442 1439 592 1506 coactum,
616 1425 684 1491 Deo
707 1427 900 1514 placentem,
931 1435 964 1488 et
994 1423 1035 1488 de
1066 1446 1132 1510 qua
1161 1425 1279 1488 iterum
1310 1423 1400 1506 dicit,
1431 1446 1504 1488 cum
1536 1423 1576 1488 dc
1608 1447 1743 1512 corpore

49 1556 73 1595 ro
91 1530 227 1596 Domini
248 1531 408 1617 loquitur:
431 1532 518 1596 Unus
533 1535 645 1619 poam,
669 1557 765 1596 uourn
789 1556 903 1618 corpus
925 1533 1020 1596 multi
1038 1556 1154 1596 sumus.
1203 1529 1375 1612 Sacerdos,
1400 1531 1456 1617 qui
1480 1530 1564 1595 hano
1588 1531 1742 1614 immolat,
1763 1559 1920 1608 noosronr.

91 1648 142 1706 est
164 1639 278 1720 omnis,
303 1640 360 1724 qui
384 1636 538 1702 exhibets
562 1637 791 1702 membrosus
814 1637 951 1702 hostiam
974 1639 1141 1702 viventem
1165 1646 1198 1701 εῖ
1220 1649 1339 1727 cetera.
1387 1636 1489 1702 Cuius
1513 1639 1611 1702 etiam
1635 1640 1742 1724 imago

92 1755 143 1808 est
162 1743 227 1826 ille,
252 1746 308 1831 qui
330 1745 365 1808 in
387 1745 517 1832 lapideo
540 1744 662 1831 templo
685 1743 839 1826 immolat,
869 1755 901 1808 et
924 1744 1039 1826 hostia,
1068 1767 1132 1834 que
1162 1745 1196 1808 in
1220 1743 1274 1808 illo
1303 1744 1499 1826 immolatur,
1530 1743 1607 1809 licet
1629 1767 1742 1810 verum

92 1851 212 1916 Christi
236 1873 354 1938 corpus
378 1853 428 1934 sit,
458 1851 553 1916 huius
583 1863 692 1916 tamen
716 1851 820 1941 hostie
847 1861 1096 1934 sacramentum,
1126 1850 1233 1915 idest
1260 1873 1389 1915 sacrum
1413 1852 1551 1936 signum,
1576 1874 1646 1916 esse
1669 1874 1741 1939 per-

92 1956 230 2041 hibetur,
262 1981 301 2022 ao
331 1981 391 2045 per
419 1959 480 2024 hoc
509 1960 543 2022 in
566 1956 616 2022 his
640 1956 789 2022 omnibus
813 1968 862 2022 est
884 1959 1016 2041 veritas,
1047 1959 1081 2022 in
1111 1956 1173 2021 illis
1196 1979 1274 2022 vero
1299 1968 1437 2044 excepto
1462 1956 1584 2050 Christi
1607 1981 1742 2045 corpore

49 2089 74 2126 ιε
91 2075 188 2151 typus
213 2074 246 2128 et
267 2064 383 2150 figura.
419 2065 628 2152 Quapropter
647 2066 810 2130 sanctiora
825 2074 858 2130 et
872 2065 1089 2151 prestantiora
1112 2074 1187 2128 sunt
1209 2067 1282 2147 ista,
1307 2086 1370 2151 que
1392 2075 1467 2129 sunt
1488 2065 1620 2147 veritas,
1645 2087 1741 2152 quam

91 2169 193 2259 figure
217 2193 276 2260 sue
299 2193 339 2235 ac
363 2170 510 2236 simbola.
552 2171 648 2236 Unde
672 2193 801 2258 quoquc
825 2171 967 2236 alienum
990 2183 1040 2236 est
1062 2194 1083 2234 a
1104 2170 1219 2257 regula
1241 2172 1404 2260 iusticiess,
1429 2181 1464 2236 ut
1487 2172 1608 2235 veritas
1633 2194 1653 2236 a
1676 2173 1742 2235 suis

91 2289 297 2343 removeatur
325 2277 438 2363 figuris
468 2289 505 2342 et·
530 2279 746 2364 prostantium
776 2289 873 2364 atque
904 2279 1066 2342 sanctiora
1095 2276 1137 2342 ab
1167 2277 1357 2342 inferiorum
1388 2288 1543 2364 tanquam
1574 2277 1743 2364 prophana

92 2384 306 2450 abdicentur¹¹
329 2385 455 2450 officiis.
503 2384 576 2474 Qus
607 2386 635 2449 si
663 2386 710 2449 ita
738 2407 804 2449 non
834 2395 951 2468 essent,
979 2395 1016 2448 ut
1044 2383 1193 2466 dicimus,
1218 2384 1290 2470 quis
1314 2395 1423 2448 tamen
1447 2395 1506 2467 est,
1530 2386 1586 2471 qui
1609 2384 1742 2467 iudicet,
1762 2412 1896 2462 maan.

93 2490 180 2579 quod
202 2491 295 2556 Deus
318 2515 383 2556 non
405 2491 540 2574 iudicat,
564 2502 596 2556 et
619 2493 676 2579 qui
699 2491 925 2578 condempnet,
950 2515 1031 2579 quos
1055 2492 1147 2555 Deus
1170 2490 1351 2556 iustificat?
1387 2491 1501 2556 Omnis
1520 2493 1631 2577 itaque
1647 2491 1742 2556 disci-

47 2623 74 2660 ro
92 2598 186 2684 pulus
210 2597 332 2663 Christi
362 2599 483 2662 imitari
512 2597 611 2663 debet
640 2598 822 2663 doctrinam
846 2609 879 2663 et
901 2599 1040 2663 formam
1063 2599 1221 2684 magistri,
1245 2608 1281 2662 ut
1304 2597 1491 2664 secundum¹
1507 2596 1688 2662 doctrinam
1713 2609 1745 2663 et

92 2705 227 2770 formam
251 2703 372 2770 Christi
401 2705 456 2770 vel
484 2705 608 2770 iudicet
638 2705 702 2794 [vel
730 2705 949 2792 condempnet
959 2705 981 2794 ¹]
1014 2727 1127 2770 servos
1151 2703 1283 2769 Christi.
1330 2704 1415 2768 Nam
1445 2705 1473 2768 si
1504 2727 1597 2769 secus
1629 2706 1743 2791 egerit,

92 2833 156 2876 non
180 2821 230 2877 εεῖ
257 2813 423 2877 imitatork
446 2811 577 2895 Christi,
608 2835 669 2878 nec
700 2814 816 2900 spiritu
839 2813 905 2878 Dei
933 2814 1048 2898 agitur,
1080 2811 1139 2876 sed
1169 2812 1283 2898 spiritu
1308 2823 1457 2876 movetur
1480 2811 1574 2876 huius
1599 2811 1743 2876 mundi¹.

93 2919 158 2996 Sed
179 2933 212 2984 tu
234 2923 335 3006 quiam
359 2945 391 2986 εε
414 2923 473 3006 qai
493 2921 620 2986 indicos
642 2945 765 2986 ameum
788 2921 974 2986 alterumn?
1019 2919 1084 2984 Suo
1116 2919 1242 2984 doarioo
1265 2934 1327 2984 stat
1353 2934 1408 2984 out
1434 2920 1529 2984 cadit.
1576 2918 1650 2983 Non
1674 2916 1743 3002 tibi,
1764 2946 1866 2996 rurus

92 3025 149 3091 sed
170 3051 227 3091 suo
250 3027 377 3092 domino
399 3042 462 3092 etat
481 3041 537 3092 out
554 3027 648 3092 cadit.
686 3026 751 3106 Qui
767 3026 926 3108 dominus,
945 3031 992 3090 'ct
1015 3026 1042 3089 si
1064 3024 1125 3090 tibi
1149 3023 1239 3089 dedit
1261 3025 1418 3090 iudicium
1441 3027 1475 3088 in
1491 3047 1621 3089 servum
1638 3049 1743 3110 suurn,
1763 3053 1855 3103 anus.

47 3155 74 3194 ss
91 3155 156 3198 non
184 3133 327 3216 alterius,
357 3156 423 3198 non
450 3143 552 3216 tuum,
583 3133 642 3198 sed
664 3157 757 3197 suum
781 3132 872 3198 dedit
895 3131 1062 3214 iudicium,
1087 3143 1122 3196 ut
1144 3131 1271 3196 iudices
1295 3153 1425 3196 servum
1449 3142 1565 3196 suum⁰
1588 3155 1654 3196 non
1677 3143 1743 3214 tu0,

50 3317 52 3320 Ι
92 3238 151 3304 scd
173 3262 231 3304 suo
255 3239 387 3305 iudicio.
433 3239 589 3326 Alioquin
619 3250 732 3304 contra
761 3239 864 3326 ipsius
888 3238 1087 3303 voluntatem
1117 3238 1244 3302 iudicas
1267 3236 1319 3302 vel
1348 3236 1579 3324 condempnas.
1628 3239 1693 3320 Qui
1717 3241 1747 3302 si·

90 3346 168 3428 vult,
192 3355 229 3411 ut
251 3346 338 3411 servi
361 3347 422 3428 sui,
446 3346 560 3434 quales
583 3345 736 3430 diximus,
761 3344 961 3427 ordinentur,
991 3367 1065 3408 cum
1089 3367 1144 3409 εοε
1168 3343 1210 3408 ab
1234 3343 1404 3410 ordinibus
1434 3343 1640 3431 repellendos
1672 3368 1742 3410 εεεε

91 3452 226 3535 iudicas,
255 3475 321 3518 non
351 3453 530 3518 secundum
552 3453 752 3518 voluntatem
781 3452 885 3538 ipsius
913 3451 1052 3516 iudicas.
1099 3449 1134 3516 Si
1159 3461 1267 3515 autern
1291 3448 1391 3515 nollet
1414 3473 1470 3515 eos
1494 3451 1648 3534 ordinari,
1679 3475 1742 3516 non

92 3558 276 3624 hortaretur
298 3581 353 3625 eos
378 3560 517 3647 Spiritus
541 3570 672 3625 sanctus
703 3570 736 3624 εῖ
757 3559 899 3624 diceret:
929 3558 1078 3624 Accedite
1108 3557 1154 3622 od
1182 3582 1251 3622 eum
1274 3572 1303 3623 et
1324 3559 1566 3638 illuminamini,
1590 3573 1619 3624 et
1633 3561 1745 3648 facies
1763 3587 1871 3637 rasam.

46 3690 73 3728 so
92 3678 209 3756 ceroci
233 3692 294 3732 ooo
317 3669 568 3756 confoederatum·
595 3677 628 3732 εῖ
650 3665 745 3731 alibi:
771 3666 884 3732 Sancti
903 3680 993 3731 estote
1015 3668 1098 3730 sicto
1118 3680 1147 3730 et
1168 3689 1222 3752 epo
1245 3679 1377 3730 raucos.
1391 3690 1471 3746 aunt,
1496 3666 1642 3730 domiuus
1657 3665 1744 3732 Deus
1763 3693 1903 3745 usurum.

92 3788 199 3855 -υεεῖεν,
227 3784 260 3838 ot
283 3771 430 3838 Christus
458 3775 493 3837 in
515 3772 703 3858 euangelio:
733 3774 839 3838 Estote
858 3774 1008 3861 perfecti,
1031 3775 1114 3836 sicut
1135 3786 1164 3836 ct
1179 3785 1275 3858 pater
1298 3783 1396 3837 υεεῖεε·
1415 3773 1578 3860 perfectus
1602 3788 1646 3838 est
1668 3774 1742 3858 cele·
1763 3800 1914 3849 nuruum.

91 3883 179 3946 sust.
219 3878 256 3945 Si
278 3901 356 3966 ergo
380 3891 509 3944 sanctos
533 3890 566 3944 et
587 3879 751 3965 perfectos
774 3877 843 3943 vult
866 3900 922 3943 eos
947 3900 1028 3960 csse,
1052 3875 1122 3942 vult
1145 3879 1254 3961 etiam,
1278 3875 1425 3943 utnulla
1448 3879 1495 3942 eis
1519 3877 1605 3943 desit
1626 3881 1742 3944 sancti-

92 3998 152 4069 tas,
181 3986 272 4050 nulla
292 3987 502 4073 perfectionis
525 3987 642 4076 gratia,
673 3985 732 4050 sed
755 4007 883 4050 omnem
906 3984 1049 4050 habeant
1072 3984 1211 4071 gratiam
1234 3983 1485 4049 administrandi
1509 3985 1607 4049 etiam
1632 3996 1744 4050 sancta

93 4101 125 4158 et
148 4092 260 4158 divina
280 4092 443 4158 macmndi
459 4094 614 4174 misteria,
630 4101 667 4156 ut
682 4091 771 4179 quod
793 4094 862 4179 ipse
886 4091 986 4156 habet
1009 4112 1069 4177 per
1082 4100 1242 4174 naturam,
1266 4090 1328 4156 hoc
1351 4092 1405 4155 isti
1429 4089 1572 4156 habeant
1594 4113 1653 4177 per
1671 4115 1743 4178 gra-

48 4221 75 4262 ss
91 4201 180 4264 tiam.
225 4199 382 4286 Alioquin
404 4222 466 4266 nec
489 4201 678 4264 sanctineo
701 4199 840 4286 perfecti
863 4209 981 4279 essent,
1006 4199 1183 4285 sicutipse
1207 4208 1265 4262 est
1302 4198 1413 4279 Quare
1437 4199 1464 4260 si
1488 4200 1593 4263 sancti
1616 4210 1649 4262 et
1671 4221 1742 4285 por-

91 4305 169 4370 fecti
192 4317 276 4389 sunt,
301 4307 478 4393 sicutipse
502 4316 560 4387 est,
585 4328 713 4370 omnem
736 4305 858 4370 habent
879 4306 1018 4392 gratiam
1042 4304 1291 4370 administrandi
1317 4305 1414 4368 etiam
1439 4314 1554 4369 sancta
1577 4315 1609 4369 et
1632 4305 1744 4370 divina

91 4411 253 4476 tractandi
282 4413 436 4477 misteria.
484 4411 568 4478 Sunt
597 4413 683 4476 enim
715 4411 755 4477 de
786 4433 921 4477 numero
951 4411 1089 4494 illorum,
1119 4409 1302 4498 dequibus
1333 4411 1367 4475 in
1390 4410 1515 4497 psalmo
1546 4412 1741 4498 precipitur:

95 4517 285 4607 Conprcpoto
314 4521 388 4585 itti*
412 4534 534 4585 sanctos
563 4521 641 4600 eius,
672 4523 731 4605 qm·
759 4519 908 4585 ordinant
937 4533 1147 4584 testamentum
1171 4521 1238 4584 eiua
1267 4543 1363 4606 super
1384 4521 1557 4606 sacrificio.
1605 4517 1641 4583 Si
1664 4540 1742 4604 ergo
1762 4545 1871 4596 raras.

91 4623 241 4690 ordinant
269 4635 499 4690 testamentum
523 4625 599 4708 Dei,
624 4625 796 4690 ordinandi
823 4635 1017 4711 potestatem
1048 4623 1212 4689 habenta
1235 4624 1318 4690 Deo.
1369 4624 1479 4690 Omnis
1503 4628 1742 4712 enimpotestas
1760 4653 1892 4703 nonna.

44 4757 72 4795 so
89 4758 110 4796 a
133 4731 203 4798 Deo
225 4747 277 4798 est.
321 4732 388 4821 Qag
409 4746 511 4798 autem
533 4746 615 4813 eunt,
637 4758 658 4797 o
682 4733 749 4798 Deo
773 4733 922 4798 ordinato
943 4746 1023 4797 suut.
1066 4731 1227 4797 Ordinata
1248 4734 1348 4819 igitur
1371 4743 1420 4796 est
1443 4741 1628 4796 sanctorum
1651 4741 1740 4819 pote-

89 4849 166 4922 stas,
190 4837 249 4904 sed
271 4836 338 4902 Dei
362 4837 485 4903 ordine.
521 4838 684 4903 Ordinant
706 4859 784 4924 ergo
808 4839 912 4903 sancti
935 4848 1164 4904 testamentum
1186 4838 1253 4904 Dei
1276 4838 1455 4904 secundum
1479 4837 1627 4904 ordinem
1652 4848 1740 4925 pote·

89 4946 191 5028 statis,
216 4955 334 5033 quem·
358 4955 558 5032 acceperunt
580 4967 600 5010 a
622 4945 706 5010 Deo.
753 4945 841 5009 Hinc
864 4946 985 5009 etenim
1007 4945 1071 5032 ipsi
1094 4945 1223 5011 dicunt:
1248 4947 1372 5012 Fecisti
1390 4971 1447 5011 nos
1469 4946 1538 5009 Deo
1562 4971 1690 5032 rapum
1715 4961 1743 5012 et
1760 4973 1901 5024 assesso.

87 5053 272 5118 sacedotes.
319 5050 533 5117 Sacerdotum
557 5053 643 5117 enim
667 5062 717 5116 est
739 5050 889 5116 ordinare
912 5061 1140 5117 testamentum
1164 5053 1240 5118 Dei.
1759 5079 1852 5130 uaso.

195 5157 262 5224 Sed
284 5159 455 5223 veniamus
479 5163 579 5223 *nunc
610 5157 651 5222 ad
682 5183 796 5245 corpus
823 5158 953 5240 Christi,
977 5160 1063 5244 quod
1084 5174 1129 5224 εεῖ
1151 5161 1292 5246 ρεείεείε,
1315 5159 1349 5223 in
1373 5171 1437 5245 quo
1462 5159 1571 5222 omnia
1594 5157 1741 5224 membra
1759 5184 1918 5235 spumam.

43 5289 69 5328 a
88 5263 198 5330 divino
215 5263 329 5329 ordine
345 5264 503 5351 disposita
519 5275 603 5346 sunt,
625 5275 662 5329 ut
678 5264 855 5330 secundum
872 5265 938 5354 vite
957 5266 1072 5330 merita
1089 5275 1122 5330 et
1137 5264 1365 5331 excellentiam
1388 5266 1569 5330 sanctitatis
1592 5275 1626 5330 et
1640 5265 1740 5330 virtu-

193 5480 220 5546 s)
249 5485 358 5534 conciri
377 5482 411 5534 B.
501 5480 530 5544 b)
558 5482 654 5547 inquid
674 5481 707 5533 B.
792 5479 819 5546 c)
847 5484 894 5548 qui
914 5477 956 5550 (ε’)
977 5483 1011 5534 B.
1091 5480 1119 5547 d)
1141 5489 1183 5534 est
1202 5482 1262 5535 AB.
1343 5480 1370 5547 e)
1390 5501 1437 5534 om.
1458 5483 1492 5535 A.
1572 5479 1689 5546 ssexib.
1708 5483 1741 5536 B.

85 5569 115 5637 g)
134 5573 217 5636 mstis
236 5572 269 5623 B.
332 5569 361 5634 h)
382 5571 420 5622 ita
436 5571 478 5634 B,·
496 5569 667 5623 abducentur
680 5571 714 5621 A.
780 5569 800 5635 i)
820 5571 928 5623 adan
1000 5569 1246 5634 minoritatem.
1319 5569 1339 5636 Ι)
1360 5571 1514 5624 huiusmodi
1535 5573 1574 5636 2⁴13
1594 5573 1688 5625 mundi
1707 5572 1741 5626 Β.

85 5657 123 5723 m)
143 5663 190 5727 qni
211 5655 252 5730 (si)
272 5658 307 5714 A.
378 5659 408 5723 n)
431 5659 590 5713 sirenum
610 5659 642 5711 B.
716 5657 744 5723 o)
765 5677 818 5712 suu
837 5661 872 5710 A.
952 5659 981 5728 p)
1002 5663 1086 5714 vestri
1105 5662 1143 5714 A..
1212 5659 1240 5729 q)
1262 5661 1314 5736 opl-
1333 5663 1400 5729 perl'.
1420 5671 1462 5714 est
1480 5662 1514 5714 B.
1587 5661 1610 5725 r)
1631 5661 1688 5714 illis
1707 5663 1740 5714 B.

85 5746 108 5813 s)
131 5765 184 5822 (με
204 5751 238 5803 Δ.
