4386 6390
425 315 494 378 ,524
722 320 902 378 oannem
924 318 1158 376 PRAEPOSITI
1183 317 1590 376 REIOHERSBERGENSIS
1613 318 1781 374 LIBELLI.

430 505 518 595 quod
540 531 606 573 non
629 518 679 573 est
701 507 800 591 aliud,
824 530 922 595 qnam
945 508 1016 594 ipse
1039 507 1142 590 Deus,
1171 529 1267 595 quem
1291 508 1348 594 qui
1370 504 1513 587 habebit,
1542 505 1651 570 omnia
1672 505 1707 570 in
1730 507 1803 591 ipso
1826 502 1917 568 bona
1943 501 2069 572 habebit

274 603 410 704 „nffflflj
431 616 530 682 Baeti
548 619 649 696 aius,
673 617 821 702 quonium
847 617 915 702 ipsi
927 615 1138 702 possidebunt
1159 629 1283 680 terrum
1333 612 1454 694 'Quam
1478 622 1597 677 terram
1619 613 1683 676 nisi
1705 611 1804 693 illam,
1829 610 1872 676 de
1897 633 1964 698 qua
1986 612 2070 700 scn'p-

252 745 411 795 10uam-n.
430 699 564 786 tum⁹est
586 722 621 785 in
635 720 781 786 Iohanne
805 719 846 786 de
863 732 979 806 quarta
993 719 1108 806 vigilia
1129 730 1305 785 tractante:
1334 719 1412 786 Cum
1431 723 1643 808 remigassent,
1667 719 1722 802 ait,
1746 722 1844 806 quasi
1863 718 1973 784 sudu
1988 718 2077 784 XXV

431 841 486 893 out
508 831 649 916 triplam,
678 828 785 894 videat
806 827 911 893 Iesum
940 829 1150 893 ambulantem
1178 851 1274 915 super
1296 851 1383 892 mare
1406 842 1435 892 et
1452 829 1635 913 prozimum
1662 829 1742 892 uuus'
1753 829 1837 914 ficri
1857 841 1888 891 et
1910 829 2074 892 timuerunt

432 934 497 1000 Ille
520 949 620 1000 auum
646 934 811 1000 disicet:
841 934 921 1022 ‘qu
943 960 1023 1015 eum,
1046 935 1141 1000 aols'te
1164 934 1295 999 timere’.
1340 933 1509 999 Voluerunt
1535 958 1607 1022 erpo
1630 936 1773 1021 αωίριιι
1803 959 1873 998 eum
1906 936 1942 998 ιἰι
1963 935 2042 998 acui
2057 951 2099 1001 ets

254 1064 413 1114 ιιιιιι,ι,ι.ι.
431 1043 536 1106 statim
553 1041 628 1128 fuit
655 1044 748 1106 ιιαιιιὶι
778 1041 824 1106 ud
851 1056 967 1106 terrem
998 1065 1061 1128 qua
1091 1043 1186 1106 abeat.
1234 1039 1330 1104 Beati
1359 1062 1437 1126 ergo
1466 1061 1628 1127 pauperes
1656 1048 1689 1105 et
1715 1040 1820 1122 mites,
1850 1059 2034 1126 pauperem
2054 1051 2079 1104 ct

432 1148 544 1212 mitem
568 1146 734 1213 dominum
763 1147 795 1210 in
821 1169 898 1211 suae
926 1147 1045 1211 mentis
1073 1168 1190 1210 navem
1213 1148 1361 1233 recipere
1384 1145 1542 1228 volentes,
1566 1147 1720 1233 quoniam
1742 1146 1798 1212 illo
1821 1156 1957 1232 recepto
1981 1145 2080 1210 statim

433 1254 580 1339 quiescet
609 1265 725 1318 ventus
756 1251 994 1340 quantumlibet
1021 1254 1212 1336 cannarum,
1238 1251 1474 1340 quantumlibet
1500 1253 1628 1317 validus
1658 1263 1692 1318 et
1719 1253 1813 1318 navis
1843 1253 2019 1340 perveniet
2046 1252 2083 1317 ad

433 1369 554 1424 terram
577 1371 733 1442 sanctam,
758 1371 878 1425 terram
902 1358 1049 1442 solidam,
1074 1371 1194 1424 terram
1218 1358 1403 1424 stabilitatis
1427 1370 1569 1424 eternae.

541 1469 595 1531 21.
629 1466 672 1532 D.
709 1466 798 1548 Quid
825 1465 1010 1553 significant
1037 1465 1142 1532 stadia
1165 1465 1265 1532 XXV
1288 1477 1344 1532 aut
1366 1467 1501 1554 triginta
1523 1466 1576 1532 vel
1599 1465 1761 1554 quomodo
1783 1475 1893 1552 potest
1916 1475 2122 1552 utrumquem

434 1595 549 1638 verum
573 1573 670 1638 esse?

542 1678 586 1743 M.
621 1679 746 1745 Littera
774 1681 883 1762 maris,
907 1690 943 1745 ut
965 1681 1059 1761 nosti,
1091 1680 1221 1744 sinuosa
1251 1689 1326 1744 sunt
1355 1691 1388 1744 et
1417 1678 1539 1746 habent
1568 1679 1697 1766 linguas
1727 1681 1761 1744 in
1788 1702 1880 1745 mare
1911 1689 2086 1767 porrectas,

434 1785 522 1851 unde
546 1786 702 1872 spacium,
715 1785 815 1872 quod
838 1785 936 1851 distat
959 1809 978 1850 a
1000 1785 1104 1868 litore,
1135 1808 1201 1851 non
1224 1785 1383 1873 equaliter
1407 1785 1506 1851 distat
1535 1807 1578 1851 ex
1601 1787 1689 1851 omni
1711 1797 1814 1874 parte.
1862 1785 1989 1852 Sensus
2012 1808 2086 1850 vero

435 1891 582 1956 misticus
602 1903 650 1956 est
668 1891 738 1957 hic:
762 1892 836 1958 Non
852 1915 974 1974 omnes,
998 1893 1055 1979 qui
1072 1891 1241 1979 peccando
1260 1892 1454 1978 elongantur
1472 1915 1493 1957 a
1511 1891 1613 1958 solido
1636 1892 1742 1958 littore
1763 1893 1926 1977 iusticiae,
1950 1903 2089 1980 peccant

436 1996 605 2086 equaliter,
629 1998 707 2084 quia
730 1997 862 2085 quidam
884 2008 1025 2085 peccant
1054 1999 1087 2062 in
1110 2021 1219 2085 opere,
1243 1999 1331 2086 quod
1354 2009 1404 2064 est
1427 2000 1520 2087 quasi
1544 1999 1644 2064 XXV
1667 1997 1781 2064 stadiis
1804 1997 1989 2082 aberrasse,
2015 2001 2089 2087 quia
2105 2025 2128 2064 ιι

436 2104 604 2192 quinarius
621 2103 808 2192 quadratis,
825 2103 979 2170 videlicet
994 2105 1167 2192 quinquies
1184 2107 1327 2193 quinque
1351 2105 1513 2192 significat
1536 2127 1616 2194 opus
1640 2104 1770 2188 bonum,
1795 2129 1877 2194 opus
1893 2105 2088 2193 quadratum

436 2211 468 2276 V
484 2233 638 2276 sensuum
661 2209 745 2276 bono
769 2233 830 2276 usu
852 2222 1030 2298 peractum.
1066 2211 1209 2293 Quidam
1231 2233 1309 2276 vero
1332 2223 1472 2299 peccant
1494 2211 1631 2278 errando
1654 2211 1786 2295 infide,
1811 2212 1900 2299 quod
1923 2222 1975 2278 est
1998 2214 2090 2300 qnasi

437 2319 541 2384 XXX
560 2318 672 2384 stadiis
691 2318 871 2404 elongasse.
905 2317 959 2383 Ad
977 2329 1130 2406 utrosque
1153 2330 1344 2405 peccatores
1367 2318 1519 2405 dignatur
1541 2319 1702 2384 Dominus
1725 2341 1814 2384 mare
1838 2319 1972 2386 calcans
1996 2319 2090 2406 longe

439 2449 497 2491 seu
518 2426 646 2512 longius
670 2435 767 2490 vento
798 2426 959 2491 contrario
990 2423 1123 2490 abactos
1147 2446 1167 2489 a
1189 2423 1283 2490 litore
1307 2426 1418 2490 venire
1449 2425 1577 2514 illisque
1602 2424 1787 2508 subvenire,
1817 2428 1845 2491 si
1874 2437 1990 2491 tamen
2019 2448 2090 2513 per-

438 2533 617 2597 manserint
645 2533 678 2596 in
701 2532 791 2596 Petri
820 2531 982 2614 navicula,
1013 2533 1046 2596 in
1077 2541 1191 2596 sancta
1212 2530 1367 2597 videlicet
1396 2531 1536 2597 ecclesia
1557 2533 1655 2598 Petro
1686 2533 1869 2616 commissa,
1893 2531 2027 2598 dicente
2050 2532 2091 2598 ad
2107 2560 2132 2599 ιι

261 2661 514 2716 romanensem
537 2639 695 2703 Domino:
727 2639 827 2720 Patre,
850 2663 940 2704 antas
963 2663 1020 2720 me,
1044 2663 1143 2726 pasce
1166 2663 1263 2727 agnos
1286 2654 1315 2704 et
1336 2663 1406 2704 oues
1429 2664 1521 2704 meas.
1570 2638 1636 2720 Qui
1659 2661 1737 2725 ergo
1760 2638 1802 2703 de
1824 2639 1981 2704 navicula
2002 2639 2091 2704 Petri

440 2747 590 2812 exierunt
611 2767 718 2832 neque
742 2755 817 2810 sunt
838 2745 873 2808 in
895 2767 995 2830 grege
1019 2766 1176 2831 agnorum
1200 2745 1253 2810 vel
1276 2745 1385 2810 ovium
1404 2745 1502 2810 Petro
1527 2746 1781 2829 commissarum,
1805 2745 1932 2811 sufficet
1954 2746 2092 2812 heretici

440 2875 479 2917 ac
503 2852 678 2917 scismatici
702 2863 734 2917 et
757 2872 868 2918 omnes
892 2852 1166 2934 anathematizati,
1184 2873 1295 2916 omnes
1311 2851 1476 2933 videlicet,
1493 2853 1549 2938 qni
1568 2874 1632 2918 non
1655 2863 1767 2917 amant
1788 2851 1956 2918 dominum
1972 2853 2091 2936 Iesum,

440 2980 522 3044 quos
546 2981 657 3024 omnes
681 2957 844 3046 apostolus
867 2957 1128 3042 anathematizat,
1153 2958 1272 3023 frustra
1295 2967 1428 3046 sperant
1450 2957 1597 3042 salutem,
1622 2960 1699 3045 quia
1721 2982 1788 3025 non
1803 2957 1927 3024 habent
1943 2959 2092 3025 Salvato-

441 3087 519 3147 rem‚
544 3065 689 3152 quisuis
713 3063 881 3152 discipulis
909 3066 942 3129 in
966 3064 1118 3129 navicula
1140 3087 1199 3129 sna
1220 3063 1444 3130 laborantibus
1472 3066 1506 3129 in
1529 3066 1593 3130 ista
1616 3075 1732 3152 quarta
1754 3065 1867 3152 vigilia
1888 3069 1997 3132 noctis
2020 3089 2092 3154 pro·
2110 3091 2134 3132 ιι

441 3171 545 3259 picius
575 3171 686 3235 veniet
715 3171 826 3256 eisque
857 3171 1033 3236 clementer
1060 3181 1092 3236 et
1113 3181 1263 3258 potenter
1286 3170 1457 3236 subveniet
1487 3172 1631 3238 sanando
1661 3195 1721 3260 per
1742 3194 1855 3238 veram
1877 3175 2094 3260 penitentiam

441 3288 578 3365 peccata
607 3299 719 3342 eorum
749 3278 817 3342 sive
848 3279 882 3342 in
906 3299 1003 3364 opere
1028 3278 1097 3342 sive
1127 3279 1161 3342 in
1183 3277 1249 3342 fide
1272 3301 1332 3366 per
1353 3278 1562 3365 fragilitatem
1585 3279 1637 3345 vel
1667 3279 1883 3366 ignorantiam
1907 3282 2093 3364 commissa,

336 3409 425 3454 unsa
442 3385 569 3450 etiarnsi
598 3383 682 3449 adeo
705 3394 818 3450 contra
843 3383 953 3450 'fidem
976 3397 1206 3471 peccaverunt,
1228 3396 1265 3449 nt
1288 3385 1382 3471 qnasi
1410 3408 1470 3471 per
1494 3385 1595 3450 XXX
1619 3385 1725 3451 stadia
1754 3388 1819 3452 sint
1847 3386 2040 3474 requirendi
2063 3398 2094 3454 et

266 3517 424 3566 ιιιιιιιιιι.
443 3491 484 3556 de
513 3490 642 3556 modica
671 3491 735 3556 fide
766 3491 934 3578 arguendi,
962 3503 998 3556 ut
1019 3492 1146 3574 Petnrs,
1178 3494 1231 3556 cui
1259 3490 1470 3556 dictumest:
1502 3493 1650 3558 Modicus
1665 3495 1760 3580 fidei,
1790 3519 1888 3581 quera
1917 3494 2095 3561 dubitasti?

314 3623 425 3674 anan.
442 3598 573 3664 Modica
595 3594 677 3662 fides
701 3599 856 3683 arguitur,
880 3619 999 3684 magna
1021 3597 1173 3664 laudatur
1195 3608 1231 3662 ut
1252 3597 1336 3663 illic:
1364 3597 1521 3664 Omulier
1536 3625 1651 3688 magno
1674 3616 1718 3666 eat
1731 3601 1818 3688 ‘tides
1840 3603 1915 3666 tuo!
1949 3600 2095 3665 Perfidia
2111 3627 2136 3665 so

309 3731 425 3780 ιοι.ιι,ι.
444 3705 624 3788 damnatur,
655 3705 683 3769 si
711 3715 861 3791 correpta
889 3727 954 3769 non
984 3703 1184 3787 emendatur,
1214 3705 1355 3770 maxime
1379 3703 1436 3768 ubi
1460 3703 1618 3788 Christus,
1643 3707 1699 3793 qui
1721 3707 1842 3771 veritas
1872 3717 1930 3790 est,
1961 3718 2095 3793 putatur

442 3812 604 3876 fantasma
627 3833 709 3876 esse.
757 3812 785 3876 Ο
810 3821 931 3897 quanta
958 3811 1154 3875 fantasmata
1180 3811 1346 3897 finguntur
1368 3821 1481 3876 contra
1504 3815 1684 3894 veritatem,
1709 3835 1772 3901 que
1796 3823 1846 3877 est
1869 3811 2031 3896 Christus,
2062 3817 2096 3878 in

444 3916 540 3982 scolis
570 3915 701 3982 discolis
731 3939 790 4004 per
819 3916 1079 4004 indisciplinatas
1103 3919 1310 4003 questiones¹
1334 3930 1366 3982 et
1389 3921 1609 3984 contentiosas
1639 3919 1873 4007 disputationes
1903 3920 1976 3984 aliis
2008 3921 2095 3986 affir-

444 4022 607 4088 mantibus
631 4045 704 4088 cum
727 4023 855 4106 Fotino,
880 4023 968 4110 quod
995 4023 1091 4089 homo
1117 4035 1301 4111 assumptus
1330 4026 1366 4089 in
1388 4025 1496 4090 Deum
1526 4049 1591 4091 non
1621 4027 1663 4091 sit
1685 4048 1763 4091 vere
1792 4037 1849 4091 ant
1878 4027 2098 4092 essentialiter

443 4130 547 4213 Deus,
571 4129 631 4195 sed
654 4129 721 4196 solo
745 4129 867 4213 habitu,
892 4141 924 4195 et
942 4130 1035 4195 Deus
1053 4153 1118 4194 non
1142 4131 1184 4194 sit
1202 4130 1297 4195 homo
1322 4132 1545 4216 essentialiter,
1570 4132 1628 4198 sed
1650 4132 1718 4198 solo
1741 4131 1868 4216 habim
1888 4156 1927 4199 eo
1952 4134 2042 4220 quod
2065 4146 2099 4200 et
2115 4160 2141 4202 ιι

444 4236 539 4303 homo
563 4238 670 4302 Deum
695 4247 728 4302 et
750 4237 842 4302 Deus
872 4237 1035 4302 hominem
1065 4238 1099 4301 in
1129 4259 1164 4301 se
1194 4236 1324 4302 habeat.
1369 4237 1453 4303 Aliis
1484 4262 1557 4304 curn
1586 4239 1737 4305 Nestorio
1766 4251 1901 4327 propter
1930 4242 2098 4327 geminam

445 4346 515 4408 eius
534 4353 680 4408 naturam
700 4364 873 4430 personam
895 4365 1025 4430 quoquc
1049 4342 1298 4429 geminantibus,
1323 4346 1416 4431 quasi
1440 4344 1521 4411 alter
1544 4347 1586 4410 sit
1606 4345 1690 4412 filius
1714 4346 1863 4429 hominis,
1887 4369 1985 4434 quem
2002 4351 2098 4436 virgo

445 4450 603 4537 genuerit,
634 4449 716 4514 alter
737 4448 823 4514 filius
846 4449 922 4532 Dei,
947 4473 1042 4537 quem
1066 4451 1165 4515 Pater
1188 4463 1317 4515 eternus
1340 4453 1498 4538 genuerit,
1523 4475 1596 4517 cum
1620 4455 1661 4517 sit
1683 4477 1767 4518 unus
1797 4454 1950 4541 idemque
1974 4455 2042 4520 Dei
2066 4466 2100 4521 et

446 4556 584 4621 hominis
607 4555 692 4620 filius
722 4555 887 4638 naturalis,
916 4579 981 4620 non
1004 4555 1187 4643 adoptivus,
1215 4579 1280 4622 non
1303 4557 1385 4624 alter
1408 4558 1554 4641 otaker,
1584 4558 1643 4623 sed
1665 4559 1760 4626 aliter
1782 4570 1815 4625 et
1838 4560 1932 4626 aliter
1954 4563 2098 4648 genitus,

447 4661 632 4728 eternaliter
655 4661 780 4726 scilicet
802 4671 877 4726 ante
902 4661 1022 4742 secula,
1046 4662 1266 4750 temporaliter
1288 4665 1323 4728 in
1345 4664 1465 4730 seculo.
1503 4665 1570 4730 Alii
1592 4689 1671 4731 vero
1694 4677 1828 4755 propter
1849 4690 1949 4733 unam
1973 4667 2098 4734 Christi
2116 4695 2143 4734 ιο

447 4791 617 4856 personam
642 4790 718 4832 cum
739 4767 889 4833 Euticete
913 4790 952 4832 ac
975 4747 1135 4834 Dioscoro
1157 4769 1285 4855 fingunt
1307 4794 1405 4836 unam
1428 4771 1627 4838 solummodo
1652 4774 1721 4838 eius
1744 4796 1816 4839 esse
1839 4784 1999 4858 neutram,
2023 4797 2098 4840 cum

448 4877 489 4941 sit
510 4877 581 4962 ipse
598 4873 713 4962 Gyges
736 4875 886 4961 geminae
910 4872 1109 4939 substantiae
1132 4875 1167 4939 in
1182 4877 1306 4941 unitate
1325 4899 1494 4964 personae.
1530 4877 1612 4943 Item
1636 4879 1737 4966 aliqui
1760 4903 1833 4946 cum
1848 4880 1979 4946 Bonoso
2002 4881 2098 4946 here·

448 4981 575 5046 siarcha
597 4981 724 5068 fingunt
742 4981 904 5046 bominem
922 4991 1124 5068 assumptum
1138 4981 1204 5046 Dei
1227 4982 1415 5070 adoptivum
1438 4983 1550 5068 filium,
1574 4987 1658 5052 sicut
1681 4989 1781 5052 ceteri
1803 4989 1918 5070 sancti,
1941 4988 1999 5074 qui
2023 5011 2097 5054 cnm

290 5082 431 5185 θ’·ἔζῑξξζζζ
448 5089 586 5153 fuissent
607 5089 642 5152 in
663 5089 809 5174 peccatis
833 5088 983 5174 concepti
1006 5110 1045 5152 ac
1067 5087 1205 5174 proinde
1228 5088 1287 5153 filii
1308 5090 1387 5173 irae,
1411 5101 1525 5177 postea
1548 5103 1623 5157 sunt
1651 5092 1693 5157 ab
1717 5094 1766 5157 ira
1787 5091 1916 5158 liberati
1939 5105 2040 5180 atque
2064 5097 2099 5160 in

448 5194 531 5260 filios
555 5194 621 5259 Dei
651 5195 805 5282 adoptati.
852 5193 926 5259 Non
949 5204 1046 5258 vacat
1074 5217 1160 5259 nunc
1191 5197 1300 5261 omnia
1330 5219 1441 5262 eorum
1471 5197 1666 5264 fantasmata
1695 5221 1958 5283 commemorare,
1989 5223 2097 5288 neque
2116 5226 2143 5266 a

449 5301 510 5366 hoc
534 5311 585 5366 est
605 5303 836 5384 necessarium,
860 5324 934 5366 cum
958 5301 1067 5387 sepius
1083 5323 1104 5366 a
1119 5303 1239 5367 sanctis
1255 5301 1401 5390 patribus
1418 5303 1584 5368 confutata
1600 5306 1663 5368 sint
1685 5315 1719 5369 et
1740 5328 1799 5370 nos
1823 5304 1901 5370 alibi
1925 5305 2098 5372 adsedem

449 5407 661 5496 apostolicam
695 5409 817 5495 scripta
848 5407 1016 5490 mittendo,
1048 5407 1188 5496 quedam
1219 5409 1414 5506 confutando
1444 5408 1566 5475 bonum
1596 5432 1787 5498 responsum
1822 5414 2046 5500 acceperimus
2077 5437 2097 5478 a

558 5577 588 5646 1)
615 5575 663 5649 Cf.
688 5576 764 5633 Αιιιι.
781 5574 992 5653 Reicbersberp.
1017 5577 1059 5632 ad
1079 5595 1108 5633 α.
1124 5577 1217 5634 1164.
1242 5579 1260 5634 l.
1277 5579 1294 5634 l.
1314 5597 1347 5654 p.
1366 5579 1444 5634 471:
1470 5587 1500 5636 et
1523 5580 1633 5635 omnino
1656 5581 1803 5637 interdixit
1826 5599 1923 5638 omncs
1945 5588 2042 5654 tropos
2067 5589 2096 5639 et

450 5683 671 5756 indisciplinatas
688 5684 852 5755 questiones
874 5683 903 5740 in
919 5683 1063 5755 theologia
1087 5691 1154 5753 etc.;
1183 5683 1224 5756 cf.
1247 5703 1337 5760 supra
1354 5704 1388 5760 p.
1407 5684 1480 5742 505.
