4544 6420
478 411 539 473 104
821 416 993 474 ARNULFI
1018 411 1213 471 SAGIENSIS
1239 389 1530 470 ARCltlnmeonl
1554 413 1778 470 INVECTIVA.

377 607 455 698 1,},}³{‘
474 607 544 670 rarii
574 605 721 669 residens
756 606 790 668 in
820 604 875 669 illa
904 603 993 668 beati
1023 603 1176 667 Iohannis
1207 596 1349 665 ecelesia
1380 600 1551 687 principali
1584 601 1910 666 eluistiannissimum
1945 603 2127 688 principem

473 712 663 776 Letharium
695 712 899 776 consecravit
928 711 962 774 in
992 708 1151 794 regemi¹
1198 707 1366 794 Numquid
1395 710 1503 794 ipsum
1534 721 1567 771 et
1597 709 1724 794 imperii
1756 709 1885 772 nomine
1909 721 1942 773 et
1965 708 2126 795 imperiali

475 818 659 882 diademate
690 820 884 883 renitentem
916 817 1153 902 sollempnitate
1186 814 1296 880 debita
1327 814 1519 880 decoravit?
1566 814 1733 901 Numquid
1763 817 1871 901 ipsum
1901 839 1976 902 pars
2007 839 2127 902 magna

473 923 630 989 nobilium
662 937 693 989 et
723 927 820 989 totius
851 923 962 1012 populi
994 925 1194 987 conscientia
1225 921 1421 986 comitatur?
1468 921 1635 1007 Numquid
1666 922 1772 985 eidem
1798 920 1888 986 urbis
1911 921 2069 986 habitatio
2095 933 2127 986 et

473 1033 639 1118 ingressus
670 1055 729 1118 pro
760 1031 892 1096 arbitrio
920 1045 1035 1117 patens
1061 1041 1109 1094 est
1133 1041 1165 1094 et
1189 1029 1388 1115 egressus‘?²
1434 1027 1562 1108 Quibus
1592 1028 1738 1114 profecto
1770 1029 1797 1092 si
1828 1041 1954 1093 careret
1984 1031 2159 1111 omnine,a

474 1138 561 1202 nullo
592 1149 701 1202 tamen
734 1161 846 1202 eorum
876 1149 986 1224 posset
1015 1138 1157 1202 iustitiae
1186 1136 1347 1221 derogari.
1396 1135 1462 1200 Sed
1494 1134 1570 1198 dunt
1594 1147 1625 1198 te
1649 1135 1753 1199 latens
1785 1135 1895 1200 odium
1919 1135 2061 1200 stimulat
2085 1137 2128 1200 ad

473 1245 662 1326 vindictam,
687 1245 831 1331 linguam
848 1245 1018 1309 mendacio
1035 1267 1100 1309 non
1116 1242 1272 1329 negabas,
1298 1255 1332 1306 ut
1355 1242 1457 1306 verba
1473 1265 1599 1306 veneno
1621 1241 1797 1306 'mendacii
1821 1244 1966 1308 toxicata
1989 1242 2126 1307 infideli·

474 1354 548 1415 tatis
564 1352 698 1416 vulnere
723 1352 918 1438 simplicium
941 1365 1075 1437 pectora
1100 1352 1293 1415 sauciarent.
1331 1348 1428 1413 Circa
1452 1349 1548 1434 quod,
1574 1349 1650 1413 dum
1674 1350 1806 1413 unicum
1830 1348 1890 1413 tibi
1914 1350 2126 1436 propositum,

474 1460 588 1522 unicus
612 1459 773 1544 urguendi
796 1457 899 1538 labor,
923 1459 1021 1522 unica
1043 1456 1166 1522 laboris
1183 1457 1428 1542 perseverantia
1451 1468 1586 1536 constat,
1610 1466 1770 1520 torrentes
1794 1457 1933 1542 impetus
1958 1467 2029 1521 tuos
2054 1480 2127 1542 pre·

474 1568 571 1629 vertit
593 1565 756 1629 modicum
780 1566 830 1629 vis
855 1564 977 1638 divina,
1008 1567 1212 1651 primumque
1244 1563 1284 1628 de
1316 1563 1500 1626 inefficacia
1531 1575 1679 1648 speratae
1707 1565 1876 1650 potestatis
1900 1576 2127 1649 argumentum
2149 1587 2173 1624 10

474 1673 613 1735 accessit
642 1673 676 1736 in
699 1671 885 1758 ligationem
910 1694 1007 1735 versa
1030 1671 1159 1756 legatio.
1207 1669 1330 1756 Captus
1355 1675 1412 1734 es³
1436 1683 1468 1733 et
1491 1669 1656 1734 mensibus
1681 1670 1804 1756 aliquot
1827 1669 1971 1734 reclusus
1999 1673 2032 1734 in
2056 1694 2126 1734 car-

475 1801 559 1859 cere,
591 1778 705 1857 donec,
737 1801 818 1865 quos
849 1780 954 1862 gratia
984 1779 1274 1864 predestinaverat,
1306 1777 1402 1863 plena
1426 1777 1571 1841 veritatis
1596 1779 1719 1862 agnitio
1744 1776 1975 1858 confirmasset,
2008 1789 2040 1841 et
2071 1778 2126 1863 qui

475 1887 563 1971 prius
588 1884 628 1948 de
652 1887 811 1972 rescripta
834 1885 894 1949 tibi
917 1886 1078 1969 legatione
1103 1897 1323 1970 speraverant,
1349 1883 1388 1948 de
1413 1883 1566 1970 ligatione
1583 1895 1697 1970 postea
1713 1883 1934 1969 desperarent.
1970 1884 2126 1948 Reserate

475 2003 583 2056 autem
601 2014 742 2068 earcere,
767 1993 954 2078 processisti
975 1994 1067 2078 quasi
1084 1992 1205 2077 pardus
1230 2014 1247 2054 e
1272 2014 1384 2073 cavea,
1409 1992 1500 2054 cuius
1525 1989 1615 2054 rabie
1640 2013 1771 2055 carcere
1794 1990 1915 2054 diutius
1932 2000 1964 2054 et
1980 1992 2126 2055 eatenis·

475 2097 622 2174 inhibita,
648 2101 674 2162 si
698 2099 780 2162 forte
804 2097 887 2162 liber
904 2101 1053 2172 evaserit,
1078 2099 1218 2183 insurgit
1240 2098 1405 2177 audacior,
1430 2121 1490 2161 nee
1512 2119 1584 2160 eum
1601 2097 1666 2161 ulla
1690 2107 1796 2182 potest
1820 2098 1986 2182 sanguinis
2011 2097 2126 2162 effusio
2149 2120 2173 2159 n

475 2207 603 2269 satiare.
650 2204 838 2269 Estimabas
869 2205 975 2268 adhuc
1007 2205 1199 2268 auctoritate
1223 2215 1278 2268 tua
1301 2217 1403 2268 totum
1428 2228 1522 2290 posse
1547 2205 1700 2290 preventi,
1733 2203 1820 2290 quod
1851 2203 1991 2268 eeclesia
2014 2215 2127 2268 saneta

476 2312 665 2394 dictaverat,
698 2321 730 2376 et
760 2335 860 2397 penes
884 2322 915 2375 te
941 2334 1047 2375 rerum
1071 2310 1217 2398 pondera
1240 2325 1272 2375 et
1296 2324 1459 2375 momenta
1483 2325 1642 2375 constare.
1689 2310 1729 2374 ln
1758 2333 1821 2396 quo
1852 2311 1963 2374 nescio
1994 2321 2126 2374 tuamne

475 2420 578 2504 magis
604 2420 775 2483 cecitatem
798 2419 852 2482 rel
876 2418 1095 2502 arrogantiam
1119 2419 1227 2482 mirer.
1276 2417 1362 2497 Quia
1387 2440 1470 2503 qnae
1494 2419 1681 2502 arrogantia
1704 2418 1816 2498 maior,
1842 2439 1939 2503 quam
1962 2417 2126 2482 hominem

371 2553 455 2592 *rasa
474 2548 558 2610 pene
583 2525 686 2589 solum
709 2525 866 2590 adversus
891 2525 970 2588 illud
994 2527 1173 2610 insurgere,
1198 2525 1285 2610 quod
1302 2523 1413 2588 divina
1431 2523 1651 2610 'providentia
1674 2523 1887 2606 confirmavit,
1912 2524 2000 2609 qued
2024 2525 2127 2588 omnis

475 2631 589 2717 religio
615 2632 827 2713 confirmavit,
853 2631 940 2717 quod
964 2633 1106 2695 omnium
1130 2653 1303 2716 regnorum
1327 2630 1422 2694 favor
1445 2630 1658 2712 confirmavit,
1691 2629 1778 2716 quod
1803 2632 1938 2716 etipse,
1970 2642 2127 2716 quantum
2148 2655 2174 2692 20

475 2761 534 2803 sua
556 2739 701 2820 interest,
727 2738 955 2803 confirmavit?
1003 2738 1097 2818 Quae
1122 2739 1225 2802 maior
1248 2739 1378 2816 cecitas,
1411 2760 1509 2824 quam
1536 2735 1592 2800 ubi
1616 2737 1738 2800 nullum
1762 2737 1827 2802 Dei
1852 2737 2009 2823 precedit,
2042 2737 2127 2801 exile

475 2845 614 2909 hominis
639 2845 786 2910 succedit
810 2846 978 2926 auxilium,
1004 2855 1117 2909 contra
1139 2845 1385 2908 universitatem
1402 2867 1533 2930 sperare
1551 2843 1747 2909 victoriam?
1783 2843 1856 2908 Non
1879 2855 1971 2930 potes
1996 2867 2127 2930 negare,

477 2953 555 3038 quin
578 2952 651 3016 falsi
676 2954 798 3017 crimen
823 2964 855 3016 et
878 2952 1116 3016 inconstantiae
1141 2950 1235 3015 simul
1259 2951 1445 3031 incurreris,
1477 2950 1641 3014 levissime
1665 2950 1845 3036 transfuga,
1876 2951 1972 3014 modo
2003 2951 2128 3032 harum,

476 3058 572 3122 modo
596 3058 722 3123 illarum
746 3061 887 3144 partium
911 3058 1080 3122 malefidus
1105 3067 1254 3138 assertor,
1287 3059 1379 3122 cuius
1410 3059 1443 3122 in
1467 3057 1602 3143 singulis
1627 3057 1780 3144 operibus
1805 3057 1952 3144 duplices
1976 3059 2046 3121 rias
2072 3058 2129 3122 du·

477 3164 554 3250 plex
578 3167 685 3251 signat
708 3167 853 3246 intuitus,
878 3175 911 3229 et
934 3165 1069 3228 affectus
1093 3166 1209 3229 mentis
1228 3167 1392 3250 ancipites
1417 3163 1589 3250 ambiguus
1612 3164 1799 3228 manifestat
1826 3175 1989 3250 aspectus
2037 3163 2129 3229 Sicut
2149 3188 2174 3226 ss

477 3272 563 3336 enim
587 3271 772 3358 corporales
797 3271 907 3336 oeulos
930 3282 1002 3336 tuos
1026 3271 1218 3336 innaturalis
1243 3271 1384 3357 quedam
1408 3271 1552 3335 distorsit
1579 3272 1764 3352 enormitaS,
1795 3281 1832 3335 ut
1861 3271 1904 3335 ad
1934 3271 2021 3336 idem
2053 3293 2129 3335 con·

475 3377 631 3442 tuendum
662 3377 803 3442 mirabili
832 3391 998 3464 nequeant
1028 3378 1192 3443 discordia
1223 3380 1429 3458 convenire⁴,
1461 3379 1507 3442 sic
1533 3390 1565 3441 et
1587 3379 1705 3442 mentis
1737 3378 1822 3443 oculi
1847 3377 2013 3459 dissident,
2045 3379 2128 3442 ratio

476 3484 600 3548 scilicet
624 3495 657 3548 et
680 3484 825 3550 affectus.

581 3592 823 3656 Pictaviensis⁵
853 3614 891 3656 ac
921 3592 1190 3668 Lemovicensis⁶
1220 3592 1389 3672 eeclesiae,
1426 3593 1552 3656 comitis
1583 3591 1708 3656 viribus
1743 3591 1918 3674 abutendo,
1951 3577 2128 3657 catholicos

477 3699 601 3762 eiecisti
625 3698 805 3784 pontifices,
834 3698 914 3762 alios
940 3698 1198 3763 extraordinarie
1223 3721 1455 3785 superponens.
1503 3698 1650 3779 Quinum
1674 3698 1810 3763 alterum
1834 3701 1939 3762 minus
1963 3701 2032 3763 sita
2054 3723 2127 3785 pro·
2148 3724 2174 3762 so

475 3803 618 3869 babilem
649 3816 680 3869 et
709 3805 870 3868 nullarum
901 3805 1064 3870 hominem
1096 3805 1275 3870 litterarum
1306 3819 1339 3870 et
1368 3807 1402 3870 in
1429 3804 1557 3890 vulgari
1588 3807 1686 3869 etiam
1717 3827 1864 3869 sermone
1895 3805 1963 3869 fere
1994 3829 2127 3892 prorsus

365 3937 456 3978 rarae.
476 3911 649 3996 elinguem,
676 3912 843 3976 “Romana
865 3911 1014 3992 eeclesia,
1047 3913 1088 3976 ab
1120 3913 1265 3977 eiusdem
1289 3913 1506 3976 Pictaviensis
1538 3912 1696 3976 ecelesiae
1725 3913 1883 3997 regimine
1907 3911 2126 3999 reprobatum,

476 4018 550 4082 olim
575 4019 734 4082 canonica
757 4018 922 4082 decisione
947 4029 1131 4084 removerat
1142 4024 1162 4083 7.
1198 4018 1257 4082 Ille
1274 4029 1382 4083 tamen
1398 4042 1484 4083 nunc
1504 4020 1696 4082 auctoritate
1720 4041 1780 4082 sua
1803 4019 1874 4082 iura
1889 4020 1991 4105 patris
2015 4042 2126 4106 super-

582 4167 608 4225 a)
631 4165 754 4215 cathenis
772 4183 792 4214 c.

585 4293 614 4362 1')
640 4293 696 4349 Die
721 4293 748 4348 4.
767 4293 867 4350 titanis
884 4293 960 4349 lanii
982 4314 1010 4350 a.
1027 4295 1120 4349 1133.
1147 4295 1300 4351 Lotltariac
1323 4314 1386 4362 ren,
1411 4313 1471 4350 ercan
1495 4294 1611 4350 basilica
1634 4316 1655 4350 e.
1679 4293 1767 4363 Petri,
1792 4294 1820 4350 in
1845 4315 1901 4370 qua
1925 4294 2171 4369 imperatorumue

476 4399 620 4457 coronatio
652 4399 789 4456 celebrari
818 4399 963 4475 oportebat
992 4396 1044 4475 (cs.
1067 4400 1170 4470 Wata,
1197 4400 1347 4458 ‘Dentacia
1369 4401 1664 4478 Verfaasanpeparci!
1688 4397 1845 4476 VI,195j,
1877 4421 1896 4458 a
1920 4401 2001 4458 Petri
2023 4401 2127 4458 Leonis

475 4505 638 4582 sequacibus
668 4514 817 4576 teneretur,
849 4506 878 4562 ia
902 4505 1018 4563 basilica
1040 4528 1062 4563 e.
1088 4507 1225 4564 Iohannis
1247 4506 1385 4583 baptistae
1411 4508 1548 4565 Lateran.
1574 4507 1609 4564 ab
1632 4507 1795 4564 Innocentio
1813 4507 1949 4586 pontifice
1971 4507 2127 4583 imperator

477 4621 627 4670 coronatae
651 4620 705 4682 eat;
730 4612 771 4683 cs.
788 4611 958 4669 Bernhardi
980 4615 997 4669 l.
1016 4633 1038 4670 e.
1058 4635 1091 4689 p.
1111 4613 1173 4670 472
1190 4634 1250 4689 sq.,·
1276 4612 1462 4670 ittutttacter
1485 4616 1503 4670 l.
1522 4635 1544 4670 c.
1565 4635 1597 4689 p.
1619 4613 1689 4670 140.
1708 4615 1760 4670 41.
1853 4614 1883 4683 2)
1911 4611 1959 4685 Cf.
1985 4634 2028 4683 ca,
2053 4635 2127 4690 prae

475 4719 505 4776 in
523 4717 713 4794 praefatione
736 4720 770 4776 de
793 4726 923 4794 ternpore,
956 4739 1009 4795 qao
1033 4721 1176 4791 Araalsea
1199 4721 1249 4776 lice
1271 4720 1425 4795 scripserit,
1451 4721 1636 4796 exposuimus.
1730 4721 1760 4790 3)
1787 4719 1893 4795 Captus
1917 4729 1957 4778 cet
1980 4718 2127 4780 Girardae

476 4845 552 4882 uarro
576 4845 599 4881 c.
619 4824 713 4881 1132.
738 4825 774 4882 ab
790 4825 934 4883 Adanare
957 4827 991 4882 dc
1006 4826 1157 4896 archiaco,
1176 4824 1315 4895 Gailclrni,
1342 4826 1527 4884 Sarrteaertais
1551 4827 1680 4902 episcopi,
1706 4827 1816 4905 affine·
1841 4828 1880 4899 cs.
1899 4828 1976 4902 cpiat.
1995 4825 2128 4885 Guilelmi
2144 4845 2171 4883 to

476 4931 661 4989 Santaaeaeis
677 4933 719 4988 ad
730 4932 903 5009 Valpriaam,
918 4933 1157 5008 archiepiscopum
1169 4933 1382 5002 Biturieeaeern,
1399 4933 1494 4990 ἀαίαηι
1513 4930 1629 5007 (Labie,
1643 4933 1725 4990 Now
1741 4933 1802 4990 titt.
1815 4953 1957 4990 manaem.
1972 4943 1989 4990 t.
2004 4934 2044 5003 II,
2059 4929 2124 5009 83).

476 5038 535 5094 Sea
544 5040 634 5114 paula
649 5046 717 5114 post
734 5036 873 5108 Gailcimi,
899 5039 976 5095 dacae
993 5039 1172 5115 Aquitaniae,
1188 5039 1378 5115 anpriniqae,
1404 5040 1470 5096 dicti
1492 5040 1638 5111 Taillefer,
1661 5040 1765 5097 cernitis
1782 5040 2011 5117 Enpolirrncneir,
2036 5059 2126 5116 opera

475 5145 596 5214 adiutas,
621 5144 742 5201 libertati
764 5145 905 5202 restinctae
929 5153 984 5215 eat,·
1015 5146 1056 5216 cf.
1083 5145 1203 5202 Marata
1227 5147 1244 5200 l.
1263 5165 1285 5201 c.
1305 5167 1338 5221 p.
1358 5145 1417 5202 301
1436 5168 1478 5223 eq.
1579 5147 1609 5216 4)
1636 5147 1686 5203 Ea·
1709 5148 1760 5204 tac
1784 5145 1943 5205 Girardam
1966 5146 2124 5204 aaaboaern

468 5251 564 5321 saissa
587 5251 720 5329 efficiam.
798 5249 827 5321 5)
854 5249 1008 5308 Guilelmus
1032 5251 1071 5306 ΙΙ.
1098 5245 1314 5328 (1124-40).
1386 5253 1416 5324 6)
1442 5253 1610 5330 Eustarpias
1634 5247 1896 5328 (1106—1137).
1967 5254 1998 5322 7)
2023 5253 2125 5310 Petrae

476 5359 618 5414 ciceastre
635 5357 767 5426 Heraldi,
793 5377 872 5433 qaam
890 5355 1036 5414 Girardae
1059 5357 1087 5414 ia
1104 5359 1192 5414 locum
1210 5356 1349 5430 Guilelmi,
1375 5360 1498 5436 episcopi
1512 5360 1706 5429 Pictavieneie,
1730 5359 1942 5437 subrogaverat,
1968 5361 2023 5416 iarn
2048 5381 2125 5417 anno
2144 5378 2170 5417 aa

478 5462 571 5518 1123.
591 5473 659 5538 past
675 5462 845 5520 Gailclntil.
871 5464 993 5538 episcopi
1014 5464 1114 5520 abitum
1131 5466 1251 5534 electam,
1275 5467 1328 5522 ced
1348 5465 1380 5522 ab
1403 5466 1596 5542 indignitatem
1620 5466 1798 5541 reprobatam
1816 5467 1911 5538 faisse
1935 5487 1970 5524 eac
1994 5467 2125 5524 chronica

477 5569 611 5626 Malleac.
643 5570 732 5625 conici
756 5578 857 5645 potest,
889 5571 965 5646 quad
989 5590 1045 5627 non
1069 5570 1128 5626 siae
1151 5590 1257 5647 acapna
1282 5573 1473 5630 controversia
1498 5571 1663 5630 Guilclrnarn
1689 5573 1728 5630 II.
1754 5573 1911 5648 episcopam
1929 5574 2042 5645 „iactant
2067 5594 2126 5631 esse

475 5676 626 5754 affirraat,·
658 5677 697 5747 cs.
721 5673 820 5734 Gallia
845 5677 938 5733 christ.
964 5677 1010 5746 VI,
1031 5676 1133 5746 1172,·
1165 5675 1315 5749 Gaasredi
1338 5679 1434 5736 circat.
1454 5680 1528 5750 Vos„
1561 5680 1690 5756 Boaqaet
1720 5680 1789 5750 XII,
1815 5681 1896 5750 434,·
1928 5680 2056 5737 Ernaldi
2078 5681 2123 5737 eit.

475 5781 583 5839 Barna
609 5781 649 5852 II,
676 5781 726 5837 22.
753 5782 804 5852 33,
829 5782 958 5858 Baaquet
981 5783 1064 5852 XIV,
1091 5783 1164 5839 366.
