4418 6412
556 379 609 434 DE
631 377 965 436 INVESTIGATIONE
989 378 1243 437 ANTIOHRISTI
1264 381 1299 436 L.
1315 381 1339 438 1.
1717 374 1781 438 395

125 565 380 630 modificationis
403 564 525 651 templi,
550 566 692 630 maxime
708 587 786 630 vero
810 564 1043 652 impedimenta
1065 564 1288 648 reedificandi,
1313 588 1376 653 que
1400 566 1562 647 avicinis,
1587 579 1622 632 ut
1645 567 1678 630 in
1697 564 1780 630 libro

125 672 260 737 Neemie
284 671 433 758 legimus,
456 671 557 736 'facta
581 681 665 752 sunt,
694 693 822 736 necnon
846 683 878 736 et
900 671 996 760 mala,
1021 695 1084 759 que
1107 673 1197 758 genti
1220 671 1394 738 Iudeornm
1417 695 1477 760 per
1497 673 1606 737 Amen
1628 673 1780 760 impiissi-
1799 659 1957 764 i{;‚²,·,¹,lf‘¹'·⁴·

124 801 212 843 mum
240 777 442 866 temporibus
465 779 639 843 Persarum
664 789 696 843 et
718 777 889 844 Medorum
919 791 994 852 sunt
1023 777 1122 860 illata,
1152 777 1353 865 temporibus
1384 779 1546 844 heresium
1577 790 1610 844 et
1638 780 1780 866 pessimo

124 879 231 951 studio
256 885 473 951 hereticorum
496 895 606 950 nostra
629 885 880 970 investigatione
904 885 1083 950 assimilata
1106 896 1189 950 sunt.
1225 884 1269 950 At
1285 909 1363 951 vero
1386 885 1490 968 malis,
1515 909 1578 973 que
1602 885 1663 951 suh
1678 908 1780 972 regno

90 1017 105 1056 ε
125 991 307 1058 Grecomm
332 991 447 1057 eadem
471 1013 552 1078 gens
570 991 745 1057 Iudeorum
767 1013 865 1078 passa
888 1001 947 1073 est,
971 991 1082 1078 templi
1106 991 1260 1056 videlicet
1282 993 1508 1079 prophanatio,
1532 994 1695 1080 gymnasii
1719 992 1780 1058 sub

124 1100 198 1186 ipsa
220 1121 295 1164 arce
310 1097 509 1164 ierosolimis
533 1098 740 1180 constructio,
764 1121 938 1185 puerorum
961 1099 1155 1185 prostitutio,
1180 1099 1213 1162 in
1228 1099 1299 1185 ipso
1324 1099 1444 1186 templo
1467 1098 1547 1164 idoli
1570 1097 1779 1165 abominandi

123 1207 242 1292 positio
274 1218 307 1270 et
336 1205 507 1270 mulierum
537 1205 778 1292 prophanatum
809 1203 978 1286 habitatio,
1009 1203 1169 1269 venalitas
1202 1204 1389 1287 sacerdotii,
1426 1205 1467 1269 ad
1498 1206 1596 1270 ritum
1626 1205 1779 1292 gentilem

123 1312 315 1400 compulsio,
339 1311 554 1376 multitudinis
578 1313 801 1398 interemptio:
831 1312 902 1394 hec,
926 1312 1071 1398 inquam,
1096 1321 1128 1376 et
1152 1321 1260 1376 cetera
1284 1312 1373 1398 genti
1395 1310 1569 1376 Iudeorum
1594 1309 1654 1376 sub
1677 1335 1778 1399 regno

124 1417 308 1484 Greeorum
335 1417 423 1483 mala
445 1417 535 1482 illata
558 1417 741 1505 periculoso
766 1427 1003 1505 consequenter
1025 1417 1100 1482 huic
1124 1418 1262 1504 tempori
1287 1417 1507 1500 conferuntur,
1538 1419 1659 1504 inquo
1684 1421 1778 1484 simo·

75 1553 104 1590 ιο
122 1527 293 1590 niacomm
322 1526 509 1612 principum
539 1536 570 1588 et
600 1523 808 1590 sacerdotum
838 1525 1107 1589 incontinentium
1136 1525 1258 1611 pariter
1281 1536 1314 1588 et
1337 1546 1400 1611 que
1425 1547 1483 1589 sua
1511 1535 1595 1606 sunt,
1626 1549 1690 1590 non
1715 1549 1778 1614 que
1798 1550 1927 1600 mnan.

123 1633 201 1697 Iesu
217 1631 348 1715 Christi,
374 1633 550 1696 simoniace
574 1634 608 1696 in
625 1631 766 1696 ecclesia
782 1633 996 1718 querentium,
1014 1630 1154 1696 ecclesia
1170 1631 1235 1695 Dei
1258 1653 1344 1696 nune
1368 1641 1593 1717 tempestatem
1618 1655 1659 1696 aa·
1672 1631 1779 1697 multi·

123 1739 272 1804 tudinem
294 1741 440 1804 incurrit.
487 1738 612 1826 Nempe
637 1737 764 1803 adhoc
787 1739 928 1825 pertinet
951 1737 1006 1802 illa
1030 1737 1188 1824 digressio
1212 1748 1321 1802 nostra
1345 1760 1446 1824 prope
1469 1740 1610 1825 ystorice
1634 1738 1778 1825 descrip-

123 1847 222 1910 tionis
239 1845 280 1910 de
296 1844 670 1932 pseudosacerdotibus⁸
694 1868 733 1909 ac
756 1843 1025 1931 pseudoregibus,
1050 1844 1091 1908 de
1116 1846 1321 1909 contentione
1339 1867 1468 1931 quoque
1491 1846 1585 1931 regni
1608 1867 1647 1910 ac
1672 1867 1778 1910 sacer-

124 1953 215 2035 dotii,
240 1975 304 2039 qua
328 1954 469 2018 invicem
492 1963 664 2039 utrumque
689 1950 821 2016 alterius
845 1949 909 2016 sibi
931 1952 1003 2015 iura
1026 1950 1230 2017 vendicando
1255 1962 1389 2016 actenus
1420 1951 1625 2035 dimicarunt,
1656 1953 1690 2016 in
1713 1975 1778 2040 qua

75 2085 103 2124 rs
124 2060 223 2124 etiam
240 2060 445 2124 contentione
462 2058 701 2146 pseudochristi
716 2069 748 2122 et
763 2057 1047 2144 pseudoprophete
1063 2057 1156 2123 multi
1179 2068 1399 2140 surrexerunt,
1416 2069 1452 2123 ut
1467 2057 1523 2122 tali
1540 2061 1633 2146 quasi
1657 2081 1777 2145 aggere
1797 2083 1955 2133 necessest.

123 2165 260 2231 anobis
284 2164 349 2232 late
373 2167 581 2230 circumiecto
605 2165 689 2229 intra
713 2166 781 2229 eins
805 2161 962 2229 ambitum
986 2163 1101 2246 bestie,
1126 2187 1188 2251 que
1213 2163 1431 2230 Antichristus
1456 2165 1584 2247 dicitur,
1608 2165 1777 2231 latibulum

123 2274 359 2358 investigeturb
376 2273 531 2358 sagatius.
565 2271 632 2338 Sed
649 2271 802 2358 qnoniam
818 2273 852 2334 in
868 2271 1069 2358 exquirendo
1086 2269 1359 2336 abominationem
1377 2271 1595 2354 desolationis,
1611 2294 1674 2359 que
1690 2272 1778 2338 dicta

123 2391 173 2445 est
196 2403 217 2444 a
239 2379 380 2445 Daniele
411 2379 580 2466 propheta,
612 2379 746 2464 insuper
768 2399 846 2442 vero
877 2387 909 2442 et
938 2401 958 2442 a
989 2377 1119 2443 domino
1149 2389 1260 2443 nostro
1283 2378 1359 2442 Iesu
1383 2377 1512 2443 Christo
1543 2379 1576 2443 in
1607 2378 1777 2464 euangelio
1798 2404 1871 2446 vars.

122 2487 282 2574 predicta,
306 2486 402 2550 latius
427 2485 558 2571 evagati
581 2507 620 2549 ac
637 2483 758 2549 diutius
781 2486 815 2548 in
832 2484 1012 2549 extruendo
1030 2484 1189 2549 eiusmodi
1212 2483 1383 2549 bestialem
1406 2483 1593 2571 indaginem
1618 2485 1779 2549 immorati

75 2620 105 2658 so
123 2617 245 2676 sumus,
263 2617 312 2675 ea,
328 2615 392 2680 que
409 2592 493 2657 duce
510 2602 621 2657 sancto
639 2591 762 2678 Spiritu
778 2592 933 2678 sagatiori
956 2592 1200 2677 investigationi
1216 2593 1358 2678 reposita
1374 2601 1458 2673 sunt,
1483 2589 1525 2655 ab
1542 2590 1605 2656 alio
1622 2590 1780 2656 sumenda

123 2700 277 2764 videntur
304 2699 450 2780 exordio,
481 2722 554 2764 cum
582 2700 687 2784 primo
712 2721 761 2780 ea,
786 2720 849 2784 que
872 2698 949 2763 lesu
972 2696 1094 2762 Christi
1125 2698 1221 2764 simul
1250 2709 1282 2763 et
1312 2697 1451 2763 ecclesie
1481 2699 1614 2785 propria
1645 2709 1779 2762 eatenus

123 2808 381 2893 premiserimus,
413 2816 572 2892 quatenus
607 2804 650 2868 ad
684 2815 813 2870 nostrae
847 2805 1035 2869 intentionis
1070 2816 1215 2870 tenorem
1251 2817 1283 2870 et
1314 2804 1507 2871 Antichristi
1541 2807 1777 2893 oppositionem

123 2924 272 3001 spectare
296 2913 458 2978 videntur.

231 3020 270 3084 Id
300 3043 379 3084 sane
414 3021 448 3084 in
477 3020 621 3106 presenti
655 3018 764 3084 libello
799 3019 930 3084 interim
963 3019 1196 3105 investigatum
1226 3041 1298 3083 esse
1334 3019 1488 3100 sufficiat,
1520 3018 1608 3106 quod
1638 3041 1706 3101 res,
1738 3018 1778 3083 de

77 3149 190 3214 sequa
219 3128 336 3213 agitur,
367 3127 652 3212 investigationem
682 3125 840 3190 admittat.
887 3125 971 3190 Nam
1000 3127 1084 3190 sicut
1110 3124 1293 3206 Babilonia,
1323 3126 1363 3190 de
1393 3149 1457 3212 qua
1486 3127 1670 3190 nasciturus
1699 3125 1779 3190 dici·

124 3243 177 3298 tur
204 3233 437 3316 Antichristus,
467 3255 533 3296 non
563 3231 666 3297 solum
697 3231 752 3296 illa
782 3231 969 3318 metropolis
1000 3231 1099 3314 Sirie,
1130 3231 1189 3296 sed
1220 3242 1252 3296 et
1281 3232 1384 3296 Roma
1415 3233 1530 3296 civitas
1553 3232 1699 3318 tropice,
1730 3232 1778 3295 in·

125 3363 323 3427 supervere
348 3351 380 3404 et
402 3338 516 3403 mundi
545 3338 640 3403 huius
664 3339 697 3402 in
721 3338 863 3425 maligno
886 3339 984 3425 positi
1007 3338 1154 3404 confirsio
1178 3350 1266 3404 recte
1290 3319 1386 3403 valei
1406 3337 1543 3424 intelligi
1568 3349 1601 3402 et
1623 3337 1777 3424 quemad·
1796 3364 1955 3413 serronem.

124 3447 256 3512 modum
287 3456 417 3511 sanctus
447 3445 548 3527 locus,
579 3446 700 3532 inquo
731 3455 853 3510 statura
884 3445 1003 3510 dicitur
1032 3443 1229 3509 abominatio
1260 3444 1468 3510 desolationis
1493 3456 1525 3509 et
1548 3444 1713 3530 templum,
1744 3445 1777 3508 in

126 3576 190 3640 quo
220 3575 367 3618 sessurus
401 3552 486 3617 filius
519 3552 709 3638 perditionis
745 3552 787 3616 ad
817 3552 881 3617 duo
912 3551 1134 3638 equivocatur,
1169 3550 1212 3615 ad
1241 3551 1396 3639 templum
1426 3550 1580 3615 videlicet
1610 3549 1778 3637 quodlibet

77 3688 106 3729 so
124 3661 346 3725 manufactum
377 3671 409 3724 θῖ
439 3658 622 3741 ecclesiam,
651 3653 714 3745 que
745 3669 794 3723 θεῖ
823 3657 980 3745 templum
1003 3657 1068 3722 Dei
1090 3659 1169 3740 vivi,
1194 3657 1344 3722 columna
1371 3667 1404 3722 et
1431 3657 1669 3722 firmamentum
1692 3657 1776 3721 veri-

125 3768 210 3849 tatis,
235 3767 275 3832 de
300 3789 364 3853 quo
387 3790 473 3832 nunc
497 3767 614 3852 partim
643 3788 702 3852 pro
734 3764 863 3830 modulo
894 3775 1003 3830 nostro
1032 3775 1205 3830 tractatum
1236 3774 1301 3828 est:
1332 3766 1378 3830 ita
1402 3775 1434 3829 et
1456 3764 1540 3851 Elye
1564 3763 1617 3828 vel
1639 3763 1777 3828 duomm
1796 3757 1944 3860 Μῇῌ,

124 3875 254 3938 testium
278 3873 438 3938 adventus
462 3883 568 3960 potest
589 3871 752 3952 bifariam,
777 3870 811 3936 id
834 3881 884 3936 est
906 3869 960 3935 vel
984 3871 1160 3958 corporalis
1184 3871 1238 3936 vel
1260 3867 1447 3958 spirituilis,
1471 3870 1618 3957 intelligi,
1635 3881 1670 3935 ut
1686 3869 1776 3934 vide·

124 3979 202 4045 licet
223 3980 325 4068 Elyas
349 3990 382 4044 et
403 3979 519 4045 Enoch
542 3989 597 4045 aut
621 3988 709 4044 certe
725 3978 826 4065 Elyas
850 3989 882 4042 et
905 3978 1036 4065 Moyses
1060 3980 1094 4043 in
1116 3979 1257 4065 propriis
1280 3980 1427 4065 personis
1452 3987 1507 4042 aut
1530 3976 1585 4042 alii
1607 3979 1641 4040 in
1665 3999 1777 4041 eorum

125 4087 240 4174 spiritu
262 4089 406 4151 veniant.
453 4084 608 4151 Similiter
631 4096 663 4151 et
687 4085 807 4150 occisio
831 4084 1008 4150 eorundem
1038 4095 1146 4172 potest
1176 4084 1302 4150 duobus
1325 4084 1440 4168 modis,
1470 4083 1506 4149 id
1529 4095 1578 4148 est
1600 4083 1776 4148 materialis

77 4221 107 4262 ss
126 4205 159 4258 et
182 4192 368 4280 spiritualis,
392 4203 448 4257 aut
464 4203 551 4257 certe
568 4203 704 4279 utroque
721 4190 817 4256 modo
833 4191 949 4277 accipi,
974 4191 1073 4255 nichil
1097 4190 1212 4256 horum
1229 4190 1471 4256 contradicente
1490 4213 1547 4255 seu
1564 4189 1776 4255 determinate

125 4311 291 4365 asserente
322 4301 493 4386 scriptura.
540 4299 607 4364 Sed
637 4311 668 4363 et
693 4297 748 4363 'de
771 4296 875 4362 tribus
905 4296 1038 4383 regibus
1069 4297 1110 4362 ab
1133 4297 1334 4363 Antichristo
1365 4294 1557 4384 superandis
1587 4296 1776 4383 prophetico
1796 4325 1887 4376 *ens

125 4406 296 4472 locutionis
320 4405 416 4471 modo
439 4428 499 4493 per
521 4406 693 4470 Danielem
718 4402 779 4469 snb
801 4416 880 4491 typo
896 4403 1051 4469 Antiochi
1074 4403 1212 4469 obscure
1236 4403 1359 4469 dictum
1382 4415 1440 4486 est,
1465 4405 1510 4468 ita
1533 4413 1569 4468 ut
1593 4425 1691 4489 super
1713 4404 1776 4467 sin-

124 4513 210 4599 gulis
232 4513 293 4596 his,
318 4512 376 4577 sed
400 4523 432 4577 et
455 4535 553 4599 super
569 4524 735 4578 caractere
758 4533 798 4575 ac
817 4511 949 4575 nomine
964 4508 1069 4575 bestie
1085 4512 1293 4596 investigatio
1309 4533 1374 4574 non
1391 4510 1493 4574 solum
1517 4509 1623 4575 locum
1647 4508 1776 4591 habeat,

125 4619 185 4684 sed
208 4631 241 4685 et
263 4619 359 4684 valde
382 4620 626 4706 pernecessaria
651 4619 701 4700 sit,
732 4619 760 4682 si
783 4619 866 4683 forte
896 4617 1040 4681 inveniri
1059 4619 1171 4704 possit,
1196 4615 1275 4703 quid
1297 4618 1382 4682 inter
1404 4617 1465 4682 hec
1489 4615 1643 4702 ambigua
1666 4627 1698 4681 et
1721 4615 1777 4680 ob-

77 4757 107 4795 40
126 4749 222 4792 scura
251 4727 355 4812 magis
385 4726 559 4792 tenendum
591 4727 671 4790 ratio
702 4723 848 4806 suadeat,
880 4723 1041 4810 scriptura
1070 4747 1135 4788 non
1160 4723 1412 4789 contradicente.
1460 4723 1527 4790 Sed
1556 4723 1616 4788 hec
1647 4722 1777 4787 favente

126 4833 279 4915 Domino,
303 4855 377 4898 omn
401 4834 500 4898 adid
524 4843 657 4898 ventum
679 4832 787 4914 fuerit,
813 4852 952 4918 sequens
975 4831 1183 4917 investigatio
1208 4829 1423 4917 attemptabit.

201 4964 465 5041 EXPLICITc
494 4966 645 5041 LIBER.
671 4963 859 5040 PRIMUS
885 4961 1339 5039 INVESTIGA'PIONIS
1366 4961 1709 5040 ANTICHRISTI.

235 5175 262 5240 a)
284 5180 388 5246 pseudo
407 5180 435 5230 in
454 5181 504 5232 loco
522 5197 579 5230 raso
597 5196 617 5230 a
690 5176 719 5242 b)
741 5179 902 5229 investiatur
920 5196 940 5230 c.
1014 5173 1039 5238 c)
1059 5177 1137 5227 nanto
1155 5195 1202 5228 scr.
1220 5194 1240 5227 c.

819 5461 1085 5470 -.--...-.---
