4410 6406
460 377 524 442 280
752 383 934 441 GERHOHI
956 380 1189 439 PRAEPOSITI
1211 378 1618 438 REICHERSBERGENSIS
1642 379 1807 436 LIBELLI.

458 573 632 638 revixisset
655 594 698 636 ex
721 569 918 658 apostolicae
943 569 1031 634 sedis
1055 571 1258 634 auctoritate.
1297 569 1530 634 Verumtamen
1553 568 1587 632 in
1610 565 1749 631 concilio
1765 565 1982 630 Lateraneusi
1994 568 2015 644 ¹,
2040 585 2107 629 cum

458 679 573 744 fuisset
596 679 733 742 recitata
756 678 842 764 regis
868 677 1065 764 conscriptio
1089 675 1129 740 de
1154 676 1347 741 refutatione
1376 675 1566 740 investitura
1597 672 1811 761 peraculum
1835 683 1868 737 et
1890 670 2057 751 baculum,
2079 681 2108 734 et

459 785 540 850 haec
570 785 670 849 multo
701 806 837 849 assensu
866 783 965 848 totius
995 782 1125 847 concilii
1156 782 1272 847 finisset
1294 780 1485 869 approbata,
1515 779 1686 867 legebatur
1709 801 1839 868 quoque
1862 778 1920 843 illa
1942 779 2108 843 concessio

459 891 546 956 facta
569 892 768 978 imperatori,
793 912 857 978 qua
882 888 1118 970 continebatur,
1142 899 1178 953 ut
1201 889 1347 975 episcopi
1363 887 1536 952 Teutonici
1559 888 1594 951 in
1613 888 1780 974 presentia
1803 887 1890 972 regis
1914 884 2110 970 eligerentur

459 1009 491 1063 et
514 996 638 1084 regalia
660 1019 720 1084 per
743 1007 907 1084 sceptrum
930 997 1127 1082 acciperent.
1167 993 1234 1061 Sed
1256 995 1318 1060 hoc
1342 995 1463 1081 scripto
1486 995 1521 1059 in
1541 993 1708 1059 audientia
1731 993 1838 1058 sinodi
1860 993 1998 1057 recitato
2023 1001 2139 1055 tantas

458 1105 520 1169 fuit
542 1104 715 1169 multorum
740 1103 926 1169 reclamatio
951 1101 1144 1167 dicentium:
1176 1102 1265 1167 ‘Nou
1287 1101 1405 1188 placet,
1428 1124 1494 1166 non
1517 1100 1650 1188 plaeet',
1675 1123 1758 1188 quae
1782 1101 1840 1164 vix
1862 1099 2007 1186 potuerit
2030 1098 2111 1162 miti-

458 1211 530 1298 gari
553 1233 653 1275 causa
675 1209 813 1292 reddita,
837 1208 925 1296 quod
948 1218 1082 1296 propter
1096 1231 1211 1296 pacem
1226 1208 1467 1273 reformandam
1491 1207 1570 1272 talia
1592 1217 1701 1272 essent
1723 1229 1788 1272 non
1804 1204 2031 1294 approbanda,
2056 1204 2112 1268 sed

458 1317 638 1382 toleranda.
686 1315 778 1382 Sicut
800 1326 909 1381 autem
925 1315 1085 1380 aecclesia
1108 1315 1141 1378 in
1158 1316 1209 1379 sui
1231 1315 1407 1402 primordio
1432 1313 1602 1380 crescebat
1625 1324 1658 1379 et
1680 1312 1924 1379 confortabatur
1940 1311 2111 1377 ambulans

458 1426 493 1489 in
515 1425 665 1489 timorem
687 1424 762 1504 Dei,
795 1423 842 1488 sic
866 1433 899 1487 et
921 1445 1008 1487 nunc
1037 1444 1097 1508 per
1119 1422 1185 1486 Dei
1213 1423 1352 1508 gratiam
1376 1421 1515 1487 ecclesia
1539 1433 1705 1486 crescente
1729 1432 1826 1508 atque
1850 1420 2037 1487 confortata
2058 1418 2113 1483 illa

460 1541 592 1618 propter
620 1527 735 1617 pacem
766 1528 943 1594 obtinenda
972 1538 1099 1594 extorta
1129 1530 1299 1593 concessio
1328 1531 1446 1616 partim
1475 1539 1524 1594 est
1553 1527 1760 1610 annichilata,
1785 1528 1862 1614 quia
1885 1527 1960 1592 Deo
1989 1527 2111 1614 gratias
2130 1551 2153 1590 ro

460 1636 583 1724 absque
613 1638 700 1723 regis
730 1637 896 1723 presentia
918 1635 1000 1700 fiunt
1023 1635 1198 1700 electiones
1222 1637 1480 1722 episcoporum².
1526 1635 1566 1700 In
1589 1635 1738 1721 proximo
1761 1634 1905 1699 futurum
1930 1655 2111 1720 speramus,

459 1753 495 1808 ut
518 1753 550 1808 et
572 1742 652 1808 illud
676 1742 796 1807 malum
813 1741 854 1806 de
870 1741 978 1807 medio
994 1741 1061 1825 fiat,
1085 1764 1126 1806 ne
1150 1765 1209 1828 pro
1233 1740 1407 1828 regalibus,
1430 1743 1529 1806 immo
1553 1743 1618 1806 iam
1642 1763 1707 1806 non
1730 1739 1905 1827 regalibus,
1931 1739 1990 1804 sed
2007 1739 2111 1804 eccle·

460 1851 599 1914 siasticis
630 1848 778 1914 dicendis
809 1847 1017 1915 facultatibus
1048 1847 1089 1913 ab
1120 1849 1284 1935 episcopis
1313 1848 1513 1914 hominium⁸
1543 1848 1601 1912 liat
1623 1847 1675 1912 vel
1706 1857 1956 1930 sacramentum,
1988 1846 2049 1911 sed
2072 1849 2112 1910 eit

460 1957 623 2044 episeopis
646 1955 784 2021 liberum
808 1978 860 2020 res
885 1955 1097 2022 ecclesiarum
1116 1955 1284 2043 possidere
1308 1954 1349 2020 de
1372 1956 1442 2020 iure
1467 1955 1686 2020 concessionis
1711 1954 1875 2041 antiquae,
1900 1954 1986 2018 sicut
2010 1964 2112 2018 mater

459 2063 692 2129 aecclesiarum
707 2063 855 2127 Romana
878 2061 1018 2127 eeclesia
1040 2062 1187 2149 possidet
1209 2083 1293 2150 qnae
1318 2061 1358 2126 de
1382 2063 1452 2126 iure
1476 2060 1649 2126 oblationis
1672 2060 1725 2125 vel
1748 2059 1931 2125 traditionis
1956 2061 2110 2147 antiquae
2130 2084 2151 2122 u

459 2181 556 2235 tenet.
591 2170 825 2234 Verumtamen
847 2168 928 2233 illud
950 2191 1014 2233 nou
1030 2168 1161 2234 videtur
1183 2169 1427 2250 inconveniens,
1451 2169 1603 2256 quoniam
1628 2167 1669 2233 ab
1687 2168 1849 2255 episcopis
1873 2167 2111 2254 mundanarum

459 2277 653 2364 dignitatum
683 2275 793 2340 officia
822 2297 888 2340 non
918 2274 1040 2340 debent
1069 2277 1309 2358 amministrari,
1341 2274 1398 2340 sed
1428 2273 1470 2340 ab
1500 2275 1551 2340 his
1579 2274 1698 2362 quibus
1728 2275 1792 2362 ipsi
1815 2295 1870 2340 eas
1896 2275 2109 2354 committunt,

460 2393 619 2470 quatenus
648 2405 708 2469 per
735 2381 860 2447 iudices
891 2381 933 2446 ab
958 2383 1121 2469 episcopis
1151 2381 1317 2447 ordinatos
1346 2381 1480 2467 regibus
1510 2392 1698 2468 competens
1728 2381 1785 2447 fiat
1814 2380 1973 2446 auxilium
2004 2382 2038 2446 in
2062 2381 2109 2446 his

282 2517 439 2566 alumnos.
459 2491 630 2555 dumtaxat
651 2488 797 2575 negociis
821 2488 1033 2575 exequendis,
1058 2488 1100 2552 ad
1116 2511 1200 2575 quae
1216 2487 1405 2576 peragenda
1427 2489 1551 2553 moveri
1573 2498 1680 2554 eastra
1703 2487 1868 2575 compellit
1883 2487 2020 2575 clangor
2036 2511 2109 2553 con-

459 2598 546 2661 cisus
569 2595 668 2661 tubae
692 2595 913 2660 sacerdotalis.
959 2595 999 2660 In
1022 2595 1108 2660 hunc
1131 2594 1263 2660 modum
1287 2597 1437 2660 concisus
1462 2595 1597 2682 clangor
1618 2597 1762 2660 insonuit
1784 2618 1844 2682 per
1866 2606 1979 2660 sancte
2003 2617 2108 2660 recor·
2126 2618 2149 2656 so

459 2703 599 2768 dationis
622 2725 741 2789 papam
766 2701 936 2767 Urbanum
960 2702 1149 2784 secundum,
1174 2701 1305 2789 quando
1329 2702 1417 2788 apud
1440 2702 1584 2767 Montem
1601 2701 1756 2768 Olarnm³
1778 2704 1943 2790 principes
1967 2703 2108 2767 Franco·

458 2833 530 2875 rum
548 2810 747 2874 commonuit
762 2809 943 2874 exercitum
959 2808 1112 2895 colligere
1129 2807 1171 2874 ad
1187 2819 1333 2874 sanctam
1350 2810 1515 2874 civitatem
1530 2809 1709 2874 Ierusalem
1734 2821 1766 2875 et
1788 2810 1823 2874 in
1839 2831 1878 2874 ea
1901 2809 2107 2896 sepulchrum

458 2917 593 2982 Domini
622 2915 664 2981 de
691 2939 790 2980 mauu
819 2937 1022 3002 paganorum
1051 2914 1201 2998 liberare,
1233 2914 1350 3003 quibus
1380 2927 1513 3003 propter
1542 2916 1803 2981 conservandum
1835 2917 1869 2980 in
1900 2915 2107 3003 expeditione

459 3023 733 3088 christianismum
758 3021 935 3087 destinavit
956 3021 1152 3087 Podiensem
1181 3023 1370 3109 episcopum
1379 3027 1402 3106 ⁴,
1426 3024 1533 3087 virum
1560 3023 1754 3110 prudentem
1777 3033 1810 3088 et
1831 3022 2031 3110 religiosum,
2063 3025 2107 3087 sio

459 3129 609 3194 distincte
640 3139 738 3216 atque
762 3129 894 3194 concise
917 3151 1039 3194 canens
1066 3151 1104 3193 ac
1129 3128 1260 3212 doeens,
1283 3139 1320 3192 ut
1342 3127 1495 3194 terribilis
1518 3129 1611 3194 fieret
1633 3141 1812 3194 castrorum
1836 3131 1924 3195 acies
1949 3130 2106 3211 ordinata,
2124 3152 2147 3191 n

458 3238 614 3323 inquam
642 3235 815 3322 episcopus
845 3258 920 3300 cum
949 3234 1109 3321 religiosis
1140 3234 1364 3300 sacerdotibus
1388 3234 1500 3300 divino
1524 3237 1662 3301 servicio
1685 3235 1871 3323 invigilaret
1894 3246 1927 3302 et
1953 3236 2106 3302 fortitudo

459 3341 596 3407 militurn
619 3365 677 3429 pro
701 3341 786 3406 illius
810 3341 958 3406 doctrina
982 3364 1016 3406 se
1041 3341 1219 3428 prudenter
1241 3352 1362 3427 ageret.

565 3449 688 3513 Verum
704 3471 791 3513 nunc
808 3448 901 3513 aliter
916 3447 1075 3513 clamatur
1089 3471 1195 3536 neque
1212 3450 1353 3532 concise,
1374 3449 1433 3513 sed
1449 3448 1583 3514 confuse
1600 3450 1727 3514 canitur
1742 3461 1839 3537 atque
1856 3449 1936 3514 illud
1952 3451 2107 3537 scriptum

282 3537 441 3642 &lm
459 3566 644 3639 renovatur,
658 3578 721 3643 quo
737 3555 868 3642 scripsit
883 3577 943 3619 rex
954 3554 1136 3620 Antiochus
1152 3555 1239 3620 omni
1255 3577 1356 3642 regno
1373 3577 1441 3637 suo,
1454 3567 1490 3620 ut
1506 3566 1592 3621 esset
1603 3557 1706 3622 omnis
1720 3556 1857 3644 populns
1870 3579 1963 3621 unus.
1992 3557 2106 3644 Neque

459 3663 545 3727 enim
569 3672 618 3727 est
641 3662 795 3728 distantia
817 3663 902 3726 inter
924 3662 1044 3726 laicum
1068 3673 1100 3726 et
1123 3663 1312 3749 episcopum
1323 3666 1344 3745 ⁵,
1374 3661 1503 3749 quando
1527 3685 1586 3727 rex
1609 3673 1718 3728 movet
1742 3665 1931 3746 exercitum,
1960 3685 2026 3728 non
2049 3687 2106 3750 pro
2125 3687 2149 3726 a

459 3769 669 3834 sacerdotalis
685 3768 784 3834 tubae
808 3778 915 3850 cantu,
940 3767 1000 3832 sed
1015 3790 1073 3854 pro
1091 3791 1148 3833 suo
1164 3767 1258 3833 libitu
1274 3779 1316 3850 et,
1341 3770 1368 3832 si
1392 3768 1434 3832 ad
1457 3769 1552 3852 iusta,
1577 3769 1635 3834 sed
1658 3792 1724 3834 non
1746 3771 1840 3852 iuste,
1862 3771 1940 3857 quia
1962 3793 2029 3835 non
2052 3793 2107 3835 ex-

459 3877 597 3962 quiritur
618 3875 673 3940 vel
696 3885 888 3962 expectatur
911 3874 1111 3939 sacerdotale
1135 3875 1305 3940 consilium
1329 3875 1372 3940 ad
1394 3875 1591 3940 movendum
1607 3876 1660 3940 vel
1675 3876 1892 3963 colligendum
1916 3878 2106 3960 exereitum,

459 3980 546 4069 quod
562 3983 590 4046 si
606 3981 774 4047 audiretur
788 3983 882 4064 iuste,
898 3983 983 4046 iusto
1000 3983 1158 4046 exercitui
1175 3981 1331 4046 auxilium
1344 3981 1523 4047 aecclesiae
1540 3981 1714 4048 deberetur
1729 3986 1870 4048 maxime
1887 3983 1928 4049 ab
1945 3985 2106 4070 episcopis

460 4111 502 4153 ex
518 4089 611 4175 regni
626 4088 781 4154 facultate
799 4087 918 4154 ditatis.
953 4086 1143 4153 Cuiusmodi
1164 4100 1270 4153 autem
1287 4087 1329 4153 ab
1346 4089 1508 4175 episcopis
1525 4087 1641 4154 deceat
1656 4089 1726 4154 fieri
1743 4090 1900 4155 auxilium
1916 4089 2049 4176 regibus
2066 4089 2108 4156 ad

350 4221 441 4263 *snm
460 4194 681 4282 peragendum
698 4194 821 4282 aliquid
838 4196 975 4259 *iustrrm
989 4196 1172 4282 negocium,
1189 4194 1242 4260 vel
1265 4217 1307 4260 ex
1330 4195 1507 4282 apostolice
1532 4195 1618 4260 sedis
1641 4196 1794 4262 mandato
1810 4197 1863 4262 vel
1879 4219 1920 4262 ex
1938 4198 2105 4284 episcopo·
2126 4219 2151 4260 ss

459 4325 529 4366 rum
547 4301 681 4366 consilio
699 4300 895 4366 destinatum
910 4301 1054 4387 perfecte
1071 4301 1280 4366 determinari
1295 4303 1574 4389 pernecessarium
1589 4302 1728 4386 videtur,
1748 4326 1790 4368 ne
1806 4303 1859 4368 vel
1875 4305 2038 4390 episeopis
2054 4303 2108 4368 vel

460 4407 591 4495 regibus
615 4408 740 4473 licitum
762 4418 893 4495 putetur
916 4407 1155 4473 ecclesiasticas
1177 4409 1347 4474 facultates
1371 4407 1523 4495 dissipari
1546 4408 1666 4474 debere
1690 4433 1749 4496 pro
1766 4409 1995 4498 qualicumque
2015 4433 2107 4475 occa·

460 4515 561 4579 sione.
596 4515 660 4579 Pro
678 4516 770 4580 cuius
787 4515 834 4580 rei
851 4516 1038 4580 cautissima
1053 4515 1264 4602 dispositione
1281 4513 1466 4579 universale
1491 4515 1663 4580 concilium
1686 4517 1794 4602 potius
1817 4527 1903 4582 esset
1926 4539 2108 4582 convocan-

460 4621 546 4700 dum,
558 4643 656 4707 quam
672 4620 752 4686 illud
769 4621 976 4709 sacrilegium
989 4621 1267 4704 dissimulandum,
1281 4621 1398 4708 quode
1412 4622 1512 4686 sacris
1528 4620 1626 4688 rebus
1638 4622 1794 4688 militatur
1805 4623 1983 4689 sceleribus
2000 4648 2020 4689 a
2034 4647 2106 4711 per·

460 4728 547 4791 sonis
563 4729 772 4811 consecratis,
785 4728 873 4816 quod
885 4739 935 4792 est
949 4730 1140 4815 mysterium
1155 4727 1336 4815 profundae
1352 4728 1537 4814 impietatis.
1568 4729 1661 4795 Haec
1678 4741 1786 4795 autem
1802 4731 1952 4816 impietas
1967 4732 2033 4796 iam
2049 4754 2108 4817 per
2125 4753 2151 4794 so

459 4844 606 4920 tempora
628 4834 729 4899 multa
751 4836 903 4920 regnavit
925 4837 959 4899 in
975 4834 1146 4917 aeeclesia,
1170 4834 1247 4900 dum
1264 4857 1403 4921 eaquae
1427 4833 1601 4900 adversum
1616 4838 1747 4923 pietatis
1771 4837 1887 4902 collata
1910 4849 1985 4903 sunt
2008 4839 2107 4925 impie

459 4950 666 5006 vastarentur
681 4952 713 5006 et
729 4963 890 5028 pauperes
906 4939 1027 5006 Christi
1042 4941 1294 5028 negligerentur,
1311 4952 1408 5029 atque
1425 4940 1564 5007 cenobia
1578 4943 1680 5009 multa
1695 4943 1948 5028 destruerentur,
1965 4947 2106 5010 maxime

461 5070 544 5134 qnae
569 5047 762 5112 dicebantur
785 5069 856 5112 esse
880 5047 1004 5134 regalia
1027 5070 1140 5134 regum
1163 5048 1318 5113 videlicet
1347 5048 1527 5135 privilegiis
1552 5049 1681 5115 donata.
1729 5049 1795 5115 Sed
1819 5073 1838 5115 a
1860 5062 2007 5139 tempore
2033 5051 2107 5118 bea-

283 5181 441 5230 muman.
461 5155 605 5218 tissimae
631 5154 865 5219 recordationis
889 5177 973 5242 pape
998 5153 1151 5241 Gregorii
1173 5155 1248 5236 VH,
1279 5155 1336 5242 qui
1365 5155 1489 5241 primus
1515 5158 1677 5242 percussit
1699 5167 1797 5244 caput
1820 5157 1861 5222 de
1885 5157 1981 5224 domo
2005 5159 2106 5246 impii,

568 5351 594 5414 a)
616 5355 728 5407 hominu
745 5373 766 5406 c.
2124 5369 2151 5409 tt

571 5515 599 5587 1)
624 5517 659 5574 A.
680 5519 773 5575 1123.
801 5516 923 5576 &acilio
948 5518 1141 5577 Lateranemi
1163 5517 1280 5578 Gerbolt
1303 5519 1362 5594 ipsc
1384 5518 1477 5592 officit.
1548 5519 1579 5590 2)
1605 5519 1654 5593 Of.
1674 5520 1837 5591 Bomlcim,
1854 5521 1928 5579 ‘Zur
1944 5521 2108 5580 Gescbiclrte

461 5625 510 5681 des
533 5625 675 5682 Wormser
701 5623 890 5683 Goocordats'
909 5645 944 5700 p.
964 5625 1014 5680 51.
1119 5623 1149 5699 3)
1173 5625 1207 5682 Α.
1228 5625 1321 5682 1095.
1425 5625 1455 5694 4)
1480 5625 1661 5684 Adcmarum.
1764 5627 1793 5696 5)
1820 5627 1869 5699 Os.
1893 5628 1978 5701 infra
2002 5628 2105 5688 Cmnm.

460 5731 556 5807 inps.
575 5731 625 5787 64.
