4418 6412
444 395 526 458 426
752 401 932 457 GERHOHI
955 400 1188 456 PRAEPOSITI
1211 397 1621 456 REIOHERSBERGENSIS
1645 398 1811 453 LIBELLI.

462 587 619 670 Christus,
644 589 791 675 quicum
814 589 855 652 sit
871 588 1046 652 altissimus
1070 599 1103 652 et
1125 587 1213 653 filius
1229 587 1364 652 altissim
1381 599 1517 652 vocetur
1532 597 1630 674 atque
1647 585 1734 652 solus
1755 587 1948 674 mysterium
1969 588 2111 652 iusticias

461 718 500 760 ac
524 697 653 782 pietatis
677 697 711 759 in
728 695 843 759 officiis
861 694 959 759 licitis
984 705 1016 759 et
1031 717 1096 760 non
1116 694 1297 760 interdictis
1314 705 1475 781 operetur,
1501 695 1647 780 quisquis
1663 693 1857 758 interdictus
1878 704 1912 757 et
1927 693 2036 758 officio
2052 695 2111 779 pri-

460 813 555 866 vatus
570 803 728 888 presumit
744 800 928 866 sacrificare
942 811 1056 866 sancta
1067 801 1228 866 aecclesia
1240 801 1388 866 Romana
1403 823 1463 887 per
1479 823 1553 864 suos
1565 800 1735 886 pontifices
1748 799 2007 882 contradicente,
2019 799 2113 864 immo

460 909 494 972 in
518 909 597 994 ipsis
621 907 750 972 domino
774 908 850 972 lesu
874 907 1003 973 Christo
1019 906 1222 994 prohibente,
1246 909 1280 971 in
1301 907 1416 972 eadem
1437 907 1602 971 invenitur
1616 907 1761 971 vanitate
1777 908 1962 971 vanitatum
1979 928 2013 970 se
2033 906 2113 970 altis-

328 1040 441 1090 n.n,1i.
461 1016 542 1079 simo
559 1014 731 1102 parificare
756 1037 813 1078 seu
836 1013 993 1101 preferre,
1018 1015 1052 1079 in
1068 1038 1132 1101 qua
1148 1013 1296 1080 diabolus
1318 1025 1367 1078 est
1389 1013 1531 1079 locutus:
1555 1015 1624 1078 Ero
1641 1016 1760 1080 similis
1783 1015 1950 1079 altissimo.
1992 1013 2114 1100 Nempe
2131 1036 2190 1087 se

461 1121 537 1186 dum
552 1121 745 1186 interdictae
762 1123 879 1186 missae
896 1144 962 1186 non
980 1121 1161 1186 interdictis
1178 1119 1388 1207 parificantur
1404 1131 1436 1185 et
1452 1119 1681 1201 assimilantur,
1697 1121 1791 1184 vanis
1808 1129 1842 1183 et
1856 1118 1950 1183 falsis
1967 1120 2114 1184 assertio·

459 1227 555 1292 nibus
571 1229 699 1292 vanitas
714 1229 895 1293 vanitatum
919 1251 976 1292 seu
992 1228 1117 1292 falsitas
1133 1227 1310 1304 falsitatum
1332 1227 1498 1291 invenitur
1518 1228 1553 1290 in
1570 1249 1624 1291 ore
1648 1225 1880 1292 fabricantium
1903 1225 1969 1290 tale
1986 1225 2115 1290 menda·

366 1359 440 1400 iuis.
460 1335 556 1418 cium,
580 1334 667 1422 quod
692 1358 764 1399 cum
788 1336 891 1421 primo
917 1333 1037 1399 diaboli
1068 1334 1237 1398 mendacio
1268 1346 1356 1399 recte
1388 1344 1540 1398 censetur
1562 1332 1810 1416 exsecrandum,
1841 1333 1920 1398 licet
1950 1334 1986 1396 in
2009 1343 2114 1397 monte

459 1443 643 1506 testamenti
672 1444 706 1506 in
735 1440 891 1506 lateribus
922 1442 1081 1528 aquilonis
1113 1441 1288 1506 conflatum
1318 1441 1513 1522 inveniatur,
1543 1439 1619 1505 dum
1645 1441 1739 1526 quasi
1769 1439 1810 1505 de
1840 1462 1926 1505 novo
1957 1450 1992 1503 ct
2014 1442 2112 1504 veten'

459 1559 651 1614 testamento
670 1547 800 1613 videtur
822 1547 1016 1635 quibusdam
1041 1549 1134 1634 quasi
1158 1545 1404 1613 auctoritatibus
1428 1547 1671 1611 communitum.
1717 1546 1791 1611 Non
1815 1549 1903 1610 enim
1926 1548 2113 1632 ignoramus

459 1654 576 1718 multos
592 1654 740 1720 valenter
762 1653 907 1720 literatos
931 1655 993 1718 hoc
1017 1653 1190 1736 affirmare,
1215 1653 1302 1742 quod
1326 1655 1443 1718 missae
1467 1653 1669 1735 interdictae,
1691 1653 1837 1740 quandiu
1860 1675 1916 1718 eas
1942 1654 2112 1738 episcopus

459 1760 595 1848 quilibet
617 1763 652 1825 in
675 1772 755 1826 suo*
779 1762 968 1848 episcopatu
991 1761 1115 1842 tolerat,
1141 1762 1205 1825 sint
1227 1760 1450 1824 indifferenter
1472 1758 1667 1842 audiendae,
1691 1760 1768 1824 licet
1790 1760 1954 1824 aecclesia
1970 1759 2111 1824 Romana

282 1891 439 1940 uniamur.
459 1867 661 1952 prohibente.
696 1867 805 1954 Atque
829 1869 892 1932 ista
914 1868 1128 1932 litteratorum
1145 1866 1334 1932 clericorum
1359 1867 1493 1930 assertio
1517 1867 1551 1930 in
1574 1877 1699 1931 tantum
1716 1866 1890 1948 convaluit,
1916 1882 1950 1931 ut
1973 1870 2006 1932 in
2031 1891 2110 1931 erro-

461 1999 524 2039 rem
552 1975 717 2056 ‹lacontor,
747 1978 780 2040 si
792 1977 875 2063 ficri
887 1991 1000 2062 potest,
1031 1978 1123 2040 etiam
1153 1977 1248 2040 electi.
1296 1973 1419 2038 Verum
1444 1974 1499 2059 qui
1523 1995 1600 2038 vere
1631 1983 1705 2037 sunt
1735 1973 1840 2056 electi,
1871 1974 1899 2036 si
1929 1972 2051 2036 fuerint
2078 1974 2109 2036 in

460 2081 544 2145 hunc
569 2103 710 2145 errorem
733 2080 868 2162 inducti,
899 2082 933 2144 in
956 2081 1018 2146 hac
1041 2082 1109 2145 vita
1132 2081 1329 2166 resipiscunt
1358 2091 1414 2144 aut
1443 2081 1478 2143 in
1507 2080 1615 2144 futuro
1638 2081 1842 2166 purgatorias
1870 2101 1975 2166 penas
1999 2079 2110 2144 tolera·
2144 2118 2166 2158 ι,

459 2185 540 2251 bunt
568 2211 626 2274 pro
656 2209 704 2268 eo,
734 2186 821 2274 quod
845 2198 958 2252 contra
987 2188 1181 2253 aecclesiam
1203 2188 1384 2252 Romanam
1414 2188 1565 2251 sentiunt.
1612 2185 1714 2251 Michi
1744 2197 1851 2251 autem
1883 2184 1972 2250 absit
2002 2199 2108 2251 contra

459 2305 604 2358 sanctam
620 2294 799 2359 Romanam
816 2294 1010 2359 aecclesiam
1027 2294 1160 2358 credere
1185 2294 1291 2376 alicui,
1317 2295 1444 2358 etiamsi
1466 2292 1585 2380 linguis
1601 2294 1768 2358 hominum
1783 2293 1936 2380 loquatur
1960 2303 1993 2357 et
2016 2316 2107 2379 ange-

459 2400 572 2483 lorum,
603 2402 729 2464 etiamsi
759 2400 883 2488 fulgeat
909 2399 1083 2466 virtutibus
1113 2401 1358 2484 miraculorum;
1391 2401 1544 2487 quoniam
1576 2400 1810 2487 qualiscunque
1841 2401 1950 2465 meriti
1982 2401 2032 2482 sit,
2056 2403 2105 2486 qui

360 2529 389 2571 ·.
425 2536 438 2570 ¹.
460 2519 572 2571 contra
593 2506 691 2571 fidem
715 2507 803 2572 Petri
827 2509 932 2590 sentit,
957 2509 1077 2595 quique
1102 2506 1343 2572 successoribus
1369 2508 1488 2594 *ipsius
1512 2506 1666 2593 legitimis
1694 2508 1727 2570 in
1750 2507 1876 2572 ratione
1900 2505 1978 2570 fidei
2004 2505 2104 2570 catho-

458 2613 520 2677 lice
543 2635 608 2677 non
632 2615 802 2696 consentit,
825 2613 969 2700 portabit
991 2614 1158 2696 iudicium,
1183 2616 1367 2701 quicunque
1392 2626 1442 2679 est
1464 2613 1529 2694 ille,
1555 2614 1681 2677 etiamsi
1706 2612 1746 2678 de
1762 2635 1898 2677 numero
1915 2613 2014 2677 fuerit
2029 2612 2105 2677 elec·
2120 2639 2139 2677 u

458 2730 572 2784 torum.
620 2718 674 2785 Sic
704 2719 820 2784 beatus
844 2719 1023 2807 Gregorius
1053 2722 1088 2785 in
1110 2721 1273 2806 Dialog0¹
1303 2719 1344 2785 de
1376 2719 1517 2807 quodam
1548 2721 1702 2785 Pascasio
1733 2720 1899 2784 Romanae
1930 2719 2105 2784 aecclesiae

458 2825 595 2890 diacono
619 2826 741 2909 scribit,
766 2827 831 2914 qui,
856 2850 930 2892 cum
954 2838 1040 2892 esset
1062 2829 1199 2914 insignis
1215 2828 1281 2892 Dei
1304 2826 1454 2909 famulus,
1479 2827 1584 2891 cultor
1606 2849 1797 2913 pauperum,
1823 2836 2028 2912 contemptor
2050 2827 2106 2906 sui,

459 2943 490 2996 et
512 2931 783 2998 luculentissimos
806 2933 846 2998 de
871 2934 995 3020 Spiritu
1018 2945 1130 2999 sancto
1154 2933 1253 2999 libros
1277 2932 1426 3015 ediderit,
1451 2932 1533 2998 adeo
1559 2945 1700 3016 sanctus,
1724 2944 1760 2997 ut
1783 2943 1907 3004 attactu
1930 2933 2053 3014 feretri,
2076 2933 2107 2996 in

458 3062 522 3126 quo
545 3040 615 3126 ipse
640 3039 811 3105 defunctus
834 3040 1009 3123 ferebatur,
1033 3040 1242 3104 demoniacus
1265 3039 1363 3105 fuerit
1385 3038 1551 3122 liberatus,
1575 3051 1684 3105 tamen
1708 3049 1941 3126 postmortem
1958 3040 2108 3126 gravissi·

458 3168 527 3210 mas
551 3169 651 3232 penas
676 3147 815 3212 exsolvit
836 3170 895 3234 pro
920 3170 968 3230 eo,
993 3146 1080 3234 quod
1104 3157 1216 3211 contra
1239 3145 1438 3233 Symachum
1461 3169 1580 3234 papam
1604 3170 1678 3212 curn
1701 3147 1878 3211 Laurentio
1903 3147 2015 3229 sensit,
2047 3169 2110 3210 non
2126 3170 2150 3212 ss

458 3253 491 3316 in
515 3276 639 3318 summo
663 3255 793 3341 negotio
816 3253 904 3336 fidei,
929 3255 1043 3318 sedin
1066 3255 1276 3340 ipsiuspape
1301 3252 1456 3340 Symaohi
1480 3251 1650 3336 electione,
1675 3255 1728 3319 cui
1751 3253 1919 3339 predictus
1935 3253 2110 3318 Pascasius

459 3359 623 3444 voluisset,
648 3362 675 3424 si
698 3360 789 3424 salva
811 3383 892 3446 pace
917 3361 1095 3426 aecclesiae
1119 3362 1286 3447 potuisset,
1309 3361 1522 3425 Laurentium
1545 3360 1726 3446 pretulisse.
1763 3360 1894 3440 Quanto
1911 3361 2016 3446 magis
2034 3383 2110 3447 ergo

458 3467 491 3529 in
506 3489 630 3531 summo
644 3467 721 3531 fidei
737 3478 938 3532 sacramento
951 3467 1134 3554 periculosa
1150 3479 1182 3532 et
1198 3468 1381 3554 perniciosa
1396 3477 1445 3530 est
1461 3467 1630 3547 dissensio,
1647 3466 1830 3552 periculosa
1845 3466 1959 3532 electis
1976 3468 2011 3530 in
2026 3490 2111 3532 erro-

459 3595 525 3637 rem
542 3572 656 3654 ductis,
673 3575 858 3660 perniciosa
871 3573 964 3638 malis
980 3575 1013 3638 in
1027 3574 1165 3638 eundem
1179 3597 1331 3654 errorem,
1345 3597 1426 3661 quos
1438 3584 1583 3660 possunt,
1600 3572 1840 3656 inducentibus,
1854 3584 1886 3639 et
1901 3574 2009 3660 ipsum
2026 3596 2112 3638 erro·

458 3701 527 3744 rem
543 3682 753 3765 pertinaciter
768 3679 1042 3745 defendentibus?
1077 3681 1161 3746 Nam
1176 3703 1293 3746 revera
1308 3667 1453 3745 errantes
1471 3691 1503 3744 et
1525 3681 1558 3744 in
1575 3702 1718 3744 errorem
1734 3703 1815 3766 quos
1831 3692 1968 3766 possunt
1983 3683 2112 3746 mitten·
2130 3704 2155 3744 a

458 3797 517 3868 tes,
533 3787 596 3850 nisi
611 3788 814 3873 resipiscant,
830 3788 1017 3852 eternaliter
1033 3786 1282 3852 damnabuntur.
1314 3787 1398 3851 Boni
1415 3797 1523 3851 autem
1539 3810 1599 3873 per
1615 3809 1670 3851 eos
1686 3786 1826 3873 decepti,
1844 3788 1929 3851 sicut
1944 3787 2112 3873 predictus

458 3893 641 3974 Pascasius,
658 3895 714 3980 qui
730 3893 858 3979 culpam
876 3916 967 3958 suam
983 3896 1017 3958 in
1033 3895 1094 3959 hac
1110 3896 1179 3958 vita
1193 3917 1258 3959 non
1274 3893 1415 3975 deflevit,
1432 3915 1528 3980 quam
1545 3916 1606 3958 nee
1623 3893 1752 3980 culpam
1770 3916 1841 3958 esse
1858 3893 2008 3977 credidit,
2027 3897 2054 3959 si
2071 3895 2111 3958 de

459 3998 519 4063 hac
542 4000 666 4063 vitain
689 3999 751 4064 hac
774 4000 966 4087 deceptione
990 4002 1168 4087 rapiuntur,
1192 4002 1225 4065 in
1249 4000 1314 4064 alia
1336 3998 1571 4087 purgabuntur.
1618 4001 1690 4086 Ego
1714 4010 1821 4064 autem
1845 4023 1973 4087 pauper
1987 3999 2111 4080 David,

458 4127 583 4192 pauper
599 4117 632 4169 et
647 4107 806 4192 penitens,
823 4106 996 4171 arbitratus
1012 4106 1112 4172 multo
1127 4107 1242 4171 melius
1258 4108 1292 4171 in
1308 4105 1369 4171 hac
1381 4107 1451 4170 vita
1465 4105 1643 4189 emendari,
1657 4129 1755 4193 quarn
1770 4107 1804 4170 in
1820 4105 1884 4170 alia
1900 4109 2053 4188 cruciari,
2070 4130 2111 4172 ne

458 4211 540 4276 forte
557 4211 715 4298 reprobus
731 4213 889 4295 inveniar,
913 4213 975 4278 hoc
999 4236 1064 4296 oro,
1089 4225 1124 4278 ut
1145 4215 1180 4277 in
1203 4213 1264 4279 hac
1281 4214 1348 4277 vita
1371 4211 1489 4299 probes
1507 4235 1575 4277 me:
1599 4212 1674 4277 ideo
1692 4213 1761 4277 dixi
1785 4227 1817 4276 ct
1839 4212 1913 4277 dico
1930 4212 2001 4294 tibi,
2018 4214 2112 4278 Deus
2131 4238 2158 4278 aa

460 4339 560 4400 meus,
585 4319 641 4405 qui
665 4340 700 4383 es
723 4320 843 4383 veritas
866 4320 1048 4401 veritatum,
1073 4321 1125 4384 cui
1149 4318 1298 4406 displicet
1321 4320 1425 4384 omnis
1447 4321 1587 4402 vanitas,
1610 4321 1752 4384 maxime
1769 4321 1896 4384 vanitas
1912 4321 2110 4404 vanitatum,

332 4447 440 4497 ressa.
459 4423 529 4506 tibi,
559 4426 703 4512 inquam,
735 4424 824 4489 dico:
855 4426 960 4490 Proba
984 4452 1030 4491 me
1058 4427 1093 4489 in
1116 4426 1178 4491 hac
1201 4427 1278 4508 vita,
1309 4441 1472 4513 attempta
1496 4451 1561 4508 mc,
1591 4452 1646 4490 ure
1669 4453 1757 4492 renea
1781 4451 1872 4507 meos,
1902 4449 1943 4490 ne
1975 4450 2028 4492 me
2056 4426 2112 4492 de-

461 4529 581 4594 lectent
602 4553 703 4594 vana:
736 4557 791 4596 ure
818 4557 871 4596 cor
894 4559 1004 4614 meum,
1031 4555 1072 4597 ne
1095 4531 1234 4596 libenter
1257 4533 1396 4618 cogitem
1420 4555 1506 4596 vana
1528 4531 1581 4597 vel
1605 4532 1736 4597 credam
1759 4532 1814 4597 illa
1837 4554 1909 4597 esse
1932 4556 2022 4614 vera,
2048 4557 2112 4620 que

461 4659 547 4701 vana
576 4647 659 4718 sunt,
691 4638 832 4702 maxime
862 4639 970 4703 officia
1000 4650 1033 4703 et
1062 4637 1223 4703 sacrificia
1252 4639 1435 4721 interdicta,
1466 4638 1642 4726 inquibus
1673 4639 1878 4724 deprehensa
1905 4652 1955 4705 est
1983 4643 2112 4705 vanitas

461 4744 640 4808 vanitatum
663 4766 683 4807 a
706 4745 826 4809 sanctis
849 4744 1005 4831 patribus,
1030 4768 1167 4832 quorum
1189 4746 1373 4810 testimonia
1397 4767 1495 4831 supra
1517 4746 1694 4832 posuimus,
1718 4746 1753 4809 in
1776 4744 1893 4831 quibus
1917 4748 2111 4812 testimoniis
2130 4771 2157 4810 io

384 4874 442 4914 rua
461 4851 638 4914 vanitatem
662 4849 920 4936 reprobantibus
945 4852 1200 4916 misericordiam
1214 4874 1292 4916 vero
1316 4862 1349 4916 et
1366 4852 1538 4916 veritatem
1562 4850 1863 4935 conmendantibus,
1886 4856 2112 4920 misere-'cordio

462 4971 514 5021 tuo
544 4972 614 5022 onte
643 4960 748 5023 oculos
778 4984 869 5041 meos,
900 4975 928 5024 et
950 4961 1128 5046 complacui
1157 4963 1187 5024 in
1212 4962 1340 5023 veritate
1370 4973 1433 5040 tua,
1464 4981 1562 5045 quam
1593 4969 1708 5022 sonant
1737 4957 1886 5045 predicta
1914 4962 2110 5026 testimonia.

383 5088 442 5128 ius.
463 5062 540 5127 ldeo
557 5065 769 5150 acquiescens
784 5065 976 5130 testimoniis
992 5066 1149 5146 veritatis,
1174 5088 1216 5128 ex
1232 5087 1296 5151 quo
1313 5087 1353 5128 ea
1368 5066 1529 5151 patienter
1550 5064 1706 5148 intellexi,
1729 5091 1790 5131 non
1806 5066 1879 5132 aedi
1891 5093 1960 5132 cum
1977 5071 2112 5134 coricilt’o

465 5173 612 5236 nouitatis
634 5193 754 5235 cavens
778 5173 933 5235 interesse
962 5171 1087 5235 illorum
1112 5170 1356 5252 conventiculis,
1387 5173 1580 5260 inquorum
1612 5173 1779 5237 sacrificiis
1811 5183 1842 5238 et
1873 5173 1989 5238 officiis
2013 5176 2111 5240 inter-

463 5276 557 5340 dictis
574 5299 637 5340 non
657 5279 846 5364 mysterium
862 5278 1007 5342 veritatis
1024 5288 1056 5343 et
1072 5276 1325 5361 misericordiae,
1346 5277 1404 5342 sed
1422 5280 1612 5366 mysterium
1631 5290 1681 5344 cst
1699 5280 1878 5366 iniquitatis
1898 5291 1931 5344 et
1946 5283 2110 5346 vanitatis.
2127 5305 2154 5344 u

568 5382 652 5447 Nam
677 5385 747 5467 etsi,
771 5395 807 5448 ut
827 5383 936 5470 plures
959 5385 1107 5449 valenter
1129 5385 1248 5449 literati
1272 5397 1385 5449 contra
1409 5385 1602 5450 aecclesiam
1625 5386 1806 5451 Romanam
1835 5387 2012 5452 sentientes
2036 5410 2110 5452 con-

464 5489 608 5572 tendunt,
631 5488 753 5554 ibidem
774 5490 964 5564 conficiatur
987 5513 1103 5578 corpus
1120 5490 1251 5573 Christi,
1275 5514 1340 5574 non
1364 5503 1413 5556 est
1436 5491 1529 5556 aliter
1552 5493 1586 5556 in
1609 5491 1759 5556 manibus
1783 5515 1904 5575 eorum,
1929 5517 2028 5579 quam
2051 5495 2111 5558 fuit
2191 5549 2194 5556 .

570 5687 596 5750 a)
618 5706 668 5740 sua
686 5707 706 5741 c.

574 5850 603 5926 1)
628 5854 662 5910 L.
687 5854 741 5925 IV,
766 5875 788 5912 c.
807 5853 857 5926 40,
884 5853 957 5930 Opp.
982 5857 1024 5912 cd.
1048 5855 1156 5912 Benaci.
1181 5855 1221 5926 ΙΙ,
1246 5858 1296 5913 col.
1315 5855 1388 5913 444.
