4396 6390
481 328 544 390 486
773 332 953 390 GERHOHI
976 330 1209 388 PRAEPOSITI
1232 331 1640 392 carcanusaaaoansls
1662 332 1829 390 LIBELLI.

308 547 461 597 amusan.
480 544 543 608 quo
560 521 713 607 apparuit
728 518 913 606 benignitas
931 530 962 584 et
978 519 1172 598 humanitas,
1197 517 1382 583 benedictio
1406 530 1522 605 parata
1537 529 1586 583 est
1603 541 1742 584 coronae
1761 520 1840 582 anni
1861 517 2069 604 benignitatis,
2080 539 2101 590 et

480 628 588 713 campi
605 629 675 691 eius
692 626 858 712 replentur
880 624 1038 705 ubertate,
1063 623 1148 690 bono
1173 627 1296 690 semine
1320 626 1354 689 in
1370 625 1444 689 filiis
1468 625 1561 710 regni
1584 623 1797 712 multiplicato
1814 647 1854 690 eo
1872 624 2039 710 copiosius,
2059 651 2103 714 quo

386 761 462 804 *rara
479 755 590 799 semen
606 732 745 798 filiorum
760 731 929 819 gehennae
948 730 1004 796 'ab
1021 732 1149 796 homine
1174 732 1306 796 inimico
1323 731 1616 818 superseminatum
1633 741 1665 798 st
1680 754 1783 820 usque
1801 731 1843 796 ad
1861 732 2005 796 vicinam
2020 738 2105 800 messis

479 839 611 905 ultimae
635 840 870 905 imminentiam
887 837 1068 920 toleratum,
1086 838 1231 924 quandin
1248 847 1318 902 erat
1337 838 1444 902 adhuc
1459 837 1643 903 teneritudo
1659 839 1828 926 utriusque
1849 838 2023 924 germinis,
2044 863 2108 906 nunc

480 945 537 1011 ubi
553 947 614 1011 hoc
631 945 721 1010 salvo
738 946 843 1010 tritico
860 945 931 1010 lieri
946 955 1063 1032 potest,
1089 944 1130 1009 ab
1147 945 1273 1030 angelis
1289 943 1486 1010 messoribus
1502 967 1522 1008 a
1538 946 1644 1010 tritico
1662 957 1832 1032 separatur
1856 945 1986 1009 cautius
2008 955 2039 1008 et
2058 946 2131 1012 dii-s

479 1055 618 1140 gentius.
647 1053 766 1134 Prime,
783 1063 819 1116 ut
834 1053 1028 1138 premissum
1045 1064 1103 1134 est,
1121 1053 1234 1116 messis
1252 1054 1285 1116 in
1297 1051 1358 1117 hoc
1374 1074 1459 1116 anno
1472 1050 1682 1137 benignitatis
1699 1074 1872 1134 messores,
1888 1063 1983 1115 erant
1998 1054 2115 1138 apostoli

304 1136 461 1274 [Duffglslelss
480 1182 500 1224 a
512 1160 653 1224 Domino
666 1161 701 1223 in
713 1157 841 1222 labores
855 1158 990 1222 aliorum
1003 1158 1188 1223 introducti.
1206 1158 1347 1223 Ultimae
1360 1158 1456 1222 huius
1469 1159 1594 1238 messis,
1607 1158 1648 1223 dc
1662 1181 1726 1245 qua
1738 1182 1826 1226 nunc
1839 1159 1959 1245 agitur,
1977 1181 2119 1224 messores

301 1295 381 1337 mssa.
389 1248 460 1344 rasa.
480 1277 573 1330 erunt
583 1266 700 1352 angeli,
712 1276 747 1331 ut
758 1287 791 1329 se
802 1263 901 1329 habet
912 1267 1047 1330 assertio
1059 1265 1261 1351 euangelica,
1271 1265 1414 1330 Domino
1425 1264 1573 1346 docente,
1585 1265 1672 1351 qnod
1683 1275 1752 1332 est*
1762 1289 1842 1352 ager
1852 1265 2006 1346 mundus,
2017 1264 2124 1331 bonum

388 1401 461 1442 raso.
480 1395 591 1437 semen
603 1371 661 1436 filii
673 1373 776 1458 regni,
793 1373 919 1436 zizania
932 1371 991 1436 lilii
1007 1372 1187 1458 gehennae,
1205 1394 1363 1436 messores
1379 1372 1502 1458 angeli:
1520 1395 1579 1458 per
1594 1395 1675 1458 quos
1691 1374 1796 1460 primo
1813 1373 1943 1442 zizania
1959 1383 2034 1436 sunt
2050 1371 2127 1436 colli·

480 1479 587 1566 genda
603 1480 636 1542 in
652 1477 824 1542 fasciculos
841 1478 884 1543 ad
896 1477 1151 1543 comburendum
1165 1489 1197 1542 et
1209 1477 1328 1542 deinde
1345 1479 1486 1543 triticum
1499 1479 1764 1565 congregandum
1779 1480 1814 1543 in
1825 1480 1981 1544 horreum
1993 1479 2130 1543 Domini.
2144 1505 2161 1544 n

395 1613 460 1666 (res).
587 1585 680 1665 Quae
705 1587 813 1649 omnia
836 1584 949 1649 ultima
972 1585 1104 1672 quidem
1128 1584 1337 1650 ventilatione
1368 1585 1402 1648 in
1426 1607 1545 1670 magna
1568 1586 1686 1650 virtute
1716 1607 1777 1673 per
1800 1586 1935 1671 angelos
1962 1585 2134 1650 creduntur

356 1721 460 1771 unas.
479 1694 533 1772 ita,
558 1703 593 1756 ut
617 1691 764 1778 predicta
787 1702 862 1755 sunt
892 1691 1010 1756 effectu
1040 1691 1211 1756 manifesto
1236 1691 1438 1777 complenda.
1486 1692 1720 1758 Verumtamen
1744 1693 1821 1786 quia
1852 1695 1941 1758 lobia
1965 1695 2136 1758 sacerdotia

480 1800 657 1864 melodient
678 1802 852 1879 scientiam,
876 1814 904 1863 et
927 1801 1022 1886 lepem
1045 1803 1205 1885 requirent
1228 1824 1266 1864 ece
1288 1824 1340 1864 ore
1364 1802 1441 1879 aias,
1466 1801 1542 1884 qaia
1566 1801 1695 1886 capeliis
1711 1799 1848 1866 Domini
1868 1803 2063 1864 exercituum
2086 1816 2137 1879 ast,

479 1927 544 1969 non
575 1904 715 1968 absurde
746 1904 889 1970 creditur
919 1915 951 1969 et
981 1915 1129 1991 speratur
1158 1927 1217 1991 per
1240 1903 1444 1969 sacerdotum
1476 1904 1616 1991 quedam
1646 1905 1796 1991 angelica
1825 1906 2010 1970 ministeria
2042 1907 2138 1970 etiam

479 2033 566 2076 nunc
596 2023 671 2075 ante
701 2011 799 2076 finem
830 2011 931 2076 seculi
961 2012 1039 2076 talia
1062 2011 1132 2076 fieri
1155 2034 1198 2076 ex
1221 2023 1324 2098 parte,
1349 2034 1423 2076 oum
1447 2012 1576 2097 scriptis
1607 2010 1779 2077 luculentis
1807 2012 1902 2098 pravi
1931 2035 2041 2076 mores
2071 2023 2140 2076 tan·
2158 2037 2179 2076 u

480 2140 577 2204 quam
601 2119 728 2182 zizania
751 2117 916 2182 fasciculis
940 2117 1073 2204 alligata
1099 2119 1175 2204 igne
1205 2117 1355 2182 infernali
1379 2117 1641 2182 demonstrantur
1663 2117 1845 2204 punienda;
1871 2129 1903 2182 et
1926 2117 2008 2184 boni
2032 2142 2140 2184 mores

479 2236 635 2311 tanquam
658 2247 761 2310 grarm
785 2225 930 2288 triticeae
955 2226 1069 2288 messis
1093 2224 1307 2288 ostenduntur
1330 2225 1462 2290 caelesti
1486 2225 1610 2311 premio
1634 2226 1834 2290 remunerari
1858 2223 1993 2289 dehere.
2044 2225 2143 2306 Quod

480 2333 513 2396 in
537 2330 628 2396 libris
646 2330 823 2395 Moralibus
846 2330 935 2395 beati
959 2355 1043 2418 pape
1062 2330 1215 2417 Gregorii
1239 2331 1325 2396 clare
1349 2333 1522 2412 invenitur,
1548 2333 1604 2417 qui
1628 2332 1735 2396 sciens
1757 2330 1934 2418 reprobare
1959 2332 2085 2397 malum
2111 2343 2143 2397 et

480 2439 600 2524 eligere
624 2436 754 2520 boumn,
779 2440 872 2502 viciis
897 2450 929 2502 et
952 2436 1125 2503 virtutibus
1155 2461 1281 2502 morum
1305 2449 1398 2502 caute
1430 2435 1471 2502 ab
1495 2439 1638 2502 invicem
1661 2437 1884 2502 discernendis
1908 2436 1996 2503 bene
2020 2441 2141 2524 insigi-

479 2545 559 2608 lavit
589 2545 750 2631 loquendo
776 2555 807 2608 et
832 2544 1014 2627 scribendo,
1038 2546 1115 2631 qnia
1142 2544 1277 2630 angelus
1301 2545 1437 2610 Domini
1468 2545 1670 2609 exercituum
1701 2554 1780 2626 erat,
1810 2557 1923 2610 eontra
1953 2545 2142 2632 phalangas
2160 2571 2186 2609 eo

479 2652 639 2716 viciorum
663 2663 755 2716 caute
781 2651 934 2716 ordinans
958 2652 1121 2716 exercitus
1146 2674 1271 2715 morum
1295 2661 1327 2715 et
1349 2653 1514 2716 virtutum.

395 2784 459 2837 (rar).
587 2757 742 2823 Similiter
766 2770 798 2821 et
821 2758 938 2844 reliqui
962 2769 1107 2844 pastores
1132 2769 1163 2822 et
1187 2758 1336 2822 doctores
1363 2757 1515 2822 catholici
1542 2757 1721 2844 probantur
1745 2781 1816 2822 esse
1840 2759 1948 2845 angeli
1974 2781 2142 2824 messores

478 2863 542 2946 vel,
567 2865 651 2928 sicut
674 2866 739 2928 iam
755 2864 907 2946 diximus,
923 2865 1010 2929 vicia
1026 2876 1058 2929 et
1074 2866 1210 2930 virtutes
1226 2877 1382 2951 tauquam
1406 2865 1532 2928 zizania
1548 2875 1580 2928 et
1603 2865 1743 2928 triticum
1767 2875 1957 2951 separantes
1982 2865 2037 2929 vel
2055 2865 2141 2929 filios

479 2971 649 3057 gehennae
674 2993 693 3035 a
716 2971 790 3034 filiis
821 2973 914 3057 regni
944 2973 991 3036 sic
1022 2972 1269 3058 distinguentes,
1298 2982 1333 3036 ut
1361 2993 1472 3036 eorum
1496 2971 1548 3034 vel
1579 2993 1743 3036 sermones
1774 2971 1910 3037 audiens
1933 2971 1990 3036 vel
2015 2973 2141 3058 scripta

478 3078 590 3163 legens
615 3077 783 3142 evidenter
806 3101 983 3164 agnoscere
1004 3079 1122 3158 valeat,
1147 3089 1253 3142 utrum
1277 3079 1340 3142 sitb
1364 3079 1397 3142 in
1421 3077 1533 3142 ordine
1559 3077 1666 3164 aliquo
1691 3077 1922 3142 catholicorum
1946 3079 2018 3142 sive
2043 3079 2140 3143 cleri-
2158 3104 2184 3143 aa

479 3207 590 3250 corum
621 3186 689 3250 sive
720 3185 953 3250 monachorum
976 3185 1050 3250 Deo
1081 3186 1127 3250 ita
1150 3185 1366 3266 militantium,
1391 3195 1425 3248 ut
1448 3185 1563 3249 merito
1592 3182 1738 3249 hahitare
1762 3183 1904 3248 debeant
1933 3186 1968 3248 in
1992 3185 2139 3249 aeternis

300 3318 460 3368 samaras.
479 3289 714 3374 tabernaculis,
746 3293 814 3355 sive
846 3291 1012 3372 laicorum,
1042 3293 1097 3378 qui
1128 3290 1245 3355 talibus
1276 3291 1383 3355 taliter
1410 3289 1624 3355 militantibus
1652 3292 1697 3354 ita
1721 3289 1886 3373 obediunt,
1912 3301 1945 3356 et
1969 3291 2011 3356 de
2035 3314 2138 3356 mam·

478 3420 574 3462 mona
597 3399 777 3484 iniquitatis
804 3398 885 3462 bene
916 3399 1050 3478 faciunt,
1079 3409 1122 3480 ut,
1155 3421 1228 3462 cum
1259 3397 1448 3478 defecerint,
1481 3397 1522 3462 ab
1551 3398 1640 3483 ipsis,
1664 3419 1745 3484 quos
1775 3396 1957 3462 obediendo
1988 3408 2021 3462 et
2049 3397 2137 3462 bene

300 3531 459 3582 narramur.
478 3503 605 3590 agendo
629 3504 692 3568 sibi
715 3506 836 3569 amicos
861 3505 1017 3586 fecerunt,
1048 3506 1247 3591 recipiantur
1270 3506 1304 3568 in
1327 3514 1460 3570 aeterna
1484 3502 1711 3587 tabernacula3
1743 3503 1820 3568 dum
1843 3507 1903 3591 qai
1922 3508 2040 3592 recipit
2059 3530 2136 3592 pro-

471 3613 601 3698 plietam
626 3615 658 3677 ia
681 3616 805 3677 nomine
816 3613 989 3699 prophetoe
1006 3613 1175 3678 mercedem
1185 3614 1360 3699 prophetae
1383 3615 1526 3698 accipiet,
1551 3614 1660 3696 etqui
1678 3613 1794 3697 recipit
1818 3615 1931 3676 i-'ustam
1955 3615 1991 3676 iri
2010 3617 2137 3678 aoms'ae
2154 3637 2181 3675 so

478 3721 557 3782 insti
583 3719 752 3783 mercedem
783 3721 861 3783 iusti
886 3722 1028 3805 occurret
1077 3718 1143 3784 Sed
1172 3719 1206 3781 in
1236 3717 1423 3805 recipiendo
1454 3717 1645 3803 prophetam
1670 3717 1836 3782 cavendus
1860 3727 1910 3781 est
1933 3718 2135 3804 pseudopro-

477 3823 585 3910 pheta,
616 3825 650 3887 in
672 3824 861 3911 recipiendo
886 3827 1005 3890 iustum
1030 3825 1178 3889 cavenda
1203 3836 1251 3889 est
1274 3825 1356 3888 falsa
1379 3825 1517 3889 iusticia.
1564 3823 1608 3888 Et
1631 3823 1704 3888 ideo
1728 3824 1915 3888 necessaria
1938 3834 1989 3889 est
2012 3847 2135 3890 messo-

477 3953 548 3994 rum
565 3930 734 4015 diligentia
758 3954 912 4017 separans
936 3953 956 3995 a
979 3933 1089 4018 granis
1113 3933 1249 4014 zizania,
1273 3953 1314 3996 ne
1338 3954 1396 4018 pro
1413 3930 1507 3994 bonis
1523 3931 1721 4016 recipiantur
1736 3929 1831 4011 mala,
1855 3953 1914 4017 pro
1931 3932 2020 3995 veris
2040 3931 2133 3996 falsa.

480 4035 566 4116 Quia
596 4038 681 4101 enim
710 4037 750 4101 de
779 4036 905 4104 duobus
936 4061 1022 4103 nunc
1053 4036 1221 4102 ordinibus
1245 4038 1416 4124 loquimur,
1441 4037 1631 4102 clericorum
1655 4036 1807 4100 videlicet
1830 4047 1864 4101 et
1886 4037 2132 4120 monachorum,

338 4165 559 4229 nu0.1s,s.qnos
584 4145 705 4208 amicos
728 4142 836 4208 facere
862 4145 902 4209 de
926 4167 1111 4210 mammona
1135 4145 1315 4230 iniqnitatis
1339 4144 1473 4230 expedit
1495 4144 1590 4208 huius
1614 4142 1726 4207 mnndi
1750 4141 1917 4224 divitibus,
1941 4145 2132 4230 recipiendo
2151 4169 2177 4208 aa

478 4250 512 4313 in
543 4250 661 4314 clerico
692 4251 884 4337 prophetam
915 4264 947 4314 et
976 4252 1010 4315 in
1040 4251 1199 4316 monacho
1230 4252 1364 4330 iustum,
1397 4273 1437 4314 ne
1469 4252 1502 4312 in
1532 4251 1662 4314 nomine
1692 4249 1870 4335 prophetae
1901 4249 1984 4315 falso
2016 4251 2070 4315 vel
2100 4254 2132 4316 in

478 4357 607 4420 nomine
632 4359 707 4421 iusti
737 4357 819 4422 falso
843 4359 916 4444 quis
940 4358 1138 4444 decipiatur;
1170 4357 1360 4422 clericorum
1384 4367 1416 4422 et
1439 4356 1670 4421 monachorum
1694 4355 1826 4442 quidam
1851 4358 1897 4421 sic
1920 4358 2134 4423 inveniuntur

387 4486 459 4528 tras.
478 4465 649 4528 cauteriati
673 4475 705 4527 et
728 4467 857 4528 nomine
884 4466 1128 4551 'prophetarum
1159 4466 1228 4528 sive
1259 4466 1415 4530 iustorum
1443 4465 1490 4527 sic
1518 4464 1648 4549 privati,
1673 4473 1708 4527 ut
1730 4485 1825 4528 nemo
1849 4465 1911 4528 nisi
1943 4464 2052 4530 fatuus
2077 4489 2132 4531 eos

478 4570 616 4656 recipiat
638 4571 671 4633 in
696 4572 825 4635 nomine
849 4572 1027 4657 prophetae
1051 4571 1103 4636 vel
1127 4573 1212 4636 iusti.

393 4701 459 4750 (ras).
584 4676 705 4740 Beatus
721 4677 920 4742 Benedictus
943 4680 977 4741 in
1001 4678 1113 4764 regula
1136 4701 1195 4742 sua
1219 4689 1357 4765 quatuor
1379 4699 1501 4763 genera
1524 4677 1755 4743 monachorum
1780 4676 1968 4763 designat1:
1993 4700 2131 4764 quorum
2148 4703 2175 4741 ro

479 4782 542 4846 dsro
566 4781 626 4847 sub
650 4784 779 4848 nomine
809 4785 967 4848 iustorum
991 4784 1160 4870 approbat,
1185 4783 1409 4850 cenobitarum
1431 4783 1585 4848 videlicet
1615 4781 1676 4847 suh
1707 4783 1820 4869 regula
1844 4793 1876 4847 et
1898 4782 2019 4849 abbate
2050 4785 2130 4849 mili-

477 4891 626 4971 tantium,
651 4899 683 4954 et
707 4890 970 4955 anachoritarum
993 4913 1052 4955 seu
1073 4891 1307 4956 heremitarum
1330 4890 1502 4955 solitudine
1525 4889 1738 4975 gaudentium
1762 4901 1794 4954 et
1816 4890 1953 4974 iugitate
1977 4891 2130 4956 orationis

478 4995 663 5060 fruentium.
710 4995 785 5062 Duo
809 5019 888 5061 vero
916 5008 1058 5082 genera⁰
1083 4999 1315 5063 monachorum
1339 4997 1512 5062 deterrima
1540 4998 1670 5060 omnino
1701 4995 1869 5082 reprobat3
1895 4996 2130 5064 sarabaitarum

478 5102 603 5167 seilicet
627 5104 695 5166 sine
720 5103 833 5189 regula
857 5114 888 5167 et
912 5103 1031 5168 abbate
1055 5103 1316 5169 inordinabiliter
1337 5105 1526 5184 viventium,
1552 5115 1584 5167 et
1607 5104 1838 5190 girovagorum
1861 5128 1922 5191 per
1943 5107 2037 5170 varia
2059 5105 2130 5169 loca

478 5207 738 5274 discurrentium.
786 5210 867 5290 Quis
892 5231 970 5297 ergo
994 5211 1073 5276 istos
1096 5233 1116 5275 a
1139 5220 1228 5274 tanto
1252 5232 1393 5274 messore
1424 5209 1569 5274 abiectos
1600 5219 1692 5296 putet
1722 5209 1783 5275 suh
1813 5213 1943 5275 nornine
1973 5211 2129 5275 iustorum
2146 5233 2173 5273 rs

478 5314 659 5380 censendos
682 5316 735 5381 vel
759 5317 990 5404 recipiendos?
1036 5316 1188 5381 Perditur
1212 5316 1387 5381 elemosina
1410 5315 1528 5382 talibus
1546 5317 1632 5398 data,
1650 5341 1692 5382 ex
1709 5339 1773 5403 quo
1797 5339 1909 5381 eorum
1925 5317 2129 5380 conversatio

585 5477 611 5540 a)
634 5497 699 5546 ager
719 5487 760 5532 est
779 5481 812 5534 B.
885 5480 913 5542 b)
941 5484 970 5530 in
994 5481 1086 5546 aliquo
1113 5483 1148 5530 sit
1174 5482 1269 5532 ordine
1295 5481 1493 5534 catholicorum
1519 5485 1577 5534 sive
1603 5481 1798 5534 monachorum
1824 5483 1882 5532 sive
1909 5481 2072 5534 clericorum
2090 5481 2129 5544 B;

477 5569 578 5620 malum
597 5571 625 5620 in
645 5569 738 5638 aliquo
760 5579 810 5622 etc.
848 5570 951 5619 Beluae.
1025 5567 1051 5632 c)
1073 5587 1143 5621 mon.
1162 5586 1224 5635 gen.
1244 5571 1277 5621 B.

587 5697 617 5768 1)
643 5698 714 5774 Cap.
731 5700 757 5768 l,
783 5699 824 5754 ed.
847 5697 978 5771 ll'iilfflic
996 5717 1029 5774 p.
1048 5697 1077 5754 8.
