4426 6398
228 1457 668 1591 MARBODI
716 1455 1143 1590 EPISCOPI
1189 1457 1781 1594 REDONENSIS

522 1697 999 1833 OPUSCULA
1051 1700 1487 1842 ALIQUOT.

748 2067 752 2075 .
858 1976 1155 2044 nnooanovn

787 2158 863 2254 Η.
885 2159 1225 2256 BOEHMER.

148 2443 162 2482 e
287 2409 495 2490 Marhodus¹
519 2447 549 2485 a.
570 2421 665 2484 1035.
683 2420 761 2507 fere
784 2419 968 2506 Andcpoc’is
997 2435 1089 2484 notua
1116 2446 1136 2484 a
1153 2435 1248 2506 patre
1271 2421 1440 2502 Itooeu02,
1472 2425 1531 2509 qui
1550 2424 1706 2510 pollionis
1735 2439 1832 2490 artem

181 2533 353 2595 exercuisse
383 2542 438 2593 aut
463 2529 563 2616 pelles
594 2527 795 2592 condidisse3
817 2551 915 2613 neque
940 2552 1076 2616 parcam
1103 2530 1273 2614 pecuniam
1303 2530 1370 2592 eibi
1391 2529 1514 2594 uidetur
1541 2554 1750 2617 comparasse,
1775 2532 1832 2597 ad-

181 2637 306 2700 modum
326 2661 408 2722 puer
423 2635 490 2700 Dei
510 2636 638 2699 eeroitio
661 2636 861 2720 mancipatus
883 2648 934 2698 eet.
970 2633 1001 2696 Α
1017 2633 1190 2714 Bainoldo,
1213 2635 1398 2699 sclolaatico
1422 2636 1569 2701 ecclesiae
1592 2641 1736 2719 maior-ie,
1757 2639 1833 2703 dili-

178 2757 284 2830 penter
306 2743 464 2822 educante,
489 2741 668 2806 adolescens
691 2740 894 2825 aliquamdiu
917 2743 951 2805 in
960 2743 1074 2826 patria
1099 2741 1305 2826 eloquentiam
1322 2743 1504 2830 professas,
1528 2769 1557 2806 n.
1578 2746 1672 2808 1076.
1698 2770 1769 2810 vero
1793 2747 1832 2810 ab

181 2849 318 2915 Eusebio
348 2850 499 2913 Brunone
530 2850 674 2934 episcopo
704 2847 950 2911 archidiaconus
980 2861 1009 2911 et
1037 2861 1137 2911 rcctor
1168 2847 1242 2912 ludi
1269 2849 1461 2913 cathedralia
1488 2850 1597 2935 factus
1627 2865 1679 2916 eat.
1736 2851 1832 2930 Quem

139 2978 163 3016 ιο
182 2957 288 3020 ludum
314 2971 377 3020 tarn
400 2956 541 3021 sollerte-r
562 2956 757 3042 gubernavit,
782 2968 815 3018 ut
829 2956 970 3040 posteris
993 2957 1152 3042 iupcniurn
1177 2969 1205 3018 et
1226 2955 1365 3019 cnidium
1390 2957 1493 3041 ipsum
1517 2955 1709 3044 Andepaooe
1732 2973 1832 3023 trans-

181 3065 288 3128 tulisse
304 3063 492 3127 uideretur&
528 3061 622 3126 Anno
641 3061 735 3124 1096.
754 3060 846 3125 Febr.
870 3063 1034 3148 epiecopus
1049 3059 1245 3125 Redonenaia
1264 3061 1375 3125 electus
1391 3076 1444 3141 eet,
1467 3087 1529 3126 non
1546 3066 1615 3129 sinc
1632 3067 1780 3144 simonio,
1803 3068 1836 3130 si

182 3171 307 3256 quidem
323 3171 417 3234 cerba
434 3169 588 3255 quaedam
604 3168 738 3232 lloberti
751 3168 789 3232 de
804 3167 969 3232 Arbrieeel
977 3170 990 3209 ⁵
1012 3167 1058 3231 ad
1079 3169 1146 3231 eius
1165 3170 1392 3252 promotionem
1407 3183 1553 3254 spectant.
1590 3171 1631 3233 27
1648 3173 1742 3236 annis
1758 3187 1835 3258 post

182 3279 245 3341 inm
271 3277 327 3342 diu
352 3277 452 3342 oculie
474 3279 605 3363 captus⁶
628 3278 662 3338 in
681 3275 843 3338 ecclesiam
866 3276 970 3338 sancti
983 3274 1101 3338 Albini
1112 3273 1362 3361 Andepaoensie,
1386 3277 1441 3339 cui
1461 3278 1525 3340 iant
1543 3291 1639 3362 pater
1662 3292 1691 3342 ct
1711 3279 1833 3365 fratres

181 3407 241 3448 non
265 3384 385 3448 modice
402 3385 568 3472 soocrant,
591 3383 718 3446 recessit
741 3381 846 3466 ibique
870 3406 898 3443 a.
920 3381 1014 3443 1123.
1040 3378 1123 3467 Sept.
1145 3381 1195 3443 11.
1220 3395 1359 3444 mortuus
1383 3396 1434 3445 cet.

138 3511 163 3550 rs
296 3491 383 3555 Vitas
400 3488 596 3570 Sanctorum,
620 3489 736 3552 librum
760 3487 798 3551 dc
815 3489 1005 3551 ornamentis
1020 3487 1195 3566 verborum,
1220 3488 1336 3551 lituum
1354 3488 1509 3574 lapidum,
1535 3491 1554 3552 6
1579 3492 1737 3576 epistolas,
1755 3516 1830 3578 pcr-

181 3598 277 3661 nndto
302 3599 446 3662 carmina
469 3597 690 3675 ecclesiastica,
707 3597 925 3680 paraenetica,
949 3589 1209 3681 cpiprommatica
1232 3595 1371 3679 reliquit.
1409 3595 1547 3660 Eaedem
1564 3597 1635 3684 erpo
1644 3598 1722 3685 fere
1737 3612 1830 3662 mate-

180 3707 250 3767 rioe
272 3706 419 3768 tractavit
440 3727 519 3789 quoe
541 3703 606 3766 alii
625 3705 794 3788 ecrizrtores
816 3703 871 3765 eui
891 3703 1048 3786 temporis.
1086 3699 1152 3764 Sed
1166 3702 1315 3787 optimum
1340 3726 1489 3788 quemque
1512 3717 1646 3768 veterum
1662 3719 1831 3791 poetarum

181 3813 321 3875 imitatus
344 3813 528 3876 inusitatum
551 3810 628 3873 aliis
652 3810 787 3894 leporem
811 3822 840 3873 ct
860 3809 1046 3895 elepantiam
1069 3809 1222 3871 sermonis
1246 3822 1423 3873 consecutus
1446 3822 1499 3890 eet,
1523 3824 1557 3874 ut
1579 3812 1830 3897 coaequalibus,

181 3942 243 4002 qua
267 3932 356 3982 erant
378 3917 562 4002 arrogantia
574 3918 594 3995 ³,
618 3923 729 3978 vatum
753 3911 929 3999 spectabile
947 3912 1046 3994 sidus,
1067 3912 1271 3999 eloquentiae
1289 3911 1481 3979 Gallicanae
1497 3937 1557 3979 rex
1573 3918 1830 4003 praedicaretur,

135 4045 163 4084 ro
185 4023 341 4102 Ciceroni,
364 4023 512 4102 Homero,
536 4022 671 4086 Maroni
691 4021 980 4107 aequiparandus&

290 4131 486 4215 Quamquam
517 4128 696 4194 adolescens
719 4129 837 4192 ‘amori
857 4126 986 4192 laecivo’
1009 4127 1178 4191 admodum
1204 4127 1329 4192 deditus
1352 4133 1440 4193 crat⁹
1462 4154 1518 4194 nec
1540 4133 1607 4195 eine
1627 4133 1764 4216 pecunia
1787 4131 1833 4196 ad

180 4237 307 4326 infulas
322 4251 488 4324 promotus
511 4260 575 4300 esee
599 4235 732 4315 videtur,
763 4248 864 4299 tamen
888 4237 1052 4320 epiecopus
1067 4235 1181 4322 factus
1205 4249 1235 4299 et
1254 4237 1444 4300 simoniacae
1467 4250 1495 4301 et
1510 4237 1715 4323 fornicar-ios
1737 4238 1831 4303 ualde

288 4455 318 4529 l)
345 4456 394 4531 Of.
410 4457 609 4534 Beaupendre,
632 4454 790 4511 Hildeberti
812 4462 838 4512 et
861 4453 998 4512 Marbodi
1019 4473 1108 4530 opera
1132 4449 1188 4529 (cd.
1207 4455 1303 4512 Paria.
1324 4450 1421 4530 1708)
1446 4458 1496 4514 col.
1517 4456 1597 4512 1381
1616 4477 1670 4533 eq,
1695 4457 1832 4515 ‘Histoire

179 4564 316 4622 littircire
339 4565 373 4621 de
395 4565 425 4621 lu
449 4563 580 4620 France’
605 4562 643 4632 X,
662 4581 695 4638 p.
714 4560 913 4632 343-392,
938 4560 1125 4637 ‘Biopraplu'e
1144 4561 1292 4638 pine'rale’
1308 4561 1424 4633 XXVI,
1443 4582 1477 4638 p.
1495 4561 1577 4632 424;
1600 4563 1739 4639 Ropurta,
1764 4564 1831 4622 ‘Lu

133 4685 160 4726 aa
173 4671 285 4747 poicicc
314 4671 349 4728 de
372 4669 513 4728 Marbodc
542 4667 663 4726 traduite
693 4687 727 4724 en
756 4687 820 4725 vers
843 4667 994 4744 franceis,
1019 4667 1172 4743 prisace’5
1202 4667 1433 4739 Wctzcr·Welte,
1458 4668 1725 4728 ‘Kircltcnlccilcon’
1748 4671 1829 4740 VIII,

176 4797 207 4854 p.
225 4776 432 4847 640-642,·
463 4776 571 4833 Ernen
593 4775 730 4844 Ernault,
755 4772 915 4845 ‘Maroneia
939 4773 1040 4850 e'uique
1063 4775 1097 4830 de
1119 4773 1243 4844 ltcnnes,
1274 4794 1309 4833 aa
1330 4774 1374 4832 nie
1397 4783 1423 4832 et
1443 4794 1487 4832 aee
1509 4794 1634 4845 acueres,
1658 4776 1782 4834 Bulletin
1806 4786 1832 4834 et

180 4884 331 4942 Mimoires
354 4885 388 4942 de
410 4885 440 4942 la
463 4882 573 4941 Sociiti
592 4880 805 4958 arclc‘olopique
828 4881 876 4938 des
899 4879 1010 4956 ddpart.
1035 4879 1330 4938 d’Ille·et·Viloine’
1355 4881 1423 4952 XX,
1441 4881 1470 4952 2,
1490 4901 1524 4958 p.
1545 4881 1679 4939 1-260
1704 4877 1831 4958 (Hennes

181 4986 290 5066 1889).
359 4989 390 5060 2)
414 4991 524 5067 Beanp.
550 4991 600 5046 col.
621 4988 715 5045 1381.
786 4985 816 5057 3)
841 4985 1080 5044 Paramentorius
1101 4988 1146 5043 vd
1164 4986 1340 5062 pelliciarius
1362 4987 1533 5044 nominatur.
1570 4988 1626 5046 Vin
1641 5007 1707 5066 erpo
1725 4990 1777 5060 M„
1801 4999 1832 5046 ut

177 5097 288 5175 Bcaup.
313 5097 462 5167 contendit,
486 5095 584 5154 nobilis
601 5094 761 5172 prosapiae
784 5083 867 5150 erat.
925 5091 956 5163 4)
983 5089 1031 5164 Cf.
1047 5111 1145 5150 oerum
1158 5093 1278 5170 Ulqerii,
1299 5093 1590 5171 Beau9.col.1385.
1661 5095 1691 5166 5)
1715 5097 1832 5155 Robcrti

132 5220 160 5260 ao
184 5204 257 5276 Vita,
281 5212 396 5262 auctore
418 5203 547 5272 Andrea,
573 5202 671 5279 lfiqne
689 5200 761 5271 162,
786 5201 837 5257 col.
857 5199 958 5257 1078:
984 5199 1183 5256 Confitebatur
1206 5219 1297 5256 eornm
1321 5203 1449 5257 omnibus
1476 5232 1526 5270 —‚
1551 5205 1626 5274 quod
1650 5205 1715 5258 dum
1738 5205 1830 5260 adhuc

178 5319 255 5368 esset
285 5312 438 5368 saecularis
467 5311 696 5366 inordinatione
721 5309 864 5364 cuiusdam
888 5307 1068 5364 Redonensis
1099 5308 1225 5380 episcopi
1254 5309 1283 5362 in
1306 5327 1447 5365 venenum
1477 5309 1610 5364 simoniae
1642 5311 1729 5366 semel
1760 5312 1829 5366 inci·

178 5420 263 5475 derit.
356 5417 387 5488 6)
413 5415 501 5476 Gesta
525 5417 608 5492 episc.
627 5414 739 5474 Cenon.
764 5434 787 5471 c.
806 5413 858 5483 35,
885 5412 1032 5482 Mabillon,
1057 5413 1197 5470 Analecta
1219 5422 1271 5471 oct.
1297 5414 1354 5484 III,
1373 5435 1408 5490 p.
1427 5414 1489 5471 303
1506 5435 1559 5491 sq,
1585 5415 1628 5472 ed.
1655 5416 1683 5486 2,
1703 5437 1736 5494 p.
1756 5417 1828 5474 317.

179 5521 210 5600 7)
235 5523 284 5596 Os.
308 5524 498 5602 Bcaupcndre
528 5525 578 5581 col.
599 5520 838 5590 1383-1386,·
870 5519 986 5590 Donate,
1011 5517 1108 5576 ‘Notes
1137 5540 1187 5577 eur
1210 5522 1249 5578 les
1266 5521 1378 5597 pois-ica
1406 5523 1441 5579 de
1462 5521 1579 5579 Bandri
1600 5524 1635 5580 dc
1658 5522 1829 5600 Bourpueit’

178 5625 336 5706 (Romania
358 5651 386 5688 a.
406 5626 507 5706 1872)
533 5651 567 5706 p.
593 5629 644 5686 25.
670 5629 721 5686 35.
747 5626 798 5683 40.
824 5625 876 5683 45.
976 5624 1006 5696 8)
1033 5623 1082 5697 Cf.
1107 5625 1192 5686 ‘Har
1217 5627 1278 5685 litt!
1302 5627 1341 5699 X,
1360 5648 1394 5704 p.
1413 5628 1486 5686 391.
1587 5628 1618 5701 9)
1645 5627 1694 5704 Cf.
1718 5629 1828 5708 Bcauq.

130 5755 158 5793 ao
177 5738 227 5796 col.
247 5737 348 5795 1563:
374 5739 529 5811 poenitudo
551 5737 649 5793 lascivi
672 5735 783 5792 amoris.

1562 5857 1613 5910 81*
