4544 6420
743 402 981 460 Ol’USCULUhi
1004 403 1058 457 DE
1082 401 1255 458 EDIFICIO
1279 403 1356 458 DEI.
1816 396 1876 458 147

222 613 313 653 mum
337 589 460 654 'valere
491 589 696 655 arbitramur.
744 589 837 655 Sicut
867 590 954 653 enim
985 589 1150 676 quondam
1181 589 1241 654 sub
1266 590 1450 656 Zorohabel
1483 591 1566 657 duce
1597 602 1630 656 et
1652 591 1728 656 Iesu
1757 614 1876 678 magno
1896 577 2046 682 ζᾞῑω,

222 696 391 762 sacerdote
415 697 617 762 reedificatio
641 696 754 784 templi
777 720 837 784 per
859 697 921 761 hoc
945 695 1074 761 tardata
1098 707 1156 778 est,
1181 696 1268 784 quod
1290 697 1345 761 lex
1360 698 1436 778 Dei,
1461 721 1524 784 que
1548 697 1622 763 liliis
1638 697 1740 762 Israel
1756 720 1875 762 uxores

222 803 423 889 alienigenas
439 803 619 886 interdixit,
642 826 745 890 usque
771 803 853 868 adeo
870 803 1043 890 profanata
1066 815 1098 867 et
1119 804 1271 890 neglecta
1296 817 1354 884 est,
1379 817 1414 869 ut
1437 806 1534 869 etiam
1554 806 1625 891 ipse
1641 805 1733 869 Iesus
1749 805 1877 892 legatur

221 932 359 975 uxorem
375 909 591 998 alienigenam
608 909 752 991 duxisse,
768 950 813 958 —
829 910 915 974 unde
940 921 972 974 et
994 907 1111 974 beatus
1127 911 1309 976 leronimus
1326 911 1428 976 dicit¹
1445 934 1519 976 eum
1535 922 1669 998 propter
1683 911 1746 976 hoc
1769 911 1876 997 ipsum
1918 943 1922 950 ·

190 1041 204 1080 a
222 1017 257 1080 in
272 1027 363 1081 veste
380 1016 513 1082 sordida
528 1017 708 1082 Zachariae
724 1018 902 1104 prophetae
920 1017 1122 1103 apparuisse,
1141 1057 1184 1066 -
1208 1019 1255 1083 sic
1278 1029 1388 1082 nostro
1404 1029 1550 1105 tempore
1568 1029 1700 1082 sanctae
1718 1017 1783 1082 Dei
1803 1040 1875 1083 aec-
1895 1041 2019 1092 arcusa

224 1123 342 1188 clesiac
370 1146 430 1210 per
451 1123 513 1189 hoc
536 1135 585 1188 est
607 1124 770 1190 edificatio
797 1123 964 1210 impedita,
990 1123 1078 1210 quod
1101 1135 1214 1190 contra
1238 1125 1427 1189 mandatum
1452 1124 1583 1189 divinae
1606 1124 1688 1210 legis
1712 1126 1876 1190 neminem
1895 1149 2037 1197 aumas.

223 1230 297 1295 Deo
317 1229 509 1295 militantem
533 1229 734 1296 secularibus
754 1232 895 1317 negotiis
920 1229 1079 1317 implicari
1102 1232 1319 1316 pennittentis
1343 1233 1416 1318 ipsa
1440 1230 1601 1296 secularia
1623 1230 1875 1296 aecclesiasticis

224 1359 326 1423 usque
357 1336 439 1402 adeo
471 1350 545 1402 sunt
574 1339 746 1424 permixta,
777 1350 813 1402 ut
843 1339 942 1402 etiam
973 1336 1136 1418 sacerdos,
1168 1360 1264 1424 quem
1288 1337 1343 1402 lex
1367 1337 1408 1402 de
1433 1340 1554 1402 sanctis
1578 1337 1691 1424 egredi
1715 1336 1875 1425 prohibet,

223 1443 302 1508 foris
325 1455 483 1530 appareat
505 1455 596 1508 veste
621 1444 752 1509 sordida
779 1443 921 1520 indutus,
953 1444 1013 1509 hoc
1038 1454 1087 1508 est
1109 1444 1282 1508 mundanis
1307 1446 1414 1508 causis
1438 1443 1622 1531 implicatus
1646 1455 1679 1509 et
1701 1444 1875 1510 involutus.

180 1578 206 1615 ιο
224 1549 303 1615 Ideo
327 1561 359 1614 et
383 1550 482 1616 Satan
506 1573 566 1637 per
589 1573 623 1615 se
647 1553 753 1637 ipsum
777 1573 816 1616 ac
839 1549 986 1614 membra
1009 1573 1068 1614 sua
1092 1550 1225 1615 multum
1250 1549 1294 1615 illi
1317 1551 1510 1616 adversatur
1534 1563 1565 1616 et
1589 1551 1629 1616 de
1653 1550 1876 1638 corporalibus

225 1657 404 1722 aecclesiae
428 1656 532 1739 bonis,
562 1669 718 1744 tanquam
742 1657 783 1721 de
808 1679 943 1744 corpore
967 1657 1085 1744 Moysi,
1116 1657 1307 1744 plerumque
1335 1680 1414 1722 cura
1438 1681 1476 1722 eo
1507 1679 1566 1744 per
1588 1658 1726 1723 militum
1749 1657 1876 1744 linguas

226 1763 409 1828 altercatur.
456 1764 562 1845 Quem
587 1775 696 1828 tamen
720 1764 865 1829 Satanan
888 1763 1075 1828 Michahel·
1105 1763 1320 1850 archangelus
1345 1762 1465 1829 Christi
1490 1764 1669 1829 aecclesiae
1693 1766 1727 1828 in
1751 1763 1875 1830 adiuto-

225 1872 308 1934 rium
332 1872 449 1934 missus
473 1894 538 1936 non
561 1871 660 1936 audet
682 1872 863 1957 increpare,
895 1873 972 1958 quia
995 1871 1167 1958 episcopos
1190 1883 1281 1935 veste
1306 1870 1438 1936 sordida
1461 1870 1591 1935 indutos
1615 1871 1754 1936 militurn
1777 1893 1875 1936 vexa-

225 1976 366 2041 tionibus
389 1978 473 2042 iuste
489 1977 580 2042 videt
603 1976 783 2043 subiacere.
820 1977 883 2042 Oui
907 1979 1086 2042 sententiae
1110 1977 1190 2042 illud
1206 1976 1392 2060 concordat,
1417 1977 1505 2063 quod
1529 1977 1663 2064 angelus
1679 1977 1795 2060 bonus,
1820 1979 1876 2064 qui

181 2111 208 2150 u
225 2083 378 2170 precibus
401 2084 551 2148 Danielis
582 2084 674 2148 affuit
703 2096 800 2171 atque
831 2083 903 2148 illas
927 2094 1037 2171 utpote
1061 2107 1081 2148 a
1104 2085 1174 2148 viro
1207 2083 1443 2148 desideriorum
1474 2082 1599 2148 oblatas
1630 2085 1694 2149 cito
1725 2085 1875 2149 exaudiri
1894 2107 2055 2156 canaram.

225 2191 434 2273 desideravit,
465 2202 576 2255 tamen
599 2191 685 2255 XX*i
710 2202 743 2255 et
765 2214 830 2256 uno
854 2190 969 2256 diebus
999 2213 1059 2276 per
1082 2190 1215 2275 angelos
1239 2190 1444 2255 adversarios
1468 2213 1592 2255 moram
1615 2190 1697 2272 tulit,
1722 2193 1874 2279 quoniam

225 2299 377 2384 princeps
394 2298 586 2379 Persarum,
617 2297 720 2362 malus
752 2297 877 2362 sufficet
907 2296 1052 2383 angelus,
1084 2298 1176 2384 quasi
1201 2320 1333 2361 causam
1357 2299 1475 2362 iustam
1500 2310 1613 2362 contra
1636 2297 1728 2363 illum
1751 2297 1874 2363 habuit.

224 2404 319 2484 Nam,
350 2405 498 2491 quamvis
521 2427 637 2490 preces
660 2403 809 2469 Danielis
833 2403 973 2468 mundae
996 2405 1143 2486 fuissent,
1170 2415 1278 2469 tamen
1302 2415 1476 2491 propterea
1498 2404 1623 2468 tardius
1647 2404 1797 2470 exaudiri
1821 2404 1875 2469 de-

224 2510 374 2593 buerunt,
399 2510 487 2598 quod
510 2511 566 2592 illi,
591 2534 649 2598 pro
673 2511 792 2598 quibus
816 2512 931 2592 oravit,
956 2521 1081 2576 tantum
1105 2511 1199 2598 culpe
1224 2521 1465 2593 contraxerant,
1489 2523 1525 2576 ut
1547 2513 1633 2576 iusta
1656 2513 1784 2597 peccati
1807 2513 1876 2576 viu-

179 2646 207 2685 so
225 2616 314 2682 dicta
336 2617 538 2704 principibus
562 2619 655 2682 malis
679 2601 822 2682 debeant
845 2616 1024 2682 subiacere.
1065 2617 1131 2683 Sed
1155 2629 1274 2698 tamen,
1299 2619 1452 2704 quoniam
1475 2620 1527 2681 vir
1550 2617 1795 2700 desideriorum,
1820 2619 1876 2705 qui

226 2722 288 2788 sibi
312 2723 545 2789 desiderabiles
570 2723 661 2789 cibos
686 2722 902 2804 subtraxerat,
926 2747 984 2810 pro
1009 2724 1072 2789 illis
1094 2725 1208 2806 oravit,
1233 2725 1364 2789 tandem
1387 2723 1492 2789 bonus
1516 2725 1651 2811 angelus
1674 2725 1875 2813 praevaluit:

226 2841 258 2894 et
286 2831 327 2895 de
356 2829 546 2896 abbreviato
571 2832 769 2918 captivitatis
799 2842 945 2917 tempore
975 2831 1072 2896 letam
1104 2830 1358 2896 consolationem
1382 2831 1517 2896 Danieli
1546 2843 1722 2919 apportans
1753 2855 1876 2896 moram

226 2960 355 3024 quoque
380 2937 552 3024 diligenter
576 2939 751 3025 'exposuit
783 2939 860 3024 quia
882 2937 1036 3002 videlicet
1058 2939 1224 3025 principes
1247 2936 1349 3002 malos
1374 2938 1463 3002 suisb
1486 2937 1640 3025 precibus
1664 2938 1876 3004 adversantes
1896 2961 1924 3004 u.
1932 2964 1963 3005 rr.

226 3043 348 3108 habuit.
396 3044 543 3126 Quorum
572 3044 679 3109 nullus
710 3056 785 3110 ante
809 3043 916 3108 Deum
947 3042 1042 3108 bonis
1073 3044 1199 3130 angelis
1229 3067 1287 3131 pro
1319 3043 1422 3109 salute
1453 3044 1677 3131 satagentibus
1708 3044 1876 3110 adversari

179 3179 207 3219 se
226 3153 344 3238 poterit
366 3164 422 3216 aut
443 3164 640 3237 praesumet,
664 3153 728 3215 nisi
750 3152 896 3238 peccatis
919 3151 1084 3215 hominum
1101 3150 1309 3237 exigentibus
1333 3153 1452 3216 iustam
1476 3174 1496 3215 a
1511 3152 1584 3216 Deo
1604 3151 1768 3217 licentiam
1784 3173 1876 3217 acce·

225 3259 319 3345 perit.
356 3257 457 3323 Satan
482 3281 570 3345 ergo,
595 3260 651 3345 qui
675 3260 837 3345 episcopis
862 3257 1059 3323 adversandi
1082 3268 1276 3344 potestatem
1300 3259 1418 3322 iustam
1438 3257 1564 3322 tamdiu
1587 3257 1696 3340 habet,
1721 3258 1878 3345 quamdiu

227 3365 435 3430 sacerdotalis
460 3365 587 3430 almitas
603 3377 694 3429 veste
719 3364 851 3430 sordida
873 3366 971 3429 ineis
994 3364 1237 3445 dehonestatur,
1260 3387 1327 3429 non
1350 3376 1459 3450 potest
1481 3364 1524 3428 ab
1541 3363 1656 3451 angelo
1680 3363 1766 3430 bono
1792 3388 1876 3429 com-

227 3472 330 3558 primi,
360 3473 423 3537 nisi
454 3473 627 3559 episcopus
658 3495 732 3536 eum
755 3472 895 3536 Daniele
924 3483 1067 3559 apponat
1090 3494 1147 3536 cor
1170 3494 1264 3536 suum
1287 3470 1330 3535 ad
1353 3470 1610 3556 intelligendum,
1635 3483 1670 3535 ut
1694 3495 1728 3536 se
1753 3471 1877 3557 affligat
1895 3493 2054 3542 assessus.

226 3579 260 3642 in
282 3589 459 3666 conspectu
482 3579 627 3660 Domini,
657 3580 721 3642 nisi
744 3589 868 3643 vestem
900 3578 1064 3643 sordidam
1095 3579 1233 3664 proiciat
1263 3589 1294 3642 et
1325 3577 1419 3642 lineis
1449 3578 1581 3642 indutus
1613 3580 1876 3643 atramentarium
1895 3600 2033 3648 prosuae.

183 3713 211 3754 so
227 3686 391 3772 scriptoris
415 3685 458 3750 ad
474 3708 568 3750 renes
592 3683 727 3767 habens,
748 3685 823 3749 ‘tau'
849 3687 985 3768 literam,
1010 3686 1071 3750 hoc
1096 3697 1145 3749 est
1169 3685 1275 3749 crucis
1291 3685 1464 3770 mysticam
1479 3684 1627 3770 figuram,
1651 3683 1795 3749 fontibus
1811 3686 1876 3750 Dei

228 3814 393 3856 servorum
416 3791 583 3856 inscribat.
620 3792 712 3857 Tunc
737 3794 823 3858 enim
844 3791 972 3879 gladius
989 3793 1130 3858 Satanae
1154 3791 1287 3856 alterius
1310 3814 1375 3855 non
1399 3792 1517 3878 poterit
1540 3790 1587 3854 illi
1610 3791 1793 3856 adversari:
1820 3791 1877 3855 sed

227 3898 305 3963 velit
326 3897 407 3963 nolit
430 3920 505 3986 pars
529 3898 719 3962 adversaria
742 3911 877 3984 cogetur
900 3901 1083 3985 peremnia
1106 3897 1153 3963 illi
1176 3898 1336 3980 famulari,
1362 3921 1416 3962 eos
1437 3898 1658 3963 tautummodo
1682 3897 1821 3963 ledendo
1846 3909 1878 3962 et

227 4004 460 4087 interficiendo,
485 4007 542 4092 qui
563 4027 629 4070 non
646 4006 751 4070 crucis
775 4005 913 4092 figuram
936 4004 1097 4070 frontibus
1121 4007 1187 4069 suis
1211 4003 1334 4069 habent
1356 4006 1402 4069 ita
1425 4005 1627 4091 impressam,
1651 4015 1687 4068 ut
1711 4016 1876 4090 gementes

229 4123 260 4176 et
283 4111 428 4177 dolentes
452 4110 493 4176 de
516 4112 576 4194 his,
609 4134 692 4198 quae
722 4112 803 4176 fiunt
833 4113 866 4176 in
893 4111 1001 4177 medio
1030 4135 1152 4193 eorum,
1182 4133 1242 4198 per
1265 4112 1401 4175 nimium
1424 4110 1502 4176 boni
1525 4111 1662 4175 fervoris
1687 4112 1876 4192 cruciatum,

185 4301 210 4340 so
334 4283 375 4336 Ex
391 4283 523 4338 Romanis
545 4279 693 4356 legibus²:
719 4281 779 4338 Illa
801 4281 929 4356 εενὶρίαο
946 4281 1160 4355 uniuscuiusque
1177 4279 1362 4356 supplicantis
1385 4279 1524 4337 desiderio
1548 4298 1678 4336 concessa
1696 4281 1876 4355 prevaleant,

227 4420 271 4428 —
293 4419 337 4428 -
360 4391 464 4444 trullum
487 4388 707 4464 supplicantibus
723 4389 832 4459 ferant
853 4387 1013 4445 remedium.

332 4497 487 4552 Ieronimus
511 4497 546 4551 ad
571 4490 798 4568 Augustiuum³z
832 4495 944 4570 Mapaa
975 4494 1098 4571 clipuitas
1127 4493 1288 4550 enituerunt
1316 4524 1360 4532 —
1382 4523 1426 4532 —
1453 4493 1482 4548 in
1507 4493 1659 4550 aistodiam
1682 4492 1726 4549 sui
1747 4495 1876 4568 arpalum

227 4603 390 4679 dalepatum.

334 4710 466 4766 Nicolaus
481 4704 594 4781 papa⁴:
621 4707 688 4766 Cum
712 4710 754 4765 ad
767 4728 861 4766 verum
878 4717 987 4765 venatu
1002 4709 1078 4764 altra
1098 4706 1150 4764 siti
1163 4726 1215 4763 aec
1229 4706 1384 4782 inperator
1399 4737 1443 4745 -
1459 4737 1502 4745 -
1519 4705 1599 4762 rebus
1614 4705 1715 4762 diuitiis
1725 4705 1878 4780 previdere
1895 4721 1911 4761 1.
1920 4721 1953 4760 rr.

182 4835 210 4874 so
226 4815 376 4872 videreta.
422 4817 502 4872 Idem
532 4817 568 4872 ad
600 4817 734 4872 Karolmu
764 4811 999 4888 imperatorem⁵:
1031 4813 1261 4888 Reprehenaibile
1289 4814 1372 4870 ualde
1402 4832 1460 4869 asse
1490 4821 1598 4869 coirstat
1627 4843 1669 4852 -
1694 4842 1736 4851 —
1766 4811 1821 4868 uia
1850 4820 1878 4867 ut

226 4930 328 4978 vacem
348 4921 528 4980 orationibus.
575 4918 692 4978 ldem⁶z
717 4922 882 4978 Decretales
906 4921 1038 4997 mutulae
1053 4920 1247 4976 Romanorum
1271 4950 1314 4958 —
1330 4950 1373 4958 —
1396 4919 1506 4976 noverit
1527 4918 1579 4976 sibi
1602 4919 1711 4976 veniam
1731 4918 1875 4995 derrcpari.

226 5024 343 5085 ldcm⁷:
370 5028 403 5087 Si
425 5028 486 5104 quib
509 5029 650 5105 ᾰοφηαια,
675 5027 824 5084 interdicta
848 5058 890 5067 —
914 5058 958 5066 —
975 5028 1160 5103 prroumlqata
1184 5034 1417 5101 coutanpseruat.
1465 5025 1624 5082 Auathmra
1646 5025 1689 5081 sit.

334 5183 361 5246 a)
382 5185 459 5235 rubra
478 5185 544 5236 lim
558 5185 690 5250 perducta
763 5182 791 5244 b)
813 5201 878 5235 suos
897 5202 917 5234 c.
991 5182 1016 5246 c)
1038 5200 1117 5234 sacra
1136 5183 1231 5234 Dauid.

337 5327 367 5405 1)
392 5328 542 5389 Oomrnent.
567 5330 595 5387 ia
620 5331 748 5388 Zachar.
773 5333 791 5387 l.
817 5331 840 5400 Ι,
866 5351 890 5387 r.
916 5330 944 5399 3,
971 5328 1045 5405 Opp.
1068 5329 1117 5398 VI,
1142 5331 1192 5386 col.
1219 5328 1293 5385 800.
1398 5325 1429 5404 2)
1454 5327 1502 5399 Cf.
1528 5326 1684 5384 Deuadedit
1707 5327 1828 5384 Libellus
1851 5327 1875 5395 I,

182 5433 315 5511 45812,
341 5437 402 5494 La.
427 5437 467 5507 II,
487 5457 521 5513 p.
540 5437 613 5493 311.
717 5436 748 5511 3)
772 5437 837 5495 Nou
860 5437 962 5494 iuveni.
1067 5434 1098 5510 4)
1123 5435 1215 5512 Epist.
1242 5435 1270 5492 8.
1295 5437 1337 5492 ad
1360 5434 1527 5491 Micbaalem
1550 5434 1660 5510 imper,
1687 5433 1786 5490 Mauri
1808 5433 1876 5502 XV,

227 5546 277 5601 col.
297 5543 370 5600 214.
448 5541 479 5617 5)
505 5543 574 5602 Call.
590 5543 665 5600 Brit.
686 5544 791 5601 Variae
814 5565 859 5600 nr.
877 5542 948 5612 116,
974 5543 1021 5599 ‘N.
1039 5542 1158 5600 Archio'
1181 5543 1213 5611 V,
1233 5563 1266 5618 p.
1285 5541 1366 5612 590,·
1391 5541 1432 5613 cf.
1451 5538 1554 5598 Caram
1579 5541 1608 5597 iu
1633 5541 1681 5597 Ps.
1700 5540 1751 5610 64,
1776 5560 1799 5596 c.
1818 5539 1877 5607 61;

227 5651 274 5708 De
295 5650 395 5708 ordine
419 5651 555 5708 &aarum
579 5650 609 5708 8.
636 5649 759 5726 Spiritus
782 5650 876 5722 iufra.
970 5649 999 5720 6)
1025 5650 1126 5706 lVascio
1149 5649 1203 5706 abi.
1296 5647 1327 5724 1)
1353 5647 1457 5706 Concil.
1476 5647 1634 5704 Romanum
1659 5667 1687 5704 a.
1706 5647 1780 5717 863,
1806 5666 1828 5704 c.
1847 5645 1876 5715 5,

230 5757 328 5815 Marici
351 5757 418 5828 XV,
444 5758 494 5815 col.
513 5756 575 5814 652
585 5779 595 5826 ;
619 5758 660 5828 cf.
685 5757 842 5814 Deuadedil
866 5756 926 5814 Lib.
952 5757 1006 5826 IV,
1031 5753 1050 5830 ξ
1075 5756 1104 5825 8,
1130 5758 1147 5812 l.
1166 5758 1183 5812 l.
1203 5776 1236 5832 p.
1256 5755 1328 5812 361.

1615 5875 1663 5926 19*
