<?xml version="1.0" encoding="UTF-8"?>
<!DOCTYPE html PUBLIC "-//W3C//DTD XHTML 1.0 Transitional//EN"
    "http://www.w3.org/TR/xhtml1/DTD/xhtml1-transitional.dtd">
<html xmlns="http://www.w3.org/1999/xhtml" xml:lang="en" lang="en">
 <head>
  <title>
</title>
<meta http-equiv="Content-Type" content="text/html;charset=utf-8" />
  <meta name='ocr-system' content='tesseract 3.04.00' />
  <meta name='ocr-capabilities' content='ocr_page ocr_carea ocr_par ocr_line ocrx_word'/>
</head>
<body>
  <div class='ocr_page' id='page_1' title='image "./monumentagerman00unkngoog_0402.png"; bbox 0 0 4418 6412; ppageno 0'>
   <div class='ocr_carea' id='block_1_1' title="bbox 674 331 1828 394">
    <p class='ocr_par' dir='ltr' id='par_1_1' title="bbox 674 331 1828 394">
     <span class='ocr_line' id='line_1_1' title="bbox 674 331 1828 394; baseline 0.003 -4"><span class='ocrx_word' id='word_1_1' title='bbox 674 333 986 390; x_wconf 83' lang='lat' dir='ltr'><strong>COMMENTARIUS</strong></span> <span class='ocrx_word' id='word_1_2' title='bbox 1009 333 1051 388; x_wconf 90' lang='lat' dir='ltr'>IN</span> <span class='ocrx_word' id='word_1_3' title='bbox 1074 333 1263 391; x_wconf 85' lang='lat' dir='ltr'>PSALMUM</span> <span class='ocrx_word' id='word_1_4' title='bbox 1286 336 1325 392; x_wconf 82' lang='lat' dir='ltr'>X.</span> <span class='ocrx_word' id='word_1_5' title='bbox 1764 331 1828 394; x_wconf 87' lang='grc'>415</span> 
     </span>
    </p>
   </div>
   <div class='ocr_carea' id='block_1_2' title="bbox 123 517 1829 1352">
    <p class='ocr_par' dir='ltr' id='par_1_2' title="bbox 123 517 1829 1352">
     <span class='ocr_line' id='line_1_2' title="bbox 158 517 1829 608; baseline 0.005 -28"><span class='ocrx_word' id='word_1_6' title='bbox 158 517 232 582; x_wconf 84' lang='lat' dir='ltr'>sibi</span> <span class='ocrx_word' id='word_1_7' title='bbox 258 531 349 605; x_wconf 87' lang='lat' dir='ltr'>patre</span> <span class='ocrx_word' id='word_1_8' title='bbox 367 519 561 606; x_wconf 82' lang='lat' dir='ltr'>Augustino,</span> <span class='ocrx_word' id='word_1_9' title='bbox 587 520 675 608; x_wconf 92' lang='lat' dir='ltr'>quod</span> <span class='ocrx_word' id='word_1_10' title='bbox 697 520 776 585; x_wconf 91' lang='lat' dir='ltr'>nulli</span> <span class='ocrx_word' id='word_1_11' title='bbox 800 531 1003 586; x_wconf 89' lang='lat' dir='ltr'>sacramento</span> <span class='ocrx_word' id='word_1_12' title='bbox 1020 519 1171 585; x_wconf 88' lang='lat' dir='ltr'>facienda</span> <span class='ocrx_word' id='word_1_13' title='bbox 1187 531 1237 585; x_wconf 91' lang='lat' dir='ltr'>est</span> <span class='ocrx_word' id='word_1_14' title='bbox 1259 522 1378 586; x_wconf 88' lang='lat' dir='ltr'>iniuria</span> <span class='ocrx_word' id='word_1_15' title='bbox 1388 526 1408 586; x_wconf 80' lang='lat'>¹.</span> <span class='ocrx_word' id='word_1_16' title='bbox 1445 521 1604 586; x_wconf 89' lang='lat' dir='ltr'>Iniuriam</span> <span class='ocrx_word' id='word_1_17' title='bbox 1620 545 1698 587; x_wconf 90' lang='lat' dir='ltr'>vero</span> <span class='ocrx_word' id='word_1_18' title='bbox 1722 545 1829 588; x_wconf 90' lang='lat' dir='ltr'>sacra-</span> 
     </span>
     <span class='ocr_line' id='line_1_3' title="bbox 158 625 1827 714; baseline 0.003 -25"><span class='ocrx_word' id='word_1_19' title='bbox 158 639 280 690; x_wconf 89' lang='lat' dir='ltr'>mento</span> <span class='ocrx_word' id='word_1_20' title='bbox 304 625 376 690; x_wconf 88' lang='lat' dir='ltr'>fieri</span> <span class='ocrx_word' id='word_1_21' title='bbox 399 637 524 713; x_wconf 90' lang='lat' dir='ltr'>putant,</span> <span class='ocrx_word' id='word_1_22' title='bbox 549 629 577 691; x_wconf 86' lang='lat' dir='ltr'>si</span> <span class='ocrx_word' id='word_1_23' title='bbox 595 638 729 714; x_wconf 88' lang='lat' dir='ltr'>propter</span> <span class='ocrx_word' id='word_1_24' title='bbox 743 628 926 691; x_wconf 88' lang='lat' dir='ltr'>ministrum</span> <span class='ocrx_word' id='word_1_25' title='bbox 941 625 1116 712; x_wconf 87' lang='lat' dir='ltr'>reprobum</span> <span class='ocrx_word' id='word_1_26' title='bbox 1133 639 1358 692; x_wconf 83' lang='lat' dir='ltr'><strong>contemnatur</strong></span> <span class='ocrx_word' id='word_1_27' title='bbox 1373 627 1561 693; x_wconf 88' lang='lat' dir='ltr'>inviolabile</span> <span class='ocrx_word' id='word_1_28' title='bbox 1579 639 1827 712; x_wconf 86' lang='lat' dir='ltr'>sacramentum,</span> 
     </span>
     <span class='ocr_line' id='line_1_4' title="bbox 162 731 1828 822; baseline 0.003 -27"><span class='ocrx_word' id='word_1_29' title='bbox 162 732 261 818; x_wconf 90' lang='lat' dir='ltr'>quod</span> <span class='ocrx_word' id='word_1_30' title='bbox 290 731 368 797; x_wconf 89' lang='lat' dir='ltr'>licet</span> <span class='ocrx_word' id='word_1_31' title='bbox 396 733 481 797; x_wconf 89' lang='lat' dir='ltr'>male</span> <span class='ocrx_word' id='word_1_32' title='bbox 512 732 769 798; x_wconf 79' lang='lat' dir='ltr'>ministrantibus</span> <span class='ocrx_word' id='word_1_33' title='bbox 798 757 863 797; x_wconf 94' lang='lat' dir='ltr'>non</span> <span class='ocrx_word' id='word_1_34' title='bbox 886 733 1034 798; x_wconf 88' lang='lat' dir='ltr'>conferat</span> <span class='ocrx_word' id='word_1_35' title='bbox 1063 733 1209 815; x_wconf 88' lang='lat' dir='ltr'>salutem,</span> <span class='ocrx_word' id='word_1_36' title='bbox 1241 744 1350 799; x_wconf 89' lang='lat' dir='ltr'>tamen</span> <span class='ocrx_word' id='word_1_37' title='bbox 1380 734 1414 798; x_wconf 91' lang='lat' dir='ltr'>in</span> <span class='ocrx_word' id='word_1_38' title='bbox 1438 734 1629 822; x_wconf 89' lang='lat' dir='ltr'>simpliciter</span> <span class='ocrx_word' id='word_1_39' title='bbox 1651 737 1828 800; x_wconf 89' lang='lat' dir='ltr'>communi-</span> 
     </span>
     <span class='ocr_line' id='line_1_5' title="bbox 165 838 1827 928; baseline 0.002 -26"><span class='ocrx_word' id='word_1_40' title='bbox 165 838 324 904; x_wconf 78' lang='lat' dir='ltr'>cantibus</span> <span class='ocrx_word' id='word_1_41' title='bbox 349 839 473 904; x_wconf 87' lang='lat' dir='ltr'>obtinet</span> <span class='ocrx_word' id='word_1_42' title='bbox 496 863 587 904; x_wconf 90' lang='lat' dir='ltr'>suam</span> <span class='ocrx_word' id='word_1_43' title='bbox 611 841 773 905; x_wconf 90' lang='lat' dir='ltr'>virtutem.</span> <span class='ocrx_word' id='word_1_44' title='bbox 822 839 932 920; x_wconf 81' lang='lat' dir='ltr'>Quare</span> <span class='ocrx_word' id='word_1_45' title='bbox 956 841 1055 925; x_wconf 90' lang='lat' dir='ltr'>igitur</span> <span class='ocrx_word' id='word_1_46' title='bbox 1077 862 1141 905; x_wconf 92' lang='lat' dir='ltr'>non</span> <span class='ocrx_word' id='word_1_47' title='bbox 1166 840 1347 922; x_wconf 89' lang='lat' dir='ltr'>attendunt,</span> <span class='ocrx_word' id='word_1_48' title='bbox 1372 840 1459 927; x_wconf 89' lang='lat' dir='ltr'>quod</span> <span class='ocrx_word' id='word_1_49' title='bbox 1483 840 1571 905; x_wconf 90' lang='lat' dir='ltr'>idem</span> <span class='ocrx_word' id='word_1_50' title='bbox 1594 851 1688 928; x_wconf 89' lang='lat' dir='ltr'>pater</span> <span class='ocrx_word' id='word_1_51' title='bbox 1710 841 1827 906; x_wconf 78' lang='lat' dir='ltr'>dioit²z</span> 
     </span>
     <span class='ocr_line' id='line_1_6' title="bbox 123 945 1828 1036; baseline 0.006 -32"><span class='ocrx_word' id='word_1_52' title='bbox 123 965 141 1004; x_wconf 84' lang='lat' dir='ltr'>s</span> <span class='ocrx_word' id='word_1_53' title='bbox 175 945 308 1011; x_wconf 81' lang='lat' dir='ltr'>Tandiu</span> <span class='ocrx_word' id='word_1_54' title='bbox 325 962 490 1034; x_wconf 84' lang='lat' dir='ltr'>peccatam</span> <span class='ocrx_word' id='word_1_55' title='bbox 514 951 663 1033; x_wconf 72' lang='lat' dir='ltr'>certasque</span> <span class='ocrx_word' id='word_1_56' title='bbox 686 949 837 1012; x_wconf 85' lang='lat' dir='ltr'>toleratur</span> <span class='ocrx_word' id='word_1_57' title='bbox 860 951 894 1012; x_wconf 85' lang='lat' dir='ltr'>in</span> <span class='ocrx_word' id='word_1_58' title='bbox 918 949 1059 1027; x_wconf 87' lang='lat' dir='ltr'>ecclesia,</span> <span class='ocrx_word' id='word_1_59' title='bbox 1084 948 1180 1012; x_wconf 84' lang='lat' dir='ltr'>donec</span> <span class='ocrx_word' id='word_1_60' title='bbox 1203 962 1258 1012; x_wconf 83' lang='lat' dir='ltr'>aut</span> <span class='ocrx_word' id='word_1_61' title='bbox 1279 962 1490 1013; x_wconf 73' lang='lat' dir='ltr'>accusatorem</span> <span class='ocrx_word' id='word_1_62' title='bbox 1514 951 1655 1014; x_wconf 85' lang='lat' dir='ltr'>inveniat</span> <span class='ocrx_word' id='word_1_63' title='bbox 1676 964 1731 1014; x_wconf 84' lang='lat' dir='ltr'>aut</span> <span class='ocrx_word' id='word_1_64' title='bbox 1746 975 1828 1036; x_wconf 86' lang='lat' dir='ltr'>pra·</span> 
     </span>
     <span class='ocr_line' id='line_1_7' title="bbox 170 1053 1828 1141; baseline 0.002 -25"><span class='ocrx_word' id='word_1_65' title='bbox 170 1077 248 1116; x_wconf 79' lang='lat' dir='ltr'>vain</span> <span class='ocrx_word' id='word_1_66' title='bbox 278 1057 455 1139; x_wconf 77' lang='lat' dir='ltr'>opinionem</span> <span class='ocrx_word' id='word_1_67' title='bbox 478 1057 644 1140; x_wconf 78' lang='lat' dir='ltr'>pertinaci</span> <span class='ocrx_word' id='word_1_68' title='bbox 675 1057 872 1119; x_wconf 77' lang='lat' dir='ltr'>animositate</span> <span class='ocrx_word' id='word_1_69' title='bbox 908 1054 1067 1141; x_wconf 83' lang='lat' dir='ltr'>defendat.</span> <span class='ocrx_word' id='word_1_70' title='bbox 1122 1053 1288 1117; x_wconf 78' lang='lat' dir='ltr'>Pertinaci</span> <span class='ocrx_word' id='word_1_71' title='bbox 1318 1076 1396 1118; x_wconf 91' lang='lat' dir='ltr'>vero</span> <span class='ocrx_word' id='word_1_72' title='bbox 1428 1053 1632 1118; x_wconf 84' lang='lat' dir='ltr'>animositate</span> <span class='ocrx_word' id='word_1_73' title='bbox 1667 1078 1733 1119; x_wconf 91' lang='lat' dir='ltr'>non</span> <span class='ocrx_word' id='word_1_74' title='bbox 1763 1066 1828 1120; x_wconf 90' lang='lat' dir='ltr'>tam</span> 
     </span>
     <span class='ocr_line' id='line_1_8' title="bbox 169 1159 1828 1247; baseline 0.002 -25"><span class='ocrx_word' id='word_1_75' title='bbox 169 1180 309 1244; x_wconf 90' lang='lat' dir='ltr'>pravam</span> <span class='ocrx_word' id='word_1_76' title='bbox 333 1160 518 1245; x_wconf 89' lang='lat' dir='ltr'>opinionem</span> <span class='ocrx_word' id='word_1_77' title='bbox 542 1182 640 1246; x_wconf 91' lang='lat' dir='ltr'>quam</span> <span class='ocrx_word' id='word_1_78' title='bbox 663 1182 797 1247; x_wconf 90' lang='lat' dir='ltr'>pravam</span> <span class='ocrx_word' id='word_1_79' title='bbox 815 1160 1095 1224; x_wconf 84' lang='lat' dir='ltr'>conversationem</span> <span class='ocrx_word' id='word_1_80' title='bbox 1119 1160 1288 1224; x_wconf 83' lang='lat' dir='ltr'>simoniaci</span> <span class='ocrx_word' id='word_1_81' title='bbox 1313 1170 1345 1224; x_wconf 89' lang='lat' dir='ltr'>et</span> <span class='ocrx_word' id='word_1_82' title='bbox 1367 1159 1550 1224; x_wconf 84' lang='lat' dir='ltr'>Nicolaitae</span> <span class='ocrx_word' id='word_1_83' title='bbox 1574 1161 1749 1226; x_wconf 90' lang='lat' dir='ltr'>incestuosi</span> <span class='ocrx_word' id='word_1_84' title='bbox 1774 1161 1828 1226; x_wconf 88' lang='lat' dir='ltr'>de-</span> 
     </span>
     <span class='ocr_line' id='line_1_9' title="bbox 170 1265 1691 1352; baseline 0.001 -24"><span class='ocrx_word' id='word_1_85' title='bbox 170 1265 356 1346; x_wconf 86' lang='lat' dir='ltr'>fendentes,</span> <span class='ocrx_word' id='word_1_86' title='bbox 381 1267 458 1352; x_wconf 88' lang='lat' dir='ltr'>quia</span> <span class='ocrx_word' id='word_1_87' title='bbox 480 1289 545 1330; x_wconf 93' lang='lat' dir='ltr'>non</span> <span class='ocrx_word' id='word_1_88' title='bbox 570 1277 662 1330; x_wconf 91' lang='lat' dir='ltr'>erant</span> <span class='ocrx_word' id='word_1_89' title='bbox 685 1266 819 1330; x_wconf 86' lang='lat' dir='ltr'>ulterius</span> <span class='ocrx_word' id='word_1_90' title='bbox 843 1265 1013 1346; x_wconf 89' lang='lat' dir='ltr'>tolerandi,</span> <span class='ocrx_word' id='word_1_91' title='bbox 1039 1267 1194 1330; x_wconf 89' lang='lat' dir='ltr'>canonice</span> <span class='ocrx_word' id='word_1_92' title='bbox 1219 1276 1294 1331; x_wconf 90' lang='lat' dir='ltr'>sunt</span> <span class='ocrx_word' id='word_1_93' title='bbox 1317 1266 1481 1331; x_wconf 89' lang='lat' dir='ltr'>interdicti</span> <span class='ocrx_word' id='word_1_94' title='bbox 1485 1314 1691 1331; x_wconf 91' lang='grc'><strong>.......</strong></span> 
     </span>
    </p>
   </div>
   <div class='ocr_carea' id='block_1_3' title="bbox 116 1496 2005 5415">
    <p class='ocr_par' dir='ltr' id='par_1_3' title="bbox 116 1496 1956 2011">
     <span class='ocr_line' id='line_1_10' title="bbox 116 1496 1923 1586; baseline 0.006 -31"><span class='ocrx_word' id='word_1_95' title='bbox 116 1517 151 1556; x_wconf 88' lang='grc' dir='ltr'>ιο</span> <span class='ocrx_word' id='word_1_96' title='bbox 283 1497 370 1560; x_wconf 86' lang='lat' dir='ltr'>Ecce</span> <span class='ocrx_word' id='word_1_97' title='bbox 401 1497 434 1560; x_wconf 91' lang='lat' dir='ltr'>in</span> <span class='ocrx_word' id='word_1_98' title='bbox 465 1496 636 1562; x_wconf 89' lang='lat' dir='ltr'>manifesto</span> <span class='ocrx_word' id='word_1_99' title='bbox 666 1496 831 1562; x_wconf 85' lang='lat' dir='ltr'>manifesti</span> <span class='ocrx_word' id='word_1_100' title='bbox 861 1509 1066 1584; x_wconf 81' lang='lat' dir='ltr'>peccatores,</span> <span class='ocrx_word' id='word_1_101' title='bbox 1101 1497 1265 1561; x_wconf 88' lang='lat' dir='ltr'>manifesti</span> <span class='ocrx_word' id='word_1_102' title='bbox 1296 1499 1466 1562; x_wconf 86' lang='lat' dir='ltr'>simoniaci</span> <span class='ocrx_word' id='word_1_103' title='bbox 1496 1509 1529 1563; x_wconf 90' lang='lat' dir='ltr'>et</span> <span class='ocrx_word' id='word_1_104' title='bbox 1558 1497 1739 1563; x_wconf 87' lang='lat' dir='ltr'>Nicolaitae</span> <span class='ocrx_word' id='word_1_105' title='bbox 1769 1521 1828 1586; x_wconf 88' lang='lat' dir='ltr'>pro</span> <span class='ocrx_word' id='word_1_106' title='bbox 1847 1527 1923 1570; x_wconf 74' lang='lat' dir='ltr'>rrae.</span> 
     </span>
     <span class='ocr_line' id='line_1_11' title="bbox 171 1602 1828 1690; baseline 0.002 -24"><span class='ocrx_word' id='word_1_107' title='bbox 171 1603 355 1666; x_wconf 85' lang='lat' dir='ltr'>manifestis</span> <span class='ocrx_word' id='word_1_108' title='bbox 379 1602 568 1668; x_wconf 88' lang='lat' dir='ltr'>criminibus</span> <span class='ocrx_word' id='word_1_109' title='bbox 592 1603 766 1685; x_wconf 88' lang='lat' dir='ltr'>interdicti,</span> <span class='ocrx_word' id='word_1_110' title='bbox 792 1627 869 1668; x_wconf 87' lang='lat' dir='ltr'>ecce</span> <span class='ocrx_word' id='word_1_111' title='bbox 893 1605 956 1690; x_wconf 88' lang='lat' dir='ltr'>ipsi</span> <span class='ocrx_word' id='word_1_112' title='bbox 979 1615 1169 1690; x_wconf 88' lang='lat' dir='ltr'>peccatores</span> <span class='ocrx_word' id='word_1_113' title='bbox 1194 1615 1226 1668; x_wconf 90' lang='lat' dir='ltr'>et</span> <span class='ocrx_word' id='word_1_114' title='bbox 1249 1602 1454 1669; x_wconf 85' lang='lat' dir='ltr'>abundantes</span> <span class='ocrx_word' id='word_1_115' title='bbox 1485 1605 1518 1668; x_wconf 90' lang='lat' dir='ltr'>in</span> <span class='ocrx_word' id='word_1_116' title='bbox 1542 1605 1651 1670; x_wconf 90' lang='lat' dir='ltr'>seculo</span> <span class='ocrx_word' id='word_1_117' title='bbox 1683 1604 1828 1670; x_wconf 89' lang='lat' dir='ltr'>obtinue-</span> 
     </span>
     <span class='ocr_line' id='line_1_12' title="bbox 172 1708 1829 1799; baseline 0.002 -27"><span class='ocrx_word' id='word_1_118' title='bbox 172 1719 250 1772; x_wconf 92' lang='lat' dir='ltr'>runt</span> <span class='ocrx_word' id='word_1_119' title='bbox 273 1708 403 1773; x_wconf 90' lang='lat' dir='ltr'>divitias</span> <span class='ocrx_word' id='word_1_120' title='bbox 427 1709 611 1795; x_wconf 87' lang='lat' dir='ltr'>corporales</span> <span class='ocrx_word' id='word_1_121' title='bbox 636 1720 668 1773; x_wconf 91' lang='lat' dir='ltr'>et</span> <span class='ocrx_word' id='word_1_122' title='bbox 691 1710 886 1796; x_wconf 87' lang='lat' dir='ltr'>spirituales.</span> <span class='ocrx_word' id='word_1_123' title='bbox 933 1710 1016 1774; x_wconf 93' lang='lat' dir='ltr'>Nam</span> <span class='ocrx_word' id='word_1_124' title='bbox 1032 1710 1202 1796; x_wconf 89' lang='lat' dir='ltr'>possident</span> <span class='ocrx_word' id='word_1_125' title='bbox 1225 1709 1381 1774; x_wconf 87' lang='lat' dir='ltr'>ecclesias</span> <span class='ocrx_word' id='word_1_126' title='bbox 1405 1721 1438 1775; x_wconf 91' lang='lat' dir='ltr'>et</span> <span class='ocrx_word' id='word_1_127' title='bbox 1462 1711 1569 1775; x_wconf 88' lang='lat' dir='ltr'>sciunt</span> <span class='ocrx_word' id='word_1_128' title='bbox 1591 1713 1829 1799; x_wconf 64' lang='lat' dir='ltr'>scriptumest</span> 
     </span>
     <span class='ocr_line' id='line_1_13' title="bbox 171 1810 1956 1912; baseline 0.002 -33"><span class='ocrx_word' id='word_1_129' title='bbox 171 1815 249 1879; x_wconf 92' lang='lat' dir='ltr'>ideo</span> <span class='ocrx_word' id='word_1_130' title='bbox 274 1815 408 1902; x_wconf 89' lang='lat' dir='ltr'>deipsis</span> <span class='ocrx_word' id='word_1_131' title='bbox 433 1818 601 1902; x_wconf 87' lang='lat' dir='ltr'>scripturis</span> <span class='ocrx_word' id='word_1_132' title='bbox 619 1818 752 1881; x_wconf 77' lang='lat' dir='ltr'>‘veteris</span> <span class='ocrx_word' id='word_1_133' title='bbox 776 1827 808 1880; x_wconf 90' lang='lat' dir='ltr'>et</span> <span class='ocrx_word' id='word_1_134' title='bbox 831 1818 908 1880; x_wconf 91' lang='lat' dir='ltr'>novi</span> <span class='ocrx_word' id='word_1_135' title='bbox 931 1819 1116 1881; x_wconf 86' lang='lat' dir='ltr'>testamenti</span> <span class='ocrx_word' id='word_1_136' title='bbox 1140 1816 1288 1881; x_wconf 88' lang='lat' dir='ltr'>fecerunt</span> <span class='ocrx_word' id='word_1_137' title='bbox 1312 1829 1345 1881; x_wconf 89' lang='lat' dir='ltr'>et</span> <span class='ocrx_word' id='word_1_138' title='bbox 1367 1817 1577 1882; x_wconf 87' lang='lat' dir='ltr'>intenderunt</span> <span class='ocrx_word' id='word_1_139' title='bbox 1600 1839 1710 1882; x_wconf 89' lang='lat' dir='ltr'>arcum</span> <span class='ocrx_word' id='word_1_140' title='bbox 1735 1819 1828 1883; x_wconf 91' lang='lat' dir='ltr'>adse</span> <span class='ocrx_word' id='word_1_141' title='bbox 1848 1810 1956 1912; x_wconf 52' lang='lat' dir='ltr'>{iffi‘q</span> 
     </span>
     <span class='ocr_line' id='line_1_14' title="bbox 172 1921 1828 2011; baseline 0.002 -25"><span class='ocrx_word' id='word_1_142' title='bbox 172 1921 355 2009; x_wconf 89' lang='lat' dir='ltr'>torquendo</span> <span class='ocrx_word' id='word_1_143' title='bbox 379 1933 411 1986; x_wconf 91' lang='lat' dir='ltr'>et</span> <span class='ocrx_word' id='word_1_144' title='bbox 433 1921 594 1987; x_wconf 88' lang='lat' dir='ltr'>flectendo</span> <span class='ocrx_word' id='word_1_145' title='bbox 619 1945 749 1986; x_wconf 87' lang='lat' dir='ltr'>sensum</span> <span class='ocrx_word' id='word_1_146' title='bbox 774 1945 885 1986; x_wconf 87' lang='lat' dir='ltr'>earum</span> <span class='ocrx_word' id='word_1_147' title='bbox 915 1923 1008 1986; x_wconf 89' lang='lat' dir='ltr'>iuxta</span> <span class='ocrx_word' id='word_1_148' title='bbox 1036 1945 1178 1987; x_wconf 89' lang='lat' dir='ltr'>errorem</span> <span class='ocrx_word' id='word_1_149' title='bbox 1206 1946 1309 1987; x_wconf 85' lang='lat' dir='ltr'>suurn.</span> <span class='ocrx_word' id='word_1_150' title='bbox 1358 1923 1445 2004; x_wconf 80' lang='lat' dir='ltr'>Quia</span> <span class='ocrx_word' id='word_1_151' title='bbox 1475 1925 1561 1988; x_wconf 90' lang='lat' dir='ltr'>enim</span> <span class='ocrx_word' id='word_1_152' title='bbox 1592 1924 1735 2011; x_wconf 90' lang='lat' dir='ltr'>psalmus</span> <span class='ocrx_word' id='word_1_153' title='bbox 1767 1928 1828 1990; x_wconf 89' lang='lat' dir='ltr'>istc</span> 
     </span>
    </p>

    <p class='ocr_par' dir='ltr' id='par_1_4' title="bbox 122 2027 2005 2542">
     <span class='ocr_line' id='line_1_15' title="bbox 122 2027 1826 2118; baseline 0.003 -29"><span class='ocrx_word' id='word_1_154' title='bbox 122 2049 153 2088; x_wconf 81' lang='lat' dir='ltr'>rs</span> <span class='ocrx_word' id='word_1_155' title='bbox 172 2028 370 2092; x_wconf 89' lang='lat' dir='ltr'>intitulatur:</span> <span class='ocrx_word' id='word_1_156' title='bbox 396 2029 435 2093; x_wconf 85' lang='lat' dir='ltr'>In</span> <span class='ocrx_word' id='word_1_157' title='bbox 450 2032 560 2117; x_wconf 83' lang='lat' dir='ltr'>finem,</span> <span class='ocrx_word' id='word_1_158' title='bbox 584 2052 648 2094; x_wconf 93' lang='lat' dir='ltr'>non</span> <span class='ocrx_word' id='word_1_159' title='bbox 666 2040 715 2093; x_wconf 87' lang='lat' dir='ltr'>est</span> <span class='ocrx_word' id='word_1_160' title='bbox 738 2027 915 2093; x_wconf 90' lang='lat' dir='ltr'>absurdum</span> <span class='ocrx_word' id='word_1_161' title='bbox 939 2029 992 2093; x_wconf 87' lang='lat' dir='ltr'>vel</span> <span class='ocrx_word' id='word_1_162' title='bbox 1015 2029 1101 2094; x_wconf 91' lang='lat' dir='ltr'>hunc</span> <span class='ocrx_word' id='word_1_163' title='bbox 1125 2029 1178 2094; x_wconf 90' lang='lat' dir='ltr'>vel</span> <span class='ocrx_word' id='word_1_164' title='bbox 1202 2029 1282 2094; x_wconf 90' lang='lat' dir='ltr'>alios</span> <span class='ocrx_word' id='word_1_165' title='bbox 1306 2030 1448 2116; x_wconf 90' lang='lat' dir='ltr'>psalmos</span> <span class='ocrx_word' id='word_1_166' title='bbox 1472 2031 1512 2095; x_wconf 89' lang='lat' dir='ltr'>In</span> <span class='ocrx_word' id='word_1_167' title='bbox 1525 2033 1626 2118; x_wconf 78' lang='lat' dir='ltr'>finem</span> <span class='ocrx_word' id='word_1_168' title='bbox 1648 2031 1826 2096; x_wconf 88' lang='lat' dir='ltr'>intitulatos</span> 
     </span>
     <span class='ocr_line' id='line_1_16' title="bbox 172 2134 2005 2223; baseline 0.005 -25"><span class='ocrx_word' id='word_1_169' title='bbox 172 2137 220 2199; x_wconf 90' lang='lat' dir='ltr'>ita</span> <span class='ocrx_word' id='word_1_170' title='bbox 243 2136 457 2220; x_wconf 87' lang='lat' dir='ltr'>interpretari,</span> <span class='ocrx_word' id='word_1_171' title='bbox 480 2146 516 2199; x_wconf 94' lang='lat' dir='ltr'>ut</span> <span class='ocrx_word' id='word_1_172' title='bbox 538 2159 607 2218; x_wconf 89' lang='lat' dir='ltr'>nos,</span> <span class='ocrx_word' id='word_1_173' title='bbox 631 2137 666 2200; x_wconf 92' lang='lat' dir='ltr'>in</span> <span class='ocrx_word' id='word_1_174' title='bbox 682 2158 762 2222; x_wconf 87' lang='lat' dir='ltr'>quos</span> <span class='ocrx_word' id='word_1_175' title='bbox 786 2136 866 2198; x_wconf 85' lang='lat' dir='ltr'>fines</span> <span class='ocrx_word' id='word_1_176' title='bbox 890 2134 1073 2200; x_wconf 89' lang='lat' dir='ltr'>seculorum</span> <span class='ocrx_word' id='word_1_177' title='bbox 1089 2135 1301 2218; x_wconf 86' lang='lat' dir='ltr'>devenerunt,</span> <span class='ocrx_word' id='word_1_178' title='bbox 1326 2136 1376 2200; x_wconf 90' lang='lat' dir='ltr'>his</span> <span class='ocrx_word' id='word_1_179' title='bbox 1401 2159 1484 2223; x_wconf 90' lang='lat' dir='ltr'>quae</span> <span class='ocrx_word' id='word_1_180' title='bbox 1508 2159 1595 2202; x_wconf 90' lang='lat' dir='ltr'>nunc</span> <span class='ocrx_word' id='word_1_181' title='bbox 1619 2139 1707 2202; x_wconf 89' lang='lat' dir='ltr'>circa</span> <span class='ocrx_word' id='word_1_182' title='bbox 1729 2137 1828 2203; x_wconf 91' lang='lat' dir='ltr'>finem</span> <span class='ocrx_word' id='word_1_183' title='bbox 1847 2164 2005 2212; x_wconf 80' lang='lat' dir='ltr'>1.oor.1⁰,11.</span> 
     </span>
     <span class='ocr_line' id='line_1_17' title="bbox 173 2240 1951 2332; baseline 0.004 -27"><span class='ocrx_word' id='word_1_184' title='bbox 173 2241 288 2305; x_wconf 90' lang='lat' dir='ltr'>muudi</span> <span class='ocrx_word' id='word_1_185' title='bbox 311 2240 401 2325; x_wconf 88' lang='lat' dir='ltr'>liunt,</span> <span class='ocrx_word' id='word_1_186' title='bbox 427 2253 615 2328; x_wconf 89' lang='lat' dir='ltr'>coaptemus</span> <span class='ocrx_word' id='word_1_187' title='bbox 638 2241 741 2306; x_wconf 90' lang='lat' dir='ltr'>verba</span> <span class='ocrx_word' id='word_1_188' title='bbox 764 2241 972 2332; x_wconf 85' lang='lat' dir='ltr'>psalmorum,</span> <span class='ocrx_word' id='word_1_189' title='bbox 996 2265 1061 2305; x_wconf 93' lang='lat' dir='ltr'>non</span> <span class='ocrx_word' id='word_1_190' title='bbox 1084 2253 1120 2305; x_wconf 91' lang='lat' dir='ltr'>ut</span> <span class='ocrx_word' id='word_1_191' title='bbox 1142 2242 1277 2306; x_wconf 89' lang='lat' dir='ltr'>heretici</span> <span class='ocrx_word' id='word_1_192' title='bbox 1302 2265 1412 2306; x_wconf 91' lang='lat' dir='ltr'>arcum</span> <span class='ocrx_word' id='word_1_193' title='bbox 1436 2241 1600 2307; x_wconf 85' lang='lat' dir='ltr'>tendendo</span> <span class='ocrx_word' id='word_1_194' title='bbox 1623 2265 1683 2329; x_wconf 87' lang='lat' dir='ltr'>per</span> <span class='ocrx_word' id='word_1_195' title='bbox 1704 2243 1827 2309; x_wconf 90' lang='lat' dir='ltr'>violen·</span> <span class='ocrx_word' id='word_1_196' title='bbox 1846 2272 1882 2314; x_wconf 72' lang='grc' dir='ltr'>Ρ..</span> <span class='ocrx_word' id='word_1_197' title='bbox 1891 2273 1923 2320; x_wconf 88' lang='lat'>10,</span> <span class='ocrx_word' id='word_1_198' title='bbox 1932 2272 1951 2312; x_wconf 86' lang='lat' dir='ltr'>s.</span> 
     </span>
     <span class='ocr_line' id='line_1_18' title="bbox 174 2347 1828 2435; baseline 0.002 -23"><span class='ocrx_word' id='word_1_199' title='bbox 174 2358 241 2412; x_wconf 90' lang='lat' dir='ltr'>tam</span> <span class='ocrx_word' id='word_1_200' title='bbox 264 2350 562 2434; x_wconf 87' lang='lat' dir='ltr'>interpretationem</span> <span class='ocrx_word' id='word_1_201' title='bbox 587 2350 679 2435; x_wconf 89' lang='lat' dir='ltr'>quasi</span> <span class='ocrx_word' id='word_1_202' title='bbox 702 2347 859 2412; x_wconf 88' lang='lat' dir='ltr'>trahendo</span> <span class='ocrx_word' id='word_1_203' title='bbox 884 2349 1078 2434; x_wconf 88' lang='lat' dir='ltr'>scripturam</span> <span class='ocrx_word' id='word_1_204' title='bbox 1102 2348 1142 2412; x_wconf 91' lang='lat' dir='ltr'>de</span> <span class='ocrx_word' id='word_1_205' title='bbox 1167 2371 1224 2412; x_wconf 91' lang='lat' dir='ltr'>suo</span> <span class='ocrx_word' id='word_1_206' title='bbox 1249 2370 1346 2413; x_wconf 88' lang='lat' dir='ltr'>sensu</span> <span class='ocrx_word' id='word_1_207' title='bbox 1373 2349 1407 2412; x_wconf 92' lang='lat' dir='ltr'>in</span> <span class='ocrx_word' id='word_1_208' title='bbox 1430 2359 1576 2413; x_wconf 84' lang='lat' dir='ltr'>nostrum</span> <span class='ocrx_word' id='word_1_209' title='bbox 1599 2371 1740 2432; x_wconf 89' lang='lat' dir='ltr'>sensum,</span> <span class='ocrx_word' id='word_1_210' title='bbox 1769 2350 1828 2416; x_wconf 88' lang='lat' dir='ltr'>sed</span> 
     </span>
     <span class='ocr_line' id='line_1_19' title="bbox 174 2453 1828 2542; baseline 0.002 -24"><span class='ocrx_word' id='word_1_211' title='bbox 174 2453 355 2519; x_wconf 89' lang='lat' dir='ltr'>ultroneam</span> <span class='ocrx_word' id='word_1_212' title='bbox 372 2455 566 2541; x_wconf 89' lang='lat' dir='ltr'>exponendo</span> <span class='ocrx_word' id='word_1_213' title='bbox 584 2457 841 2536; x_wconf 87' lang='lat' dir='ltr'>consensionem,</span> <span class='ocrx_word' id='word_1_214' title='bbox 858 2477 942 2542; x_wconf 91' lang='lat' dir='ltr'>quae</span> <span class='ocrx_word' id='word_1_215' title='bbox 959 2456 1123 2518; x_wconf 87' lang='lat' dir='ltr'>invenitur</span> <span class='ocrx_word' id='word_1_216' title='bbox 1146 2465 1178 2518; x_wconf 89' lang='lat' dir='ltr'>et</span> <span class='ocrx_word' id='word_1_217' title='bbox 1201 2455 1235 2517; x_wconf 94' lang='lat' dir='ltr'>in</span> <span class='ocrx_word' id='word_1_218' title='bbox 1250 2453 1360 2518; x_wconf 89' lang='lat' dir='ltr'>verbis</span> <span class='ocrx_word' id='word_1_219' title='bbox 1376 2454 1574 2541; x_wconf 91' lang='lat' dir='ltr'>psalmorum</span> <span class='ocrx_word' id='word_1_220' title='bbox 1599 2467 1631 2520; x_wconf 93' lang='lat' dir='ltr'>et</span> <span class='ocrx_word' id='word_1_221' title='bbox 1654 2457 1688 2519; x_wconf 90' lang='lat' dir='ltr'>in</span> <span class='ocrx_word' id='word_1_222' title='bbox 1705 2458 1828 2521; x_wconf 87' lang='lat' dir='ltr'>eventi·</span> 
     </span>
    </p>

    <p class='ocr_par' dir='ltr' id='par_1_5' title="bbox 124 2560 1826 3073">
     <span class='ocr_line' id='line_1_20' title="bbox 124 2560 1826 2648; baseline 0.005 -28"><span class='ocrx_word' id='word_1_223' title='bbox 124 2581 154 2620; x_wconf 82' lang='lat' dir='ltr'>ro</span> <span class='ocrx_word' id='word_1_224' title='bbox 175 2560 236 2626; x_wconf 90' lang='lat' dir='ltr'>bus</span> <span class='ocrx_word' id='word_1_225' title='bbox 259 2571 441 2626; x_wconf 90' lang='lat' dir='ltr'>nostrorum</span> <span class='ocrx_word' id='word_1_226' title='bbox 465 2572 656 2648; x_wconf 90' lang='lat' dir='ltr'>temporum.</span> <span class='ocrx_word' id='word_1_227' title='bbox 694 2561 748 2627; x_wconf 87' lang='lat' dir='ltr'>Sic</span> <span class='ocrx_word' id='word_1_228' title='bbox 772 2573 866 2648; x_wconf 89' lang='lat' dir='ltr'>pater</span> <span class='ocrx_word' id='word_1_229' title='bbox 880 2561 1093 2646; x_wconf 82' lang='lat' dir='ltr'>Augustinus,</span> <span class='ocrx_word' id='word_1_230' title='bbox 1118 2561 1231 2624; x_wconf 85' lang='lat' dir='ltr'>doctor</span> <span class='ocrx_word' id='word_1_231' title='bbox 1247 2572 1403 2646; x_wconf 89' lang='lat' dir='ltr'>augustus</span> <span class='ocrx_word' id='word_1_232' title='bbox 1428 2571 1460 2625; x_wconf 90' lang='lat' dir='ltr'>et</span> <span class='ocrx_word' id='word_1_233' title='bbox 1483 2563 1633 2644; x_wconf 86' lang='lat' dir='ltr'>eximius,</span> <span class='ocrx_word' id='word_1_234' title='bbox 1657 2562 1826 2629; x_wconf 90' lang='lat' dir='ltr'>tractando</span> 
     </span>
     <span class='ocr_line' id='line_1_21' title="bbox 174 2665 1826 2756; baseline 0.002 -26"><span class='ocrx_word' id='word_1_235' title='bbox 174 2667 316 2753; x_wconf 89' lang='lat' dir='ltr'>psalmos</span> <span class='ocrx_word' id='word_1_236' title='bbox 340 2669 374 2731; x_wconf 96' lang='lat' dir='ltr'>in</span> <span class='ocrx_word' id='word_1_237' title='bbox 390 2668 514 2733; x_wconf 90' lang='lat' dir='ltr'>omeliis</span> <span class='ocrx_word' id='word_1_238' title='bbox 530 2668 632 2732; x_wconf 87' lang='lat' dir='ltr'>multa</span> <span class='ocrx_word' id='word_1_239' title='bbox 655 2668 730 2732; x_wconf 90' lang='lat' dir='ltr'>iude</span> <span class='ocrx_word' id='word_1_240' title='bbox 755 2670 879 2732; x_wconf 88' lang='lat' dir='ltr'>notavit</span> <span class='ocrx_word' id='word_1_241' title='bbox 903 2679 979 2753; x_wconf 90' lang='lat' dir='ltr'>apta</span> <span class='ocrx_word' id='word_1_242' title='bbox 1002 2665 1173 2731; x_wconf 86' lang='lat' dir='ltr'>eventibus</span> <span class='ocrx_word' id='word_1_243' title='bbox 1193 2677 1374 2752; x_wconf 86' lang='lat' dir='ltr'>temporum</span> <span class='ocrx_word' id='word_1_244' title='bbox 1391 2690 1532 2732; x_wconf 90' lang='lat' dir='ltr'>suorum.</span> <span class='ocrx_word' id='word_1_245' title='bbox 1567 2668 1606 2732; x_wconf 92' lang='lat' dir='ltr'>ln</span> <span class='ocrx_word' id='word_1_246' title='bbox 1623 2670 1689 2732; x_wconf 88' lang='lat' dir='ltr'>suis</span> <span class='ocrx_word' id='word_1_247' title='bbox 1706 2670 1826 2756; x_wconf 88' lang='lat' dir='ltr'>quippe</span> 
     </span>
     <span class='ocr_line' id='line_1_22' title="bbox 174 2771 1825 2860; baseline 0.002 -23"><span class='ocrx_word' id='word_1_248' title='bbox 174 2775 375 2860; x_wconf 88' lang='lat' dir='ltr'>temporibus</span> <span class='ocrx_word' id='word_1_249' title='bbox 404 2775 481 2840; x_wconf 87' lang='lat' dir='ltr'>licet</span> <span class='ocrx_word' id='word_1_250' title='bbox 510 2775 602 2839; x_wconf 92' lang='lat' dir='ltr'>multi</span> <span class='ocrx_word' id='word_1_251' title='bbox 631 2775 767 2839; x_wconf 88' lang='lat' dir='ltr'>heretici</span> <span class='ocrx_word' id='word_1_252' title='bbox 799 2776 943 2838; x_wconf 86' lang='lat' dir='ltr'>exissent</span> <span class='ocrx_word' id='word_1_253' title='bbox 967 2797 986 2838; x_wconf 93' lang='lat' dir='ltr'>a</span> <span class='ocrx_word' id='word_1_254' title='bbox 1008 2771 1112 2854; x_wconf 90' lang='lat' dir='ltr'>nobis,</span> <span class='ocrx_word' id='word_1_255' title='bbox 1138 2774 1282 2859; x_wconf 91' lang='lat' dir='ltr'>quinon</span> <span class='ocrx_word' id='word_1_256' title='bbox 1306 2784 1399 2837; x_wconf 89' lang='lat' dir='ltr'>erant</span> <span class='ocrx_word' id='word_1_257' title='bbox 1426 2796 1468 2838; x_wconf 88' lang='lat' dir='ltr'>ex</span> <span class='ocrx_word' id='word_1_258' title='bbox 1496 2773 1601 2857; x_wconf 90' lang='lat' dir='ltr'>nobis,</span> <span class='ocrx_word' id='word_1_259' title='bbox 1625 2785 1661 2839; x_wconf 90' lang='lat' dir='ltr'>ut</span> <span class='ocrx_word' id='word_1_260' title='bbox 1683 2775 1825 2858; x_wconf 91' lang='lat' dir='ltr'>Arriani,</span> 
     </span>
     <span class='ocr_line' id='line_1_23' title="bbox 174 2879 1826 2969; baseline 0.001 -25"><span class='ocrx_word' id='word_1_261' title='bbox 174 2879 367 2945; x_wconf 88' lang='lat' dir='ltr'>Donatistae</span> <span class='ocrx_word' id='word_1_262' title='bbox 392 2904 431 2945; x_wconf 89' lang='lat' dir='ltr'>ac</span> <span class='ocrx_word' id='word_1_263' title='bbox 455 2884 566 2962; x_wconf 88' lang='lat' dir='ltr'>ceteri,</span> <span class='ocrx_word' id='word_1_264' title='bbox 591 2905 671 2969; x_wconf 92' lang='lat' dir='ltr'>quos</span> <span class='ocrx_word' id='word_1_265' title='bbox 694 2881 781 2945; x_wconf 91' lang='lat' dir='ltr'>idem</span> <span class='ocrx_word' id='word_1_266' title='bbox 805 2892 898 2967; x_wconf 89' lang='lat' dir='ltr'>pater</span> <span class='ocrx_word' id='word_1_267' title='bbox 913 2879 1063 2945; x_wconf 91' lang='lat' dir='ltr'>vitandos</span> <span class='ocrx_word' id='word_1_268' title='bbox 1080 2880 1200 2960; x_wconf 91' lang='lat' dir='ltr'>docuit,</span> <span class='ocrx_word' id='word_1_269' title='bbox 1224 2891 1334 2944; x_wconf 88' lang='lat' dir='ltr'>tamen</span> <span class='ocrx_word' id='word_1_270' title='bbox 1349 2879 1459 2962; x_wconf 88' lang='lat' dir='ltr'>Iudas,</span> <span class='ocrx_word' id='word_1_271' title='bbox 1484 2891 1644 2946; x_wconf 88' lang='lat' dir='ltr'>mercator</span> <span class='ocrx_word' id='word_1_272' title='bbox 1666 2884 1826 2969; x_wconf 88' lang='lat' dir='ltr'>pessimus</span> 
     </span>
     <span class='ocr_line' id='line_1_24' title="bbox 175 2986 1825 3073; baseline 0.002 -23"><span class='ocrx_word' id='word_1_273' title='bbox 175 2997 207 3051; x_wconf 87' lang='lat' dir='ltr'>et</span> <span class='ocrx_word' id='word_1_274' title='bbox 230 2987 326 3053; x_wconf 93' lang='lat' dir='ltr'>homo</span> <span class='ocrx_word' id='word_1_275' title='bbox 349 2988 544 3070; x_wconf 90' lang='lat' dir='ltr'>immundus,</span> <span class='ocrx_word' id='word_1_276' title='bbox 569 2987 676 3052; x_wconf 90' lang='lat' dir='ltr'>adhuc</span> <span class='ocrx_word' id='word_1_277' title='bbox 700 2989 786 3051; x_wconf 90' lang='lat' dir='ltr'>intus</span> <span class='ocrx_word' id='word_1_278' title='bbox 811 2999 889 3069; x_wconf 90' lang='lat' dir='ltr'>erat,</span> <span class='ocrx_word' id='word_1_279' title='bbox 921 2998 1054 3073; x_wconf 89' lang='lat' dir='ltr'>propter</span> <span class='ocrx_word' id='word_1_280' title='bbox 1077 3009 1173 3073; x_wconf 90' lang='lat' dir='ltr'>quem</span> <span class='ocrx_word' id='word_1_281' title='bbox 1198 3009 1270 3050; x_wconf 90' lang='lat' dir='ltr'>cum</span> <span class='ocrx_word' id='word_1_282' title='bbox 1295 2986 1463 3072; x_wconf 88' lang='lat' dir='ltr'>discipulis</span> <span class='ocrx_word' id='word_1_283' title='bbox 1487 2987 1648 3053; x_wconf 91' lang='lat' dir='ltr'>Dominus</span> <span class='ocrx_word' id='word_1_284' title='bbox 1672 2988 1825 3053; x_wconf 88' lang='lat' dir='ltr'>dixisset:</span> 
     </span>
    </p>

    <p class='ocr_par' dir='ltr' id='par_1_6' title="bbox 126 3093 2004 3606">
     <span class='ocr_line' id='line_1_25' title="bbox 126 3093 2004 3179; baseline 0.004 -21"><span class='ocrx_word' id='word_1_285' title='bbox 126 3113 156 3151; x_wconf 75' lang='lat'>2⁶</span> <span class='ocrx_word' id='word_1_286' title='bbox 175 3093 246 3158; x_wconf 84' lang='lat' dir='ltr'>Iam</span> <span class='ocrx_word' id='word_1_287' title='bbox 270 3120 324 3159; x_wconf 84' lang='lat' dir='ltr'>cos</span> <span class='ocrx_word' id='word_1_288' title='bbox 347 3096 460 3159; x_wconf 83' lang='lat' dir='ltr'>mnndi</span> <span class='ocrx_word' id='word_1_289' title='bbox 484 3099 567 3175; x_wconf 85' lang='lat' dir='ltr'>estis,</span> <span class='ocrx_word' id='word_1_290' title='bbox 597 3094 734 3174; x_wconf 91' lang='lat' dir='ltr'>addidit,</span> <span class='ocrx_word' id='word_1_291' title='bbox 765 3096 822 3159; x_wconf 82' lang='lat' dir='ltr'>sed</span> <span class='ocrx_word' id='word_1_292' title='bbox 850 3119 909 3159; x_wconf 90' lang='lat' dir='ltr'>non</span> <span class='ocrx_word' id='word_1_293' title='bbox 941 3119 1053 3158; x_wconf 84' lang='lat' dir='ltr'>onrnes.</span> <span class='ocrx_word' id='word_1_294' title='bbox 1102 3093 1228 3158; x_wconf 84' lang='lat' dir='ltr'>Sciebat</span> <span class='ocrx_word' id='word_1_295' title='bbox 1256 3097 1339 3158; x_wconf 77' lang='lat' dir='ltr'>eninr</span> <span class='ocrx_word' id='word_1_296' title='bbox 1369 3097 1515 3179; x_wconf 82' lang='lat' dir='ltr'>quisnam</span> <span class='ocrx_word' id='word_1_297' title='bbox 1546 3110 1623 3159; x_wconf 83' lang='lat' dir='ltr'>esset</span> <span class='ocrx_word' id='word_1_298' title='bbox 1651 3096 1828 3162; x_wconf 80' lang='lat' dir='ltr'>traditurus</span> <span class='ocrx_word' id='word_1_299' title='bbox 1846 3124 2004 3172; x_wconf 61' lang='lat' dir='ltr'>ananan.</span> 
     </span>
     <span class='ocr_line' id='line_1_26' title="bbox 174 3199 1825 3288; baseline 0 -23"><span class='ocrx_word' id='word_1_300' title='bbox 174 3225 261 3284; x_wconf 75' lang='lat' dir='ltr'>eunt,-</span> <span class='ocrx_word' id='word_1_301' title='bbox 284 3216 456 3288; x_wconf 86' lang='lat' dir='ltr'>propterea</span> <span class='ocrx_word' id='word_1_302' title='bbox 480 3202 580 3266; x_wconf 75' lang='lat' dir='ltr'>dr&#39;rit:</span> <span class='ocrx_word' id='word_1_303' title='bbox 603 3201 687 3265; x_wconf 86' lang='lat' dir='ltr'>‘Non</span> <span class='ocrx_word' id='word_1_304' title='bbox 717 3205 789 3266; x_wconf 81' lang='lat' dir='ltr'>estis</span> <span class='ocrx_word' id='word_1_305' title='bbox 819 3201 934 3265; x_wconf 71' lang='lat' dir='ltr'>meandi</span> <span class='ocrx_word' id='word_1_306' title='bbox 961 3202 1087 3265; x_wconf 85' lang='lat' dir='ltr'>omnes&#39;.</span> <span class='ocrx_word' id='word_1_307' title='bbox 1135 3199 1240 3284; x_wconf 85' lang='lat' dir='ltr'>Igitur</span> <span class='ocrx_word' id='word_1_308' title='bbox 1263 3201 1322 3263; x_wconf 87' lang='lat' dir='ltr'>iste</span> <span class='ocrx_word' id='word_1_309' title='bbox 1347 3211 1508 3264; x_wconf 89' lang='lat' dir='ltr'>mercator</span> <span class='ocrx_word' id='word_1_310' title='bbox 1530 3202 1689 3286; x_wconf 90' lang='lat' dir='ltr'>pessimus</span> <span class='ocrx_word' id='word_1_311' title='bbox 1714 3212 1746 3264; x_wconf 89' lang='lat' dir='ltr'>et</span> <span class='ocrx_word' id='word_1_312' title='bbox 1769 3202 1825 3265; x_wconf 91' lang='lat' dir='ltr'>im·</span> 
     </span>
     <span class='ocr_line' id='line_1_27' title="bbox 174 3305 1826 3393; baseline 0 -23"><span class='ocrx_word' id='word_1_313' title='bbox 174 3306 313 3371; x_wconf 90' lang='lat' dir='ltr'>mundus</span> <span class='ocrx_word' id='word_1_314' title='bbox 337 3309 529 3392; x_wconf 88' lang='lat' dir='ltr'>intempore</span> <span class='ocrx_word' id='word_1_315' title='bbox 546 3318 723 3393; x_wconf 89' lang='lat' dir='ltr'>martyrum</span> <span class='ocrx_word' id='word_1_316' title='bbox 749 3319 781 3370; x_wconf 89' lang='lat' dir='ltr'>et</span> <span class='ocrx_word' id='word_1_317' title='bbox 804 3318 989 3371; x_wconf 90' lang='lat' dir='ltr'>sanctorum</span> <span class='ocrx_word' id='word_1_318' title='bbox 1006 3307 1226 3370; x_wconf 89' lang='lat' dir='ltr'>confessorum</span> <span class='ocrx_word' id='word_1_319' title='bbox 1250 3305 1393 3370; x_wconf 90' lang='lat' dir='ltr'>nondum</span> <span class='ocrx_word' id='word_1_320' title='bbox 1410 3308 1537 3370; x_wconf 89' lang='lat' dir='ltr'>exierat</span> <span class='ocrx_word' id='word_1_321' title='bbox 1559 3306 1656 3388; x_wconf 85' lang='lat' dir='ltr'>foras,</span> <span class='ocrx_word' id='word_1_322' title='bbox 1674 3308 1826 3393; x_wconf 91' lang='lat' dir='ltr'>quoniam</span> 
     </span>
     <span class='ocr_line' id='line_1_28' title="bbox 175 3408 2003 3508; baseline 0 -31"><span class='ocrx_word' id='word_1_323' title='bbox 175 3412 245 3477; x_wconf 91' lang='lat' dir='ltr'>dies</span> <span class='ocrx_word' id='word_1_324' title='bbox 270 3424 349 3477; x_wconf 88' lang='lat' dir='ltr'>erat.</span> <span class='ocrx_word' id='word_1_325' title='bbox 396 3413 462 3478; x_wconf 89' lang='lat' dir='ltr'>Sed</span> <span class='ocrx_word' id='word_1_326' title='bbox 492 3423 663 3500; x_wconf 91' lang='lat' dir='ltr'>postquam</span> <span class='ocrx_word' id='word_1_327' title='bbox 693 3436 753 3500; x_wconf 90' lang='lat' dir='ltr'>per</span> <span class='ocrx_word' id='word_1_328' title='bbox 782 3412 955 3477; x_wconf 87' lang='lat' dir='ltr'>manifesta</span> <span class='ocrx_word' id='word_1_329' title='bbox 984 3413 1172 3499; x_wconf 89' lang='lat' dir='ltr'>pontificum</span> <span class='ocrx_word' id='word_1_330' title='bbox 1197 3412 1331 3476; x_wconf 88' lang='lat' dir='ltr'>decreta</span> <span class='ocrx_word' id='word_1_331' title='bbox 1354 3412 1525 3476; x_wconf 89' lang='lat' dir='ltr'>denotatus</span> <span class='ocrx_word' id='word_1_332' title='bbox 1550 3425 1608 3494; x_wconf 89' lang='lat' dir='ltr'>est,</span> <span class='ocrx_word' id='word_1_333' title='bbox 1634 3413 1721 3498; x_wconf 90' lang='lat' dir='ltr'>quod</span> <span class='ocrx_word' id='word_1_334' title='bbox 1744 3414 1825 3498; x_wconf 87' lang='lat' dir='ltr'>ipse,</span> <span class='ocrx_word' id='word_1_335' title='bbox 1845 3408 2003 3508; x_wconf 39' lang='lat' dir='ltr'>maging,</span> 
     </span>
     <span class='ocr_line' id='line_1_29' title="bbox 175 3518 1827 3606; baseline 0 -23"><span class='ocrx_word' id='word_1_336' title='bbox 175 3521 231 3606; x_wconf 92' lang='lat' dir='ltr'>qui</span> <span class='ocrx_word' id='word_1_337' title='bbox 253 3521 386 3605; x_wconf 88' lang='lat' dir='ltr'>intingit</span> <span class='ocrx_word' id='word_1_338' title='bbox 401 3542 530 3583; x_wconf 89' lang='lat' dir='ltr'>manum</span> <span class='ocrx_word' id='word_1_339' title='bbox 554 3521 587 3583; x_wconf 94' lang='lat' dir='ltr'>in</span> <span class='ocrx_word' id='word_1_340' title='bbox 603 3520 787 3606; x_wconf 89' lang='lat' dir='ltr'>parapside,</span> <span class='ocrx_word' id='word_1_341' title='bbox 809 3518 929 3584; x_wconf 84' lang='lat' dir='ltr'>Christi</span> <span class='ocrx_word' id='word_1_342' title='bbox 952 3519 1088 3583; x_wconf 89' lang='lat' dir='ltr'>traditor</span> <span class='ocrx_word' id='word_1_343' title='bbox 1104 3529 1161 3598; x_wconf 88' lang='lat' dir='ltr'>est,</span> <span class='ocrx_word' id='word_1_344' title='bbox 1184 3520 1335 3582; x_wconf 90' lang='lat' dir='ltr'>continuo</span> <span class='ocrx_word' id='word_1_345' title='bbox 1352 3520 1534 3583; x_wconf 90' lang='lat' dir='ltr'>introeunte</span> <span class='ocrx_word' id='word_1_346' title='bbox 1555 3521 1589 3582; x_wconf 94' lang='lat' dir='ltr'>in</span> <span class='ocrx_word' id='word_1_347' title='bbox 1605 3518 1695 3582; x_wconf 92' lang='lat' dir='ltr'>illum</span> <span class='ocrx_word' id='word_1_348' title='bbox 1713 3529 1827 3584; x_wconf 89' lang='lat' dir='ltr'>satana</span> 
     </span>
    </p>

    <p class='ocr_par' dir='ltr' id='par_1_7' title="bbox 128 3624 1827 4030">
     <span class='ocr_line' id='line_1_30' title="bbox 128 3624 1825 3711; baseline 0.003 -26"><span class='ocrx_word' id='word_1_349' title='bbox 128 3647 154 3685; x_wconf 79' lang='lat' dir='ltr'>so</span> <span class='ocrx_word' id='word_1_350' title='bbox 175 3627 278 3690; x_wconf 86' lang='lat' dir='ltr'>exivit</span> <span class='ocrx_word' id='word_1_351' title='bbox 307 3626 393 3690; x_wconf 88' lang='lat' dir='ltr'>foras</span> <span class='ocrx_word' id='word_1_352' title='bbox 424 3626 464 3690; x_wconf 91' lang='lat' dir='ltr'>de</span> <span class='ocrx_word' id='word_1_353' title='bbox 495 3625 629 3690; x_wconf 88' lang='lat' dir='ltr'>occultis</span> <span class='ocrx_word' id='word_1_354' title='bbox 659 3624 792 3690; x_wconf 87' lang='lat' dir='ltr'>latebris</span> <span class='ocrx_word' id='word_1_355' title='bbox 822 3625 865 3690; x_wconf 89' lang='lat' dir='ltr'>ad</span> <span class='ocrx_word' id='word_1_356' title='bbox 895 3625 1083 3694; x_wconf 88' lang='lat' dir='ltr'>manifestas</span> <span class='ocrx_word' id='word_1_357' title='bbox 1112 3624 1284 3688; x_wconf 90' lang='lat' dir='ltr'>nundinas.</span> <span class='ocrx_word' id='word_1_358' title='bbox 1338 3625 1419 3689; x_wconf 86' lang='lat' dir='ltr'>Erat</span> <span class='ocrx_word' id='word_1_359' title='bbox 1448 3635 1556 3690; x_wconf 90' lang='lat' dir='ltr'>autem</span> <span class='ocrx_word' id='word_1_360' title='bbox 1584 3648 1665 3708; x_wconf 89' lang='lat' dir='ltr'>nox,</span> <span class='ocrx_word' id='word_1_361' title='bbox 1695 3625 1825 3711; x_wconf 89' lang='lat' dir='ltr'>quando</span> 
     </span>
     <span class='ocr_line' id='line_1_31' title="bbox 174 3730 1825 3818; baseline 0.001 -23"><span class='ocrx_word' id='word_1_362' title='bbox 174 3733 287 3814; x_wconf 84' lang='lat' dir='ltr'>exivit,</span> <span class='ocrx_word' id='word_1_363' title='bbox 305 3734 381 3818; x_wconf 91' lang='lat' dir='ltr'>quia</span> <span class='ocrx_word' id='word_1_364' title='bbox 396 3731 539 3797; x_wconf 89' lang='lat' dir='ltr'>tenebris</span> <span class='ocrx_word' id='word_1_365' title='bbox 563 3731 838 3797; x_wconf 88' lang='lat' dir='ltr'>invalescentibus</span> <span class='ocrx_word' id='word_1_366' title='bbox 854 3734 911 3795; x_wconf 90' lang='lat' dir='ltr'>vix</span> <span class='ocrx_word' id='word_1_367' title='bbox 935 3730 1173 3816; x_wconf 84' lang='lat' dir='ltr'>agnoscebatur</span> <span class='ocrx_word' id='word_1_368' title='bbox 1188 3754 1260 3795; x_wconf 88' lang='lat' dir='ltr'>esse</span> <span class='ocrx_word' id='word_1_369' title='bbox 1277 3742 1438 3796; x_wconf 88' lang='lat' dir='ltr'>mercator</span> <span class='ocrx_word' id='word_1_370' title='bbox 1460 3733 1631 3818; x_wconf 89' lang='lat' dir='ltr'>pessimus,</span> <span class='ocrx_word' id='word_1_371' title='bbox 1649 3733 1705 3818; x_wconf 92' lang='lat' dir='ltr'>qui</span> <span class='ocrx_word' id='word_1_372' title='bbox 1722 3732 1825 3796; x_wconf 89' lang='lat' dir='ltr'>eccle-</span> 
     </span>
     <span class='ocr_line' id='line_1_32' title="bbox 174 3835 1825 3925; baseline 0.001 -24"><span class='ocrx_word' id='word_1_373' title='bbox 174 3840 240 3902; x_wconf 89' lang='lat' dir='ltr'>sias</span> <span class='ocrx_word' id='word_1_374' title='bbox 264 3849 296 3902; x_wconf 91' lang='lat' dir='ltr'>et</span> <span class='ocrx_word' id='word_1_375' title='bbox 320 3839 541 3903; x_wconf 88' lang='lat' dir='ltr'>ecclesiastica</span> <span class='ocrx_word' id='word_1_376' title='bbox 565 3838 711 3903; x_wconf 89' lang='lat' dir='ltr'>vendidit</span> <span class='ocrx_word' id='word_1_377' title='bbox 735 3838 787 3902; x_wconf 88' lang='lat' dir='ltr'>vel</span> <span class='ocrx_word' id='word_1_378' title='bbox 811 3839 898 3902; x_wconf 88' lang='lat' dir='ltr'>emit.</span> <span class='ocrx_word' id='word_1_379' title='bbox 945 3838 1011 3902; x_wconf 86' lang='lat' dir='ltr'>Vix</span> <span class='ocrx_word' id='word_1_380' title='bbox 1042 3839 1139 3901; x_wconf 90' lang='lat' dir='ltr'>etiam</span> <span class='ocrx_word' id='word_1_381' title='bbox 1169 3835 1408 3922; x_wconf 88' lang='lat' dir='ltr'>agnoscebatur</span> <span class='ocrx_word' id='word_1_382' title='bbox 1430 3837 1526 3902; x_wconf 91' lang='lat' dir='ltr'>homo</span> <span class='ocrx_word' id='word_1_383' title='bbox 1550 3839 1745 3920; x_wconf 89' lang='lat' dir='ltr'>immundus,</span> <span class='ocrx_word' id='word_1_384' title='bbox 1770 3840 1825 3925; x_wconf 93' lang='lat' dir='ltr'>qui</span> 
     </span>
     <span class='ocr_line' id='line_1_33' title="bbox 173 3942 1827 4030; baseline 0.001 -22"><span class='ocrx_word' id='word_1_385' title='bbox 173 3946 207 4008; x_wconf 93' lang='lat' dir='ltr'>in</span> <span class='ocrx_word' id='word_1_386' title='bbox 224 3944 405 4009; x_wconf 88' lang='lat' dir='ltr'>sacerdotio</span> <span class='ocrx_word' id='word_1_387' title='bbox 421 3967 557 4009; x_wconf 89' lang='lat' dir='ltr'>uxorem</span> <span class='ocrx_word' id='word_1_388' title='bbox 572 3944 625 4008; x_wconf 90' lang='lat' dir='ltr'>vel</span> <span class='ocrx_word' id='word_1_389' title='bbox 641 3944 856 4009; x_wconf 91' lang='lat' dir='ltr'>concubinam</span> <span class='ocrx_word' id='word_1_390' title='bbox 873 3942 996 4008; x_wconf 89' lang='lat' dir='ltr'>habuit.</span> <span class='ocrx_word' id='word_1_391' title='bbox 1035 3943 1102 4008; x_wconf 89' lang='lat' dir='ltr'>Sed</span> <span class='ocrx_word' id='word_1_392' title='bbox 1125 3966 1210 4008; x_wconf 85' lang='lat' dir='ltr'>nunc</span> <span class='ocrx_word' id='word_1_393' title='bbox 1235 3966 1312 4008; x_wconf 89' lang='lat' dir='ltr'>ecce</span> <span class='ocrx_word' id='word_1_394' title='bbox 1336 3967 1356 4007; x_wconf 90' lang='lat' dir='ltr'>a</span> <span class='ocrx_word' id='word_1_395' title='bbox 1378 3955 1524 4030; x_wconf 88' lang='lat' dir='ltr'>tempore</span> <span class='ocrx_word' id='word_1_396' title='bbox 1548 3946 1682 4009; x_wconf 91' lang='lat' dir='ltr'>iunioris</span> <span class='ocrx_word' id='word_1_397' title='bbox 1698 3944 1827 4009; x_wconf 92' lang='lat' dir='ltr'>Nicolai</span> 
     </span>
    </p>

    <p class='ocr_par' dir='ltr' id='par_1_8' title="bbox 125 4049 1826 4137">
     <span class='ocr_line' id='line_1_34' title="bbox 125 4049 1826 4137; baseline 0.001 -23"><span class='ocrx_word' id='word_1_398' title='bbox 125 4050 128 4056; x_wconf 86' lang='grc'><strong>’</strong></span> <span class='ocrx_word' id='word_1_399' title='bbox 172 4073 233 4137; x_wconf 91' lang='lat' dir='ltr'>per</span> <span class='ocrx_word' id='word_1_400' title='bbox 255 4052 360 4136; x_wconf 90' lang='lat' dir='ltr'>ipsum</span> <span class='ocrx_word' id='word_1_401' title='bbox 385 4049 566 4132; x_wconf 91' lang='lat' dir='ltr'>Nicolaum,</span> <span class='ocrx_word' id='word_1_402' title='bbox 590 4074 650 4136; x_wconf 89' lang='lat' dir='ltr'>per</span> <span class='ocrx_word' id='word_1_403' title='bbox 671 4051 816 4115; x_wconf 88' lang='lat' dir='ltr'>Leonem</span> <span class='ocrx_word' id='word_1_404' title='bbox 839 4073 971 4132; x_wconf 89' lang='lat' dir='ltr'>nonum,</span> <span class='ocrx_word' id='word_1_405' title='bbox 1000 4073 1059 4136; x_wconf 89' lang='lat' dir='ltr'>per</span> <span class='ocrx_word' id='word_1_406' title='bbox 1080 4049 1306 4114; x_wconf 84' lang='lat' dir='ltr'>Alexandrum</span> <span class='ocrx_word' id='word_1_407' title='bbox 1330 4050 1519 4131; x_wconf 87' lang='lat' dir='ltr'>secundum,</span> <span class='ocrx_word' id='word_1_408' title='bbox 1547 4074 1606 4137; x_wconf 90' lang='lat' dir='ltr'>per</span> <span class='ocrx_word' id='word_1_409' title='bbox 1630 4049 1826 4136; x_wconf 83' lang='lat' dir='ltr'>Gregorium</span> 
     </span>
    </p>

    <p class='ocr_par' dir='ltr' id='par_1_9' title="bbox 126 4155 1826 4669">
     <span class='ocr_line' id='line_1_35' title="bbox 126 4155 1825 4244; baseline 0.002 -26"><span class='ocrx_word' id='word_1_410' title='bbox 126 4179 153 4217; x_wconf 81' lang='lat' dir='ltr'>rs</span> <span class='ocrx_word' id='word_1_411' title='bbox 173 4159 346 4244; x_wconf 90' lang='lat' dir='ltr'>septimum</span> <span class='ocrx_word' id='word_1_412' title='bbox 368 4179 492 4243; x_wconf 88' lang='lat' dir='ltr'>perque</span> <span class='ocrx_word' id='word_1_413' title='bbox 516 4157 596 4222; x_wconf 88' lang='lat' dir='ltr'>alios</span> <span class='ocrx_word' id='word_1_414' title='bbox 620 4158 782 4221; x_wconf 89' lang='lat' dir='ltr'>Romanos</span> <span class='ocrx_word' id='word_1_415' title='bbox 806 4157 976 4243; x_wconf 86' lang='lat' dir='ltr'>pontifices</span> <span class='ocrx_word' id='word_1_416' title='bbox 1001 4155 1148 4220; x_wconf 88' lang='lat' dir='ltr'>Christus</span> <span class='ocrx_word' id='word_1_417' title='bbox 1172 4155 1360 4221; x_wconf 85' lang='lat' dir='ltr'>traditorem</span> <span class='ocrx_word' id='word_1_418' title='bbox 1385 4180 1478 4220; x_wconf 92' lang='lat' dir='ltr'>suum</span> <span class='ocrx_word' id='word_1_419' title='bbox 1502 4157 1666 4221; x_wconf 89' lang='lat' dir='ltr'>hominem</span> <span class='ocrx_word' id='word_1_420' title='bbox 1688 4159 1825 4221; x_wconf 90' lang='lat' dir='ltr'>immun·</span> 
     </span>
     <span class='ocr_line' id='line_1_36' title="bbox 172 4262 1824 4350; baseline -0.001 -22"><span class='ocrx_word' id='word_1_421' title='bbox 172 4263 250 4328; x_wconf 91' lang='lat' dir='ltr'>dum</span> <span class='ocrx_word' id='word_1_422' title='bbox 274 4265 308 4327; x_wconf 90' lang='lat' dir='ltr'>in</span> <span class='ocrx_word' id='word_1_423' title='bbox 332 4265 517 4328; x_wconf 90' lang='lat' dir='ltr'>simoniacis</span> <span class='ocrx_word' id='word_1_424' title='bbox 534 4275 566 4329; x_wconf 89' lang='lat' dir='ltr'>et</span> <span class='ocrx_word' id='word_1_425' title='bbox 581 4263 751 4328; x_wconf 91' lang='lat' dir='ltr'>Nicolaitis</span> <span class='ocrx_word' id='word_1_426' title='bbox 775 4263 863 4327; x_wconf 90' lang='lat' dir='ltr'>foras</span> <span class='ocrx_word' id='word_1_427' title='bbox 887 4264 1032 4349; x_wconf 87' lang='lat' dir='ltr'>proiecit.</span> <span class='ocrx_word' id='word_1_428' title='bbox 1070 4263 1165 4327; x_wconf 90' lang='lat' dir='ltr'>Unde</span> <span class='ocrx_word' id='word_1_429' title='bbox 1186 4264 1270 4327; x_wconf 88' lang='lat' dir='ltr'>sicut</span> <span class='ocrx_word' id='word_1_430' title='bbox 1290 4262 1389 4327; x_wconf 91' lang='lat' dir='ltr'>ludas</span> <span class='ocrx_word' id='word_1_431' title='bbox 1405 4275 1577 4350; x_wconf 88' lang='lat' dir='ltr'>postquam</span> <span class='ocrx_word' id='word_1_432' title='bbox 1601 4262 1687 4327; x_wconf 87' lang='lat' dir='ltr'>foras</span> <span class='ocrx_word' id='word_1_433' title='bbox 1712 4265 1824 4347; x_wconf 85' lang='lat' dir='ltr'>exivit,</span> 
     </span>
     <span class='ocr_line' id='line_1_37' title="bbox 171 4369 1825 4457; baseline 0.001 -24"><span class='ocrx_word' id='word_1_434' title='bbox 171 4372 206 4433; x_wconf 92' lang='lat' dir='ltr'>in</span> <span class='ocrx_word' id='word_1_435' title='bbox 236 4370 322 4435; x_wconf 91' lang='lat' dir='ltr'>nullo</span> <span class='ocrx_word' id='word_1_436' title='bbox 353 4370 531 4457; x_wconf 89' lang='lat' dir='ltr'>apostolico</span> <span class='ocrx_word' id='word_1_437' title='bbox 562 4371 739 4434; x_wconf 88' lang='lat' dir='ltr'>ministerio</span> <span class='ocrx_word' id='word_1_438' title='bbox 771 4369 938 4456; x_wconf 89' lang='lat' dir='ltr'>discipulis</span> <span class='ocrx_word' id='word_1_439' title='bbox 969 4380 1017 4433; x_wconf 90' lang='lat' dir='ltr'>est</span> <span class='ocrx_word' id='word_1_440' title='bbox 1048 4370 1253 4450; x_wconf 89' lang='lat' dir='ltr'>coniunctus,</span> <span class='ocrx_word' id='word_1_441' title='bbox 1284 4370 1382 4434; x_wconf 90' lang='lat' dir='ltr'>immo</span> <span class='ocrx_word' id='word_1_442' title='bbox 1413 4369 1675 4434; x_wconf 87' lang='lat' dir='ltr'>interfectoribus</span> <span class='ocrx_word' id='word_1_443' title='bbox 1704 4369 1825 4435; x_wconf 87' lang='lat' dir='ltr'>Christi</span> 
     </span>
     <span class='ocr_line' id='line_1_38' title="bbox 171 4474 1825 4562; baseline 0 -21"><span class='ocrx_word' id='word_1_444' title='bbox 171 4478 314 4541; x_wconf 90' lang='lat' dir='ltr'>sociatus</span> <span class='ocrx_word' id='word_1_445' title='bbox 338 4489 402 4542; x_wconf 86' lang='lat' dir='ltr'>est:</span> <span class='ocrx_word' id='word_1_446' title='bbox 427 4479 472 4541; x_wconf 91' lang='lat' dir='ltr'>ita</span> <span class='ocrx_word' id='word_1_447' title='bbox 494 4478 647 4541; x_wconf 92' lang='lat' dir='ltr'>nimirum</span> <span class='ocrx_word' id='word_1_448' title='bbox 670 4487 745 4562; x_wconf 91' lang='lat' dir='ltr'>post</span> <span class='ocrx_word' id='word_1_449' title='bbox 767 4476 971 4540; x_wconf 87' lang='lat' dir='ltr'>manifestam</span> <span class='ocrx_word' id='word_1_450' title='bbox 995 4474 1186 4540; x_wconf 88' lang='lat' dir='ltr'>manifestae</span> <span class='ocrx_word' id='word_1_451' title='bbox 1211 4477 1368 4540; x_wconf 89' lang='lat' dir='ltr'>simoniae</span> <span class='ocrx_word' id='word_1_452' title='bbox 1385 4475 1438 4540; x_wconf 89' lang='lat' dir='ltr'>vel</span> <span class='ocrx_word' id='word_1_453' title='bbox 1461 4477 1716 4540; x_wconf 87' lang='lat' dir='ltr'>incontinentiae</span> <span class='ocrx_word' id='word_1_454' title='bbox 1736 4477 1825 4541; x_wconf 87' lang='lat' dir='ltr'>darn-</span> 
     </span>
     <span class='ocr_line' id='line_1_39' title="bbox 172 4581 1826 4669; baseline 0.002 -23"><span class='ocrx_word' id='word_1_455' title='bbox 172 4585 337 4648; x_wconf 87' lang='lat' dir='ltr'>nationem</span> <span class='ocrx_word' id='word_1_456' title='bbox 360 4584 530 4648; x_wconf 89' lang='lat' dir='ltr'>simoniaci</span> <span class='ocrx_word' id='word_1_457' title='bbox 553 4583 605 4647; x_wconf 87' lang='lat' dir='ltr'>vel</span> <span class='ocrx_word' id='word_1_458' title='bbox 628 4582 808 4648; x_wconf 89' lang='lat' dir='ltr'>Nicolaitae</span> <span class='ocrx_word' id='word_1_459' title='bbox 831 4605 891 4669; x_wconf 92' lang='lat' dir='ltr'>per</span> <span class='ocrx_word' id='word_1_460' title='bbox 914 4582 1159 4646; x_wconf 86' lang='lat' dir='ltr'>interdictorum</span> <span class='ocrx_word' id='word_1_461' title='bbox 1183 4582 1364 4648; x_wconf 89' lang='lat' dir='ltr'>officiorum</span> <span class='ocrx_word' id='word_1_462' title='bbox 1388 4582 1639 4648; x_wconf 88' lang='lat' dir='ltr'>celebrationem</span> <span class='ocrx_word' id='word_1_463' title='bbox 1660 4581 1826 4649; x_wconf 78' lang='lat' dir='ltr'>Christum</span> 
     </span>
    </p>

    <p class='ocr_par' dir='ltr' id='par_1_10' title="bbox 125 4688 2004 5197">
     <span class='ocr_line' id='line_1_40' title="bbox 125 4688 1825 4776; baseline 0.002 -26"><span class='ocrx_word' id='word_1_464' title='bbox 125 4711 153 4750; x_wconf 78' lang='lat' dir='ltr'>ro</span> <span class='ocrx_word' id='word_1_465' title='bbox 173 4688 280 4755; x_wconf 92' lang='lat' dir='ltr'>denuo</span> <span class='ocrx_word' id='word_1_466' title='bbox 304 4689 508 4775; x_wconf 86' lang='lat' dir='ltr'>crucifigunt,</span> <span class='ocrx_word' id='word_1_467' title='bbox 533 4700 565 4754; x_wconf 91' lang='lat' dir='ltr'>et</span> <span class='ocrx_word' id='word_1_468' title='bbox 588 4701 745 4776; x_wconf 89' lang='lat' dir='ltr'>quantum</span> <span class='ocrx_word' id='word_1_469' title='bbox 774 4691 807 4753; x_wconf 92' lang='lat' dir='ltr'>in</span> <span class='ocrx_word' id='word_1_470' title='bbox 830 4690 910 4775; x_wconf 91' lang='lat' dir='ltr'>ipsis</span> <span class='ocrx_word' id='word_1_471' title='bbox 934 4699 993 4770; x_wconf 89' lang='lat' dir='ltr'>est,</span> <span class='ocrx_word' id='word_1_472' title='bbox 1024 4689 1232 4753; x_wconf 89' lang='lat' dir='ltr'>interficiunt.</span> <span class='ocrx_word' id='word_1_473' title='bbox 1280 4689 1367 4769; x_wconf 79' lang='lat' dir='ltr'>Quia</span> <span class='ocrx_word' id='word_1_474' title='bbox 1396 4691 1495 4774; x_wconf 91' lang='lat' dir='ltr'>igitur</span> <span class='ocrx_word' id='word_1_475' title='bbox 1523 4690 1631 4754; x_wconf 87' lang='lat' dir='ltr'>officia</span> <span class='ocrx_word' id='word_1_476' title='bbox 1659 4712 1718 4754; x_wconf 89' lang='lat' dir='ltr'>sua</span> <span class='ocrx_word' id='word_1_477' title='bbox 1742 4690 1825 4755; x_wconf 89' lang='lat' dir='ltr'>cele-</span> 
     </span>
     <span class='ocr_line' id='line_1_41' title="bbox 172 4794 2004 4883; baseline 0.004 -23"><span class='ocrx_word' id='word_1_478' title='bbox 172 4795 268 4861; x_wconf 91' lang='lat' dir='ltr'>brant</span> <span class='ocrx_word' id='word_1_479' title='bbox 290 4820 349 4883; x_wconf 91' lang='lat' dir='ltr'>per</span> <span class='ocrx_word' id='word_1_480' title='bbox 371 4794 636 4878; x_wconf 88' lang='lat' dir='ltr'>inobedientiam,</span> <span class='ocrx_word' id='word_1_481' title='bbox 661 4818 743 4882; x_wconf 89' lang='lat' dir='ltr'>quae</span> <span class='ocrx_word' id='word_1_482' title='bbox 768 4806 849 4860; x_wconf 85' lang='lat' dir='ltr'>teste</span> <span class='ocrx_word' id='word_1_483' title='bbox 867 4795 1018 4860; x_wconf 87' lang='lat' dir='ltr'>Samuele</span> <span class='ocrx_word' id='word_1_484' title='bbox 1043 4795 1148 4859; x_wconf 89' lang='lat' dir='ltr'>scelus</span> <span class='ocrx_word' id='word_1_485' title='bbox 1165 4805 1214 4858; x_wconf 90' lang='lat' dir='ltr'>est</span> <span class='ocrx_word' id='word_1_486' title='bbox 1237 4795 1417 4877; x_wconf 90' lang='lat' dir='ltr'>idolatriae,</span> <span class='ocrx_word' id='word_1_487' title='bbox 1442 4797 1527 4860; x_wconf 91' lang='lat' dir='ltr'>sicut</span> <span class='ocrx_word' id='word_1_488' title='bbox 1549 4796 1734 4861; x_wconf 84' lang='lat' dir='ltr'>idolatriam</span> <span class='ocrx_word' id='word_1_489' title='bbox 1751 4819 1825 4861; x_wconf 88' lang='lat' dir='ltr'>cen·</span> <span class='ocrx_word' id='word_1_490' title='bbox 1845 4830 1863 4869; x_wconf 84' lang='lat'>1.</span> <span class='ocrx_word' id='word_1_491' title='bbox 1871 4825 2004 4877; x_wconf 62' lang='lat' dir='ltr'>RagJMss.</span> 
     </span>
     <span class='ocr_line' id='line_1_42' title="bbox 174 4901 1826 4988; baseline 0.001 -22"><span class='ocrx_word' id='word_1_492' title='bbox 174 4925 279 4967; x_wconf 89' lang='lat' dir='ltr'>semus</span> <span class='ocrx_word' id='word_1_493' title='bbox 310 4901 491 4968; x_wconf 88' lang='lat' dir='ltr'>cavendam</span> <span class='ocrx_word' id='word_1_494' title='bbox 522 4925 633 4966; x_wconf 89' lang='lat' dir='ltr'>eorum</span> <span class='ocrx_word' id='word_1_495' title='bbox 662 4903 695 4966; x_wconf 94' lang='lat' dir='ltr'>in</span> <span class='ocrx_word' id='word_1_496' title='bbox 726 4902 906 4966; x_wconf 90' lang='lat' dir='ltr'>interdictis</span> <span class='ocrx_word' id='word_1_497' title='bbox 937 4901 1052 4965; x_wconf 88' lang='lat' dir='ltr'>officiis</span> <span class='ocrx_word' id='word_1_498' title='bbox 1083 4902 1377 4988; x_wconf 87' lang='lat' dir='ltr'>participationem,</span> <span class='ocrx_word' id='word_1_499' title='bbox 1406 4904 1560 4988; x_wconf 90' lang='lat' dir='ltr'>quoniam</span> <span class='ocrx_word' id='word_1_500' title='bbox 1588 4913 1621 4967; x_wconf 87' lang='lat' dir='ltr'>et</span> <span class='ocrx_word' id='word_1_501' title='bbox 1648 4903 1709 4968; x_wconf 89' lang='lat' dir='ltr'>hoc</span> <span class='ocrx_word' id='word_1_502' title='bbox 1734 4913 1826 4968; x_wconf 89' lang='lat' dir='ltr'>esta</span> 
     </span>
     <span class='ocr_line' id='line_1_43' title="bbox 174 5006 1935 5096; baseline 0.003 -24"><span class='ocrx_word' id='word_1_503' title='bbox 174 5008 250 5073; x_wconf 90' lang='lat' dir='ltr'>sede</span> <span class='ocrx_word' id='word_1_504' title='bbox 275 5009 468 5096; x_wconf 79' lang='lat' dir='ltr'>&#39;apostolica</span> <span class='ocrx_word' id='word_1_505' title='bbox 490 5009 707 5092; x_wconf 90' lang='lat' dir='ltr'>interdictum,</span> <span class='ocrx_word' id='word_1_506' title='bbox 731 5019 766 5072; x_wconf 90' lang='lat' dir='ltr'>ut</span> <span class='ocrx_word' id='word_1_507' title='bbox 789 5007 895 5072; x_wconf 91' lang='lat' dir='ltr'>nullus</span> <span class='ocrx_word' id='word_1_508' title='bbox 920 5007 1115 5072; x_wconf 82' lang='lat' dir='ltr'>christianus</span> <span class='ocrx_word' id='word_1_509' title='bbox 1144 5019 1311 5093; x_wconf 88' lang='lat' dir='ltr'>presumat</span> <span class='ocrx_word' id='word_1_510' title='bbox 1340 5006 1454 5072; x_wconf 90' lang='lat' dir='ltr'>audire</span> <span class='ocrx_word' id='word_1_511' title='bbox 1482 5011 1597 5072; x_wconf 88' lang='lat' dir='ltr'>missas</span> <span class='ocrx_word' id='word_1_512' title='bbox 1622 5009 1935 5092; x_wconf 81' lang='lat' dir='ltr'>eorum,ubi·r.1oe.</span> 
     </span>
     <span class='ocr_line' id='line_1_44' title="bbox 174 5113 1346 5197; baseline -0.002 -17"><span class='ocrx_word' id='word_1_513' title='bbox 174 5139 283 5180; x_wconf 90' lang='lat' dir='ltr'>eorum</span> <span class='ocrx_word' id='word_1_514' title='bbox 308 5117 454 5197; x_wconf 90' lang='lat' dir='ltr'>simonia,</span> <span class='ocrx_word' id='word_1_515' title='bbox 479 5116 715 5180; x_wconf 90' lang='lat' dir='ltr'>incontinentia</span> <span class='ocrx_word' id='word_1_516' title='bbox 738 5127 771 5179; x_wconf 92' lang='lat' dir='ltr'>et</span> <span class='ocrx_word' id='word_1_517' title='bbox 793 5114 1016 5180; x_wconf 88' lang='lat' dir='ltr'>inobedientia</span> <span class='ocrx_word' id='word_1_518' title='bbox 1039 5113 1210 5178; x_wconf 87' lang='lat' dir='ltr'>manifeste</span> <span class='ocrx_word' id='word_1_519' title='bbox 1236 5116 1346 5178; x_wconf 88' lang='lat' dir='ltr'>scitur.</span> 
     </span>
    </p>

    <p class='ocr_par' dir='ltr' id='par_1_11' title="bbox 129 5220 1825 5415">
     <span class='ocr_line' id='line_1_45' title="bbox 129 5220 1825 5308; baseline 0.003 -26"><span class='ocrx_word' id='word_1_520' title='bbox 129 5243 155 5282; x_wconf 78' lang='lat' dir='ltr'>a</span> <span class='ocrx_word' id='word_1_521' title='bbox 278 5222 365 5287; x_wconf 84' lang='lat' dir='ltr'>Eant</span> <span class='ocrx_word' id='word_1_522' title='bbox 393 5245 480 5287; x_wconf 89' lang='lat' dir='ltr'>nunc</span> <span class='ocrx_word' id='word_1_523' title='bbox 511 5223 620 5307; x_wconf 89' lang='lat' dir='ltr'>magni</span> <span class='ocrx_word' id='word_1_524' title='bbox 651 5223 796 5308; x_wconf 86' lang='lat' dir='ltr'>magistri</span> <span class='ocrx_word' id='word_1_525' title='bbox 827 5221 997 5302; x_wconf 90' lang='lat' dir='ltr'>scolarum,</span> <span class='ocrx_word' id='word_1_526' title='bbox 1027 5222 1084 5306; x_wconf 92' lang='lat' dir='ltr'>qui</span> <span class='ocrx_word' id='word_1_527' title='bbox 1113 5223 1147 5285; x_wconf 91' lang='lat' dir='ltr'>in</span> <span class='ocrx_word' id='word_1_528' title='bbox 1173 5231 1313 5285; x_wconf 90' lang='lat' dir='ltr'>tractatu</span> <span class='ocrx_word' id='word_1_529' title='bbox 1343 5221 1460 5307; x_wconf 90' lang='lat' dir='ltr'>psalmi</span> <span class='ocrx_word' id='word_1_530' title='bbox 1490 5220 1585 5286; x_wconf 91' lang='lat' dir='ltr'>huius</span> <span class='ocrx_word' id='word_1_531' title='bbox 1615 5220 1825 5287; x_wconf 89' lang='lat' dir='ltr'>introducunt</span> 
     </span>
     <span class='ocr_line' id='line_1_46' title="bbox 172 5326 1824 5415; baseline 0 -23"><span class='ocrx_word' id='word_1_532' title='bbox 172 5328 303 5393; x_wconf 90' lang='lat' dir='ltr'>beatum</span> <span class='ocrx_word' id='word_1_533' title='bbox 331 5329 560 5415; x_wconf 88' lang='lat' dir='ltr'>Augustinum,</span> <span class='ocrx_word' id='word_1_534' title='bbox 589 5328 735 5392; x_wconf 89' lang='lat' dir='ltr'>volentes</span> <span class='ocrx_word' id='word_1_535' title='bbox 766 5326 905 5414; x_wconf 89' lang='lat' dir='ltr'>probare</span> <span class='ocrx_word' id='word_1_536' title='bbox 936 5349 996 5414; x_wconf 89' lang='lat' dir='ltr'>per</span> <span class='ocrx_word' id='word_1_537' title='bbox 1022 5326 1113 5390; x_wconf 93' lang='lat' dir='ltr'>illum</span> <span class='ocrx_word' id='word_1_538' title='bbox 1143 5326 1366 5392; x_wconf 87' lang='lat' dir='ltr'>indifferenter</span> <span class='ocrx_word' id='word_1_539' title='bbox 1396 5327 1575 5392; x_wconf 89' lang='lat' dir='ltr'>audiendas</span> <span class='ocrx_word' id='word_1_540' title='bbox 1607 5349 1678 5393; x_wconf 89' lang='lat' dir='ltr'>esse</span> <span class='ocrx_word' id='word_1_541' title='bbox 1708 5330 1824 5392; x_wconf 88' lang='lat' dir='ltr'>missas</span> 
     </span>
    </p>
   </div>
   <div class='ocr_carea' id='block_1_4' title="bbox 171 5565 1825 5751">
    <p class='ocr_par' dir='ltr' id='par_1_12' title="bbox 171 5565 1825 5751">
     <span class='ocr_line' id='line_1_47' title="bbox 282 5565 1825 5642; baseline 0.001 -19"><span class='ocrx_word' id='word_1_542' title='bbox 282 5565 312 5642; x_wconf 89' lang='lat'>1)</span> <span class='ocrx_word' id='word_1_543' title='bbox 337 5567 386 5640; x_wconf 83' lang='lat' dir='ltr'>Cf.</span> <span class='ocrx_word' id='word_1_544' title='bbox 409 5568 566 5626; x_wconf 74' lang='lat' dir='ltr'>Dandedit</span> <span class='ocrx_word' id='word_1_545' title='bbox 588 5569 651 5624; x_wconf 85' lang='lat' dir='ltr'>Lib.</span> <span class='ocrx_word' id='word_1_546' title='bbox 677 5577 776 5625; x_wconf 88' lang='lat' dir='ltr'>contra</span> <span class='ocrx_word' id='word_1_547' title='bbox 799 5569 944 5624; x_wconf 80' lang='lat' dir='ltr'>invasores</span> <span class='ocrx_word' id='word_1_548' title='bbox 967 5566 1007 5636; x_wconf 88' lang='lat' dir='ltr'>II,</span> <span class='ocrx_word' id='word_1_549' title='bbox 1033 5587 1057 5623; x_wconf 92' lang='lat' dir='ltr'>c.</span> <span class='ocrx_word' id='word_1_550' title='bbox 1075 5567 1104 5637; x_wconf 81' lang='lat'>6,</span> <span class='ocrx_word' id='word_1_551' title='bbox 1130 5565 1230 5623; x_wconf 81' lang='lat' dir='ltr'>Libelli</span> <span class='ocrx_word' id='word_1_552' title='bbox 1252 5565 1292 5636; x_wconf 92' lang='lat' dir='ltr'>II,</span> <span class='ocrx_word' id='word_1_553' title='bbox 1312 5587 1346 5642; x_wconf 87' lang='lat' dir='ltr'>p.</span> <span class='ocrx_word' id='word_1_554' title='bbox 1365 5566 1438 5622; x_wconf 81' lang='lat'><strong>324.</strong></span> <span class='ocrx_word' id='word_1_555' title='bbox 1544 5565 1574 5635; x_wconf 78' lang='lat'>2)</span> <span class='ocrx_word' id='word_1_556' title='bbox 1599 5565 1645 5622; x_wconf 87' lang='lat' dir='ltr'>De</span> <span class='ocrx_word' id='word_1_557' title='bbox 1668 5586 1737 5624; x_wconf 85' lang='lat' dir='ltr'>vera</span> <span class='ocrx_word' id='word_1_558' title='bbox 1760 5567 1825 5624; x_wconf 85' lang='lat' dir='ltr'>reli·</span> 
     </span>
     <span class='ocr_line' id='line_1_48' title="bbox 171 5671 776 5751; baseline -0.002 -21"><span class='ocrx_word' id='word_1_559' title='bbox 171 5674 254 5750; x_wconf 74' lang='lat' dir='ltr'>piane</span> <span class='ocrx_word' id='word_1_560' title='bbox 277 5695 301 5732; x_wconf 92' lang='lat' dir='ltr'>c.</span> <span class='ocrx_word' id='word_1_561' title='bbox 319 5675 347 5744; x_wconf 83' lang='lat'>6,</span> <span class='ocrx_word' id='word_1_562' title='bbox 371 5671 459 5749; x_wconf 73' lang='lat' dir='ltr'>§lu</span> <span class='ocrx_word' id='word_1_563' title='bbox 486 5674 560 5751; x_wconf 78' lang='lat' dir='ltr'>opp.</span> <span class='ocrx_word' id='word_1_564' title='bbox 584 5675 608 5746; x_wconf 89' lang='lat' dir='ltr'>I,</span> <span class='ocrx_word' id='word_1_565' title='bbox 634 5677 685 5733; x_wconf 87' lang='lat' dir='ltr'>cal.</span> <span class='ocrx_word' id='word_1_566' title='bbox 704 5675 776 5732; x_wconf 77' lang='lat'>751.</span> 
     </span>
    </p>
   </div>
   <div class='ocr_carea' id='block_1_5' title="bbox 0 0 2214 6404">
    <p class='ocr_par' dir='ltr' id='par_1_13' title="bbox 0 0 2214 6404">
     <span class='ocr_line' id='line_1_49' title="bbox 0 0 2214 6404; baseline 0 0"><span class='ocrx_word' id='word_1_567' title='bbox 0 0 2214 6404; x_wconf 95' lang='lat' dir='ltr'> </span> 
     </span>
    </p>
   </div>
  </div>
 </body>
</html>
