4386 6390
935 351 988 406 DE
1012 351 1103 406 FINE
1128 346 1357 404 SCHISMATIS
1380 345 1630 403 VATICINIUM.
1699 383 1701 386 -

728 555 743 602 5
771 537 810 602 In
834 537 995 602 scoriam·
1018 537 1082 600 ruit
1106 536 1222 618 exitus,
1247 557 1327 621 egra
1348 533 1517 620 potentiab
1541 532 1669 618 migrat,

825 641 991 708 Montibus
1016 641 1180 708 excedunt
1204 663 1326 727 onager
1348 651 1445 726 atque
1469 639 1530 704 leo.

773 749 905 815 Cornua
926 749 1076 814 vervecis
1099 747 1305 813 militabunte
1330 746 1474 812 cornuad
1497 745 1614 810 thauri.

774 857 920 943 Syderec
944 855 1088 920 Pollucis
1111 855 1288 920 fraternum
1314 863 1443 942 corruet
1465 862 1598 917 astrum.

773 963 848 1028 Una
871 962 942 1027 dies
966 963 1078 1026 mortis
1102 961 1236 1048 deponit
1259 971 1347 1024 serta
1370 959 1516 1024 duorum.

712 1086 744 1134 10
771 1069 815 1133 Et
838 1068 963 1133 Babel‘
987 1067 1196 1132 Archadiaess
1220 1066 1374 1154 perfusa1¹
1398 1087 1512 1130 cruore
1536 1063 1713 1128 madebitl.

773 1211 927 1274 Divisurn
950 1210 1124 1296 imperium
1146 1231 1206 1272 rex
1230 1219 1279 1272 est
1302 1218 1335 1272 et
1357 1230 1484 1273 summa
1505 1216 1659 1292 potestas.

773 1317 867 1382 Haec
891 1315 998 1381 subito
1021 1325 1169 1402 pereunt,
1193 1314 1353 1380 indivisus
1375 1313 1469 1378 Deus
1493 1323 1609 1377 exstat.

773 1425 844 1488 Nec
867 1424 950 1488 feret
973 1425 1036 1487 ieta
1060 1422 1116 1486 din
1138 1422 1241 1502 Deus,
1267 1443 1438 1508 oppressos
1461 1417 1630 1484 relevabit.

774 1531 817 1595 Et
840 1531 887 1595 eie
912 1530 1070 1612 ostendet,
1096 1529 1183 1616 quod
1206 1527 1313 1593 adhuc
1337 1527 1438 1591 nostri
1461 1528 1642 1606 miseretur,

714 1654 745 1702 15
775 1637 834 1701 Est
858 1650 890 1700 et
913 1635 1002 1722 quod
1025 1637 1127 1700 iustus
1150 1634 1262 1699 iudex.
1297 1634 1446 1698 Romane
1468 1644 1612 1719 potestas

775 1744 934 1808 Redditur
958 1754 990 1807 et
1014 1765 1100 1828 papa
1123 1741 1255 1828 paulum
1278 1739 1413 1826 posthec
1438 1740 1602 1803 morietur.

775 1850 850 1914 Una
873 1850 942 1913 dica
966 1849 1088 1930 mortio,
1113 1848 1174 1914 hoc
1200 1859 1248 1911 est
1271 1868 1357 1911 antro
1380 1846 1416 1910 fit
1439 1844 1565 1928 eodem,

775 1957 867 2042 Papa
891 1953 978 2041 quod
1002 1955 1111 2019 interit
1134 1965 1166 2018 et
1188 1954 1268 2018 fient
1291 1974 1504 2040 quaeeunque
1529 1963 1692 2016 secuntur.

571 2083 626 2147 Vel
640 2107 679 2146 er
694 2083 752 2146 bac
770 2084 981 2146 recensionem
998 2081 1030 2142 B
1046 2094 1074 2144 et
1093 2079 1119 2144 C
1141 2081 1286 2158 editione,
1311 2103 1444 2164 quacum
1459 2077 1490 2140 A
1512 2078 1604 2165 infru
1619 2103 1656 2164 p.
1675 2079 1748 2141 566.
1768 2103 1899 2142 mucia
1916 2079 2093 2165 conferatur,
2107 2102 2123 2140 a

455 2191 575 2254 nullom
600 2213 706 2252 enrrnn
736 2213 774 2251 eu
796 2189 865 2252 alie
888 2188 1029 2251 borretum
1056 2211 1129 2266 eece,
1160 2211 1257 2272 neque
1290 2210 1359 2250 uero
1382 2185 1415 2247 B
1438 2199 1467 2248 et
1492 2183 1527 2265 C,
1558 2187 1618 2248 etei
1645 2183 1774 2248 eundem
1801 2209 1945 2248 ceraunia
1970 2185 2095 2249 ordinem

456 2297 607 2374 exhibent,
632 2319 671 2359 erc
693 2295 798 2358 eodem
823 2295 1001 2379 enesnrpiari
1028 2295 1218 2358 transscribi
1237 2295 1380 2379 petreium
1410 2305 1552 2377 apparet.
1600 2291 1644 2354 At
1667 2305 1773 2354 couno
1797 2292 1828 2353 A
1853 2306 1882 2354 et
1909 2289 1944 2371 U,
1970 2295 2099 2376 percurris

456 2427 598 2466 'uersuum
626 2401 705 2466 erdo
735 2401 875 2487 ‹lifferat
906 2425 944 2465 eur
973 2399 1077 2464 eedem
1102 2400 1269 2486 arebat-ppo
1300 2399 1409 2462 dirutae
1439 2423 1503 2462 ecee
1533 2422 1593 2462 non
1623 2400 1813 2486 nepaeerirn,
1838 2401 1905 2483 qui,
1937 2423 2005 2461 cum
2035 2398 2100 2461 ordo

457 2511 647 2573 recensionis
671 2507 697 2571 e*
726 2510 761 2572 ia
784 2507 816 2569 B
845 2531 966 2593 qnoque
996 2521 1082 2586 certet,
1114 2531 1207 2592 quma
1232 2530 1271 2569 er.
1290 2505 1316 2569 O
1337 2529 1398 2568 non
1426 2529 1585 2568 emunaeee
1606 2519 1705 2591 patet,
1736 2505 1817 2568 bunc
1848 2505 1993 2568 ordinem
2017 2529 2101 2590 prae-

457 2617 559 2679 buisse
584 2614 737 2678 uideatur.
777 2613 864 2691 Quae
883 2639 951 2677 cum
977 2615 1020 2678 ita
1043 2615 1116 2692 aiat,
1141 2613 1180 2676 ab
1195 2612 1225 2674 A
1237 2613 1331 2698 fuleo
1357 2635 1463 2676 ceraue
1486 2612 1651 2675 collocator
1675 2635 1739 2675 ecee
1761 2613 1969 2698 manifestum
1987 2626 2036 2675 eet.
2071 2611 2133 2673 Iun

457 2721 623 2807 arebetppo
654 2723 736 2784 enirn
768 2744 818 2783 ece
849 2719 970 2783 dreabua
1001 2720 1154 2782 coiurunie
1183 2722 1317 2804 ucrr'prtoe
1340 2743 1404 2782 eree
1435 2720 1565 2797 conicio,
1597 2721 1641 2782 ita
1667 2731 1699 2782 ut
1713 2720 1845 2804 primm
1868 2719 2103 2782 receneiom'rA

457 2842 551 2907 uerte,
575 2827 729 2891 secundae
752 2829 882 2913 reprimo
906 2826 1124 2911 reprenderet:

507 2936 533 2996 l.
568 2932 633 2996 Dic
658 2929 811 3018 Cayphe:
843 2931 993 2995 mercede
1024 2941 1123 3016 caput
1146 2929 1257 3016 dnmp-
1284 2913 1287 2968 l
1358 2933 1388 2993 6.
1425 2927 1522 2993 Celsa
1546 2940 1657 2994 ruunt:
1688 2928 1801 2993 humili
1831 2929 1957 3015 pendet
1979 2941 2104 3014 uterque

886 3048 981 3101 natur
1004 3037 1135 3100 alumni
1739 3033 1870 3121 gradus.

505 3149 534 3209 2.
571 3143 707 3210 Salvant
737 3153 769 3208 et
799 3143 939 3230 perdunt
970 3165 1025 3206 aa
1041 3165 1061 3206 a
1091 3166 1154 3229 que
1185 3152 1259 3207 siunt
1360 3145 1388 3206 1.
1424 3143 1540 3207 Interit
1575 3154 1672 3230 atque
1711 3145 1796 3229 perit
1835 3142 1923 3230 quod
1959 3154 2137 3208 consonate

886 3249 1034 3313 Ieremie.
1741 3249 1934 3337 euphoniae.

459 3359 583 3423 Eadem
606 3361 728 3422 ratione
752 3360 860 3421 tertiae
883 3356 922 3419 In
939 3357 1076 3420 scoriam
1102 3371 1207 3421 oetaeo
1224 3355 1400 3438 Montibus,
1424 3372 1555 3442 qno-rure
1572 3355 1703 3421 Cornua
1727 3381 1806 3420 acuo
1826 3355 1964 3442 Sydere‚
1990 3361 2106 3443 quintin

460 3464 535 3528 Una
559 3465 678 3529 decimo
701 3463 745 3527 Et
768 3462 872 3527 Babel
896 3463 1130 3549 responderant.
1182 3463 1260 3527 Cum
1286 3488 1356 3528 rere
1373 3479 1480 3549 poeta,
1510 3467 1542 3528 ei
1562 3464 1595 3526 B
1618 3479 1646 3528 et
1665 3463 1693 3527 0
1713 3464 1839 3528 credere
1863 3465 1945 3543 iicet,
1976 3466 2107 3550 einpulor

459 3571 614 3636 eecruidoe
637 3579 730 3656 post
753 3571 895 3656 einpaioo
911 3572 1051 3655 primae,
1076 3595 1153 3655 qum
1176 3572 1242 3634 eibi
1262 3570 1450 3656 revpoadere
1468 3572 1687 3651 intelleccirnum,
1713 3571 1777 3658 iepi
1798 3585 1826 3635 et
1847 3573 1951 3636 eeribi
1974 3573 2107 3650 uoluerit,

460 3677 490 3739 A
496 3678 591 3765 faico
598 3680 708 3763 primo
721 3691 813 3740 tota-ru
827 3677 1003 3739 columnam
1012 3679 1157 3761 priorem
1171 3679 1325 3756 currerit,
1342 3691 1402 3740 trum
1421 3691 1513 3740 totam
1523 3680 1733 3764 posteriorem
1749 3677 1868 3742 adiecit
1877 3683 1897 3740 ¹.
1930 3678 2108 3764 Ita-facturn
2122 3699 2141 3738 n
2158 3707 2163 3720 ·

461 3798 514 3862 eet,
538 3797 572 3848 ut
596 3797 678 3847 retur
694 3783 782 3862 orele,
807 3805 867 3867 quo
885 3783 956 3846 licet
972 3807 1078 3846 uerene
1094 3785 1221 3846 obscuri
1242 3786 1298 3846 oi'm
1319 3784 1432 3847 melius
1451 3785 1680 3870 inteliepantur,
1704 3799 1804 3848 tamen
1822 3785 1957 3848 dirorum
1974 3785 2109 3849 codicum

462 3892 635 3954 testimonio
658 3891 736 3953 satie
759 3890 989 3975 conprobatur,
1014 3891 1045 3952 in
1071 3889 1152 3952 bunc
1175 3890 1311 3969 modum,
1336 3893 1448 3975 quiin
1473 3890 1502 3952 A
1527 3891 1780 3976 deprehensione,
1805 3894 2032 3955 immutaretur.

569 3995 618 4060 De
634 3996 690 4059 boe
706 3997 872 4082 archetypo
889 4009 990 4059 autem
1006 3998 1219 4060 receneionum
1235 3997 1265 4058 A
1285 4011 1313 4060 et
1332 3995 1359 4060 (l
1380 4022 1419 4060 eu
1433 3999 1489 4077 eie,
1514 4021 1592 4082 quae
1610 4000 1641 4060 in
1659 3997 1820 4062 codicibue
1828 3999 2037 4083 praecedunt,
2055 3999 2109 4062 aii-

462 4103 647 4188 quantuium
670 4103 750 4165 incia
773 4104 919 4165 narrcieci
939 4102 1022 4166 nu'bi
1045 4102 1159 4165 uideor.
1209 4101 1298 4166 Sicut
1320 4106 1401 4167 enim
1426 4103 1455 4166 A
1480 4106 1638 4167 artreeime
1662 4128 1731 4167 cura
1755 4102 1918 4184 lobannis,
1936 4105 2113 4192 preebpteri

470 4209 745 4295 Wirceburpeneie,
769 4207 970 4272 Bereiatione
1001 4208 1039 4271 de
1060 4210 1211 4293 partibus
1241 4212 1466 4274 tenerenturne
1496 4212 1659 4274 coniuncta
1690 4214 1764 4289 eut,
1793 4212 1884 4274 cuiue
1914 4212 2145 4274 conclusione

463 4316 598 4380 librario
607 4315 702 4402 falso
726 4317 758 4378 ei
778 4328 823 4378 eet
838 4316 1049 4399 procuroeital,
1073 4316 1119 4378 ita
1139 4313 1166 4378 0
1187 4317 1345 4380 artissime
1361 4341 1428 4379 curn
1447 4318 1547 4380 tribue
1564 4317 1827 4401 descriptionibus
1848 4315 1966 4381 Terrae
1983 4316 2111 4382 Sanctae

463 4423 604 4485 cobaeret
627 4421 734 4484 eadem
757 4445 853 4484 manre
875 4444 954 4483 auec.
972 4418 1072 4483 XIII.
1099 4423 1131 4484 in
1156 4422 1262 4485 cod-icc
1285 4425 1435 4503 encratia,
1466 4447 1601 4507 priorum
1621 4425 1731 4508 prima
1755 4436 1783 4486 et
1804 4423 1952 4503 secunda,
1976 4423 2113 4511 Reponie

394 4525 397 4532 ’
466 4528 609 4592 uidelicet
631 4528 681 4591 vel
703 4526 862 4614 Irorponn
886 4527 1050 4606 Freiettffl,
1075 4527 1300 4592 archidiaconi
1320 4528 1518 4609 Antiocbem',
1549 4543 1698 4592 tractatur
1727 4529 1764 4593 de
1789 4529 1951 4594 dietautiie
1980 4531 2112 4595 locorum
2137 4561 2139 4566 ·

570 4765 596 4830 a)
618 4769 736 4818 scorium
752 4767 778 4818 0.
846 4763 874 4829 b)
896 4770 1026 4833 potencia
1041 4767 1067 4818 (1¹.
1135 4765 1161 4829 c)
1183 4769 1352 4818 mutisabunt
1373 4769 1399 4819 C.
1466 4767 1495 4832 d)
1517 4770 1660 4830 federa&
1678 4769 1711 4835 ef.
1730 4770 1803 4835 infra
1823 4771 1856 4820 A.
1925 4769 1951 4832 e)
1973 4772 2074 4822 Videre
2089 4772 2113 4822 C.

462 4855 644 4918 DCabnbel
666 4856 692 4906 Ο.
765 4855 992 4926 φὼς-11111190.
1064 4856 1093 4920 h)
1112 4873 1161 4922 per
1180 4873 1230 4908 ano
1253 4858 1279 4908 C.
1352 4855 1372 4920 i)
1395 4859 1503 4908 rubebit
1525 4859 1559 4920 0,·
1580 4857 1613 4924 ef.
1632 4859 1705 4925 infre
1725 4859 1748 4908 A
1757 4859 1956 4920 5bieOderiit.
2128 4859 2150 4897 ⁴⁰

573 5056 602 5127 1)
634 5058 779 5114 Interdum
810 5057 957 5127 accidisse,
991 5066 1021 5114 ut
1054 5057 1094 5114 ita
1128 5058 1309 5115 librariorum
1345 5058 1452 5115 desidia
1487 5061 1557 5116 ereio
1592 5079 1720 5116 oereunrn
1746 5067 1968 5134 perverteretur,
2000 5060 2117 5118 ostendit

472 5164 514 5221 W.
542 5163 650 5237 Meyer,
675 5162 840 5220 ‘Sita-Ber.
866 5165 917 5220 der
940 5163 1075 5220 Berliner
1098 5163 1191 5220 Alcaei.
1217 5165 1268 5219 cler
1292 5164 1468 5220 ll'rlrserreci!
1494 5159 1533 5238 (a.
1554 5161 1650 5240 1890)
1676 5186 1709 5241 p.
1733 5165 1806 5222 279.
1922 5163 1954 5240 2)
1979 5167 2036 5223 Ed.
2061 5167 2115 5223 Pe.-

471 5270 670 5340 Tbeeauruel,
690 5269 718 5339 3,
744 5272 794 5326 col.
813 5270 1018 5338 485-534,·
1046 5270 1144 5346 Mipne
1167 5269 1201 5325 P.
1221 5270 1255 5325 L.
1274 5279 1291 5326 t.
1313 5270 1384 5341 155,
1409 5271 1721 5342 cot.1054-1090,·
1752 5272 1782 5328 Τ.
1806 5272 1905 5330 Toblcr
1928 5273 1958 5330 ia
1981 5274 2052 5330 libro
2074 5274 2117 5330 cui

465 5375 608 5450 inscripsit
622 5375 833 5450 Descriptiones
853 5377 959 5432 Terrae
976 5377 1101 5432 Sanctae
1119 5396 1151 5450 p.
1169 5375 1228 5431 108
1246 5396 1306 5451 sqq.
1331 5377 1443 5454 empulo
1463 5378 1587 5452 eupiuela
1603 5379 1794 5436 Reuemtionie
1816 5399 1866 5435 reio
1888 5379 2008 5437 arbitrio
2023 5389 2115 5437 uane-

460 5481 557 5556 poruit
577 5500 667 5556 neque
689 5491 792 5538 teritum
816 5481 953 5558 inteprum
977 5483 1161 5558 eeulpnadunr
1186 5482 1275 5552 duxit,
1300 5493 1475 5559 quapropter
1497 5504 1577 5541 nemo
1599 5485 1714 5559 sapiens
1737 5485 1794 5542 eius
1818 5484 1937 5542 editione
1958 5487 2001 5542 uti
2016 5487 2114 5562 posuit.
2130 5507 2154 5546 a

467 5587 497 5658 3)
524 5587 572 5658 Os.
601 5587 685 5659 iufra
709 5608 741 5662 p.
761 5587 832 5657 570,
858 5608 886 5644 n.
903 5589 931 5644 k.
1047 5587 1077 5657 4)
1110 5587 1156 5643 De
1186 5609 1239 5663 quo
1270 5590 1311 5660 cf.
1336 5590 1483 5660 Raurica,
1508 5590 1682 5648 Bibliotheca
1707 5589 1908 5668 Geoprepbico
1933 5592 2115 5650 Pabzeetinae

459 5714 494 5770 p.
513 5694 665 5750 33—35.
