4478 6396
432 417 495 480 180
576 433 579 436 '
722 423 902 478 GERHOHI
925 421 1158 477 PRAEPOSITI
1182 417 1589 475 RElCHERSBERGENSIS
1614 418 1778 472 LIBELLI.

431 612 650 697 consequitur.
698 609 882 675 Saecularis
900 620 1007 672 autern
1023 608 1134 690 iudex,
1159 609 1243 671 inter
1258 617 1429 671 nocentem
1454 615 1487 668 ct
1510 606 1715 668 innocentem
1731 625 1906 690 personam
1925 602 2089 666 mediator

431 719 585 798 existens,
610 715 801 802 plerumque
819 715 943 800 aliquid
959 714 1138 779 secundum
1157 713 1246 798 leges
1271 712 1393 776 soeculi
1416 735 1458 775 ex
1482 722 1574 798 parte
1598 712 1744 775 nocentis
1768 710 1928 775 lucratur:
1954 709 2088 796 quando

431 823 518 887 idem
541 845 663 886 nocens
687 845 752 886 non
776 823 938 886 occisione
962 821 1015 885 vel
1039 819 1256 884 membrorum
1281 818 1492 900 mutilatione,
1517 816 1576 881 sed
1599 817 1758 882 bonorum
1782 839 1913 881 snorum
1938 815 2087 902 publica-

430 930 518 993 tione
542 928 726 992 multandus
751 941 808 992 est.
857 929 893 994 Si
923 927 1003 1014 quid
1032 939 1140 991 auteur
1170 938 1280 1012 preter
1302 925 1458 989 indicium
1482 925 1626 988 lucratur
1649 947 1690 986 cx
1715 935 1807 1009 parte
1831 924 2025 1002 innocentis,
2050 933 2089 986 ut

431 1036 580 1100 iusticias
604 1036 723 1116 faveat,
748 1033 930 1121 periculose
948 1045 1073 1120 peccat,
1091 1034 1168 1119 quia
1184 1033 1346 1118 iusticiam
1361 1031 1475 1095 vendit
1498 1031 1549 1094 cui
1570 1031 1670 1115 gratis
1691 1030 1803 1093 favere
1828 1028 1950 1093 debuit.
1988 1029 2124 1110 Quodn

344 1163 412 1206 ‘aaa
432 1143 459 1206 si
483 1165 525 1206 ex
549 1152 641 1228 parte
665 1143 811 1205 nocentis
837 1139 974 1226 *aliquid
998 1141 1148 1225 accipiat,
1172 1151 1207 1202 ut
1231 1141 1264 1202 in
1288 1160 1389 1202 causa
1411 1137 1497 1200 illins
1520 1137 1686 1201 remissius
1718 1148 1803 1222 agat,
1836 1137 1896 1200 hoc
1921 1148 1971 1200 est
1994 1137 2089 1200 danti

432 1259 464 1313 et
493 1249 667 1334 accipienti
699 1259 788 1311 certa
816 1247 988 1332 pernicies,
1020 1247 1098 1333 quia
1128 1245 1189 1310 hoc
1219 1268 1285 1308 non
1315 1255 1364 1308 est
1394 1245 1554 1308 iusticiam
1586 1245 1679 1330 quasi
1705 1245 1815 1306 vivam
1839 1242 1994 1322 vendere,
2027 1243 2090 1306 scd

431 1356 562 1419 omnino
593 1354 784 1418 suffocatam
814 1376 872 1439 pro
903 1352 993 1417 lucro
1025 1352 1216 1416 distrahere.
1271 1352 1305 1417 si
1336 1363 1445 1415 autem
1476 1362 1588 1414 eterna
1618 1361 1720 1414 morte
1751 1351 1904 1437 punietur
1933 1350 2091 1414 venditor

432 1462 571 1524 viventis
595 1461 754 1540 iusticias,
779 1461 893 1524 favens
917 1458 963 1522 illi
987 1483 1045 1545 pro
1065 1459 1227 1540 mercede,
1251 1481 1315 1544 que
1340 1457 1409 1522 sola
1433 1456 1494 1521 sibi
1519 1456 1704 1520 faventibus
1722 1455 1834 1521 debuit
1849 1479 1975 1521 merces
1993 1479 2087 1520 esse:

432 1566 593 1653 quomodo
624 1566 808 1652 puniendus
839 1567 973 1653 estqui
1004 1565 1140 1629 eandem
1172 1565 1344 1644 iusticiam,
1377 1575 1532 1650 quantum
1562 1565 1595 1626 in
1624 1586 1659 1627 se
1690 1574 1748 1644 est,
1780 1563 1909 1644 occidit,
1941 1563 2088 1627 favendo
2110 1587 2136 1624 ro

432 1685 544 1737 contra
567 1672 656 1736 illam
679 1695 798 1736 causae
822 1673 972 1753 iniustae,
997 1673 1049 1736 cui
1073 1694 1134 1735 nec
1158 1694 1215 1757 pro
1233 1673 1301 1735 vita
1323 1693 1382 1734 sua
1407 1669 1614 1733 defendenda
1636 1668 1797 1733 ullatenus
1815 1670 1927 1734 favere
1945 1669 2087 1734 debuit?

431 1778 528 1843 Absit
551 1801 628 1864 ergo
652 1780 724 1865 ipsa
747 1790 813 1842 tarn
836 1779 992 1860 venditio,
1017 1801 1116 1865 quam
1140 1779 1260 1842 occisio
1285 1800 1323 1841 ac
1348 1777 1518 1841 suffocatio
1549 1777 1696 1840 iusticiae
1721 1800 1741 1840 a
1764 1775 1927 1841 iudicibus
1958 1778 2087 1841 aeccle-

431 1888 510 1967 siae,
535 1887 591 1973 qui
615 1885 736 1950 debent
759 1887 901 1950 omnium
926 1885 1127 1966 clericorum,
1152 1885 1393 1966 monachorum,
1418 1883 1721 1966 sanctimonialium,
1737 1883 1921 1966 viduarum,
1945 1884 2086 1970 pupillo-

431 2016 502 2056 rum
527 2003 559 2056 et
583 2015 694 2056 eorum
718 1994 773 2078 qui
797 1993 992 2078 penitentias
1023 2003 1161 2076 egerunt
1190 2002 1222 2055 et
1252 1992 1395 2055 omnium
1427 1991 1483 2076 qui
1514 2013 1548 2054 se
1579 1989 1799 2054 fimetionibus
1830 1991 2085 2055 aecclesiasticis

432 2099 636 2163 devoverunt
665 2120 776 2162 omnes
807 2121 923 2162 causas
954 2109 1112 2180 tractare3
1143 2098 1281 2161 militurn
1304 2119 1382 2160 vero
1407 2109 1439 2160 et
1462 2095 1597 2160 aliorum
1621 2096 1835 2161 saecularium
1867 2120 1931 2162 non
1963 2097 2086 2161 debent
2106 2119 2130 2159 a

433 2227 548 2269 causas
573 2215 723 2284 tractare,
748 2205 811 2268 nisi
835 2227 898 2291 que
921 2206 1084 2291 pertinent
1108 2204 1150 2268 ad
1167 2204 1303 2268 salutern
1320 2205 1448 2267 animae
1472 2213 1505 2266 et
1528 2202 1571 2266 ad
1593 2203 1754 2267 iusticiam
1772 2202 1963 2268 aecclesiae.
1999 2205 2085 2268 Nam

431 2313 465 2374 in
489 2311 726 2396 disceptatione
750 2312 963 2396 pecuniarum
987 2333 1046 2396 per
1060 2311 1223 2374 iusticiam
1248 2309 1447 2374 saecularem
1472 2308 1524 2372 vel
1548 2308 1799 2394 repetendarum
1824 2309 1876 2373 vel
1899 2311 2085 2374 retinenda-

432 2440 503 2481 rum
528 2440 548 2480 a
571 2418 688 2480 ceteris
712 2417 896 2480 huiusmodi
921 2417 963 2481 ad
980 2417 1144 2481 saeculum
1162 2415 1399 2503 pertinentibus
1423 2438 1488 2479 non
1512 2439 1546 2479 se
1571 2415 1669 2479 debet
1692 2417 1865 2502 episcopus
1888 2418 2084 2502 inmergere,

432 2523 491 2588 sed
514 2523 638 2588 iudici⁸
662 2535 792 2586 terreno
817 2523 894 2587 talia
917 2523 1111 2610 relinquere.
1147 2523 1300 2586 Attamen
1317 2525 1401 2586 inter
1417 2522 1640 2586 discordantes
1657 2545 1695 2586 ac
1712 2522 1896 2586 huiusmodi
1920 2523 2085 2608 litigantes

433 2631 699 2716 compositionem
722 2629 894 2715 pacificam
919 2640 951 2694 et
974 2632 1092 2694 iustam
1116 2630 1251 2710 faciens,
1275 2641 1311 2694 ut
1333 2653 1398 2694 non
1423 2631 1464 2693 sit
1486 2630 1665 2693 necessitas
1689 2629 1782 2692 alteri
1806 2652 1917 2693 eorum
1940 2630 2085 2694 iudicem
2105 2653 2131 2690 ao

432 2747 595 2800 terrenum
625 2735 766 2821 pulsare,
796 2735 876 2799 facit
905 2737 1078 2822 episcopus
1109 2736 1196 2823 quod
1227 2738 1277 2800 sui
1308 2746 1357 2800 est
1387 2736 1520 2817 ordinis,
1552 2736 1605 2799 cui
1636 2736 1843 2800 commissum
1867 2747 1916 2800 est
1943 2759 2085 2821 euange-

432 2843 509 2906 lium
533 2843 635 2928 pacis.

542 2969 613 3030 109.
651 2965 718 3031 Sed
741 2968 837 3030 istam
854 2967 1121 3052 compositionem
1145 2990 1204 3053 per
1221 2968 1409 3053 episcopum
1426 2977 1502 3030 tune
1527 2966 1604 3031 licet
1625 2968 1707 3048 fieri,
1733 2989 1807 3031 cum
1823 2968 1967 3031 nondum
1985 2989 2085 3031 causa

432 3083 618 3159 presentata
649 3083 698 3136 est
727 3073 829 3136 iudici
860 3073 1029 3137 saeculari.
1077 3073 1170 3138 Sicut
1199 3075 1285 3137 enim
1316 3072 1416 3137 iudex
1446 3083 1594 3137 terrenus
1617 3095 1682 3137 non
1707 3096 1740 3137 sc
1770 3072 1867 3137 debet
1890 3074 1941 3137 vel
1966 3076 2086 3160 poterit

432 3179 472 3242 de
497 3202 597 3242 carisa
619 3180 843 3262 intromittere,
869 3203 931 3265 que
956 3190 1108 3266 suscepta
1131 3191 1181 3243 est
1203 3203 1223 3243 a
1246 3179 1457 3266 spiritualiter
1481 3180 1682 3265 presidente:
1714 3181 1761 3243 sic
1792 3203 1857 3244 non
1888 3179 1986 3244 debet
2017 3182 2084 3266 epi·
2105 3203 2131 3241 ss

432 3307 550 3371 scopus
574 3285 725 3349 iniuriam
749 3285 857 3349 facere
882 3285 938 3366 illi,
964 3287 1019 3372 qui
1043 3309 1107 3350 non
1132 3287 1201 3350 sine
1226 3309 1325 3350 causa
1341 3286 1485 3371 gladium
1502 3296 1616 3372 portat.
1653 3287 1786 3366 Verum,
1811 3288 1894 3350 sicut
1911 3289 2085 3373 episcopus

432 3391 573 3455 iudicem
603 3390 799 3455 iudicialiter
829 3403 979 3477 agentem
1010 3414 1075 3456 non
1106 3391 1203 3456 debet
1233 3393 1408 3479 irnpedire;
1440 3395 1494 3472 ita,
1527 3395 1554 3456 si
1579 3393 1691 3456 ordine
1722 3393 1866 3457 iudiciali
1897 3405 2084 3480 contempto

431 3497 529 3561 fuerit
560 3520 733 3584 oppressor
762 3499 992 3580 innocentium,
1024 3498 1100 3562 licet
1130 3500 1283 3585 episcopo
1315 3499 1465 3585 eripienti
1496 3521 1673 3586 pauperem
1698 3511 1730 3562 et
1753 3522 1892 3584 egenum
1921 3499 1961 3563 de
1985 3523 2085 3564 manu

432 3604 572 3668 fortioris
604 3605 709 3690 ipsum
740 3605 856 3668 fortem
885 3604 988 3690 ligare
1020 3615 1116 3692 atque
1141 3604 1182 3669 ab
1208 3605 1368 3670 aecclesia
1392 3617 1605 3692 sequestrare,
1630 3605 1735 3670 donec
1759 3607 1903 3692 peniteat
1927 3619 1959 3670 et
1983 3606 2023 3670 de
2049 3630 2083 3669 se

432 3710 566 3774 meliora
588 3711 764 3797 promittat.
2104 3735 2130 3775 so

295 3859 413 3908 ranas
542 3837 614 3899 110.
658 3834 791 3900 Habent
822 3837 906 3900 enim
939 3838 1084 3923 episcopi
1116 3847 1309 3922 potestatem
1344 3838 1390 3902 ad
1418 3839 1599 3925 alligandos
1628 3863 1715 3925 repca
1746 3841 1780 3902 r'n
1811 3839 2025 3924 conspectibus,
2058 3853 2086 3902 ct

358 3943 551 4006 tornatiles
574 3967 680 4006 eoram
704 3946 738 4007 in
761 3947 897 4008 manicis
912 3945 1047 4029 ferreis.
1095 3943 1188 4006 Haec
1219 3954 1363 4029 potestas
1386 3945 1559 4007 victoriose
1591 3943 1748 4030 procedit,
1780 3945 1806 4006 si
1823 3947 1958 4033 jaciant
1982 3947 2014 4008 io
2039 3947 2085 4009 crs

432 4048 589 4111 iudicium
613 4051 839 4134 conscriptam,
870 4071 950 4135 quos
981 4050 1152 4134 angariare
1183 4073 1247 4112 non
1278 4048 1376 4113 debet
1401 4062 1494 4113 extra
1517 4049 1662 4113 ordinem
1686 4050 1894 4113 iudiciariam
1918 4073 1937 4114 a
1961 4052 2083 4114 sanctis

336 4181 413 4220 uuo.
432 4151 580 4238 patribus
605 4156 835 4240 conscriptum.
871 4155 956 4218 Nam
980 4155 1159 4219 seeundum
1183 4157 1402 4242 conscriptum
1427 4155 1591 4241 'legitima
1615 4157 1874 4236 commonitione,
1899 4157 2082 4238 vocatione,

432 4258 638 4323 induciarum
654 4262 882 4346 expectatione
907 4262 1000 4346 quasi
1016 4284 1111 4326 arcrrs
1128 4263 1275 4343 trahitur,
1299 4273 1334 4326 ut
1358 4264 1476 4347 sagitta
1500 4263 1846 4326 excommunicationis
1869 4263 1902 4324 in
1927 4261 2129 4326 rebellemus

432 4375 521 4428 recte
545 4364 664 4430 librata
687 4366 802 4430 fortius
826 4368 980 4431 mittatur.
1027 4367 1192 4450 Attamen,
1223 4369 1249 4430 si
1274 4368 1396 4453 aliquid
1421 4366 1480 4432 sub
1505 4369 1712 4432 anathemate
1744 4369 1844 4432 scitur
1874 4367 2083 4454 prohibitrnn,

434 4493 532 4556 quam
556 4473 618 4536 cito
642 4471 722 4536 illud
746 4471 787 4536 ab
812 4472 920 4558 aliquo
946 4475 1165 4554 committitur,
1191 4476 1273 4538 sciat
1297 4497 1330 4538 se
1355 4476 1507 4539 continuo
1533 4476 1859 4540 excommunicatum.

540 4577 628 4642 Hinc
659 4590 710 4642 est
740 4578 827 4664 quod
857 4576 972 4642 beatus
1004 4577 1182 4664 Gregorius
1214 4581 1394 4667 episcopos,
1426 4583 1481 4668 qui
1513 4582 1692 4645 Maximum
1724 4580 1958 4663 salonitanum,
1991 4583 2083 4646 euius

433 4686 711 4749 consecrationem
741 4685 802 4749 sub
833 4687 1168 4750 excommunicatione
1199 4685 1394 4772 prohibitam
1426 4689 1592 4751 sciverunt
1621 4698 1654 4750 ct
1683 4687 1743 4752 hoc
1775 4689 1915 4752 scientes
1944 4688 2083 4752 eundem

433 4802 717 4872 consecraverunt,
735 4801 831 4856 vocat
848 4792 1155 4874 excommunicatos,
1180 4795 1226 4857 ita
1242 4792 1392 4857 dieens1:
1420 4794 1521 4871 erom
1545 4820 1610 4858 rem
1633 4820 1689 4858 aros
1713 4798 1972 4859 consecrationem
1996 4797 2129 4858 riallon

433 4899 524 4963 modo
549 4899 652 4962 dicere
671 4923 849 4984 poneremus,
880 4902 956 4985 quio
986 4901 1026 4962 ab
1050 4903 1324 4964 eacoozrnom'cate‘r
1339 4901 1436 4987 facta
1460 4915 1511 4964 cst.
1559 4900 1646 4964 Ecce
1671 4901 1736 4963 iarn
1759 4911 1850 4964 notat
1874 4923 1929 4964 eos
1953 4923 2083 4965 exeom-

433 5005 613 5067 municatos
637 5003 737 5067 fuisse
761 5005 795 5067 in
817 5004 903 5067 illins
927 5005 1054 5090 peccati
1077 5006 1327 5091 perpetratione,
1352 5005 1440 5092 quod
1463 5005 1660 5092 prohibitum
1685 5019 1755 5070 erat
1778 5006 1838 5070 surb
1862 5009 2083 5072 excommuni-

433 5110 571 5173 catione.
619 5109 688 5172 Iam
721 5134 797 5195 crgo
829 5112 1102 5175 excommunicati
1134 5121 1225 5174 erant
1256 5112 1351 5175 nullis
1381 5111 1531 5193 induciiS,
1562 5112 1650 5176 nulla
1680 5113 1876 5199 precedente
1901 5115 2082 5193 vocatione,

433 5216 510 5300 quia
534 5214 681 5279 sciebant
704 5240 772 5280 rem
798 5240 895 5302 quam
919 5219 1068 5282 lecerunt
1090 5219 1179 5304 prius
1203 5216 1399 5303 prohibitam
1424 5218 1483 5282 sub
1508 5221 1854 5284 excommunicatione.

543 5341 615 5402 111.
651 5340 837 5404 Notandum
864 5354 982 5422 atatem,
1007 5341 1104 5428 quod,
1129 5343 1278 5427 quamvis
1308 5342 1410 5406 multa
1433 5344 1496 5406 sint
1519 5354 1666 5428 peccata,
1689 5367 1775 5430 ‚quae
1800 5355 1913 5408 contra
1936 5367 1971 5409 se
1995 5344 2084 5409 clau·
2102 5371 2129 5411 a

434 5444 514 5508 dunt
536 5468 672 5530 regnum
697 5447 869 5528 caelorum,
896 5471 960 5510 non
992 5459 1101 5511 tamen
1128 5469 1223 5511 omne
1254 5458 1425 5533 peccatum
1449 5449 1616 5513 criminale
1640 5461 1715 5514 ante
1739 5451 1861 5514 factum
1884 5450 2083 5538 prohibitum

540 5609 567 5672 a)
590 5611 685 5659 iudicii
705 5629 725 5660 o.

544 5755 572 5825 1)
599 5755 690 5830 apat.
717 5757 771 5824 rr,
798 5755 848 5824 ao,
876 5757 942 5812 aa.
968 5757 1045 5831 sp.
1072 5756 1144 5812 255.
