4418 6412
455 365 521 428 358
748 369 929 426 GERHOHI
951 369 1184 427 PRAEPOSITI
1208 369 1615 426 REICHERSBERCENSIS
1640 370 1806 426 LIBELLI.

380 583 431 634 (ss).
452 560 505 622 51.
540 557 600 621 De
624 554 830 621 modestia
854 556 1113 644 quorundam
1137 556 1368 642 legatorum
1392 557 1480 621 Deo
1504 567 1544 622 et
1565 556 1804 623 hominibus
1829 541 2103 643 acceptorum.

558 681 601 745 Et
631 680 684 744 hic
712 679 846 767 quidem
875 681 977 746 fastus
1008 681 1188 767 legatorum
1217 681 1382 746 modernis
1412 683 1558 746 accrevit
1587 680 1799 768 temporibus.
1846 681 1933 746 Nam
1956 679 2027 744 vidi
2050 703 2105 766 ego

450 787 650 876 temporibus
675 786 895 853 adolescentie
911 810 1004 852 meae
1024 789 1164 854 maiores
1188 787 1229 853 de
1253 789 1354 871 curia,
1379 787 1562 853 cardinales
1580 786 1788 853 Gerhardum
1812 798 1947 853 sanctae
1964 785 2106 868 Crucisl,

451 897 508 983 qui
529 905 645 982 postea
666 895 789 959 Lucius
812 917 899 981 papa
922 895 1027 959 factus
1052 905 1110 976 est,
1134 896 1277 982 itemque
1301 895 1499 960 Martinum²
1521 893 1617 960 beate
1641 896 1797 959 memorie
1821 893 1969 980 singulos
1993 915 2107 958 norem

450 1012 598 1067 tantum·
629 1011 685 1065 aut
714 1001 804 1065 circa
834 1000 948 1066 decem
979 1023 1080 1089 equos
1110 1003 1144 1066 in
1173 1001 1328 1066 comitatu
1358 1023 1416 1066 suo
1446 1000 1615 1084 habentes,
1647 1002 1702 1088 qui
1732 1011 1888 1088 tanquam
1913 1023 1993 1065 vere
2023 1002 2138 1065 civess

451 1119 637 1194 sanctorum
661 1117 694 1172 et
717 1107 888 1173 domestici
910 1108 976 1172 Dei
999 1119 1165 1194 portantes
1189 1129 1306 1195 pacem
1330 1119 1361 1172 et
1383 1107 1601 1173 illuminantes
1624 1109 1764 1195 patriam
1788 1107 1947 1194 gaudium
1971 1108 2111 1171 eivitati-

450 1214 512 1279 bus
535 1237 575 1280 ac
600 1213 745 1279 cenobiis
761 1215 928 1279 venientes
952 1215 1148 1280 invexerunt
1172 1225 1204 1279 et
1227 1214 1488 1280 benedictionem
1506 1215 1706 1302 reliquerunt
1729 1213 1898 1280 abeuntes.
1936 1213 2006 1280 Sed
2023 1216 2113 1300 quoti

450 1321 581 1386 fuerunt
603 1321 637 1385 hi
660 1343 719 1386 sno
743 1330 888 1407 tempore
912 1331 968 1386 aut
990 1322 1087 1386 hodie
1112 1321 1231 1386 similes
1256 1343 1378 1403 eorum,
1403 1331 1482 1409 quot
1504 1319 1735 1386 arbitrabimur
1757 1323 1904 1408 reperiri,
1937 1320 1981 1385 ad
2006 1320 2113 1384 multi-

299 1453 431 1504 sunan.
451 1427 595 1493 tudinem
628 1427 774 1509 aliorum,
806 1449 868 1513 que
900 1451 959 1492 sua
990 1439 1064 1492 sunt
1093 1429 1309 1514 querentium,
1340 1451 1404 1493 non
1429 1451 1492 1515 que
1515 1429 1592 1493 Iesu
1616 1427 1754 1494 Christi!
1803 1427 1901 1509 Quod
1932 1451 1972 1492 eo
2005 1428 2114 1491 minus

451 1535 616 1616 miramur,
647 1535 809 1621 siquidem
832 1545 864 1599 et
888 1534 1052 1621 apostolus
1076 1534 1196 1600 Paulus
1219 1558 1343 1621 paucos
1369 1533 1483 1599 habuit
1506 1535 1676 1600 Timotheo
1701 1534 1831 1616 similes,
1855 1533 2016 1600 videlicet
2048 1545 2159 1598 tamn

360 1667 432 1709 uso.
451 1639 514 1705 sibi
536 1641 717 1724 unanimes,
742 1642 798 1727 qui
822 1642 950 1706 sincera
980 1641 1151 1708 affectione
1181 1665 1240 1728 pro
1264 1641 1380 1706 ovibus
1411 1641 1541 1707 solliciti
1570 1641 1717 1722 fuissent,
1748 1641 1865 1706 multos
1888 1663 1970 1707 vero
1996 1663 2115 1728 quere-

272 1771 430 1823 scoeuns.
451 1746 547 1812 batur
574 1749 722 1813 subdolos
744 1751 1003 1837 transfigurantes
1025 1774 1057 1814 se
1081 1752 1115 1814 in
1138 1751 1295 1836 apostolos
1314 1749 1437 1814 Christi
1464 1760 1496 1813 et
1519 1749 1681 1814 ministros
1706 1749 1844 1830 iusticie,
1869 1771 1945 1813 cum
1968 1749 2116 1812 ministri

299 1881 431 1930 europs.
450 1855 588 1918 fuissent
610 1854 756 1936 sathane,
780 1857 927 1920 inimicos
950 1859 1054 1920 crucris
1074 1855 1203 1936 Christi,
1228 1880 1359 1942 qnorum
1376 1857 1464 1921 Deus
1482 1872 1586 1922 centn
1602 1871 1669 1922 erat
1691 1872 1719 1921 et
1738 1858 1845 1945 picria
1868 1860 1903 1922 in
1919 1858 2116 1944 confusione

451 1965 604 2048 quaerum,
634 1965 693 2048 qui
720 1976 843 2027 terrena
872 1965 1045 2049 sapiebant.
1092 1962 1241 2048 Ipsorum
1266 1984 1396 2049 quoque
1420 1961 1655 2048 discipulorum
1677 1963 1811 2027 Domini
1835 1985 1909 2027 cum
1933 1961 2033 2026 multi
2059 1960 2115 2025 ab·

450 2069 551 2132 issent
578 2078 663 2132 retro
686 2070 786 2155 pauci
815 2066 1000 2150 admodum,
1031 2069 1091 2134 soli
1114 2067 1267 2134 videlicet
1291 2069 1368 2151 XH,
1393 2092 1467 2134 cum
1491 2091 1530 2134 eo
1554 2069 1658 2134 relicti
1682 2079 1765 2152 sunt,
1790 2091 1832 2134 ex
1856 2066 1976 2156 quibus
2003 2067 2115 2133 adhuc
2137 2091 2162 2131 n

450 2197 534 2238 unus
558 2173 706 2239 diabolus
730 2185 809 2256 erat,
834 2175 1070 2240 dominicorum
1093 2175 1237 2240 locorum
1260 2175 1313 2240 fur
1334 2198 1375 2240 ac
1400 2175 1576 2241 Salvatoris
1601 2177 1744 2241 omnium
1767 2175 1913 2240 traditor.
1950 2173 2116 2242 Similiter

273 2273 431 2378 ,·R,;’f·„‚,9·
451 2291 484 2345 et
502 2280 618 2345 Helias
640 2282 800 2368 propheta
823 2281 925 2346 solum
950 2304 984 2346 se
1009 2305 1051 2346 ex
1067 2281 1234 2368 prophetis
1249 2283 1385 2348 Domini
1407 2283 1555 2348 relictum
1572 2284 1728 2370 queritur,
1752 2305 1826 2348 cum
1848 2281 2011 2368 prophete
2029 2281 2117 2345 Baal

452 2386 682 2474 quadringenti
706 2389 944 2476 quinquaginta
971 2389 1114 2476 itemque
1145 2388 1303 2476 prophete
1333 2389 1479 2454 lucorum
1503 2389 1731 2476 quadringenti
1761 2388 1897 2454 fuissent
1928 2388 2116 2453 demensa

451 2492 582 2566 Iezabel
605 2517 723 2580 panem
748 2493 965 2560 comedentes.
1013 2494 1101 2576 Quid
1125 2518 1203 2581 ergo
1226 2496 1353 2578 mirum,
1385 2497 1411 2560 si
1436 2507 1468 2560 et
1492 2507 1600 2561 nostro
1624 2497 1827 2583 intempore
1852 2505 1918 2560 tam
1946 2496 1980 2559 in
2005 2493 2114 2574 Urbe,

452 2624 549 2687 quam
573 2601 606 2665 in
630 2600 708 2665 orbe
732 2603 881 2688 paucitas
905 2613 954 2666 est
976 2625 1128 2667 verorum
1153 2601 1273 2666 Christi
1296 2602 1539 2690 discipulorum,
1564 2604 1619 2689 qui
1644 2602 1798 2690 apostolis
1822 2613 1855 2666 et
1877 2603 2022 2689 antiquis
2048 2601 2114 2666 illis
2135 2625 2162 2662 so

451 2708 539 2771 veris
556 2705 676 2772 Christi
700 2707 868 2795 discipulis
892 2709 975 2773 sicut
998 2708 1115 2791 officio,
1140 2709 1184 2775 ita
1208 2722 1240 2774 et
1263 2708 1406 2774 moribus
1431 2732 1470 2774 ac
1486 2708 1657 2796 pastoralis
1682 2731 1758 2774 cure
1774 2708 1953 2796 vigilantia,
1977 2731 2113 2773 succes-

300 2836 432 2886 rmaao.
452 2815 560 2896 serint,
593 2815 721 2879 sincera
751 2837 809 2900 pro
840 2813 955 2879 ovibus
986 2814 1158 2880 affectione
1189 2814 1343 2880 solliciti?
1391 2815 1476 2881 Sane
1507 2813 1678 2880 multitudo
1708 2815 1873 2880 invenitur
1902 2837 2028 2896 eorum,
2055 2816 2114 2902 qui

451 2921 555 3007 magis
579 2943 722 3008 preesse,
747 2944 845 3008 quam
868 2920 1034 3008 prodesse,
1066 2923 1170 3009 magis
1193 2934 1341 3009 pastores
1366 2921 1441 3005 dici,
1466 2945 1563 3009 quam
1588 2945 1660 2987 esse
1684 2933 1807 2988 curent.
1855 2920 2018 3003 Qualibus
2044 2921 2113 2986 dici

311 3051 431 3100 nusae.
452 3028 625 3092 conveniat
648 3049 668 3091 a
691 3027 850 3092 Domino:
884 3029 1018 3094 Venistis
1040 3030 1086 3094 ad
1107 3055 1165 3110 me,
1188 3055 1250 3096 ison
1273 3033 1350 3116 qnia
1372 3033 1464 3118 sip-na
1489 3031 1627 3111 vidistis,
1649 3030 1707 3095 sed
1728 3031 1804 3116 quin
1827 3029 2048 3094 manducastis
2072 3029 2112 3094 ds

444 3137 587 3221 panibus
610 3138 696 3200 ineis.
744 3133 880 3198 Talibus
909 3136 1022 3199 amicis
1046 3157 1156 3200 mense
1182 3136 1338 3200 committi
1362 3135 1545 3218 ecclesiam,
1570 3159 1643 3200 cum
1667 3135 1789 3222 ubique
1813 3134 2031 3221 dampnosum
2057 3137 2109 3218 sit,
2132 3159 2160 3225 rs

354 3261 431 3313 aar.
450 3241 484 3304 in
509 3239 623 3322 ‘Urbe,
654 3263 737 3328 quae
761 3251 859 3328 caput
883 3251 931 3305 est
954 3240 1052 3324 orbis,
1084 3252 1173 3307 tanto
1202 3241 1421 3329 dampnosius,
1446 3251 1567 3329 quanto
1591 3241 1632 3306 ad
1657 3243 1727 3306 eius
1751 3241 1838 3306 sedis
1861 3243 2041 3306 antistitem
2066 3241 2110 3306 ab

450 3346 600 3411 omnibus
632 3346 779 3412 ecclesiis
813 3346 978 3434 appellare
1008 3348 1133 3413 licitum
1164 3358 1213 3413 est
1243 3358 1275 3412 et
1305 3350 1399 3436 quasi
1434 3350 1476 3414 ad
1506 3349 1621 3413 asilum
1653 3371 1695 3413 ex
1725 3359 1791 3414 toto
1822 3346 1901 3412 orbe
1932 3370 2110 3436 oppressos

451 3454 637 3540 confugere.
753 3515 754 3518 ,

379 3655 431 3708 (sn.
511 3634 563 3697 52.
599 3632 658 3696 De
682 3632 1022 3719 appellacionum
1046 3631 1419 3721 abusione³atque
1443 3633 1634 3699 abusivis
1658 3633 2045 3722 appellacionibus.

557 3754 737 3822 Videamus
761 3767 879 3838 autem,
910 3757 943 3820 in
967 3756 1087 3844 quemb
1111 3779 1301 3843 perversum
1325 3781 1418 3822 usum
1443 3760 1541 3824 etimn
1566 3758 1792 3846 appellationis
1815 3758 1996 3824 remedium
2021 3757 2107 3822 deri-
2127 3782 2155 3822 so

450 3874 561 3928 vatum
579 3873 637 3928 est.
675 3862 853 3950 Appellant
875 3885 1016 3950 namque
1039 3863 1192 3950 flagitiosi
1218 3874 1250 3929 et
1272 3863 1457 3947 facinorosi,
1481 3866 1509 3928 si
1532 3865 1614 3930 forte
1637 3864 1757 3951 pulsati
1780 3865 1909 3946 fuerint,
1934 3887 2000 3930 non
2016 3864 2106 3952 quod

451 3993 485 4034 se
509 3971 620 4057 inique
644 3980 798 4056 gravatos
822 3971 973 4052 sentiant,
998 3970 1057 4034 sed
1079 3982 1115 4035 ut
1137 3971 1298 4057 peccandi
1322 3970 1384 4035 sibi
1407 3970 1460 4035 vel
1484 3971 1526 4035 ad
1549 3980 1677 4058 tempus
1692 3972 1909 4058 inpunitatem
1923 3970 2104 4052 redimant3

450 4076 615 4163 appellant
645 4077 765 4164 quique
793 4076 915 4159 volunt,
947 4087 1022 4142 ante
1052 4077 1198 4142 auditam
1221 4077 1274 4142 vel
1304 4077 1414 4142 datam
1445 4080 1649 4160 sententiam,
1681 4079 1821 4144 scientes
1852 4077 2104 4164 appellationem

557 4276 584 4340 a)
606 4285 697 4329 tamen
715 4295 736 4330 e.
809 4275 837 4340 b)
861 4294 939 4343 quam
959 4296 980 4328 c.

450 4459 576 4509 munere,
601 4442 649 4513 qui
672 4443 815 4496 interdum
838 4442 867 4496 in
889 4443 1039 4513 provinciis
1062 4443 1103 4498 ita
1126 4425 1348 4512 debacchantur,
1376 4444 1433 4499 acsi
1456 4445 1492 4498 ad
1518 4444 1665 4500 ecclesiam
1687 4443 1886 4516 flagellandam
1911 4461 2043 4516 egressus
2067 4444 2103 4498 sit
2123 4458 2150 4498 ss

450 4548 552 4604 sathan
575 4566 592 4603 a
614 4547 687 4604 facie
712 4549 834 4603 Domini.
882 4547 1055 4604 Concutiunt
1085 4550 1202 4623 angulos
1226 4551 1333 4618 domus,
1357 4558 1389 4605 nt
1413 4555 1594 4622 prosternant
1624 4548 1696 4606 lilios
1721 4557 1750 4606 et
1778 4548 1849 4606 filias
1874 4550 1945 4618 eius,
1969 4551 2017 4622 qui
2041 4551 2102 4606 lan-

448 4671 551 4727 guores
576 4660 607 4711 et
630 4655 741 4711 dolores
765 4655 917 4712 animarum
940 4657 1048 4711 curavit
1071 4657 1101 4712 in
1124 4675 1219 4725 cruce,
1246 4655 1318 4715 alios
1334 4657 1443 4729 sontes,
1467 4675 1536 4732 qnos
1558 4655 1649 4729 affnt
1673 4655 1867 4726 Muhlbacber,
1892 4655 1959 4713 ‘Die
1981 4656 2104 4734 streitipe

450 4760 633 4836 PapstwalI’
652 4780 685 4836 p.
705 4760 756 4817 79.
797 4760 953 4819 Praeterea
977 4762 1017 4834 cf.
1044 4762 1136 4838 Epist
1161 4762 1185 4833 Ι,
1212 4761 1263 4819 21.
1289 4760 1422 4835 Cotsridi
1442 4761 1557 4820 Vindoc.
1581 4763 1623 4819 ad
1645 4760 1804 4820 Cinardans
1828 4761 1912 4837 episc.
1934 4761 2102 4840 Enpoltsnt„

447 4867 522 4924 sedus
544 4875 636 4942 apost.
661 4869 790 4944 tapetam,
816 4865 889 4943 opp.
914 4869 957 4925 ed.
984 4867 1121 4926 Sinnond
1144 4869 1238 4939 1610,
1263 4889 1298 4946 p.
1323 4869 1363 4925 39
1374 4869 1433 4942 ff.;
1464 4869 1650 4941 Shsnnho'sel,
1675 4867 1816 4926 ‘Gerlach’
1841 4862 1960 4944 (1888)
1986 4889 2021 4946 p.
2043 4869 2103 4940 40,-

392 4987 394 4994 ’
451 4973 637 5032 Mutuacter
659 4973 689 5031 in
713 4973 776 5031 edit.
795 4973 1031 5052 Scheibeiderperi
1046 4994 1081 5050 p.
1099 4975 1173 5032 383.
1253 4974 1281 5046 1)
1301 4973 1349 5048 Cs.
1367 4975 1543 5046 Bernhardi,
1562 4975 1700 5032 ‘Koarad
1712 4975 1823 5044 mal,
1843 4975 1922 5044 35&
1946 4973 2102 5035 Cerburdo
2120 4993 2148 5031 so

447 5079 567 5137 libellum
590 5079 637 5137 De
659 5080 758 5138 ordine
781 5081 917 5138 donorum
940 5080 1056 5156 spirita
1077 5081 1167 5150 misit,·
1191 5082 1231 5154 cf.
1255 5102 1346 5158 supra
1362 5102 1396 5159 p.
1415 5080 1489 5138 274.
1582 5081 1612 5150 2)
1636 5083 1668 5138 V.
1693 5081 1778 5154 infra
1802 5102 1826 5139 c.
1844 5081 1904 5152 82;
1927 5082 1974 5139 De
1996 5093 2102 5158 quarta

448 5185 545 5263 cipitia
567 5187 655 5244 nocn's
685 5205 708 5242 c.
728 5185 777 5255 12,
809 5187 827 5242 l.
852 5188 870 5242 l.
890 5206 924 5262 p.
943 5187 1024 5257 585,·
1055 5188 1096 5258 cs.
1121 5187 1290 5246 Bernhardi
1313 5187 1470 5247 Clarevalt
1495 5191 1513 5244 l.
1538 5189 1573 5260 ds
1596 5188 1819 5246 consideratione
1841 5188 1896 5260 IV,
1922 5208 1945 5246 c.
1970 5189 2000 5260 5,
2027 5187 2100 5268 opp.

448 5293 492 5350 ed.
519 5293 657 5350 Mabiilon
679 5292 704 5362 Ι,
729 5295 780 5349 col.
798 5291 879 5363 4475
911 5293 1106 5365 Miiblbacder,
1131 5294 1198 5352 ‘Die
1219 5295 1342 5372 sneidpe
1364 5295 1548 5370 Papstwabl'
1566 5315 1600 5370 p.
1619 5295 1679 5364 tl;
1711 5294 1889 5368 Stnmnhofel
1913 5297 1932 5352 l.
1956 5297 1974 5352 l.
1994 5315 2029 5372 p.
2047 5297 2100 5352 43.

450 5397 481 5468 3)
506 5399 552 5456 De
574 5400 670 5456 eadem
692 5418 726 5456 re
749 5399 804 5476 epit
817 5399 988 5457 Bernardus
1006 5399 1162 5458 Clareuall.
1186 5401 1214 5458 in
1238 5403 1257 5457 l.
1283 5401 1317 5457 de
1339 5401 1562 5460 consideratione
1586 5400 1642 5472 ΙΙΙ,
1668 5421 1690 5458 c.
1711 5401 1739 5470 2,
1766 5399 1840 5478 Opp.
1858 5403 1901 5459 sd.
1921 5402 2100 5473 Matilanl,

449 5508 500 5564 coi.
526 5504 588 5562 434
604 5525 685 5582 rqqu‘
717 5504 845 5564 &arnadi
866 5505 924 5563 ΙΙΙ.
956 5506 1034 5582 epist.
1058 5508 1108 5564 ad.
1134 5507 1291 5584 Eupenium
1314 5507 1371 5564 III.
1396 5508 1538 5578 a.1150,
1565 5507 1650 5566 Febr.
1676 5503 1819 5582 (Wibaidi
1841 5508 1919 5584 epist.
1943 5529 1989 5566 nr.
2013 5507 2099 5584 231),
2118 5527 2145 5566 ss

447 5611 540 5686 Jaffe',
570 5610 644 5668 Bibl.
668 5611 693 5682 Ι,
719 5632 752 5688 p.
778 5612 858 5668 351:
890 5614 1003 5669 Etenim
1034 5621 1091 5669 tam
1121 5615 1287 5672 temerariae
1311 5616 1524 5686 provocationes
1548 5621 1638 5671 totam
1661 5617 1900 5672 aecclesiasticam
1924 5617 2099 5688 disciplinam

448 5721 617 5776 subvertunt
641 5725 672 5774 et
695 5737 804 5776 omnem
828 5720 894 5774 iuris
917 5721 1044 5775 ordinem
1068 5721 1254 5777 conhmdunt.
