4426 6398
503 363 556 418 DE
580 361 844 418 INVESTITURA
867 363 1013 420 REGALI
1036 361 1335 420 consecutust.
1656 357 1719 420 613

77 573 151 614 vare
173 550 307 614 velimus
329 564 358 614 et
376 549 515 638 pieriam
538 563 671 615 cumam
687 573 843 636 prospere
858 573 979 637 semper
994 551 1176 637 apostolicis
1191 551 1358 638 suffragiis
1373 551 1487 638 nuperi
1499 549 1719 616 desideremus.

77 654 144 720 Leo
162 663 296 742 quartus
312 653 459 720 Ltdvieo
475 658 648 741 augusto1:
672 655 742 720 Nos
763 659 796 722 si
816 658 1054 743 incompetenter
1076 655 1206 742 alequid
1227 659 1355 743 egimus,
1379 670 1408 722 et
1429 659 1464 722 in
1485 657 1621 722 subditis
1643 659 1722 742 iuste

78 763 155 850 lepis
170 764 326 827 namium
340 786 403 827 nvn
419 764 681 843 conservavimus,
704 777 803 828 vostro
826 787 864 828 ac
887 777 1058 828 vestrorum
1080 766 1247 827 messorum
1263 777 1371 828 eunom
1394 764 1536 828 volumus
1558 763 1722 829 emendare

78 869 210 950 iudicio,
233 870 382 955 quoniam
405 870 438 934 si
457 892 524 950 nos,
547 871 606 954 qui
625 870 733 934 aliena
748 869 892 934 debemus
907 873 1074 957 corripere,
1094 871 1207 956 peiora
1223 871 1451 950 committimus,
1467 884 1546 936 corte
1560 893 1622 935 non
1641 872 1721 936 veri-

47 978 151 1044 statis
179 975 344 1063 discipuli,
374 975 439 1056 sed,
470 975 556 1061 qvod
584 974 720 1041 dolemes
749 975 895 1057 dicimus,
926 979 1043 1042 erimus
1068 1000 1129 1063 pre
1159 979 1267 1061 cetum
1293 979 1413 1042 erroris
1442 978 1596 1064 anapesti.
1643 975 1722 1041 Inde

77 1082 330 1170 mapnitudinis⁸
348 1096 447 1166 vestre
467 1105 654 1170 magnopere
677 1082 870 1147 clemersticm
893 1085 1102 1169 inploramus,
1125 1097 1159 1148 ut
1180 1084 1257 1148 tales
1280 1083 1325 1147 od
1346 1083 1399 1168 iseo
1422 1105 1481 1169 qve
1496 1083 1637 1148 dicimus
1649 1107 1721 1170 per·

78 1188 235 1274 quirenda
257 1190 369 1254 missas
392 1191 427 1253 in
448 1189 499 1253 ltus
519 1190 666 1274 partibus
689 1189 849 1276 dirigatis,
873 1193 932 1275 qui
944 1188 1047 1256 Deum
1064 1193 1254 1276 peremnia
1275 1192 1405 1256 timeant
1426 1204 1455 1255 et
1476 1204 1595 1270 cuncta,
1619 1213 1722 1275 quem-

77 1294 248 1360 admodum
270 1297 303 1360 si
323 1309 425 1360 vestra
441 1319 574 1382 prooem
589 1296 712 1383 fuisset
734 1297 914 1382 imperialis
933 1296 1051 1384 picria,
1075 1297 1243 1385 diligenter
1265 1298 1450 1382 anquirunt,
1473 1309 1501 1361 et
1521 1319 1585 1360 non
1606 1309 1723 1360 tantum

78 1402 141 1488 lopo,
165 1423 225 1488 que
246 1404 393 1488 superius
416 1402 566 1482 demimus,
597 1404 761 1490 exagitent,
790 1403 847 1468 sed
874 1405 940 1468 sive
969 1405 1105 1484 minora,
1134 1406 1200 1468 sive
1230 1405 1323 1468 etiam
1354 1405 1478 1468 maiora
1508 1402 1577 1468 illis
1600 1405 1664 1467 sint
1686 1403 1723 1468 de

36 1537 60 1576 ro
77 1511 168 1574 nebu
191 1509 334 1574 indicata
356 1512 489 1596 repotia,
513 1511 558 1574 ita
577 1532 682 1574 eorum
698 1523 808 1574 cuncta
832 1509 971 1598 legitima
994 1512 1196 1575 terminentur
1218 1512 1371 1590 examine,
1395 1523 1546 1595 quaunus
1568 1512 1603 1574 in
1619 1523 1722 1595 poste-

78 1640 149 1680 rum
172 1616 257 1680 ailu'l
277 1618 328 1696 sit,
352 1616 438 1702 quod
459 1640 498 1680 ev
519 1618 565 1680 eis
588 1615 799 1680 indiscussum
822 1617 873 1680 vel
893 1617 1108 1704 indiffinitum
1132 1631 1298 1681 remaneat.
1344 1614 1414 1680 Leo
1437 1614 1576 1701 Magnus
1599 1616 1634 1679 in
1658 1617 1723 1702 epi-

79 1721 162 1788 stola
184 1720 227 1786 ad
242 1721 439 1786 Martianum
454 1731 628 1807 angustum
647 1720 788 1808 capitulo
805 1719 909 1786 CX.²:
937 1722 1088 1800 Quamvis
1110 1725 1283 1788 accusaris
1299 1723 1411 1810 frater
1433 1747 1520 1787 meus
1533 1721 1724 1788 Anatlolius

79 1831 271 1895 corosuluisse
292 1829 448 1909 videatur,
471 1843 505 1894 ut
526 1828 742 1894 ordinatorum
765 1852 894 1894 merrom
909 1853 1046 1894 emonem
1063 1829 1205 1894 desuem
1228 1832 1262 1894 in
1278 1828 1459 1894 assensumb
1476 1829 1626 1914 catholice
1641 1829 1728 1917 fidei

78 1937 206 2002 salubri
225 1937 413 2002 comotione
435 1939 593 2016 transiret,
617 1936 772 2000 omwdirc
796 1950 896 2002 tamen
920 1936 1035 2016 debuit,
1058 1939 1173 2022 utqui
1192 1951 1292 2002 vestm
1314 1937 1463 2024 beneflcio
1492 1938 1631 2001 ncsoc'tur
1654 1959 1724 2001 con·

37 2069 61 2108 rs
78 2057 199 2109 secunus
227 2043 348 2108 nullius
378 2042 563 2130 cupiditatis
585 2045 747 2128 pravitate
781 2044 927 2108 turbaret.
979 2043 1049 2108 Nos
1082 2045 1164 2108 enim
1199 2057 1297 2128 vesus
1318 2042 1407 2130 fidei
1433 2057 1462 2108 et
1490 2045 1725 2108 interventionis

80 2151 223 2216 labentes
259 2152 420 2230 intuitum,
459 2174 528 2215 cum
565 2151 732 2216 secundum
770 2173 824 2236 sue
860 2152 1101 2216 consecrationis
1137 2164 1277 2214 aucto-res
1311 2152 1378 2214 eius
1413 2152 1514 2215 inicia
1548 2151 1724 2230 titubarent,

80 2259 276 2345 benigniores
299 2260 386 2322 circa
408 2259 523 2344 ursum,
547 2281 641 2343 quam
664 2261 810 2323 iustiores
833 2282 897 2323 esse
920 2258 1084 2322 voluimus.
1117 2255 1179 2320 ‘Et
1200 2255 1297 2342 paulo
1321 2260 1432 2342 post⁸t
1456 2256 1597 2344 Propria
1613 2257 1727 2343 perdit
1743 2278 1829 2319 mne.

80 2366 140 2450 qni
160 2363 299 2430 indebita
323 2366 521 2450 concupiscit
570 2363 657 2430 Satis
685 2367 728 2429 sit
749 2364 907 2452 predicto,
938 2364 1023 2450 qvod
1048 2377 1146 2449 vestre
1160 2365 1295 2451 pietatis
1317 2365 1441 2429 aeeoeilic
1464 2377 1493 2429 et
1513 2366 1578 2430 mei
1591 2365 1726 2452 favores

81 2495 209 2535 csseuv
238 2473 450 2557 episcopatum
479 2485 561 2556 tante
586 2472 675 2536 urbis
702 2473 843 2537 obducit.
889 2470 982 2535 Idem
1003 2469 1073 2534 Leo
1096 2467 1139 2533 cd
1161 2468 1366 2534 Pulcherism
1389 2479 1561 2554 augustum
1583 2469 1724 2556 capitulo

38 2603 63 2642 n
81 2575 284 2642 XLVIIII.⁴:
316 2577 431 2641 Frater
461 2591 489 2642 et
517 2580 717 2665 coepiscopus
746 2603 831 2644 meus
853 2579 1043 2643 Anatholius
1065 2601 1184 2664 parum
1216 2576 1430 2657 considerans,
1460 2591 1573 2666 quante
1596 2579 1726 2663 pietatis

81 2697 179 2768 vestro
201 2685 347 2771 beneficio
370 2697 399 2748 et
419 2686 485 2749 mei
497 2685 631 2771 favoris
653 2709 783 2750 assensu
796 2683 1143 2771 Constantinopolytanp
1165 2685 1292 2768 ecclesio
1312 2683 1521 2748 sacerdotium
1530 2685 1640 2771 fuerit
1654 2707 1724 2748 oon·

80 2804 201 2856 semones
223 2799 255 2854 et
275 2799 408 2880 cetere·
426 2789 575 2876 Epistola
590 2789 823 2855 Karolomsnni
847 2790 986 2877 capitulo
1002 2790 1158 2872 LXXVI,
1184 2813 1246 2879 que
1271 2790 1318 2854 sic
1341 2789 1492 2875 incipit⁵:
1517 2790 1557 2854 In
1579 2793 1723 2855 nominec

80 2897 217 2962 Domini
236 2901 339 2963 noemi
358 2897 432 2963 Iesu
451 2897 580 2963 Christi.
622 2898 691 2986 Epa
715 2899 983 2979 Karolcmanaus,
1007 2897 1073 2962 dun
1095 2912 1123 2962 et
1141 2900 1300 2984 princeps.
1347 2896 1410 2962 Per
1433 2898 1598 2961 consilium
1621 2921 1724 2962 sacer-

81 3005 185 3069 dotvm
209 3018 238 3069 ot
259 3007 440 3092 optimatum
464 3028 602 3069 meorum
618 3005 837 3070 ordinavimus
854 3029 916 3091 per
931 3008 1072 3070 civitates
1094 3007 1256 3091 episcopos
1279 3018 1307 3068 et
1329 3005 1542 3068 constituimus
1558 3028 1659 3090 super
1675 3028 1725 3068 eos

37 3135 62 3174 rs
80 3112 352 3198 archiepiscopum
367 3110 591 3199 Bonefaoium,
616 3114 679 3198 qui,
694 3126 739 3176 est
759 3115 874 3176 missus
896 3114 1000 3176 sancti
1015 3111 1111 3177 Petri.
1151 3108 1343 3196 Fulgentius
1366 3110 1400 3172 in
1422 3107 1505 3173 libro
1530 3106 1570 3173 de
1586 3109 1723 3174 veritate

79 3216 363 3304 predestinationis
387 3227 419 3281 et
441 3218 583 3306 gratiess:
611 3217 764 3296 Quantum
782 3221 922 3305 pertinet
943 3218 989 3282 ad
1009 3219 1103 3283 huius
1125 3219 1273 3304 temporis
1295 3220 1403 3296 vitam,
1426 3219 1461 3281 in
1484 3218 1615 3281 eeclesia
1636 3240 1724 3282 nemo

73 3327 225 3412 pontifice
241 3326 357 3411 pocior
380 3339 408 3389 et
436 3327 471 3389 in
500 3325 556 3390 loc
583 3326 686 3390 seculo
716 3325 888 3389 christiana
918 3328 1105 3410 imperatore
1134 3348 1222 3388 nemo
1253 3326 1411 3388 invenitur
1440 3324 1561 3388 celsior.
1607 3321 1724 3385 Petrus

80 3429 244 3517 apostolus
268 3430 410 3494 omnium
433 3430 599 3495 hominurn
623 3430 799 3495 conditioni
824 3431 975 3516 omnique
998 3428 1113 3516 gradui
1143 3430 1282 3516 precipit
1312 3428 1441 3493 dicens:
1474 3428 1616 3494 Subieoti
1635 3441 1725 3494 estote
1744 3450 1901 3500 1.1³str.t,1s.

24 3573 27 3578 ·
80 3541 169 3604 omni
189 3539 322 3623 humane
344 3553 484 3624 creaturp
499 3553 634 3625 propter
657 3537 769 3619 Deum,
792 3541 858 3602 sivo
881 3541 952 3626 rapi
972 3540 1067 3624 quasi
1083 3538 1275 3623 precellenti.
1321 3536 1366 3600 Et
1387 3535 1484 3622 paulo
1507 3545 1597 3622 past:
1621 3534 1724 3600 Deum
1742 3557 1814 3598 run.

37 3669 63 3709 so
81 3648 192 3726 amem,
221 3669 324 3734 repam
353 3646 509 3710 honorate.
556 3645 600 3708 Et
626 3645 781 3730 magister
807 3645 951 3730 gentium
975 3643 1113 3708 Paulus:
1141 3643 1251 3709 Omnis
1274 3647 1382 3708 anima
1400 3645 1604 3730 potestatibus
1626 3642 1723 3706 subli-
1742 3665 1806 3706 som.
1814 3665 1876 3714 1s,1.

80 3754 234 3818 mioribas
256 3752 382 3817 subdita
404 3755 454 3817 sit.
501 3752 575 3816 Non
598 3767 643 3817 est
663 3755 746 3817 enim
763 3766 902 3839 potestas
928 3754 996 3816 arsi
1016 3777 1036 3816 a
1058 3751 1136 3815 Deo.
1187 3750 1252 3834 Qus
1274 3765 1375 3815 autem
1398 3764 1478 3830 sunt,
1501 3775 1522 3814 a
1544 3748 1613 3814 Dec
1637 3749 1722 3814 ordi·
1741 3772 1801 3813 rus.

81 3873 151 3944 nate
172 3873 252 3923 sunt.
286 3857 398 3945 Imque
421 3862 480 3944 qui
499 3861 618 3924 resistit
636 3862 791 3945 potesmti,
815 3858 882 3923 Dei
902 3859 1101 3923 ordinationi
1119 3860 1245 3922 resistit.
1280 3856 1324 3921 Et
1346 3867 1420 3943 post
1441 3878 1563 3942 pauca:
1588 3855 1724 3920 Reddite
1741 3879 1801 3919 rur.

82 3967 223 4031 omnibus
246 3965 359 4031 debita.
395 3964 439 4028 Et
461 3965 657 4051 quibusdam
680 3965 878 4052 interpositis
902 3963 1086 4028 subintulit:
1115 3963 1179 4028 Oui
1199 3967 1350 4044 timo-rem,
1374 3965 1532 4046 timorem,
1556 3965 1611 4028 cui
1631 3963 1722 4027 lone·

79 4097 156 4155 rem,
186 4073 340 4136 honorem.
389 4070 574 4157 Simplicius
598 4075 721 4158 popel:
752 4072 961 4160 Privilepium
992 4086 1126 4136 meretvr
1147 4069 1299 4152 amittere,
1329 4073 1388 4157 qui
1400 4072 1562 4157 permissa
1585 4071 1651 4135 sibi
1670 4071 1723 4134 ab·

37 4201 63 4241 ss
81 4181 178 4244 retitur
204 4193 361 4265 potestate.
412 4179 481 4244 Leo
511 4185 635 4265 papa⁸z
666 4179 807 4265 Propria
832 4179 943 4266 perdit
971 4182 1030 4264 qui
1057 4178 1197 4243 indebita
1227 4180 1425 4264 concupiscit.
1474 4173 1652 4260 Gregorius
1683 4174 1724 4238 ad

80 4284 275 4349 Mauricium
297 4286 550 4372 inperatorem⁹2
575 4286 713 4351 Potestas
731 4311 826 4373 super
841 4310 945 4350 omnes
964 4286 1103 4350 homines
1113 4287 1231 4371 pietati
1244 4284 1441 4349 dominorum
1464 4307 1602 4349 meorum
1617 4283 1726 4348 celitus

82 4391 157 4457 data
180 4405 231 4457 est.
278 4391 445 4478 Eugenius
469 4392 645 4482 apostolice
670 4391 756 4456 sedis
779 4391 979 4456 reverendus
1002 4391 1149 4478 pontifex
1160 4394 1201 4454 ¹⁰:
1226 4390 1385 4478 Episcopi
1405 4404 1493 4455 entra
1516 4392 1611 4454 trium
1635 4389 1725 4454 ebdo-

81 4499 248 4563 madarum
271 4500 415 4586 spacium
437 4525 457 4564 a
477 4502 624 4586 propriis
654 4501 824 4586 episcopiis
852 4523 913 4564 non
944 4513 1111 4578 merentem,
1141 4496 1231 4562 nisid
1254 4501 1342 4562 iussu
1364 4499 1456 4584 repis
1505 4495 1602 4577 Quod
1626 4493 1725 4560 Galli-

189 4697 216 4763 s)
237 4715 326 4765 magn.
345 4725 378 4732 —
398 4697 476 4750 clem.
502 4717 549 4749 oni.
571 4699 631 4750 Call.
644 4699 712 4749 Brit.
793 4696 822 4760 b)
844 4715 957 4750 assensu
975 4715 996 4748 c.
1077 4696 1103 4761 o)
1124 4715 1159 4749 ne
1181 4697 1341 4763 supertiam
1355 4704 1442 4762 postea
1458 4704 1489 4746 ut
1505 4696 1603 4746 ridetur
1620 4696 1726 4762 supplet.

37 4798 64 4836 so
82 4788 151 4840 forte
170 4805 219 4854 per
237 4789 386 4840 iussionem
405 4787 607 4854 metropolitani
626 4787 669 4838 vel
689 4789 820 4854 principis
840 4804 871 4838 ex
891 4789 1055 4838 necessitate
1075 4789 1216 4853 contingat
1233 4795 1290 4837 aeta
1308 4785 1413 4837 conatii.

192 4967 221 5043 1)
246 4969 314 5028 Ooll.
340 4970 414 5027 Brit.
443 4971 499 5028 Leo
519 4970 574 5028 IV.
600 4990 643 5047 ep.
661 4969 718 5041 41,·
743 4969 790 5026 ‘N.
808 4971 906 5028 Arois!
929 4971 961 5042 V,
980 4991 1013 5047 p.
1033 4970 1105 5040 291,
1131 4970 1226 5029 lvonis
1249 4973 1324 5028 decr.
1348 4971 1379 5040 V,
1405 4989 1427 5027 c.
1447 4969 1498 5040 22,
1524 4967 1609 5027 (irat.
1629 4968 1659 5027 C.
1676 4970 1725 5038 11,

82 5097 128 5154 qu.
147 5078 176 5148 l,
201 5097 224 5134 c.
243 5076 294 5148 41,
323 5077 368 5134 ulu'
397 5085 490 5135 tamen
519 5085 603 5135 totum
626 5077 797 5135 enuntiatam
828 5079 957 5149 quoniam
981 5109 1025 5117 —-
1046 5080 1171 5150 magistri
1203 5097 1259 5134 non
1283 5077 1416 5147 labatem
1445 5075 1533 5150 Jafft'
1558 5096 1603 5134 nr.
1630 5075 1725 5132 2646.

84 5182 115 5254 2)
139 5183 227 5241 Immo
250 5183 328 5260 epist.
344 5183 415 5254 104,
440 5203 503 5260 oap.
523 5183 540 5238 2
548 5206 559 5254 ,·
583 5184 687 5241 Leonis
704 5182 777 5260 Opp.
796 5185 857 5241 edd.
875 5184 1019 5241 Ballorini
1040 5184 1064 5254 I,
1089 5184 1256 5252 cot.1147;
1279 5182 1367 5256 Jaffi
1385 5203 1431 5239 nr.
1450 5183 1525 5239 481.
1596 5182 1626 5254 3)
1650 5182 1725 5239 Ibid.

83 5290 247 5348 cot.1150.
362 5289 392 5361 4)
418 5290 511 5366 Epist.
532 5289 603 5360 105,
629 5311 651 5347 o.
678 5290 714 5360 2,·
746 5289 819 5368 Opp.
845 5293 895 5348 ool.
916 5289 998 5346 1155
1015 5311 1056 5367 sq.
1172 5291 1202 5360 5)
1231 5289 1377 5360 Bonifatii
1407 5298 1433 5346 et
1462 5289 1539 5345 Lulli
1567 5289 1645 5366 epist.
1670 5289 1726 5356 56,-

36 5411 64 5450 ⁴5
84 5395 152 5454 ΕΕ.
177 5397 234 5468 ΙΙΙ,
259 5417 293 5474 p.
319 5395 391 5454 310.
506 5395 536 5466 6)
562 5397 624 5454 Lib.
648 5397 688 5468 ΙΙ,
713 5415 738 5454 c.
764 5396 815 5468 22,
839 5394 859 5471 ξ
883 5397 939 5466 38,·
969 5395 1041 5473 Opp.
1067 5397 1163 5454 Paris.
1184 5396 1277 5466 1684,
1304 5417 1336 5471 p.
1356 5396 1428 5467 477,
1461 5397 1501 5467 cf.
1521 5394 1642 5472 Capitol.
1667 5415 1725 5472 rep.

85 5504 227 5561 Francor.
245 5505 287 5561 ed.
304 5503 437 5561 Boretius
451 5504 492 5574 ΙΙ,
514 5523 544 5579 p.
564 5503 615 5574 29,
640 5523 663 5562 c.
682 5504 710 5561 3.
803 5503 834 5573 ’1)
859 5503 952 5580 Epist.
970 5504 1018 5575 14,
1044 5505 1085 5561 ed.
1102 5504 1180 5561 sllriel
1202 5503 1225 5574 I,
1245 5523 1278 5579 p.
1297 5501 1369 5558 201.
1462 5502 1493 5573 8)
1519 5502 1616 5578 Supra
1640 5504 1657 5558 l.
1677 5503 1725 5556 ll.

84 5609 115 5680 9)
141 5609 233 5686 Epist.
249 5610 307 5682 ΙΙΙ,
325 5611 376 5680 61,
403 5611 470 5666 ΕΕ.
488 5611 512 5681 Ι,
531 5631 565 5686 p.
584 5610 656 5666 221.
752 5610 802 5681 10)
829 5609 933 5670 Concil.
955 5610 1077 5688 Eupmii
1092 5610 1131 5667 ΙΙ.
1151 5629 1251 5686 papae
1274 5629 1302 5665 a.
1320 5603 1395 5678 826,
1420 5628 1443 5665 o.
1462 5608 1496 5678 6,·
1522 5607 1642 5683 Capitol.
1667 5626 1725 5683 rep.

85 5717 227 5774 Francor.
253 5718 295 5774 ed.
318 5717 451 5775 Boretius
473 5717 498 5787 Ι,
517 5737 550 5793 p.
570 5717 642 5774 3⁷3.
662 5718 766 5794 pavois
788 5717 916 5787 m.utatis;
939 5716 1031 5790 Jaffi,
1056 5718 1126 5794 Itcp.
1144 5716 1168 5786 I,
1189 5737 1220 5792 p.
1240 5715 1312 5773 321.
