4544 6420
459 375 500 438 94
804 382 978 439 naamam
1002 380 1198 436 snorsrsrs
1222 353 1516 438 nncnlolnoour
1538 381 1763 437 ruvacrrrn.

456 593 585 657 quoque
618 569 827 634 monachatus
858 571 990 656 excepit
1001 575 1021 648 ¹,
1052 579 1087 632 ut
1110 569 1189 631 vitia
1219 565 1335 630 mentis
1360 568 1459 632 ovino
1483 569 1608 634 velaret
1638 570 1791 646 amictv,
1823 568 1999 655 opprobria
2021 570 2109 633 vitae

351 701 439 743 urso.
455 677 630 763 preteritae
654 675 869 740 Cluniaeense
896 699 1015 740 nomen
1040 673 1230 752 obnuberet,
1255 684 1288 737 et
1311 673 1438 740 virtutis
1463 677 1737 740 existimationem
1763 675 1940 740 'bonorum
1969 678 2109 740 societas

456 784 582 870 quesita
604 783 751 847 referret.
796 783 834 846 In
859 805 923 869 quo
947 784 1045 847 etiarn
1070 781 1226 862 adhaec,
1251 803 1335 867 quae
1360 781 1392 844 in
1416 783 1524 846 futuro
1549 781 1611 846 sibi
1636 805 1727 846 mens
1750 805 1891 869 presaga
1915 781 2107 868 spondebat,

455 889 679 954 Cluniacensis
705 889 863 953 ccclesiae
888 888 1070 952 venabatur
1093 887 1261 966 arixilium,
1286 909 1325 951 eo
1349 887 1439 974 quod
1462 889 1545 951 inter
1569 889 1724 952 ecelesias
1742 887 1931 954 Gallicanas
1955 889 2044 953 nulla
2067 889 2109 954 sit

454 998 583 1061 nomine
614 996 780 1082 roligionis
811 995 974 1076 illustrior,
1005 994 1094 1058 nulla
1125 992 1250 1058 consilii
1282 994 1478 1058 discretione
1509 993 1708 1080 prudentior,
1740 995 1828 1060 nulla
1858 997 2038 1083 promptior
2065 995 2141 1060 ads

455 1102 613 1190 obsequia
636 1104 790 1184 caritatis,
816 1101 933 1166 nul-lius
958 1103 989 1164 in
1014 1100 1166 1186 gerendis
1191 1099 1287 1164 rebus
1311 1100 1469 1164 arixilium
1492 1100 1544 1165 vel
1568 1102 1748 1187 promptius
1768 1103 1819 1166 vel
1844 1102 2010 1167 efficacius
2035 1125 2107 1166 esse

453 1223 569 1296 potest.
616 1211 780 1274 Reversus
811 1209 952 1295 deniqne
976 1209 1122 1286 Romam,
1153 1207 1199 1272 illi
1224 1206 1460 1271 venerabilium
1491 1209 1654 1272 seniorum
1685 1219 1891 1273 sacrosancto
1921 1211 2106 1291 conventui,

454 1318 619 1380 annitente
652 1328 742 1401 patre
774 1314 1003 1401 fratribusque,
1036 1315 1227 1378 coniunctus
1259 1325 1308 1378 est
1338 1325 1370 1376 et
1401 1313 1576 1378 cardinalis
1600 1313 1737 1394 factus2,
1770 1315 1944 1379 honoratus
1975 1317 2106 1380 nomine

454 1423 610 1509 tituloque
636 1422 756 1486 ditatus
781 1434 839 1485 est.
888 1420 1001 1484 Nullus
1026 1423 1147 1506 quippe
1172 1421 1317 1484 fortassis
1342 1420 1384 1484 ad
1408 1443 1503 1484 aures
1528 1422 1644 1484 sunnni
1667 1421 1830 1507 pontilicis
1847 1422 2000 1486 infamiae
2018 1423 2105 1486 Petri

454 1530 560 1593 furnus
591 1529 794 1608 ascenderat,
826 1529 951 1614 eoqueb
982 1529 1064 1591 tanti
1088 1529 1150 1592 viri
1182 1526 1411 1591 sublimitatem
1443 1526 1560 1612 singuli
1592 1539 1789 1606 reverentes,
1822 1529 1941 1592 sanctis
1973 1528 2105 1593 auribus
2127 1555 2152 1594 ro

455 1647 651 1720 personarec
677 1635 804 1721 turpiad
828 1633 1071 1698 reformidant0.
1115 1632 1184 1698 Sub
1209 1632 1270 1698 hac
1293 1635 1392 1718 igitur
1416 1635 1608 1720 ignorantia,
1634 1633 1711 1698 dum
1734 1635 1767 1698 in
1791 1636 1861 1719 ipso
1884 1635 2105 1700 monachalis‘

454 1740 594 1823 habitus,
626 1741 703 1806 dum
727 1741 902 1806 sacordotii
927 1751 1175 1816 sacramentum,
1208 1739 1284 1803 dum
1308 1751 1479 1826 parentum
1503 1741 1553 1802 vis
1578 1739 1764 1816 attenditur,
1790 1752 1948 1827 exceptus
1972 1753 2021 1805 est
2045 1741 2105 1806 sub

453 1859 581 1932 patrum
606 1847 743 1928 silentio,
768 1871 833 1911 non
850 1871 995 1926 assensu,
1020 1846 1217 1933 quibusdam
1233 1849 1357 1932 patriae
1383 1848 1550 1932 potestatis
1576 1848 1690 1910 timore
1714 1848 1766 1910 rel
1791 1869 1900 1912 amore
1925 1847 2104 1927 silentibus,

454 1953 650 2040 quibusdam
673 1977 752 2018 vero
777 1953 983 2040 sperantibus
1008 1953 1142 2017 meliora
1167 1953 1207 2017 de
1231 1952 1366 2038 reliquo,
1399 1953 1552 2039 quoniam
1583 1951 1695 2018 habita
1725 1954 1810 2018 inter
1839 1952 1941 2018 bonos
1972 1975 2105 2018 conver-

454 2061 535 2124 satio
560 2061 716 2146 quosdam
742 2060 873 2147 quidem
899 2061 1031 2145 corrigit
1056 2071 1087 2123 et
1112 2059 1272 2140 emendat,
1298 2059 1352 2122 alii
1376 2081 1494 2144 penam
1518 2082 1561 2123 ex
1585 2061 1842 2145 transgressione
1866 2061 2025 2140 timentes,
2050 2083 2104 2123 ne·
2127 2086 2152 2126 n

455 2168 615 2230 cessitatis
640 2166 872 2230 abstinentiam
895 2177 1088 2230 convertunt
1112 2166 1145 2229 in
1170 2166 1333 2230 sincerum
1356 2164 1532 2229 voluntatis
1556 2165 1740 2230 affectum&

343 2300 434 2340 uaso.
562 2273 691 2336 Deinde
724 2273 779 2338 'ad
810 2273 958 2338 diversas
989 2285 1098 2358 partes
1128 2273 1257 2336 functus
1293 2271 1464 2358 legationis
1495 2272 1635 2352 officio-³,
1668 2273 1838 2360 cupiditati
1869 2279 1969 2338 strae⁴
1999 2275 2106 2359 potius

454 2403 551 2467 quarn
581 2381 723 2444 iustitiae
755 2379 944 2455 satisfacere
976 2379 1107 2458 studuit,
1139 2379 1222 2442 adeo
1253 2390 1288 2442 ut
1318 2379 1364 2443 illi
1395 2402 1434 2443 ca
1465 2390 1589 2443 tantum
1618 2379 1721 2443 bonos
1745 2381 1852 2444 exitus
1877 2379 2027 2444 habuisse
2051 2403 2106 2444 ne-

453 2487 564 2571 gotiah
588 2486 786 2562 viderentur,
811 2509 895 2572 quae
919 2509 1044 2550 merces
1069 2485 1198 2550 adiecta
1222 2497 1253 2550 et
1277 2487 1434 2571 marsupii
1458 2485 1625 2571 plenitudo
1650 2485 1824 2551 subsecuta
1847 2485 2008 2572 probaret.
2040 2486 2107 2552 Ubi

453 2615 541 2678 ergo,
573 2592 669 2656 nullis
700 2591 993 2656 intervenientibus
1024 2594 1146 2674 causis,
1178 2592 1265 2656 nulla
1295 2594 1430 2678 rapinae
1461 2592 1668 2679 prestabatur
1698 2595 1838 2674 occasio,
1869 2603 1946 2658 tunc
1977 2595 2106 2659 exactio
2126 2622 2153 2660 ao

453 2698 619 2763 blanditiis
643 2699 696 2763 vel
720 2701 969 2764 comminatione
994 2699 1091 2785 plena
1121 2722 1187 2763 non
1211 2699 1333 2763 deerat.
1380 2699 1464 2762 Bina
1495 2699 1630 2784 singulis
1662 2699 1776 2763 diebus
1808 2710 1938 2786 sumptu
1968 2700 2106 2786 plurimo

453 2807 604 2870 convivia
634 2805 845 2891 parabantur,
875 2815 1049 2892 tantusque
1081 2805 1227 2869 ciborum
1259 2805 1354 2870 luxus
1385 2819 1417 2870 et
1441 2805 1646 2892 superfluitas
1678 2820 1756 2886 erat,
1788 2817 1823 2870 ut
1854 2806 1896 2870 ad
1928 2809 2123 2893 exquisitas

452 2912 647 2977 ferculorum
671 2913 846 2976 varietates
879 2911 1047 2976 sollicitari
1077 2913 1267 2999 plerumque
1298 2912 1413 2999 figulos
1445 2924 1609 3000 oporteret
1639 2925 1671 2977 et
1700 2914 1831 2999 ignotae
1864 2914 2106 3000 compositionis

452 3041 538 3083 nova
561 3041 642 3082 vasa
665 3019 815 3082 formare.
863 3017 1055 3083 Docebotur
1085 3021 1204 3084 etenim
1234 3020 1351 3106 figulus
1382 3021 1555 3106 amphoras
1584 3021 1739 3106 figmento
1770 3020 1931 3106 plasmare
1954 3019 2105 3098 mirabili,

454 3124 571 3212 quibus
602 3125 645 3189 ad
675 3125 918 3191 similitudinem
949 3125 1021 3190 solii
1052 3149 1111 3212 per
1141 3138 1360 3191 transversum
1391 3127 1535 3192 medium
1566 3127 1740 3191 discrimen
1771 3129 1905 3210 inesset,
1940 3137 2105 3213 statusque
2126 3154 2152 3194 ss

453 3234 609 3318 superior,
635 3234 786 3317 repositis
810 3233 905 3315 escis,
929 3232 1053 3297 fumum
1077 3257 1136 3320 per
1151 3233 1271 3298 modici
1296 3235 1360 3297 oris
1384 3235 1561 3320 respiraret
1584 3235 1761 3319 atrgustias,
1786 3234 1921 3298 inferior
1936 3257 2014 3298 vero
2030 3257 2106 3320 pars

454 3339 641 3403 cancellatis
665 3338 807 3404 arcubus
831 3339 975 3426 undique
999 3340 1163 3427 perforata
1187 3363 1308 3426 prunas
1332 3341 1508 3422 clauderet,
1540 3340 1658 3426 quibus
1690 3341 1792 3404 thuris
1824 3343 1952 3427 copiam
1982 3341 2106 3405 tamdiu

559 3539 585 3600 a)
606 3541 667 3592 add.
688 3547 714 3592 et
733 3560 754 3592 o.
826 3543 854 3602 b)
878 3559 911 3594 eo
930 3544 1004 3607 quod
1024 3543 1055 3594 P.
1073 3543 1108 3590 W.
1182 3541 1207 3598 e)
1231 3543 1391 3606 perturbare
1412 3543 1508 3605 I).G.;
1528 3544 1649 3609 proferre
1670 3544 1720 3605 W.;
1740 3545 1841 3594 inferre
1861 3543 1891 3594 P.
1965 3541 1993 3604 d)
2015 3545 2104 3608 turpia

452 3629 552 3680 inferre
572 3630 602 3680 P.
677 3627 702 3690 e)
724 3632 911 3682 reformidavit
930 3631 1008 3681 D.G.
1081 3629 1102 3690 f)
1124 3629 1287 3680 rnonarlrilis
1306 3649 1326 3680 o.
1399 3627 1429 3696 g)
1452 3633 1578 3682 etlactum
1597 3651 1617 3682 c.
1690 3629 1718 3688 lrl
1741 3634 1853 3696 negotio
1874 3631 1906 3682 P.

563 3812 591 3879 1)
619 3809 667 3882 C's.
695 3809 799 3868 Ula-roa.
828 3811 924 3868 Maur.
950 3813 967 3867 l.
987 3833 1009 3868 c.
1029 3833 1061 3886 p.
1081 3811 1140 3880 40,
1175 3811 1231 3886 Ep.
1256 3811 1386 3867 Arrucleti
1415 3833 1492 3869 arum
1511 3812 1604 3868 1130.
1630 3813 1674 3868 die
1701 3812 1727 3868 1.
1755 3813 1819 3868 Mai
1847 3814 1889 3869 ad
1903 3814 2021 3884 fratres
2042 3833 2107 3869 suos
2125 3832 2152 3870 ao

456 3913 655 3974 Cluniacenses
678 3919 774 3973 datam
800 3911 904 3992 (Just.
927 3919 998 3994 Rry.
1016 3937 1061 3974 nr.
1081 3917 1184 3986 8376,
1209 3917 1337 3992 Bouqaet
1352 3919 1419 3986 Xl',
1439 3913 1514 3990 360)
1540 3927 1565 3973 et
1587 3920 1660 3974 locos
1682 3939 1701 3975 a
1722 3919 1765 3974 ll'.
1782 3914 2107 3992 Bennta1·dt(‘tortan

454 4043 479 4079 v.
506 4021 714 4098 Supplr'nbnrp’
741 4043 773 4098 p.
800 4023 874 4092 283,
894 4019 946 4097 43)
978 4025 1088 4081 allatos.
1143 4023 1368 4082 Cluar'ocensimn
1400 4023 1521 4080 aaronitae
1553 4025 1740 4094 (arrationarem,
1780 4025 1925 4099 annnr'nus
1955 4025 2107 4081 Arracletna

448 4148 533 4204 papa
556 4128 592 4185 ab
616 4129 731 4187 ecelesia
756 4127 911 4187 Gallicano
939 4131 1120 4205 reciperetur,
1147 4131 1307 4206 probibuit,·
1339 4130 1409 4187 Ord.
1430 4130 1484 4186 Vir.
1508 4129 1583 4186 Har.
1610 4133 1674 4186 eccl.
1699 4133 1717 4186 I.
1742 4131 1828 4188 XIII.
1853 4151 1881 4187 a.
1903 4131 2002 4186 1034:
2034 4132 2105 4187 lude

453 4255 581 4308 magnam
612 4238 811 4292 auctoritatem
842 4231 1033 4310 (Inatos-entius
1057 4237 1096 4292 II.
1124 4233 1220 4312 popu)
1251 4240 1326 4310 apud
1357 4239 1488 4292 occiduos
1518 4239 1688 4309 promeruit,
1720 4241 1794 4309 quod
1826 4258 1842 4293 a
1873 4237 2106 4294 Cluuiaceusibus

454 4343 540 4398 Petro
567 4337 726 4417 (Aaucleto)
751 4345 931 4414 praepositus
955 4344 1051 4398 faerit.
1098 4345 1144 4398 Ab
1169 4345 1275 4400 eisdem
1300 4346 1405 4417 quippo
1429 4346 1532 4400 Petrus
1549 4345 1654 4398 Leonis
1678 4345 1705 4399 in
1731 4346 1852 4416 pueritia
1875 4345 2016 4400 enutritus
2040 4363 2104 4399 eoa·
2125 4363 2151 4402 sc

454 4450 506 4504 luit
531 4457 561 4505 et
586 4468 680 4504 eorum
711 4450 811 4506 habitu
842 4469 873 4504 ac
902 4450 1077 4521 professione
1102 4451 1254 4506 monachus
1278 4453 1389 4519 extitit,
1422 4452 1462 4523 rs.
1486 4451 1578 4507 Vitam
1602 4451 1684 4506 Petri
1704 4451 1840 4508 Verterat).
1865 4453 1946 4526 aprud
1967 4451 2104 4526 Bouqnet,

456 4557 524 4613 Rae.
550 4555 633 4624 XIV,
660 4555 741 4624 396,-
767 4555 953 4612 Mt’r'blbaclrer
975 4557 993 4611 I.
1012 4576 1034 4612 c.
1054 4577 1088 4632 p.
1108 4556 1179 4614 127.
1237 4601 1238 4606 ,
1266 4557 1295 4626 2)
1319 4558 1403 4614 Amm
1422 4557 1515 4613 1116.
1541 4558 1586 4614 die
1610 4557 1662 4632 24,
1682 4558 1784 4614 Martii
1801 4558 1924 4633 primum
1949 4557 2107 4615 sorditatis

455 4662 590 4720 maccam
612 4682 634 4718 s.
651 4660 768 4720 Comatae
784 4670 809 4718 ot
824 4662 966 4719 Darnr'am'
980 4672 1151 4720 rnanoratur
1169 4665 1198 4720 r'n
1216 4664 1317 4720 oborta
1334 4663 1483 4720 Pambotis
1499 4664 1539 4721 II.
1551 4685 1661 4740 papae,
1686 4665 1727 4736 cf.
1744 4664 1836 4736 Joffe',
1853 4665 1924 4742 nep.
1941 4685 1986 4722 nr.
2002 4664 2086 4721 6515
2095 4686 2105 4734 ;

453 4768 518 4826 ibid.
545 4789 578 4844 p.
597 4767 678 4836 rm,-
716 4766 822 4826 Clrron.
856 4769 954 4825 Maur.
986 4771 1004 4825 l.
1029 4790 1051 4826 c.
1079 4789 1113 4844 p.
1137 4770 1196 4840 40,
1232 4771 1371 4849 Pandnlfi
1404 4771 1457 4828 Vir.
1483 4771 1594 4829 Gelani
1622 4771 1662 4828 11.
1693 4791 1795 4846 popm
1831 4765 1913 4846 apud
1943 4771 2104 4842 ll'otterr'clr,

461 4875 541 4932 Vitae
565 4875 731 4953 pontificum
762 4874 807 4945 II,
840 4875 892 4932 95.
940 4875 995 4932 Die
1021 4876 1070 4932 lt.
1095 4876 1166 4933 Dec.
1195 4897 1223 4933 a.
1244 4877 1337 4933 1120.
1371 4878 1483 4934 I'etrmn
1515 4879 1690 4934 cardinalem
1715 4879 1910 4954 presbyterum
1939 4901 1963 4935 a.
1990 4877 2151 4936 Mamaeae

455 4989 536 5038 trans
566 4981 684 5038 Tiberim
715 4982 749 5038 de
779 4982 856 5039 titurio
883 5005 906 5039 s.
926 4981 1033 5040 Galixtr'
1059 5003 1078 5038 o-
1104 4982 1215 5040 Coliato
1238 4982 1279 5039 ΙΙ.
1307 5003 1390 5058 popa
1420 4985 1591 5042 rtonu'natmn
1621 5005 1679 5041 arse
1702 4987 1738 5042 R.
1762 4985 1879 5060 Zopffel
1900 4987 1918 5042 l.
1936 5005 1959 5041 r.
1978 5005 2011 5060 p.
2031 4983 2104 5040 296.

455 5087 663 5144 deretonstram't.
700 5087 735 5145 In
753 5089 854 5145 charta
871 5089 991 5146 eiusdem
1002 5109 1103 5164 papiae
1122 5089 1167 5146 die
1186 5089 1234 5145 17.
1252 5089 1324 5164 Apr.
1342 5111 1370 5147 α.
1388 5091 1467 5146 1121
1489 5087 1593 5166 (Jaffe',
1611 5087 2106 5168 1199.πν.6901)ρνὶυιιιηιοανιίἰ·

455 5193 529 5250 taulis
541 5193 688 5268 presbyter
705 5203 944 5252 cornrnemoratur.
1015 5196 1045 5263 3)
1063 5196 1110 5251 De
1125 5195 1307 5272 legationibus
1324 5195 1405 5253 Petri
1412 5198 1511 5268 sosius
1528 5198 1581 5274 epit
1596 5199 1633 5254 R.
1652 5198 1770 5273 Zopffel
1783 5201 1801 5253 l.
1816 5219 1838 5254 c.
1851 5219 1884 5273 p.
1903 5197 1964 5254 296
1982 5218 2039 5274 sq.;
2064 5198 2104 5269 rs.

458 5299 493 5354 E.
513 5300 699 5356 nlnkltacter
722 5303 739 5356 l.
758 5321 780 5357 r.
801 5322 833 5376 p.
853 5301 903 5357 63.
941 5303 1024 5360 Anno
1039 5302 1134 5358 1121.
1159 5305 1267 5379 legatas
1289 5301 1319 5358 in
1335 5303 1477 5380 Aagliom,
1505 5303 1598 5359 1123.
1623 5305 1652 5360 in
1671 5302 1796 5362 Galliam
1813 5325 1871 5360 nna
1888 5325 1946 5360 rura
1965 5325 2004 5374 eo,
2030 5304 2106 5360 arim

449 5413 551 5480 postea
575 5409 699 5463 nantolio
716 5408 818 5479 factito
842 5417 889 5477 est,
916 5407 1065 5485 Gregorio,
1091 5409 1240 5465 cardinale
1263 5408 1382 5465 macone
1404 5430 1427 5465 s.
1452 5409 1562 5486 Angeli,
1587 5411 1736 5485 deputatus
1759 5419 1806 5466 rot.
1887 5411 1918 5478 4)
1936 5411 1972 5468 R.
1990 5410 2108 5484 Zotiffel
2124 5430 2150 5470 tt

454 5513 473 5566 Ι.
491 5532 514 5568 c.
534 5532 567 5587 p.
591 5513 664 5568 304.
692 5513 805 5570 Petrum
829 5515 970 5571 avaritiae
992 5515 1151 5584 accusatum
1186 5515 1220 5571 Ε.
1248 5515 1433 5571 llliilrlbnrlrer
1456 5518 1474 5572 l.
1493 5537 1515 5572 e.
1536 5538 1567 5591 p.
1588 5516 1625 5572 77
1644 5537 1686 5592 sq.
1712 5517 1737 5572 ei
1757 5517 1913 5573 surnnmtim
1937 5517 2105 5584 assentitur,

461 5617 504 5674 W.
522 5617 691 5675 Bernhardi
713 5621 731 5674 l.
750 5639 773 5676 c.
794 5641 826 5695 p.
849 5620 922 5689 284,
948 5621 1061 5676 Petrum
1088 5621 1191 5678 Leonis
1215 5622 1344 5693 desento
1366 5630 1392 5678 et
1414 5643 1473 5678 enm
1498 5631 1564 5679 unte
1588 5623 1742 5678 alentionem
1767 5624 1857 5680 virum
1881 5633 2017 5699 raptarier
2034 5643 2105 5698 pro-

454 5723 547 5782 bicaris
564 5724 660 5797 fuisse
683 5746 738 5782 non
762 5725 865 5782 lambras
889 5727 1061 5802 argumentis
1078 5729 1174 5798 fulmo
1198 5729 1393 5785 derrrorrrtrorn
1417 5737 1533 5786 canaan
1557 5739 1604 5786 est.
