4396 6390
481 377 544 440 468
775 387 955 444 GERHOHI
977 385 1211 442 PRAEPOSITI
1234 384 1642 446 RElCHERSBERGENSIS
1665 383 1830 439 LIBELLI.

483 576 642 641 sacerdoti
662 599 785 661 auoque,
816 575 892 659 quio
909 597 972 659 per
995 574 1139 659 siapulua
1162 574 1289 636 virtutes
1312 585 1434 635 nostrus
1457 571 1614 636 Dominus
1641 587 1818 651 coronatur,
1851 573 1948 634 c'rumo
1971 573 2057 636 uobis
2071 598 2117 659 par

413 705 464 752 (11).
484 685 627 746 uirtutem
652 683 844 766 ponitentiae
874 681 1040 758 coronatis,
1071 679 1211 742 sulcator
1239 681 1272 741 iu
1299 679 1436 764 11191111
1463 701 1609 741 coronam
1637 680 1762 762 accipit
1811 675 1896 740 Cum
1922 698 2001 761 ergo
2024 699 2079 740 rex
2096 693 2119 746 et

484 785 638 850 sacerdos
668 784 754 848 idern
785 785 826 849 sit
852 784 944 848 Iesus
968 782 1116 848 Christus
1147 782 1296 847 dominus
1327 793 1437 846 noster
1466 782 1568 867 gloria
1599 793 1632 844 et
1661 783 1782 846 honore
1813 793 2000 863 coronatus,
2029 792 2120 850 tamen

447 947 451 952 .
484 890 696 956 sacerdotalis
720 890 862 976 dignitas
884 900 962 954 1111
985 890 1089 976 magis
1117 890 1151 952 in
1175 911 1212 952 eo
1238 899 1419 968 coronatur,
1445 910 1518 952 cum
1542 889 1614 973 quis
1639 888 1679 952 de
1702 886 1896 953 Babilonica
1925 888 2056 952 malicia
2077 913 2120 974 per

483 998 696 1084 penitentiam
719 997 894 1061 revertitur
916 997 950 1060 in
970 994 1159 1076 Ierusalem,
1182 996 1217 1058 in
1241 1017 1306 1080 qua
1329 1005 1405 1058 tunc
1429 992 1589 1058 defecisse
1613 1005 1739 1058 constat
1761 994 1873 1080 regale
1898 993 2142 1080 quodammodos

484 1103 661 1189 fastigium,
684 1103 814 1189 quando
838 1125 898 1166 rex
913 1100 1081 1166 Babilonis
1097 1100 1151 1166 vel
1174 1101 1207 1164 in
1231 1099 1392 1164 aecclesia
1414 1099 1467 1164 vel
1490 1101 1524 1163 in
1548 1098 1694 1186 qualibet
1715 1101 1805 1186 prius
1829 1099 1920 1164 fideli
1945 1102 2054 1164 anima
2075 1100 2122 1166 sibi

307 1233 466 1282 11111111.
484 1219 620 1294 usurpat
642 1209 869 1294 principatum.
915 1207 997 1293 Iugo
1021 1209 1131 1294 itaque
1155 1206 1240 1271 illius
1264 1229 1323 1292 per
1346 1207 1568 1292 penitentiam,
1593 1227 1676 1291 quae
1701 1205 1743 1269 ad
1767 1205 1972 1271 sacerdotale
1997 1205 2124 1272 officium

484 1316 635 1400 pertinet,
667 1315 794 1380 afacie
819 1313 881 1378 olei
905 1313 1170 1399 computrefacto,
1200 1323 1289 1377 recte
1313 1312 1388 1376 Icsu
1419 1311 1580 1377 sacerdoti
1610 1334 1728 1397 magno
1751 1314 1965 1398 imponuntur
1988 1333 2125 1377 coronae.

486 1419 586 1486 Cuius
609 1422 658 1484 rei
681 1422 767 1506 tipus
791 1421 825 1484 in
845 1419 921 1484 Iesu
945 1419 1114 1484 sacerdote
1138 1441 1255 1504 magno
1280 1419 1467 1503 agnoscitur
1489 1419 1686 1504 precessisse
1710 1417 1870 1505 simulque
1893 1417 1977 1482 illud
2000 1417 2128 1505 prefigu-

485 1538 589 1591 ratum
613 1549 695 1606 esse,
720 1526 807 1611 quod
830 1527 940 1610 regnis
963 1525 1130 1612 ydolatria,
1155 1525 1346 1589 scismaticis
1370 1535 1466 1610 atque
1483 1522 1743 1610 indisciplinatio,
1767 1547 1871 1611 usque
1895 1525 1940 1589 ad
1964 1525 2164 1590 1111111111

485 1631 649 1697 defectum
672 1633 826 1714 curvatis,
857 1631 994 1718 amplius
1021 1630 1234 1717 glorificanda
1257 1641 1289 1694 et
1313 1630 1499 1695 coronanda
1521 1641 1591 1694 erat
1614 1629 1825 1696 sacerdotalis
1849 1630 2004 1717 dignitas,
2036 1633 2081 1696 ita
2101 1645 2132 1695 ut

485 1739 630 1804 stratoris
647 1759 775 1824 quoque
793 1737 935 1803 officium
951 1736 1097 1824 pontifici
1112 1737 1258 1801 Romano
1282 1759 1302 1800 a
1325 1734 1457 1822 regibus
1481 1747 1513 1800 et
1536 1735 1784 1822 imperatoribus
1809 1736 2035 1802 exhibendum
2059 1740 2130 1802 sit¹:

307 1869 466 1916 11111111.
485 1845 648 1908 renovatis
671 1843 825 1908 videlicet
854 1843 1018 1908 miraculis
1049 1843 1200 1929 antiquis,
1231 1841 1349 1929 quibus
1380 1843 1586 1928 agnoscimus
1612 1842 1732 1928 Ioseph
1761 1844 1796 1907 in
1827 1866 1926 1908 curru
1955 1842 2133 1907 Pharaonis

334 1938 467 2040 ffljssjff
486 1949 672 2032 exaltatum,
689 1948 862 2014 Danielem
878 1951 964 2035 regis
981 1971 1125 2036 purpura
1141 1959 1298 2030 ornatum,
1315 1948 1547 2013 Mardocheum
1571 1948 1673 2034 regali
1694 1971 1777 2036 equo
1802 1947 2008 2014 subvectum.
2044 1949 2133 2014 Haec

484 2056 636 2120 nimirum
660 2055 846 2140 spectacula
868 2077 955 2120 nunc
978 2054 1110 2141 regibus
1140 2056 1257 2141 partim
1288 2053 1414 2135 ablatis,
1446 2056 1562 2140 partim
1590 2054 1747 2120 diminuto
1772 2079 1883 2120 eorum
1906 2078 2011 2141 regno
2036 2055 2133 2120 humi-
2151 2081 2173 2120 1

484 2160 579 2242 111111,
604 2171 636 2225 11
659 2160 801 2226 exaltato
825 2161 1024 2243 sacerdocio,
1048 2160 1212 2226 delectant
1235 2171 1450 2246 spectatorem
1474 2159 1671 2243 benivolum,
1695 2173 1846 2248 torquent
1869 2162 2030 2226 invidum.
2074 2161 2134 2242 Qui

398 2289 425 2335 *t
433 2291 466 2334 11.
484 2278 519 2331 ut
549 2266 687 2352 amplius
718 2269 880 2332 crucietur
910 2277 942 2332 et
971 2269 1044 2354 pius
1075 2267 1187 2332 oculus
1216 2268 1320 2352 magis
1352 2267 1574 2348 'incundetun
1609 2267 1746 2332 forsitan
1775 2269 1859 2333 sicut
1888 2281 1965 2333 ante
1997 2270 2136 2354 primum

485 2371 607 2437 Christi
637 2373 813 2438 adveutum
843 2372 975 2459 regibus
1006 2371 1123 2438 ablatis
1152 2373 1251 2438 duces
1279 2374 1453 2460 principati
1477 2385 1551 2438 sunt
1573 2396 1675 2460 usque
1700 2373 1741 2438 ad
1765 2376 1882 2461 ipsum,
1914 2377 1963 2439 sic
1987 2387 2065 2439 ante
2089 2397 2134 2438 se-

306 2504 334 2546 1.
342 2503 399 2545 nan.
407 2503 466 2550 aa.
485 2478 627 2544 cundum
657 2481 727 2544 eius
757 2479 933 2544 adventum
963 2501 1023 2564 per
1050 2477 1193 2564 lapidem
1223 2480 1291 2543 sine
1322 2478 1470 2544 manibus
1502 2478 1664 2546 abscisum
1695 2480 1736 2544 de
1759 2492 1867 2546 monte
1898 2504 2001 2546 aurea
2033 2493 2136 2546 staura

345 2575 445 2642 [Aurea
485 2607 659 2670 regnorum
675 2596 743 2650 tota
759 2587 905 2668 contrita,
927 2585 961 2649 in
977 2595 1133 2672 quantum
1149 2608 1249 2672 regno
1266 2585 1376 2650 divino
1393 2587 1557 2650 invenitur
1572 2587 1743 2668 contraria,
1768 2586 1922 2651 succedet
1945 2589 1980 2652 in
1997 2587 2175 2653 secularia

326 2657 463 2782 effigi]
485 2690 642 2775 dignitate
666 2692 799 2756 minoris
822 2693 961 2756 nominis
984 2703 1138 2778 potestas,
1163 2691 1328 2756 diminutis
1352 2693 1461 2778 regnis
1485 2693 1611 2777 magnis
1641 2693 1674 2755 in
1698 2693 1889 2758 tetrarchias
1913 2703 1971 2758 aut
1994 2696 2135 2758 minores

485 2798 583 2860 etiam
606 2797 791 2882 particulas,
815 2820 856 2861 ne
879 2819 1028 2884 premere
1051 2797 1181 2863 valeant
1204 2797 1379 2863 aecclesias
1402 2798 1454 2863 vel
1479 2799 1738 2863 aecclesiasticas
1762 2821 1928 2886 personas,
1954 2802 2135 2886 patrocinio

483 2904 593 2988 magni
618 2903 796 2968 sacerdotis
812 2902 951 2989 presidis
975 2904 1193 2990 apostolicae*
1217 2904 1303 2968 sedis
1328 2906 1472 2969 coronati
1496 2915 1528 2969 et
1552 2907 1773 2991 superomnia
1796 2928 1898 2992 regna
1921 2906 2060 2971 exaltati
2083 2907 2135 2971 de·

484 3007 593 3072 tensas
617 3020 649 3073 et
671 3009 851 3096 privilegiis
875 3010 1044 3096 apostolici
1067 3011 1269 3096 principatus
1294 3013 1516 3076 communitas.

413 3137 464 3189 (11).
592 3115 673 3197 Quis
688 3117 763 3196 iam,
780 3117 871 3180 cuius
888 3115 1000 3181 oculus
1022 3138 1161 3202 nequam
1178 3137 1241 3180 non
1259 3127 1308 3181 est
1331 3128 1387 3180 aut
1408 3117 1526 3203 lippus,
1552 3117 1594 3181 ad
1616 3117 1828 3183 invidendum
1844 3121 1954 3206 potius
1971 3141 2073 3205 quam
2095 3119 2135 3184 ad
2152 3145 2175 3182 ss

483 3221 660 3286 videndum
676 3221 815 3307 patulus,
837 3244 901 3287 non
919 3223 982 3286 ista
998 3233 1111 3286 cernat
1125 3223 1244 3308 partim
1260 3221 1429 3309 completa,
1446 3233 1482 3287 ut
1501 3224 1570 3288 iure
1588 3225 1691 3288 onmis
1708 3222 1877 3290 benivolus
1894 3236 2091 3313 expectator
2105 3237 2137 3290 et

484 3338 648 3412 spectator
662 3327 703 3392 de
719 3327 892 3414 implendis
907 3329 1039 3392 minime
1057 3326 1210 3413 ambigat,
1224 3351 1297 3392 cum
1311 3339 1401 3393 tanta
1412 3330 1523 3394 videat
1538 3330 1671 3416 impleta
1687 3331 1865 3396 secundum
1879 3332 1969 3418 quod
1984 3333 2020 3396 in
2037 3335 2134 3419 scrip-

483 3434 564 3497 turis
577 3435 723 3498 veritatis
737 3435 945 3498 inveniuntur
957 3433 1136 3521 expressa?
1166 3433 1247 3515 Quis
1261 3457 1326 3498 non
1341 3458 1415 3500 cum
1427 3437 1637 3501 veneratione
1652 3438 1790 3522 aspiciat
1803 3439 1937 3502 Petrum
1952 3439 2134 3524 apostolum

485 3538 686 3604 sacerdotem
702 3562 865 3624 magnum,
878 3540 976 3604 immo
990 3541 1025 3605 in
1038 3541 1109 3627 ipso
1125 3539 1327 3605 sacerdotem
1342 3564 1501 3605 summum
1514 3542 1622 3606 Iesum
1633 3541 1808 3624 Christum,
1821 3554 1867 3608 tot
1882 3545 2013 3608 coronis
2028 3547 2134 3609 aureis

354 3669 466 3718 11111.
485 3656 683 3727 coronatum,
697 3668 795 3732 super
807 3655 885 3732 quot
899 3668 1001 3731 regna
1016 3647 1181 3712 constituit
1195 3646 1307 3713 illum?
1335 3648 1428 3729 Ecca,
1442 3649 1556 3734 inquit,
1570 3653 1718 3716 coactitii
1731 3665 1758 3715 to
1773 3675 1867 3737 super
1879 3666 1984 3738 pentes
1999 3667 2030 3716 ct
2041 3677 2135 3738 super
2151 3677 2188 3714 aa

484 3777 590 3838 capno,
607 3767 640 3816 ut
655 3753 770 3817 acellae
785 3767 813 3817 11
828 3753 980 3832 dauwe,
997 3767 1026 3818 et
1040 3754 1209 3839 disperdas
1225 3769 1253 3819 et
1268 3754 1414 3840 dissipas,
1431 3755 1556 3842 edr'ficca
1572 3771 1600 3820 at
1611 3757 1744 3842 plautas.
1779 3754 1894 3820 Clarus
1910 3779 1990 3843 ergo
2008 3769 2134 3822 sancto·

484 3880 555 3922 rum
579 3867 709 3921 senatus
734 3857 951 3943 apostolorum
967 3859 1119 3944 princeps
1135 3870 1184 3924 est
1207 3857 1293 3923 orbis
1316 3871 1474 3924 terrarum
1497 3871 1666 3946 rectorque
1690 3883 1874 3947 regnorum,
1898 3863 2134 3928 aecclesiarum

483 3985 589 4028 mores
605 3973 638 4027 et
652 3964 754 4027 vitam
777 3963 985 4047 moderando,
1008 3987 1091 4051 quae
1110 3987 1170 4051 per
1185 3965 1365 4030 doctrinam
1385 3966 1596 4052 apostolicam
1620 3966 1732 4031 fideles
1757 3978 1830 4032 sunt
1849 3966 1983 4056 ubique.
2020 3970 2133 4035 Antio-

484 4068 563 4134 chus
580 4079 612 4132 et
628 4069 748 4133 Remus
765 4069 947 4134 concedunt
962 4070 1031 4152 tibi,
1047 4071 1155 4152 Patre,
1172 4072 1264 4156 regni
1281 4071 1405 4136 solium.
1441 4070 1524 4137 Cum
1539 4072 1617 4137 talia
1632 4095 1691 4159 per
1706 4074 1883 4139 aecclesias
1900 4077 2029 4140 canoris
2046 4079 2133 4142 voci·

483 4172 544 4238 bus
568 4173 791 4239 declamantur
814 4186 846 4240 et
868 4199 984 4261 ymnos
1008 4175 1048 4240 do
1073 4177 1209 4241 canticis
1226 4175 1315 4262 Syon
1338 4179 1372 4241 in
1387 4177 1538 4242 laudibus
1561 4179 1725 4264 regalibus
1749 4179 1790 4244 ad
1806 4181 2037 4267 apostolorum,
2061 4205 2133 4269 pre·
2150 4207 2188 4246 as

485 4282 578 4366 cipue
603 4291 711 4346 autem
734 4283 890 4368 principis
921 4282 1148 4368 apostolorum,
1179 4283 1316 4368 gloriam
1347 4305 1441 4348 sacra
1471 4297 1591 4349 canunt
1620 4285 1808 4372 solempnia,
1837 4287 1880 4352 Ta
1904 4289 1989 4353 decet
2008 4314 2133 4376 ymera,

314 4386 581 4467 1111110111,
611 4391 645 4452 in
670 4387 772 4474 Sy0n5
802 4389 829 4451 si
854 4389 947 4454 dictis
971 4388 1058 4452 facta
1081 4399 1333 4475 compensantur
1355 4399 1387 4454 et
1410 4391 1574 4475 magnalia
1598 4391 1718 4474 divina,
1743 4415 1827 4480 quae
1855 4395 1889 4458 in
1911 4392 2022 4458 verbis
2046 4417 2133 4459 reso-

482 4501 572 4572 nant,
596 4491 693 4556 rebus
717 4494 874 4559 clarentio
896 4495 993 4558 etiam
1017 4494 1119 4559 oculis
1143 4494 1413 4576 demonstrantur,
1437 4507 1473 4561 ut
1495 4497 1654 4582 possimus
1679 4521 1796 4564 canere
1818 4522 1954 4586 ymnum
1973 4499 2131 4565 dicendo:

360 4596 574 4669 1111181111
599 4599 782 4664 audiuimus
809 4604 854 4665 itu
878 4616 906 4666 et
927 4601 1067 4666 uidimus
1096 4604 1130 4666 iu
1154 4605 1278 4667 civitate
1301 4602 1368 4666 Dei
1393 4607 1503 4684 nostri,
1534 4607 1567 4668 in
1597 4619 1698 4671 moute
1726 4622 1831 4670 sancto
1861 4611 1936 4672 11111.
1984 4607 2041 4671 Ad
2070 4607 2132 4672 hoc

484 4703 571 4766 enim
592 4702 657 4766 Dei
681 4703 850 4788 mirabilia,
874 4727 958 4793 quae
981 4707 1016 4770 in
1038 4707 1145 4793 ymnis
1169 4717 1202 4771 11
1224 4707 1356 4793 psalmis
1381 4710 1562 4795 ceterisque
1587 4711 1722 4775 11111111
1750 4710 1948 4797 spiritalibus
1977 4715 2132 4778 enuncia·
2149 4739 2188 4775 ι

353 4830 465 4881 111111.
483 4831 568 4890 mus,
600 4809 762 4894 condigno
792 4833 898 4876 rerum
930 4811 1047 4877 effectu
1077 4814 1175 4877 etiam
1205 4813 1306 4878 oculis
1337 4813 1603 4880 demonstrabilia
1632 4816 1702 4880 fieri
1732 4827 1895 4903 optamus,
1926 4840 1967 4882 ne
1999 4818 2131 4905 quando

367 4937 466 4987 mua
484 4914 594 4978 dicant
622 4925 752 5000 gentes:
784 4917 816 4981 U
816 4919 851 4982 bi
871 4933 916 4982 cst
936 4918 1024 4983 Deua
1050 4920 1180 4984 aarum?
1225 4920 1368 4986 Fuerant
1396 4946 1468 4986 voro
1498 4924 1581 4988 nu'lti
1608 4924 1759 4988 lacrimae
1789 4949 1874 4989 meac
1889 4949 1994 5011 pones
2018 4926 2072 4992 dia
2095 4951 2132 4992 oc

483 5035 578 5102 111111,
602 5022 676 5086 darn
700 5023 819 5087 dicitnr
840 5025 923 5089 milri
944 5025 1075 5090 cotidie:
1104 5025 1172 5090 Ubi
1191 5039 1236 5090 est
1257 5026 1345 5092 Deua
1371 5029 1465 5092 aaa?
1509 5027 1667 5092 Nesciunt
1693 5029 1803 5093 miseri
1828 5030 1884 5116 qui
1911 5029 1992 5095 haec
2018 5031 2132 5097 dicunt

345 5197 346 5202 η
482 5124 596 5190 beatos
620 5149 691 5191 esse
716 5127 833 5214 quibus
856 5128 937 5194 haec
961 5128 1089 5194 dicunt:
1114 5132 1267 5217 quoniam
1290 5133 1360 5196 istis
1383 5132 1603 5198 invidentibus
1628 5145 1660 5198 et
1682 5157 1747 5200 non
1763 5135 1949 5201 videntibus
1964 5136 2133 5203 videbitur

306 5257 334 5298 cr.
343 5255 465 5304 1111111.
484 5230 525 5295 ab
548 5231 611 5296 illis
634 5233 726 5297 Deus
751 5232 885 5298 deorum
907 5235 940 5299 in
964 5234 1063 5320 Syon.
1110 5236 1175 5299 Etb
1204 5236 1278 5302 ideo
1308 5248 1340 5302 te
1371 5237 1474 5321 decet,
1504 5263 1631 5326 ymnus,
1662 5241 1754 5305 Deus
1783 5243 1818 5305 in
1841 5241 1942 5328 Syon,
1973 5245 2067 5308 cuius
2097 5247 2130 5310 in
2146 5264 2188 5304 aa

482 5335 598 5423 plateis
622 5339 765 5424 ponendi
788 5349 862 5403 sunt
883 5339 1012 5422 infirmi,
1036 5352 1072 5405 ut
1093 5343 1244 5406 veniente
1268 5343 1301 5407 in
1317 5345 1368 5408 sui
1383 5346 1583 5431 principatus
1602 5346 1707 5431 gloria
1721 5346 1819 5413 Petro
1843 5349 1989 5433 apostolo
2014 5349 2129 5414 saltem

483 5441 598 5507 umbra
613 5443 698 5507 illius
715 5443 885 5509 obumbret
901 5468 1097 5532 quemquam
1112 5446 1238 5512 illorum
1262 5457 1294 5512 et
1315 5448 1495 5514 liberentur
1517 5450 1558 5516 ab
1574 5451 1814 5517 infirmitatibus
1838 5455 1914 5534 suis,
1939 5477 1980 5519 ne
1998 5455 2128 5542 quando

589 5640 616 5704 a)
637 5643 694 5694 sed.
714 5659 757 5709 ap.
776 5643 810 5694 B.
883 5642 911 5707 b)
934 5647 967 5695 Et
987 5671 1019 5679 -
1039 5646 1114 5710 Syon
1132 5647 1160 5696 in
1177 5664 1256 5712 uturp.
1274 5651 1357 5713 suppl.
1377 5648 1410 5699 Β.

593 5803 621 5878 1)
647 5805 694 5878 CJ.
718 5826 809 5881 supra
831 5807 877 5862 De
899 5807 1023 5884 inuestiq.
1048 5808 1176 5865 Antichr.
1201 5811 1218 5865 1.
1243 5809 1267 5880 I,
1287 5812 1411 5885 1336.
