4426 6398
785 386 970 446 mousom
992 388 1135 447 EXULIS
1160 389 1190 445 S.
1213 381 1431 446 LAURENTII
1456 387 1706 447 OPUSCULUM.

843 577 914 643 Nec
936 577 1044 642 minus
1068 575 1178 643 Trudo
1202 574 1399 642 venerabilis
1413 576 1473 640 -vir

845 685 898 750 De
922 707 981 749 suc
1004 688 1170 750 monstro¹
1194 685 1341 772 queritur
1363 681 1520 766 dolenter,
1625 708 1626 711 ¹

783 807 817 856 85
845 791 999 856 Pontifex
1023 790 1142 878 dignus
1165 788 1227 854 sibi
1252 811 1348 876 quem
1371 788 1513 872 reduxit,

899 895 1070 984 Quemque
1094 897 1246 962 sacravit.

846 1004 986 1069 Sanctus
1009 1001 1187 1088 Hubertus,
1210 1000 1417 1068 venerandus
1441 1024 1514 1085 evo,
1599 1049 1601 1052 ,

844 1110 992 1176 Mestus⁸
1016 1109 1188 1192 accedens,
1212 1109 1284 1174 aliis
1308 1107 1459 1197 loquutis,

846 1217 917 1282 'De
941 1219 1008 1282 suis
1032 1215 1130 1282 rebus
1153 1215 1347 1281 lacrimabili
1371 1216 1418 1281 sic
1482 1254 1483 1257 =

781 1340 816 1390 40
897 1323 989 1389 Voce
1012 1323 1174 1411 profatur:

846 1430 1023 1513 ‘Quamdiu
1047 1429 1133 1496 solus
1157 1431 1267 1495 senior
1289 1427 1437 1495 sedebo?
1548 1475 1549 1480 η

845 1537 1011 1621 Quamdiu
1032 1548 1126 1602 notos
1149 1537 1305 1625 profugos
1328 1534 1474 1603 videbo?

845 1645 960 1710 Nonne
984 1655 1017 1710 te
1039 1645 1145 1731 tangit
1167 1665 1241 1709 mee
1264 1642 1414 1725 solitudo,
1534 1687 1537 1692 -

897 1751 1042 1816 Maximo
1065 1749 1246 1838 princeps?

782 1875 817 1924 45
845 1859 899 1924 De
922 1859 1003 1922 meis
1026 1856 1133 1922 nullus
1156 1857 1325 1922 monachis
1347 1857 1513 1922 remansit.
1540 1905 1541 1908 ,

842 1965 929 2031 Exul
954 1975 1003 2030 est
1026 1963 1152 2030 abbas¹
1174 1963 1391 2052 monachique
1415 1985 1535 2046 secum,

843 2071 1003 2159 Propterb
1026 2071 1127 2153 illum,
1151 2071 1208 2158 qui
1231 2063 1294 2136 sibi
1318 2071 1546 2136 consecravit·
1607 2063 1609 2066 ⁵

895 2178 1091 2244 Mammonis
1115 2199 1199 2241 eras.
1296 2191 1297 2194 ’

842 2285 974 2352 Terruit
995 2294 1121 2350 mentes
1144 2306 1231 2349 nove
1252 2307 1306 2350 res
1329 2306 1470 2366 eornm,‘

783 2409 817 2459 5ο
846 2391 942 2474 Quod
966 2391 1080 2456 vident
1102 2383 1245 2456 monstro
1270 2390 1447 2478 Symonem
1470 2383 1645 2473 volantem,

842 2497 943 2563 Clara
965 2499 1022 2586 qui
1045 2498 1108 2588 celi
1130 2499 1212 2585 petit
1235 2499 1460 2584 ustrepeunis
1557 2543 1558 2546 κ

896 2605 970 2671 Nou
994 2604 1057 2670 sibi
1080 2605 1197 2670 natisl.

844 2713 932 2796 Quid
957 2711 1019 2777 sibi
1042 2711 1113 2776 vult
1135 2711 1208 2795 hoc,
1233 2711 1311 2798 quia
1333 2709 1491 2776 iudicavit

842 2818 958 2886 Oleros
982 2817 1162 2884 abbatem?
1185 2818 1293 2900 ‘reus’,
1317 2817 1432 2904 iuquit,
1457 2822 1528 2882 ‘ests
1539 2818 1592 2883 hic
1602 2829 1626 2899 ⁰,

780 2943 813 2992 55
843 2925 940 3008 Quod
963 2927 1137 3010 recusavit,
1162 2925 1263 2990 tocies
1286 2934 1433 3006 vocatus,
1505 2937 1506 2940 ’

895 3033 1018 3098 Dicere
1042 3030 1185 3098 causam'
1196 3035 1218 3095 ⁴.
1409 3043 1410 3046 ’

841 3139 915 3205 Non
940 3149 1009 3204 erat
1032 3137 1126 3204 vobis
1151 3159 1191 3204 ea
1214 3160 1315 3204 causa
1336 3147 1423 3219 nota,
1538 3181 1540 3186 ·
1568 3181 1570 3184 -

844 3244 912 3311 Cur
934 3245 1109 3331 refugisset
1129 3243 1263 3316 Iezabel
1285 3244 1436 3332 Helyas?

842 3352 976 3419 Scilicet
998 3351 1081 3417 tollit
1102 3341 1238 3417 Domini
1261 3351 1446 3438 prophetas,

780 3475 814 3525 50
896 3459 1007 3524 Diruit
1029 3461 1135 3523 aras⁵.

842 3567 1024 3631 Veritatem
1048 3566 1075 3629 si
1097 3563 1198 3630 nichil
1222 3563 1404 3651 impediret,

840 3673 910 3737 Vos
934 3674 1038 3758 magis
1062 3676 1184 3736 stcrct⁶
1207 3671 1276 3736 fore
1299 3671 1503 3754 iudicandos,

841 3778 880 3843 In
905 3778 1004 3843 choro
1028 3800 1165 3866 quorum
1189 3776 1284 3864 lupus
1309 3788 1359 3843 est
1381 3788 1526 3842 sacratus

896 3885 1144 3973 Haspaniensis.

780 4007 813 4056 55
841 3991 900 4056 Ille
925 3992 1120 4079 dampnatus
1143 3991 1204 4056 fuit
1228 4013 1283 4056 orc
1307 4001 1426 4073 vestro,
1452 4001 1457 4014 ²

841 4097 957 4162 Presul
980 4098 1156 4163 Heinricus
1179 4089 1350 4163 maledixit
1372 4097 1461 4162 illum

844 4203 1012 4270 Stantibus
1035 4203 1139 4269 vobis.
1186 4203 1293 4268 Amen
1317 4203 1488 4270 addidistis

894 4311 934 4375 In
956 4310 1196 4375 maledictuml.

840 4416 996 4482 Attamen
1018 4439 1077 4481 vos
1100 4440 1187 4481 nunc
1211 4416 1257 4480 ibi
1281 4418 1479 4498 constitistis,

780 4539 814 4589 το
842 4523 931 4588 Talis
955 4524 1008 4588 hic
1032 4521 1158 4588 abbas⁶
1182 4521 1238 4587 ubi
1261 4534 1480 4588 consecratur.

841 4631 957 4695 Nonne
981 4652 1040 4695 vos
1063 4639 1189 4717 partem
1213 4629 1345 4693 sceleris
1369 4629 1485 4694 tulistis

894 4737 991 4802 ΗοοΘ
1015 4735 1200 4823 patientes?
1751 4765 1753 4768 ·
2096 4759 2126 4797 so

521 4935 548 4998 a)
570 4939 663 4988 mestis
681 4945 729 4987 out
746 4937 836 4987 mettis
856 4953 876 4986 c.
940 4937 969 4998 b)
991 4943 1154 5002 propropter
1172 4954 1192 4986 5.
1257 4934 1283 4998 5)
1305 4939 1356 4988 boc
1376 4955 1411 4998 c.;
1431 4954 1464 4988 oc
1484 4955 1561 4989 mono
1579 4937 1712 4989 rwcnta'ore
1729 4939 1835 5003 supplet.
1899 4933 1928 4998 d)
1951 4938 2032 4988 albas
2052 4957 2074 4990 r.

414 5024 440 5090 e)
463 5043 495 5077 oo
514 5043 593 5077 crocu
610 5026 743 5077 recentiore
761 5025 868 5091 mpplct.

524 5199 601 5296 llI'
619 5225 642 5262 e.
662 5206 781 5281 Lupone
797 5207 842 5263 vel
857 5205 991 5281 Leuponc
1013 5205 1129 5276 odbate;
1153 5205 1194 5276 cf.
1218 5225 1309 5282 cupro
1326 5227 1360 5282 p.
1380 5206 1454 5277 636,
1478 5227 1507 5264 n.
1526 5207 1554 5262 2.
1625 5201 1656 5284 2)
1676 5207 1877 5277 Theodericum
1902 5209 1943 5279 cf.
1970 5210 2074 5266 claron.

412 5333 436 5371 5.
454 5312 529 5370 Hah,
547 5310 623 5370 cto
641 5307 729 5386 (82),
749 5333 783 5388 p.
797 5311 871 5369 603.
944 5302 973 5391 3)
992 5310 1040 5384 Os.
1057 5332 1148 5388 supro
1168 5333 1199 5388 p.
1218 5312 1292 5384 639,
1316 5333 1344 5370 a.
1363 5312 1392 5368 4.
1484 5307 1515 5390 4)
1534 5312 1583 5385 Cf.
1602 5314 1698 5371 claron.
1715 5335 1738 5372 5.
1755 5313 1830 5371 Hoc.
1856 5333 1878 5370 c.
1898 5313 1940 5370 90
1958 5310 1977 5388 (
1980 5311 2073 5390 114),

415 5418 470 5478 SS.
488 5417 570 5488 V111,
588 5439 623 5494 p.
641 5417 723 5488 623,·
747 5419 864 5494 epistola
886 5412 1050 5476 Theoderici
1071 5418 1179 5475 abbatia
1202 5420 1244 5475 ad
1263 5419 1407 5477 Urbanam
1425 5441 1537 5496 papam
1561 5421 1602 5478 ΙΙ.
1627 5419 1769 5478 51098.
1795 5421 1880 5478 doto:
1904 5423 1980 5477 adoo
2004 5441 2071 5494 pro-
2093 5433 2121 5472 55

413 5521 573 5583 vocavimus
592 5528 745 5582 adversum
768 5544 818 5582 uos
841 5527 910 5582 irem
932 5524 1058 5594 05155551,
1082 5533 1115 5580 55
1142 5556 1179 5564 -
1204 5527 1297 5583 locato
1319 5528 1422 5584 iudicio
1446 5529 1620 5600 quorundam
1643 5530 1778 5584 abbatum
1803 5535 1832 5583 et
1855 5528 2072 5585 archidiacono-

413 5652 475 5690 rum
497 5651 610 5690 suorum
633 5632 757 5690 officium
787 5633 899 5689 abbatis
923 5633 1033 5688 omnino
1056 5651 1106 5688 nos
1136 5633 1333 5690 interdiceret.
1438 5627 1834 5712 otcf.3.1309.1s,13.
1939 5627 1971 5711 6)
1997 5635 2022 5691 1.
2047 5655 2072 5692 e.

409 5748 584 5816 praestaret.
678 5729 709 5818 7)
733 5739 767 5794 A.
788 5737 882 5794 1085.
908 5737 1047 5807 Iun.15;
1071 5739 1112 5810 cf.
1134 5736 1223 5797 Gesta
1246 5739 1306 5797 ato.
1331 5740 1417 5797 Trud.
1443 5740 1499 5810 III,
1525 5740 1554 5796 3.
1572 5741 1602 5810 4,
1628 5741 1682 5799 SS.
1703 5741 1741 5811 Χ,
1759 5762 1793 5817 p.
1812 5739 1885 5796 241.
1912 5741 1987 5798 242.
