4396 6390
778 369 957 424 GERHOHl
982 369 1214 424 PRAEPOSITI
1238 366 1649 423 REIGHERSBERGENSIS
1673 367 1839 421 LIBELLI.

1286 564 1322 620 B.

689 663 753 726 Iste
779 675 827 726 est
850 663 945 748 igniis,
971 662 1011 726 de
1036 685 1099 747 que
1122 663 1156 726 in
1180 662 1252 747 lege
1277 661 1412 726 dicitur:
1438 663 1528 750 Ipsus
1553 664 1607 726 ista
1632 665 1692 726 erit
1713 685 1835 746 asamar
1862 662 1894 724 ia
1911 661 2017 738 elteri,
2039 687 2102 746 quea

689 773 804 834 inardet
825 770 982 850 sacerdos,
1006 773 1162 834 srtbt'er'ees
1186 771 1273 857 liqna
1297 795 1387 834 araone
1405 793 1467 854 piar
1483 771 1624 856 stropulos
1647 767 1723 832 dies.
1760 765 1844 830 Cum
1869 766 1970 851 igitur
1990 767 2021 828 in
2036 770 2104 832 mini-

689 877 822 940 sterium
845 873 1046 939 tabernaculi
1070 875 1207 940 afferant
1231 875 1395 961 principes
1412 873 1548 938 donaria
1564 897 1693 959 magna,
1718 872 1843 937 scilicet
1868 895 1994 952 aurum,
2017 895 2107 958 argen-

689 993 767 1064 tum,
791 980 916 1068 lapides
940 983 1115 1068 preciosos,
1140 980 1183 1045 ad
1202 981 1383 1046 ornandum
1408 981 1476 1044 sive
1501 980 1614 1062 altare,
1640 981 1709 1044 sive
1734 979 1904 1061 rationale,
1930 980 1999 1042 sive
2021 979 2139 1046 hune-s

690 1088 767 1170 rale,
797 1111 855 1152 nos
880 1088 1070 1174 pauperculi
1094 1088 1208 1152 saltem
1232 1088 1321 1173 ligna
1344 1087 1518 1152 offeramus
1542 1087 1585 1150 ad
1608 1088 1717 1172 ignem
1746 1098 1895 1150 sanetum
1927 1085 2110 1152 nutriendum

311 1215 457 1266 sanarat.
690 1206 722 1259 ct
746 1195 827 1280 pilos
852 1217 1023 1280 caprarum
1047 1195 1089 1259 ad
1105 1194 1318 1280 operiendum
1334 1192 1589 1258 tabernaculum.
1625 1193 1878 1279 Tsliadenique
1896 1192 2044 1278 cupimus
2060 1215 2112 1256 csse

690 1301 928 1388 qualiacunque
946 1301 1101 1387 opuscula
1117 1311 1236 1382 nostra,
1254 1299 1372 1386 quibus
1389 1313 1421 1364 et
1436 1302 1522 1386 ignis
1538 1301 1688 1364 karitatis
1705 1309 1862 1386 tanquam
1878 1299 1977 1384 lignis
1994 1298 2115 1363 cedrinis

690 1409 851 1472 nutriatur
873 1419 905 1471 ct
927 1408 1127 1494 penitentiae
1158 1408 1404 1492 operimentum,
1430 1409 1523 1493 quasi
1548 1407 1589 1472 de
1613 1407 1687 1494 pilis
1716 1429 1889 1492 caprarum
1915 1405 2035 1468 exinde
2059 1429 2117 1468 con·

690 1526 824 1596 textum,
856 1515 1004 1600 proficiat
1035 1513 1077 1577 ad
1107 1513 1192 1577 illius
1216 1513 1427 1578 beatitudinis
1459 1525 1679 1600 augmentum,
1705 1513 1746 1576 de
1770 1535 1834 1600 qua
1859 1512 1998 1576 dicitur:
2031 1513 2142 1592 Raetii
2171 1527 2185 1564 Ἰ

690 1647 821 1707 priorum
846 1623 994 1685 recessisses
1017 1636 1089 1684 seint
1111 1623 1294 1706 ¹t'ru'qru'to-tes
1317 1635 1344 1686 et
1366 1647 1500 1706 qrtorum
1516 1635 1591 1685 tectu
1608 1635 1830 1707 srrrttpeccoto.
1881 1617 2020 1704 Suscipe
2036 1619 2123 1703 igitur

690 1726 915 1792 munusculum
940 1726 1000 1791 hoc
1025 1726 1065 1790 de
1089 1749 1187 1790 manu
1211 1728 1412 1812 paupertatis
1437 1737 1576 1806 nostrae,
1602 1729 1658 1812 qui
1681 1749 1760 1790 auro
1786 1737 1818 1790 et
1841 1737 1979 1812 argento
2002 1725 2123 1789 minime

690 1833 904 1914 abundamus,
929 1856 969 1896 ne
994 1834 1123 1898 omnino
1147 1832 1233 1897 illius
1256 1833 1403 1919 precepti
1427 1843 1683 1917 transgressores
1706 1834 1924 1913 inveniamur,
1949 1831 1990 1896 dc
2015 1855 2077 1918 quc
2098 1833 2126 1894 in

335 1962 458 2011 nassae.
692 1940 764 2026 lege
789 1941 921 2004 Domini
946 1940 1080 2004 dicitur:
1106 1941 1179 2004 Νοη
1202 1943 1373 2026 apparebis
1399 1942 1429 2004 iu
1454 1955 1615 2026 conspectu
1641 1941 1766 2004 doou'ru‘
1785 1941 1853 2004 Dei
1873 1943 1923 2003 tui
1947 1965 2070 2002 coenes.

413 2158 428 2198 r.
436 2158 457 2198 s.
1101 2189 1102 2194 ,
2075 2189 2081 2200 ,

419 2213 457 2259 (ι).
589 2192 631 2256 Te
655 2192 739 2254 deret
758 2216 881 2276 pirum,
907 2189 1003 2265 Deus,
1031 2193 1063 2252 iu¹
1088 2189 1166 2254 Sion
1190 2205 1218 2254 ct
1240 2193 1301 2254 titi
1322 2189 1472 2254 reddetur
1498 2205 1596 2254 cotum
1624 2194 1656 2254 in
1681 2189 1862 2253 [articulata.
1911 2186 2044 2250 Psalmo
2073 2199 2128 2250 isto
2145 2215 2166 2253 u

348 2265 456 2314 mm
476 2300 580 2362 tercia
603 2299 668 2360 iam
692 2295 957 2382 recapitulatione
974 2295 1098 2359 reditur
1114 2295 1156 2358 ad
1173 2319 1332 2360 summum
1350 2297 1429 2382 spei,
1455 2296 1488 2360 id
1506 2306 1555 2360 est
1570 2295 1613 2359 ad
1629 2296 1725 2360 finem
1743 2295 1855 2376 seculi,
1874 2293 2007 2380 quando
2025 2315 2128 2356 snmus

477 2407 511 2468 in
534 2405 673 2490 patriam
690 2403 863 2467 caelestem
887 2404 1059 2488 resumptis
1084 2401 1274 2488 corporibus
1298 2403 1486 2488 profecturi.
1533 2401 1728 2466 inscribitur
1752 2411 1860 2465 autem
1885 2402 1949 2464 sie:
1978 2401 2016 2464 Ia
2025 2404 2128 2488 finem.

477 2511 624 2575 Paulatim
649 2510 767 2574 David.
812 2509 973 2574 Cant-icum
999 2509 1151 2574 Ieremias
1175 2525 1203 2574 et
1224 2511 1351 2596 Aqqucc'
1371 2511 1409 2574 (le
1434 2511 1525 2574 *storbo
1546 2513 1824 2596 [rereqrt'uets'omia
1849 2509 1977 2594 peretulo
2003 2511 2130 2594 incipie-

478 2619 551 2681 bant
573 2619 749 2703 proficisci.
798 2616 840 2678 Et
870 2625 919 2678 est
949 2639 1079 2680 sensus:
1111 2615 1174 2680 Hic
1206 2616 1348 2701 psalmus
1380 2627 1450 2680 est“
1481 2615 1593 2679 David
1624 2615 1800 2701 prophetae
1832 2614 2072 2678 considerantis
2100 2614 2131 2676 in

478 2724 585 2803 linem,
617 2722 723 2786 idest
754 2723 786 2784 in
810 2721 954 2786 ultimam
986 2733 1114 2786 etatem.
1161 2722 1309 2786 Psalmus
1340 2723 1425 2804 dico,
1457 2745 1514 2786 ens
1546 2723 1719 2802 ceraticum,
1750 2721 1857 2786 idest
1887 2720 2073 2785 iocunditas
2102 2729 2168 2786 cta

477 2827 607 2893 lacticis
622 2828 780 2892 Ieremias
802 2839 834 2891 θῖ
846 2828 953 2914 Aggei
971 2839 1002 2892 et
1018 2831 1159 2892 oninium
1177 2829 1330 2893 fidelium.
1356 2830 1511 2892 Ieremias
1528 2831 1759 2914 interpretatur
1772 2828 1933 2892 ‘excelsus
1950 2827 2129 2906 Domini'13

301 2992 458 3044 mm
478 2935 612 3020 Aggeus
640 2934 836 3019 ‘solempnis'
866 2935 917 2998 vel
947 2935 1146 3000 ‘sublirrris'².
1193 2937 1237 3000 Hi
1266 2938 1393 3021 utrique
1426 2935 1638 3022 predixerant
1665 2936 1806 2999 litturam
1837 2935 2131 3022 peregrinationem

271 3049 323 3116 [De
343 3053 460 3101 Ieremia
478 3041 603 3106 Iudaici
627 3041 738 3128 populi
763 3053 794 3105 ct
817 3044 1037 3106 reversionem
1067 3043 1100 3105 in
1125 3044 1273 3128 patriam.
1320 3043 1358 3106 ln
1383 3065 1447 3128 qua
1478 3044 1574 3106 etiam
1599 3043 1786 3107 reversione
1809 3040 1945 3127 Aggeus
1978 3041 2130 3104 interfuit.

284 3131 311 3174 et
330 3119 445 3188 aggeo]
478 3148 615 3233 Utrique
639 3169 717 3211 vcro
747 3147 975 3212 intellexerunt
1005 3151 1299 3234 peregrinationem
1330 3149 1485 3230 fidelium,
1510 3172 1593 3235 quae
1617 3149 1654 3213 fit
1676 3150 1710 3212 in
1733 3148 1795 3212 hac
1819 3148 1897 3230 vita,
1925 3159 1958 3211 et
1982 3147 2130 3227 reditum,

479 3255 534 3340 qui
558 3253 688 3318 tandem
713 3254 783 3334 crit,
807 3275 866 3340 per
888 3253 976 3318 illam
1001 3255 1175 3341 designari.
1223 3256 1287 3319 Per
1309 3255 1368 3319 hos
1393 3266 1499 3319 autem
1524 3256 1605 3320 duos
1630 3254 1843 3340 designantur
1866 3275 1979 3318 omnes
2003 3253 2130 3336 fideles,
2147 3279 2169 3318 a

480 3363 632 3447 quoniam
658 3360 714 3443 illi,
739 3363 822 3424 sicut
845 3360 905 3424 sub
930 3361 1014 3426 illius
1038 3363 1308 3447 peregrinationis
1331 3362 1436 3446 ligura
1459 3361 1520 3426 hoe
1546 3360 1679 3425 exilium
1703 3360 1846 3447 spiritale
1870 3361 1977 3446 magis
2001 3361 2130 3446 plange-

478 3467 567 3550 bant,
596 3469 642 3531 sie
675 3478 706 3531 ct
735 3469 769 3530 in
793 3467 878 3531 illius
902 3469 1097 3532 reversionis
1120 3468 1251 3532 laeticia
1274 3467 1314 3532 de
1340 3468 1475 3554 spiritali
1499 3470 1606 3554 potius
1629 3466 1821 3532 liberatione
1845 3465 2046 3552 gaudebant.
2092 3467 2133 3530 Et

478 3574 633 3637 Ieremias
658 3573 790 3660 quidem
819 3574 889 3660 plus
914 3577 1050 3638 caeteris
1082 3575 1276 3639 lamentatus
1300 3587 1332 3639 et
1356 3574 1495 3638 afflictus
1519 3597 1584 3639 non
1608 3573 1774 3638 dubitatur
1798 3573 1869 3660 plns
1894 3575 2036 3638 caeteris
2057 3596 2131 3660 que-

479 3703 541 3766 que
564 3679 737 3744 letificatus
762 3690 794 3743 et
816 3703 893 3743 vere
918 3682 1010 3744 iuxta
1033 3704 1150 3745 nomen
1174 3705 1266 3745 suum
1297 3683 1331 3744 in
1354 3703 1454 3766 regno
1486 3681 1649 3744 caelorum
1680 3682 1851 3766 insigniter
1881 3679 2044 3762 excelsus,
2074 3703 2132 3767 pro

349 3811 460 3859 narro
479 3811 517 3850 eo
543 3786 630 3872 quod
662 3808 761 3872 super
785 3797 899 3871 gentes
929 3797 962 3850 et
992 3810 1089 3873 super
1112 3810 1213 3872 regna
1237 3789 1440 3868 constitutae,
1465 3799 1499 3851 ut
1524 3786 1688 3869 evelleret,
1713 3787 1903 3868 destrueret,
1928 3786 2135 3872 disperderet
2151 3814 2174 3851 ss

479 3904 511 3958 et
535 3893 716 3978 dissiparet,
742 3893 986 3982 edifficaretque
1011 3915 1049 3958 ac
1065 3893 1237 3978 plantaret,
1261 3893 1361 3957 multa
1385 3895 1418 3956 in
1443 3893 1503 3958 hoc
1529 3894 1635 3956 officio
1660 3895 1823 3958 contraria
1847 3915 1963 3978 passus
1988 3903 2021 3956 θῖ
2038 3892 2133 3957 valde

478 3999 663 4063 humiliatus
694 4022 732 4063 ac
761 4000 904 4084 passioni
928 3999 1049 4063 Christi
1073 4023 1227 4086 expresse
1252 3999 1478 4085 conplantatus
1503 4010 1561 4063 cst.
1610 4000 1676 4064 Sed
1699 4011 1808 4064 tamen
1832 4001 2023 4085 peripsum
2047 3999 2134 4063 Iere-

478 4108 586 4186 miam,
610 4105 686 4169 licet
709 4107 911 4191 precipuum,
935 4108 1158 4192 significantur
1181 4108 1286 4170 minus
1311 4105 1446 4192 perfecti
1471 4117 1504 4169 et
1526 4107 1724 4190 mediocres,
1750 4129 1809 4192 per
1831 4105 1995 4191 Aggeum,
2020 4108 2077 4191 qui
2101 4107 2134 4169 in

330 4235 459 4284 mnam.
478 4212 584 4276 reditu
615 4211 715 4294 affuit,
747 4211 893 4297 perfecti,
918 4215 1060 4298 quinon
1086 4212 1188 4277 solum
1220 4236 1253 4276 sc
1284 4214 1486 4298 peregrinari
1517 4225 1707 4298 agnoscunt,
1739 4213 1798 4276 sed
1827 4214 1919 4276 iuxta
1949 4211 2134 4299 apostolum

479 4319 682 4382 conversatio
707 4341 818 4382 eorum
842 4319 906 4382 iam
931 4320 963 4382 in
981 4319 1079 4384 caelis
1097 4329 1155 4400 est,
1172 4319 1229 4382 ubi
1253 4319 1431 4382 secundum
1454 4342 1573 4382 nomen
1589 4319 1697 4404 Aggci
1721 4319 1933 4383 solemnizant
1957 4331 1989 4383 et
2012 4319 2136 4405 gaudia
2154 4344 2179 4383 ss

479 4424 628 4487 caelestis
652 4426 776 4509 patriae
800 4426 833 4487 in
857 4435 944 4488 terra
967 4426 1238 4512 peregrinationis
1261 4427 1326 4489 iam
1351 4435 1551 4510 pregustant.

327 4590 374 4630 10„
383 4537 461 4639 „fflj
587 4545 642 4611 Sic
666 4559 698 4610 et
721 4549 754 4610 in
779 4549 948 4634 euangelio
973 4549 1101 4614 dicente
1118 4549 1260 4614 Domino
1278 4549 1320 4613 ad
1335 4550 1485 4613 Petrum:
1508 4551 1538 4612 T
1536 4576 1555 4613 n
1579 4577 1627 4614 mc
1650 4575 1793 4636 aequem
1817 4550 1857 4614 de
1874 4549 2020 4615 lolianne
2037 4575 2133 4616 vero:

387 4677 460 4718 rasa
480 4653 535 4717 Sic
558 4679 626 4718 eunt
651 4656 719 4718 ¹uolo
742 4681 885 4738 esuriere,
908 4679 966 4741 per
986 4655 1203 4742 apostolorum
1220 4657 1401 4742 principem
1419 4657 1620 4740 significatur
1636 4658 1703 4720 vita
1719 4656 1931 4720 mediocrium
1954 4659 1989 4722 in
2006 4660 2135 4723 actione

352 4758 672 4836 u.1a,ssbonabene
697 4758 928 4843 laborantium;
953 4772 985 4825 et
1008 4784 1067 4847 per
1081 4763 1260 4826 iohannem
1284 4763 1352 4826 vita
1376 4764 1602 4849 perfectorum,
1627 4775 1782 4850 tanquam
1806 4786 1903 4850 super
1927 4775 2043 4850 peetus
2059 4765 2134 4829 Iesu

480 4867 512 4928 in
537 4866 818 4952 contemplationis
842 4869 954 4953 requie
978 4870 1194 4954 pausantium,
1220 4868 1490 4954 dulcedinemque
1514 4871 1601 4933 vitae
1627 4871 1778 4955 perennis
1801 4872 1835 4933 in
1858 4869 1920 4934 hac
1943 4873 2134 4957 peregrina-
2152 4895 2177 4932 ιο

480 4973 566 5035 tione
590 4975 857 5058 pregustantium,
883 4997 955 5037 cunr
980 4986 1151 5060 utrumque
1175 4977 1320 5056 istorum,
1345 4976 1477 5038 Petrum
1501 4975 1656 5040 videlicet
1680 4986 1712 5040 et
1735 4976 1924 5059 Iohannem,
1949 4987 2078 5042 constet
2101 4979 2133 5041 in

479 5091 615 5165 utraque
639 5081 708 5143 vita
730 5081 830 5143 fuisse
855 5093 1122 5145 consummatum.
1169 5081 1212 5144 Et
1235 5082 1366 5167 quidem
1390 5081 1486 5145 valde
1509 5082 1717 5146 honorandus
1743 5093 1791 5147 cst
1820 5083 1935 5147 beatus
1958 5084 2132 5165 Iohannes,

481 5186 537 5269 qui
559 5207 658 5270 supra
681 5195 794 5270 pectus
818 5186 951 5249 Domini
975 5187 1009 5249 in
1033 5210 1135 5251 caena
1158 5187 1317 5252 recubuit.
1360 5187 1426 5252 Sed
1448 5201 1558 5252 tamen
1582 5213 1640 5274 pre
1665 5191 1802 5254 caeteris
1826 5189 1981 5276 apostolis
2006 5205 2133 5278 aposto-

587 5399 613 5463 a)
635 5403 662 5451 id
682 5409 723 5451 est
743 5403 871 5452 convenit
888 5420 967 5466 cupm
986 5404 1030 5453 liu.
1049 5405 1108 5454 odd.
1128 5407 1162 5454 A.

591 5599 618 5668 l)
643 5600 711 5656 Isid.
738 5600 858 5673 Etprrtol.
883 5600 946 5670 VII,
965 5603 994 5670 8,
1013 5603 1041 5671 8,
1067 5604 1109 5658 ed.
1130 5605 1269 5661 Arooolos
1289 5605 1345 5674 III,
1365 5625 1397 5680 p.
1422 5604 1494 5659 329.
1600 5605 1629 5674 2)
1655 5606 1774 5664 Hieron.
1800 5608 1835 5663 de
1858 5607 1961 5664 sooria.
1987 5608 2133 5678 Hebraic,
2151 5623 2176 5662 rs

482 5704 555 5781 opp.
580 5705 637 5775 III,
663 5709 712 5762 col.
732 5707 788 5761 il:
815 5707 905 5761 festus
929 5709 986 5763 sive
1012 5710 1151 5764 solemnis.
