4426 6398
458 303 521 376 682
961 306 1195 364 TRACTATUS
1220 305 1508 364 EBoRACENSES.
1543 309 1580 364 V.

457 507 492 560 ut
521 517 587 560 non
617 494 772 560 obediant
794 495 846 558 vel
877 495 1092 583 adquiescant
1121 494 1283 581 episcopis
1314 495 1391 576 suis,
1416 495 1472 581 qui
1502 505 1577 559 sunt
1606 497 1724 561 summi
1754 495 1944 561 sacerdotes
1968 495 2100 578 Domini,

459 603 629 688 privilegio
653 603 844 666 conferunt·
868 613 901 667 ct
923 602 1093 666 inferiores
1116 599 1337 688 superioribus
1362 601 1526 687 adequare
1552 602 1782 667 contenduntb.
1820 601 1919 668 Unde
1943 603 1989 682 fit,
2013 615 2047 666 ut
2068 604 2101 668 ab

457 711 537 795 ipsis
561 707 754 773 abbatibus⁰
772 732 832 773 nec
857 707 1030 773 audiantur
1046 709 1192 794 episcopi
1215 730 1275 772 nec
1299 709 1508 794 recipiantur,
1534 709 1592 772 sed
1611 709 1830 795 spernantur*1
1845 720 1880 774 et
1903 710 2023 772 iniuria
2043 721 2103 773 tan-

458 825 585 901 gantur.
633 815 753 902 Sicque
784 817 1002 902 consequitur,
1026 826 1062 880 ut
1085 813 1126 879 ab
1150 813 1274 879 eisdem
1298 813 1446 878 Christus
1476 837 1537 879 nec
1565 815 1716 880 audiatur
1746 839 1808 881 nec
1834 817 2024 902 recipiatur,
2054 817 2103 881 sed

281 909 439 1010 ‘'fflssflbftssj
459 933 630 1008 spernatur
660 932 693 986 et
716 925 849 1010 pupilla
877 925 964 988 oculi
990 925 1045 987 sui
1071 931 1255 1008 tangatur⁰,
1287 921 1371 984 sicut
1401 921 1470 1007 ipse
1502 920 1544 985 ad
1568 944 1623 986 eos
1653 922 1811 1009 loquitur:
1846 923 1914 1002 Qui
1935 949 1990 988 eoa
2013 925 2129 1004 aridate

313 1052 439 1100 annas.
459 1055 506 1094 me
529 1030 745 1115 auditusque
764 1031 926 1116 pupillam
952 1030 1039 1093 oculi
1058 1032 1127 1094 mei.
1164 1028 1304 1092 Pensate
1322 1049 1409 1113 ergo,
1427 1038 1584 1114 quantum
1600 1027 1719 1092 malum
1743 1031 1785 1093 sit
1808 1028 1889 1094 talia
1913 1043 2105 1116 perpetrare,

283 1135 513 1208 t.1teg.1o,tt.ets
538 1134 728 1200 detestabile
759 1145 930 1220 peecatum
961 1135 1002 1198 sit
1032 1136 1194 1220 episcopis
1224 1157 1290 1198 non
1313 1131 1457 1198 obedire.
1507 1135 1609 1214 Qrcaar'
1635 1137 1736 1200 scelus
1764 1137 1935 1202 ariolandi
1956 1152 2010 1217 eat,
2035 1137 2106 1201 dicit

349 1263 439 1314 -aaua
460 1252 589 1306 sanctus
614 1241 756 1322 Samuel,
781 1267 841 1306 non
865 1242 991 1307 obedire
1015 1257 1043 1306 et
1065 1245 1161 1328 quael
1176 1257 1339 1327 peccatam
1370 1241 1540 1307 idolatriae
1565 1245 1661 1308 'nolle
1684 1243 1898 1329 adquiescere,
1923 1243 2001 1328 quia
2025 1255 2105 1308 tanto

459 1349 601 1414 deterior
631 1361 680 1412 cst
709 1346 941 1429 inobedientia,
966 1358 1087 1434 quanto
1118 1347 1231 1412 melior
1262 1357 1311 1411 eet
1341 1345 1536 1412 obedientia.
1583 1349 1648 1412 Per
1670 1350 1766 1414 unius
1790 1351 1877 1413 enim
1902 1349 2043 1413 hominis
2065 1351 2106 1413 in-

282 1477 440 1526 staurans.
460 1453 681 1520 obedientiam
710 1455 807 1541 periit
837 1455 1032 1518 universitas
1059 1454 1235 1536 hominum,
1259 1465 1292 1518 et
1321 1475 1380 1540 per
1403 1454 1497 1519 nnius
1527 1453 1746 1540 obedientiam
1776 1467 1931 1542 reparata
1954 1467 2004 1520 est
2027 1457 2143 1522 salusa

282 1563 613 1632 cr.vnn.a,a.01nnium.
660 1561 726 1642 Qui
756 1559 946 1625 obedientes
977 1571 1060 1642 sunt,
1091 1571 1244 1625 secuntur
1267 1559 1442 1643 Christum,
1473 1563 1529 1647 qui
1556 1561 1661 1626 factus
1692 1573 1741 1626 est
1767 1588 1828 1649 pro
1853 1566 1944 1629 noan
1968 1565 2107 1629 obediere

454 1673 550 1756 pratri
570 1693 666 1754 usqae
689 1669 734 1734 od
755 1683 882 1733 mortem
906 1671 1017 1734 crucis.
1065 1668 1185 1732 Ηειιε8
1209 1667 1433 1732 inobedientes
1464 1669 1557 1754 sequi
1583 1668 1705 1749 nolunt,
1737 1669 1795 1734 sed
1819 1671 1890 1734 eius
1916 1669 2106 1734 ordinationi

282 1799 439 1844 lustrans.
460 1776 622 1839 resistunt.
671 1775 743 1858 Que
774 1785 882 1838 autem
912 1776 953 1838 sit
983 1775 1053 1839 eius
1077 1774 1248 1856 ordinatio,
1277 1773 1418 1838 ostendit
1448 1775 1528 1861 ipse,
1553 1775 1607 1860 qui
1631 1775 1773 1861 loquitur
1795 1777 1829 1839 in
1852 1775 1974 1840 Paulo:
2003 1777 2107 1842 Omnis

460 1886 569 1948 aalma
592 1883 830 1947 artblr'rnr'orr‘bns
846 1884 1053 1968 potestatibus
1075 1883 1202 1946 arrhdt'to
1224 1881 1296 1946 aith.
1344 1881 1418 1944 Noa
1440 1895 1485 1946 est
1513 1885 1595 1946 enlm
1618 1897 1756 1968 potestas
1785 1886 1854 1948 ariel
1873 1909 1895 1948 a
1919 1883 1998 1949 Deo.
2048 1884 2107 1969 Qae

460 2005 561 2054 aretem
585 2016 605 2054 a
628 1989 696 2054 Deo
719 2004 799 2070 suat,
830 1989 977 2054 ordinata
1008 2003 1086 2052 erent
1135 1987 1245 2074 Itaque
1274 1991 1333 2074 qui
1353 1990 1505 2074 potestati
1525 1993 1651 2070 resistit,
1676 1989 1743 2054 Dei
1763 1990 1965 2055 ordinationi
1985 1995 2104 2056 restittit.
2123 2015 2144 2054 rs

464 2097 529 2173 Qui
549 2111 650 2160 autem
673 2097 829 2176 resistant,
854 2099 924 2182 apsi
942 2097 1008 2160 etot
1030 2095 1261 2182 danmatione-m
1285 2095 1466 2180 adquirant.
1507 2094 1560 2158 Ex
1576 2094 1694 2180 quibus
1718 2095 1855 2181 apostoli
1879 2095 1991 2160 verbis
2011 2100 2106 2161 mani-

460 2203 541 2266 feste
566 2201 662 2266 datur
685 2200 831 2285 intelligi,
856 2201 933 2286 quia
957 2223 1068 2266 omnes
1093 2199 1228 2266 abbates
1252 2199 1315 2265 sibi
1339 2200 1603 2288 dampnationem
1627 2201 1802 2289 adquirunt
1830 2214 1863 2267 et
1886 2203 1953 2268 Dei
1985 2203 2105 2268 ordina-

461 2310 539 2372 tioni
563 2308 726 2386 resistunt,
751 2309 806 2393 qui
832 2306 1010 2394 episcopali
1033 2309 1194 2394 potestati,
1220 2330 1282 2394 que
1307 2307 1475 2373 sublimior
1497 2332 1517 2372 a
1540 2308 1613 2372 Deo
1637 2308 1787 2374 ordinata
1810 2321 1868 2392 est,
1894 2309 2017 2374 subditi
2041 2334 2106 2375 esse

460 2415 582 2480 nolunt.
628 2415 797 2479 Adversus
821 2415 881 2478 hoc
906 2415 1050 2479 divinum
1076 2425 1108 2479 et
1132 2415 1344 2502 apostolieum
1368 2415 1534 2480 decretum
1557 2414 1679 2480 nullum
1703 2414 1801 2480 debet
1830 2417 1903 2481 dari
1926 2417 1981 2482 vel
2011 2420 2107 2504 recipi

461 2523 678 2625 privilegium.
726 2521 795 2586 Nec
826 2521 910 2586 ullus
940 2522 1087 2608 pontifex
1118 2521 1295 2608 discipulus
1320 2521 1441 2586 Christi
1472 2533 1530 2602 est,
1562 2523 1617 2608 qui
1648 2521 1804 2586 adversus
1827 2523 2018 2588 mandatnm
2043 2527 2107 2589 eius
2123 2548 2145 2586 a

291 2652 440 2700 annnam.
460 2627 582 2716 aliquid
614 2629 761 2692 statuerit
796 2639 827 2692 ct
857 2628 1044 2693 mandatum
1075 2629 1144 2693 eius
1175 2628 1317 2693 solverit.
1369 2629 1461 2693 Dicit
1491 2630 1577 2692 enirn
1607 2629 1640 2693 in
1671 2629 1855 2716 euangelio:
1891 2631 1959 2709 Qut
1984 2633 2108 2697 solaerlt

462 2761 555 2800 ranam
585 2736 623 2800 de
655 2735 813 2800 renudatis
842 2738 913 2800 latre
942 2737 1084 2800 minimis
1113 2751 1142 2800 et
1171 2737 1311 2801 docuerit
1338 2739 1386 2801 ele
1415 2737 1564 2818 leomrizea,
1594 2738 1744 2801 minan-ua
1773 2739 1937 2803 vocabitur
1959 2741 1995 2803 ln
2018 2764 2107 2826 repro

460 2844 605 2906 celorum.
653 2841 779 2906 Caveat
802 2842 901 2928 igitur
924 2841 1088 2906 Romanus
1113 2842 1259 2928 pontifex
1283 2843 1329 2906 sic
1354 2843 1482 2928 operari
1513 2853 1546 2906 et
1576 2843 1622 2906 sio
1653 2842 1771 2907 docere
1794 2843 1954 2926 homines,
1979 2867 2032 2926 ne,
2056 2847 2107 2932 qui

460 2971 596 3033 magnus
626 2947 724 3012 debet
753 2949 865 3012 vocari
894 2949 929 3011 in
959 2971 1058 3034 regno
1090 2947 1243 3038 celorum,
1273 2958 1409 3014 vocetur
1438 2949 1599 3030 minimus,
1631 2960 1664 3013 et
1692 2951 1748 3035 qui
1778 2947 1877 3014 debet
1902 2973 1975 3015 esse
2000 2951 2108 3016 doctor

460 3056 586 3136 salutis,
617 3054 674 3119 fiat
703 3054 817 3119 doctor
847 3054 1086 3140 dampnationis
1116 3077 1178 3119 neo
1208 3054 1325 3120 doceat
1354 3053 1490 3119 abbates
1520 3055 1586 3119 Dei
1616 3055 1812 3120 ordinationi
1842 3059 2006 3140 resistere,
2035 3060 2108 3145 quia
2124 3082 2146 3120 u

459 3183 524 3224 non
547 3161 665 3247 poterit
689 3183 744 3225 eos
769 3185 788 3225 a
812 3161 1042 3247 dampnatione
1067 3161 1253 3226 defendere.
1289 3161 1362 3226 Non
1386 3161 1503 3226 doceat
1526 3184 1582 3226 eos
1605 3162 1800 3228 maledicere
1825 3165 1910 3249 patri
1934 3151 1988 3228 vel
2005 3167 2106 3246 matri,

314 3257 439 3360 while&
459 3290 499 3332 ne
532 3268 631 3333 faciat
663 3290 719 3332 eos
750 3267 904 3332 devenire
935 3269 967 3332 in
999 3267 1311 3332 condennationem¹
1338 3269 1458 3332 mortis.
1507 3267 1671 3355 Scriptum
1702 3280 1752 3334 eet
1775 3271 1877 3334 enim:
1913 3271 1980 3348 Qui
2002 3274 2107 3337 ‘male-

459 3376 578 3440 ‹lr'aerit
593 3378 689 3462 patr-l
709 3377 759 3440 oel
780 3378 886 3454 matri,
910 3391 1005 3440 morte
1030 3379 1192 3440 moriatur.
1240 3375 1337 3456 Quod
1366 3398 1431 3440 non
1461 3385 1586 3440 tantum
1610 3375 1650 3440 de
1674 3386 1767 3462 patre
1790 3376 1844 3440 vel
1867 3388 1972 3442 matre
1997 3401 2107 3442 secun-

459 3481 533 3545 dum
559 3504 690 3546 carnem
714 3481 836 3545 dictum
860 3491 919 3562 est,
943 3503 1057 3546 verum
1081 3482 1178 3546 etiam
1202 3481 1242 3545 de
1267 3505 1316 3562 eo,
1341 3483 1397 3568 qui
1420 3494 1470 3546 est
1493 3481 1670 3547 secundum
1701 3484 1860 3569 spiritum.
1909 3483 1978 3549 Sed
2002 3485 2030 3548 si
2054 3485 2107 3549 tali

458 3611 543 3674 pena
567 3588 771 3675 dampnatur,
797 3589 852 3674 qui
875 3586 1041 3652 maledicit
1063 3589 1148 3674 patri
1171 3588 1223 3652 vel
1247 3590 1351 3668 matri,
1382 3587 1471 3674 quali
1502 3587 1741 3675 dampnabitur,
1771 3591 1837 3676 qui,
1865 3591 1954 3676 quod
1978 3593 2107 3678 gravius
2124 3617 2147 3656 so

458 3706 516 3776 εει,
548 3706 672 3781 patrem
696 3694 907 3780 veltmatrem
939 3696 1145 3781 persequitur
1168 3705 1200 3758 et
1225 3694 1287 3758 illis
1315 3695 1504 3760 malefacit?
1551 3694 1693 3760 Gravius
1718 3697 1803 3760 enim
1826 3708 2002 3784 peccatum
2026 3721 2107 3786 pena

458 3803 608 3886 graviore
639 3811 687 3865 eet
716 3801 926 3887 puniendum.
973 3801 1026 3864 An
1057 3824 1121 3866 non
1149 3823 1227 3866 vero
1258 3800 1393 3866 abbates
1423 3803 1507 3888 patri
1538 3801 1736 3867 maledicunt
1764 3802 1970 3891 eundemque
2001 3829 2106 3891 perse-

459 3918 600 3993 quuntur
623 3918 655 3972 et
678 3907 724 3972 illi
748 3907 966 3988 malefaciunt,
992 3908 1068 3972 dum
1091 3907 1194 3972 verba
1217 3907 1330 3973 dicunt
1353 3919 1385 3972 et
1408 3931 1489 3994 opus
1512 3908 1646 3989 faciunt,
1671 3908 1788 3995 qmbus
1807 3911 1873 3974 Dei
1897 3913 2002 3997 patris
2026 3911 2107 3976 ordi-

458 4015 622 4078 nationem
639 4015 891 4078 sacratissimam
907 4026 939 4078 et
955 4014 1122 4080 decretum
1140 4014 1258 4100 celeste
1275 4025 1403 4101 etopus
1420 4027 1568 4080 sanctum
1583 4016 1667 4080 male
1680 4014 1846 4081 destruere
1864 4027 2015 4104 qnermrt,
2033 4019 2106 4082 dnm

458 4122 616 4185 ricarium
640 4123 709 4185 eius
734 4123 933 4206 episcopum,
958 4123 1014 4207 qui
1038 4123 1162 4208 etipse
1186 4121 1362 4207 spiritualis
1385 4133 1478 4208 pater
1501 4134 1560 4205 est,
1584 4123 1737 4208 quoniam
1760 4145 1819 4210 per
1842 4125 2051 4211 euangelium
2073 4127 2105 4188 in
2123 4149 2146 4190 a

460 4227 588 4291 Christo
604 4227 680 4291 Iesu
696 4228 766 4313 ipse
783 4249 838 4290 eos
855 4229 975 4312 genuit,
997 4239 1155 4314 potestate
1175 4238 1208 4292 et
1222 4227 1361 4309 vicibus,
1378 4251 1459 4317 quas
1476 4231 1505 4294 ei
1523 4227 1670 4294 Christus
1686 4228 1809 4312 tribuit,
1833 4232 1965 4316 privare
1991 4255 2106 4296 conan-

280 4357 441 4406 osannae.
460 4347 511 4398 tur
535 4346 566 4397 ct
588 4333 688 4415 illum,
713 4334 769 4420 qui
785 4334 897 4398 oculus
914 4333 979 4398 Dei
996 4345 1054 4417 est,
1079 4345 1217 4421 tangunt
1239 4357 1278 4400 ac
1300 4357 1360 4422 per
1379 4335 1440 4400 hoc
1456 4335 1611 4422 pupillam
1629 4335 1713 4400 oculi
1728 4337 1795 4400 Dei
1817 4347 1966 4423 tangunt,
1984 4350 2029 4420 ut,
2046 4361 2106 4425 que

281 4466 440 4512 narrarem.
460 4440 547 4526 apud
563 4463 597 4504 se
614 4439 704 4520 fiunt,
721 4441 853 4504 minime
872 4442 974 4526 possit
990 4441 1177 4527 speculari?
1201 4442 1292 4506 Dicit
1309 4443 1444 4507 enimin
1460 4442 1630 4528 euangelio
1647 4440 1808 4507 Christus:
1835 4444 1903 4522 Qui
1915 4471 1970 4510 coe
1985 4449 2106 4532 recepit,

460 4573 506 4612 me
522 4551 637 4633 recipit
656 4558 688 4610 et
704 4558 822 4630 cetera.
855 4547 909 4611 Ex
925 4546 1043 4633 quibus
1059 4547 1168 4613 verbis
1185 4550 1403 4635 consequitur,
1420 4559 1455 4614 ut
1470 4547 1605 4614 abbates
1625 4571 1690 4614 non
1710 4550 1872 4636 recipiant
1887 4549 2064 4633 Christum,
2081 4553 2107 4614 si

361 4695 364 4702 ·
460 4677 551 4718 suum
577 4676 640 4718 non
663 4654 825 4739 recipiunt
847 4655 1046 4741 episcopum,
1069 4665 1101 4720 et
1122 4666 1277 4741 spernant
1293 4654 1466 4737 Christum,
1491 4657 1518 4719 si
1541 4678 1634 4720 suurn
1658 4656 1832 4742 spernant¹
1852 4658 2055 4744 episcopum,
2076 4669 2107 4722 et
2122 4683 2145 4721 ro

459 4771 597 4846 tangunt
619 4759 774 4846 pupillam
798 4761 883 4825 oculi
902 4761 977 4843 Dei,
1001 4761 1078 4825 dum
1100 4763 1288 4848 episcopum
1309 4785 1401 4826 suum
1423 4772 1567 4847 tangunt.
1602 4762 1646 4826 Et
1666 4763 1761 4826 matri
1781 4785 1887 4827 nonne
1909 4764 2106 4830 maledicunt

460 4867 662 4953 eandemque
685 4880 898 4952 persecuntur
921 4879 954 4932 et
975 4867 1022 4932 illi
1045 4869 1262 4950 malefaciunt,
1280 4868 1356 4933 dum
1372 4867 1509 4932 verbum
1533 4869 1645 4933 dicunt
1666 4879 1698 4934 et
1719 4891 1818 4955 opera
1838 4870 1973 4954 faciunt,
1991 4871 2106 4958 quibus

460 4973 607 5059 ecclesie,
631 4975 726 5037 matri
749 4997 816 5060 sue,
840 4976 951 5038 matris
974 4977 1189 5039 reverentiam
1214 4985 1246 5038 et
1268 4987 1448 5039 maternum
1472 4975 1626 5039 honorem
1650 4986 1682 5038 et
1705 4974 1849 5040 debitum
1873 4986 1906 5040 et
1928 4977 2067 5063 gloriam
2088 5002 2107 5042 a

460 5102 578 5165 sponso
595 5103 662 5160 suo,
681 5079 809 5144 Christo
825 5080 979 5145 videlicet
994 5081 1134 5162 domino,
1159 5081 1222 5145 sibi
1239 5081 1387 5145 collatam
1412 5093 1443 5144 et
1466 5091 1659 5167 potestatem
1676 5081 1790 5166 celitus
1807 5082 1916 5148 datam
1940 5085 2027 5150 male
2048 5085 2106 5151 sibi

460 5187 587 5252 auferre
612 5187 792 5250 conantur?
840 5186 926 5266 Quid
951 5188 981 5250 ei
1004 5188 1097 5273 peius
1120 5199 1255 5273 possunt
1279 5187 1387 5251 dicere
1412 5187 1464 5251 vel
1494 5188 1602 5252 facere
1635 5199 1666 5252 et
1696 5211 1793 5275 quam
1825 5188 1885 5253 sibi
1917 5191 1982 5278 ipsi
2009 5193 2106 5256 maio·
2121 5215 2143 5254 a

460 5315 527 5356 rem
552 5293 635 5357 nack
659 5293 920 5379 dampnationem
944 5316 1002 5357 seu
1026 5306 1160 5358 mortem
1184 5305 1319 5381 possunt
1341 5293 1539 5382 adquirere?
1586 5293 1622 5360 Si
1646 5296 1732 5359 enim
1756 5294 1895 5383 Spiritus
1919 5311 2054 5363 sanctus
2076 5301 2107 5362 in

460 5401 627 5485 scripturis
651 5401 772 5463 sanetis
797 5399 975 5463 homicidas
999 5423 1069 5465 esse
1094 5401 1249 5484 decernit,
1278 5402 1333 5486 qui
1363 5424 1415 5465 res
1445 5401 1583 5488 ecclesie
1614 5403 1712 5467 etiarn
1742 5404 1926 5489 corporales
1957 5405 2108 5472 auferunt

566 5579 593 5640 a)
609 5583 748 5632 confertur
760 5599 780 5631 c.
834 5579 1143 5642 b)nd11ntinlrooraao.
1193 5582 1462 5644 c)buslrrloooraro.
1511 5583 1860 5650 d)spern;nialoeoraro.
1910 5585 2107 5654 ettangantur,

459 5678 610 5734 neapaacto
622 5688 685 5720 corr.
699 5677 834 5734 tangatur.
888 5669 909 5730 f)
924 5672 1012 5736 supple
1024 5687 1115 5737 quam.
1169 5669 1197 5736 g)
1214 5673 1319 5724 H'cc..
1354 5669 1381 5732 h)
1397 5673 1704 5725 subdsitirelacoraro.
1759 5673 1778 5736 i)
1793 5675 1862 5726 itae.
1913 5674 2106 5744 k)brnperrer.
