4568 6428
456 411 497 473 46
590 419 743 474 LIBELLI
768 419 935 474 florosa
959 417 1341 475 Attatfsrootnnnsrs
1366 417 1608 472 PRESBYTERI
1632 417 1681 470 ET
1705 415 1971 470 SCH'OLASTICI.

456 604 543 670 nulla
567 616 637 669 erat
658 618 735 669 tunc
759 606 913 690 temporis
942 604 1156 668 dill'erentin1.
1203 604 1282 668 Ideo
1315 615 1443 684 cuncta,
1475 626 1559 690 quae
1591 600 1633 666 ab
1664 601 1808 688 apostolo
1841 603 2002 688 episcopis
2035 623 2108 687 pre-

457 714 629 798 cipiuntur,
654 711 854 798 presbyteris
879 711 1026 775 similiter
1050 723 1203 797 precepta
1228 710 1388 796 leguntur.
1436 709 1529 774 Multi
1553 721 1660 774 autem
1685 709 1725 773 de
1751 707 1876 786 (irecis,
1902 709 1985 773 sicut
2009 707 2107 772 hodie

456 817 496 882 de
520 819 657 888 latinis.
689 818 813 882 litteras
845 829 937 881 erant
965 818 1039 883 laici
1071 817 1212 896 edocti⁸,
1244 818 1309 903 qni,
1341 829 1478 903 accepta
1500 817 1576 896 fide,
1607 815 1856 880 assumebantur
1885 815 1928 878 ad
1958 815 2108 878 ordinem

456 925 639 989 sacerdotii.

1011 1071 1063 1130 26.
1107 1067 1165 1131 llo
1197 1067 1317 1130 Pauli
1350 1067 1543 1152 epistola.

563 1192 716 1278 Precepit
740 1193 849 1278 itaque
874 1191 1050 1280 apostolus,
1075 1215 1116 1254 ne
1141 1193 1213 1278 quis
1238 1192 1281 1255 sd
1305 1192 1523 1256 sacerdotium
1540 1193 1697 1256 accedere
1722 1201 1933 1279 presumeret,
1958 1191 2020 1253 nisi
2045 1190 2107 1270 isl‘,

458 1301 514 1385 qui
531 1301 661 1362 nonnisi
680 1322 777 1363 unam
795 1321 930 1363 uxorem
947 1299 1048 1362 laicus
1066 1297 1242 1376 habuisset,
1267 1310 1403 1385 accepto
1420 1311 1528 1363 autem
1545 1298 1669 1372 ordine,
1694 1321 1869 1384 numquam
1894 1298 1924 1361 ei
1948 1297 2108 1361 incarnis

457 1407 709 1470 commixtione*
735 1429 770 1469 se
795 1405 962 1492 copularet
973 1412 993 1485 ²,
1019 1418 1127 1469 tamen
1151 1407 1238 1469 vitae
1263 1407 1448 1470 necessaria
1473 1407 1503 1469 ei
1528 1404 1825 1488 subrninistraret³3
1850 1407 1878 1468 si
1901 1417 2009 1468 autern
2033 1413 2109 1489 post

457 1525 628 1599 acceptum
645 1511 790 1576 ordinem
816 1534 890 1576 cum
915 1511 969 1576 illa
985 1511 1038 1574 vel
1058 1535 1132 1576 cum
1148 1512 1212 1576 alia
1229 1535 1297 1577 rem
1313 1512 1465 1577 habuisse
1482 1515 1740 1593 convinceretur,
1766 1535 1785 1576 a
1800 1512 1978 1576 ministerio
1995 1510 2107 1574 altaris

456 1621 585 1708 penitus
618 1631 848 1683 removeretur.
897 1617 933 1682 Si
957 1641 1035 1682 vero
1062 1619 1213 1704 bigamus
1238 1631 1332 1700 esset,
1365 1619 1480 1700 idest,
1513 1621 1538 1683 si
1571 1619 1658 1684 una¹¹
1688 1631 1814 1683 mortua
1845 1617 1942 1683 aliam
1970 1639 2107 1682 trxorem
2128 1641 2154 1678 ro

355 1726 636 1804 ·r.11aduxisset⁰,
668 1725 852 1790 nullomodo
877 1725 920 1789 ad
944 1725 1161 1789 sacerdotium
1186 1726 1358 1790 accederet
1368 1733 1389 1790 ⁴.
1438 1727 1523 1791 Sane
1549 1727 1635 1813 quod
1659 1726 1765 1790 nullus
1791 1731 1953 1812 'tempore
1977 1735 2107 1811 aposto-

456 1832 559 1896 lorum
583 1831 702 1918 legitur
725 1856 782 1919 pro
808 1833 868 1896 hac
894 1831 1012 1918 culpar
1037 1832 1078 1896 ab
1104 1833 1211 1896 officio
1236 1832 1346 1896 altaris
1370 1833 1547 1920 depositus,
1580 1834 1660 1897 haec
1689 1855 1789 1896 causa
1813 1845 1871 1912 cst,
1903 1831 2000 1919 quod,
2032 1855 2106 1896 curn

456 1950 564 2003 essent
595 1941 691 2026 pauci
717 1939 894 2020 christiani,
926 1939 1112 2003 sacerdotes
1145 1940 1241 2002 etiam
1273 1953 1364 2004 erant
1396 1942 1459 2004 rari
1484 1940 1573 2004 ethi
1597 1963 1709 2004 ornnes
1733 1939 1972 2026 perfectissimi,
2003 1940 2047 2002 ita
2071 1951 2107 2001 ut

455 2069 581 2110 summa
597 2047 631 2109 vi
648 2046 789 2110 castitati
815 2045 981 2109 studerent
1006 2057 1038 2109 et
1054 2069 1166 2109 ornnes
1182 2069 1266 2134 pene
1283 2047 1474 2133 martyrium
1491 2071 1548 2133 pro
1567 2047 1737 2111 sanctitate
1763 2045 1917 2110 subirent.
1954 2045 2107 2110 Clemens

455 2175 595 2240 quoque,
620 2153 731 2216 Petri⁸
748 2151 886 2238 apostoli
904 2151 1082 2238 discipulus
1107 2165 1138 2216 et
1162 2154 1195 2215 in
1212 2153 1390 2238 apostolica
1413 2151 1490 2217 sede
1516 2177 1685 2218 successor
1707 2155 1787 2234 eius,
1813 2176 1953 2217 canones
1977 2162 2107 2238 aposto·
2127 2173 2152 2212 rs

455 2259 568 2341 lorum,
594 2259 742 2323 tradente
766 2259 874 2338 Petro,
900 2260 1068 2346 scripsisse
1093 2259 1202 2340 fertur,
1228 2261 1261 2324 in
1286 2259 1403 2346 quibus
1428 2261 1584 2346 scriptum
1608 2259 1806 2347 reperiturl':
1832 2259 1873 2324 Si
1893 2264 1964 2347 quas
1988 2263 2107 2346 episco-

450 2393 516 2453 pus
540 2369 589 2430 cot
605 2369 764 2453 presbiter
780 2369 967 2454 'flrrrsr'rotus
983 2367 1101 2454 fecerit,
1126 2368 1329 2453 deponatur&
1377 2366 1466 2431 Ecce
1491 2366 1579 2452 quod
1602 2377 1637 2430 tu
1655 2389 1755 2430 vocas
1780 2367 1975 2451 coniugium,
2001 2365 2102 2430 sacrii

456 2495 597 2537 oarmnes
629 2471 794 2558 appellant
826 2485 982 2558 stuprum.
1029 2473 1133 2558 Igitur
1164 2475 1241 2559 quia
1265 2473 1405 2559 Spiritus
1433 2485 1564 2537 sanctus
1594 2495 1654 2559 per
1678 2496 1713 2537 os
1737 2473 1917 2538 aecclesiae
1948 2473 2105 2560 principis

456 2591 488 2642 ct
518 2601 577 2666 per
608 2601 666 2642 vas
698 2578 888 2642 electionis⁶
918 2578 1142 2643 sacerdotibus
1177 2579 1381 2644 aecclesiael
1412 2581 1594 2644 castitatem
1630 2578 1761 2658 indixit,
1797 2577 1998 2666 presbyteris
2033 2590 2107 2664 post

455 2698 627 2772 acceptum
652 2685 797 2749 ordinem
823 2709 941 2749 uxores
965 2686 1084 2750 ducere
1109 2709 1173 2750 non
1198 2686 1283 2750 licet.
2126 2707 2152 2745 so

1087 2902 1139 2962 27.
1183 2899 1241 2962 De
1272 2901 1474 2964 uxoratis.

564 3025 658 3088 Nunc
676 3025 863 3106 videndum,
881 3025 967 3088 unde
984 3025 1065 3089 haec
1082 3023 1224 3088 nefanda
1240 3025 1441 3088 consuetudo
1459 3047 1691 3111 usquequaque
1708 3024 1888 3104 inoleverit,
1909 3023 1996 3111 quod
2013 3027 2106 3112 quasi

457 3130 592 3195 licenter
615 3133 737 3218 passim
756 3155 875 3196 uxores
900 3132 1062 3196 duxerint.
1099 3131 1182 3195 Cum
1199 3143 1311 3194 contra
1335 3131 1513 3217 apostolica
1538 3133 1682 3195 instituta
1701 3131 1855 3217 neophiti,
1880 3131 1980 3196 idest
2002 3156 2107 3218 nuper

457 3237 500 3301 ad
522 3237 620 3302 iidem
645 3241 805 3320 conversi,
831 3239 962 3325 quidam
987 3238 1132 3325 quidem-¹
1160 3250 1292 3324 propter
1316 3239 1553 3318 necessitatem,
1586 3237 1718 3323 quidam
1743 3249 1851 3302 autem
1875 3250 2007 3326 propter
2030 3263 2106 3304 ava·

456 3345 602 3408 liciamm
631 3345 673 3410 ad
704 3345 922 3410 sacerdotium
945 3357 1197 3426 assumerentur,
1229 3345 1337 3431 legum
1361 3344 1546 3408 divinarum
1570 3357 1602 3408 et
1626 3347 1850 3409 sanctionum¹¹
1875 3348 2105 3412 canonicando
2125 3365 2151 3404 πο

457 3452 561 3536 ignari
591 3452 755 3537 prioribus
786 3451 943 3516 uxoribus
974 3452 1279 3533 commiscebantur,
1310 3449 1562 3516 reclamantibus
1594 3451 1773 3516 canonibus
1797 3462 1829 3516 et
1853 3451 2002 3516 omnibus
2030 3476 2105 3539 apo-

457 3556 579 3622 stolicis
595 3560 684 3635 viris,
710 3571 843 3623 sanctae
866 3558 1032 3644 religionis
1057 3558 1244 3624 cultoribus.
1292 3559 1335 3622 Et
1359 3582 1431 3622 curn
1456 3558 1508 3622 hic
1532 3581 1601 3622 mos
1625 3558 1859 3645 aliquantulum
1877 3559 2105 3642 convaluisset,

458 3665 521 3728 iam
547 3666 640 3751 quasi
664 3666 800 3730 licenter
823 3689 897 3731 cum
921 3665 1114 3750 coniugibus
1138 3678 1211 3750 post
1235 3679 1404 3751 acceptum
1423 3665 1569 3729 ordinem
1587 3665 1845 3746 commanebant,
1871 3677 1912 3746 et,
1937 3666 1999 3730 illis
2023 3691 2105 3731 rnor-

457 3772 531 3852 tuis,
563 3771 696 3858 quidam
727 3773 808 3837 alias
839 3771 1012 3837 ducebant.
1061 3771 1122 3834 *Et
1147 3771 1208 3836 hoc
1233 3773 1365 3859 quidem
1389 3770 1510 3836 alicubi
1534 3795 1553 3836 a
1577 3771 1736 3857 religiosis
1764 3770 1925 3836 acerbiter
1949 3775 2106 3860 inpugna·

456 3878 563 3960 batur,
588 3878 708 3943 alicubi
734 3881 895 3967 patienter
910 3877 1004 3942 ideo⁰
1022 3878 1229 3958 tolerabatur,
1255 3879 1343 3964 quod
1358 3879 1475 3965 aliquis
1492 3879 1606 3944 modus
1622 3877 1722 3943 runci>
1738 3878 1824 3943 illisq
1847 3880 1952 3943 inerat
1962 3889 1983 3942 f.
2023 3879 2105 3944 Cum
2126 3898 2152 3937 ³⁰

458 4007 524 4048 una
554 3989 698 4050 contenti
730 3997 831 4068 erant,
863 4003 894 4049 et
925 3985 1017 4049 multi
1049 3984 1176 4048 illorum
1200 3995 1273 4070 post
1296 3984 1432 4048 filiorum
1458 3988 1716 4070 procreationem
1741 3986 1885 4050 seculum
1908 3986 2107 4072 reliquerunt

458 4102 490 4155 et
513 4091 674 4178 reliquum
699 4095 785 4157 vitae
817 4104 904 4156 caste
929 4105 961 4155 et
985 4103 1118 4156 sancte·
1144 4093 1306 4154 vixerunt.
1352 4091 1425 4156 Hoc
1456 4103 1564 4155 autern
1594 4105 1749 4178 ternpore,
1781 4116 1864 4172 curn,
1897 4093 1961 4156 Dei
1992 4093 2106 4159 timore

458 4207 492 4261 et
515 4198 656 4262 humano
681 4199 803 4285 pudore
831 4199 962 4278 reiecto,
993 4220 1082 4262 more
1115 4203 1245 4262 canumt
1272 4221 1346 4261 curn
1371 4193 1569 4284 quibuslibet
1596 4198 1822 4262 meretricibus
1845 4201 1967 4284 passim
1991 4223 2025 4264 se
2049 4203 2106 4264 im-

458 4303 619 4389 pudenter
642 4306 852 4391 coinquinare
877 4316 908 4367 et
931 4305 1042 4368 velutu
1066 4327 1140 4368 sues
1164 4305 1197 4368 in
1214 4303 1406 4368 volutabro⁷
1428 4303 1648 4370 inmundiciae
1671 4305 1801 4393 publice
1825 4316 1858 4370 et
1880 4306 2107 4386 insatiabiliter

459 4432 493 4474 se
518 4422 697 4497 ceperuntv
714 4411 859 4476 volutare
884 4423 916 4474 et
939 4423 1048 4475 tamen
1073 4434 1108 4475 se
1133 4411 1265 4475 cottidie
1283 4410 1454 4474 dominicis
1479 4413 1689 4476 sacramentis
1705 4424 1828 4477 temere
1845 4415 2059 4499 ingererentw
2075 4425 2107 4479 et
2126 4431 2153 4472 π

566 4667 592 4728 a)
617 4667 678 4717 laici
700 4665 803 4716 litteras
823 4674 900 4717 erant
919 4667 1010 4716 edocti
1032 4667 1058 4717 ζ’.
1149 4665 1176 4724 b)
1199 4667 1240 4716 his
1258 4683 1321 4715 corr.
1341 4667 1363 4715 is
1385 4665 1412 4714 t'.
1503 4665 1529 4728 cl
1551 4669 1769 4721 commixtionem
1792 4670 1824 4719 Ι).
1919 4671 1947 4724 dt
1970 4688 2024 4722 nno
2043 4689 2106 4720 roi-r.

460 4771 514 4806 nna
534 4757 567 4806 A.
623 4757 648 4816 e)
671 4756 793 4806 diruisset
811 4773 874 4806 corr.
894 4757 1008 4806 dixisset
1023 4756 1049 4805 t'.
1104 4755 1477 4819 ftaliuman.nq›erer.1t.
1534 4754 1563 4820 g)
1585 4757 1673 4806 litteris
1692 4758 1829 4808 ramalibus
1847 4777 1894 4809 scr.
1915 4761 1947 4808 A.
2002 4761 2030 4818 h)
2047 4776 2106 4824 rep·

459 4847 562 4910 peritur
581 4845 613 4894 B.
687 4843 706 4907 ἰ)
729 4861 805 4914 sacre
827 4845 853 4894 G.
926 4843 955 4904 k)
977 4845 1106 4910 principis
1126 4851 1197 4909 etp.
1218 4863 1242 4894 v.
1263 4861 1286 4894 e.
1306 4861 1327 4894 s.
1348 4842 1500 4894 aecclesiae
1519 4845 1612 4895 deat'.
1696 4845 1715 4907 l)
1738 4848 1862 4911 equidem
1880 4849 1906 4898 C.
1989 4849 2025 4911 m)
2045 4849 2106 4898 odd.

460 4941 490 4984 ut
509 4934 543 4984 D.
616 4931 644 4996 n)
667 4939 790 4985 scirrnum
810 4933 914 4982 ructarit
932 4951 999 4983 mors.
1013 4934 1132 4983 recentior
1150 4934 1322 4983 sanctionum
1337 4932 1369 4982 d.
1443 4931 1471 4994 ο)
1492 4934 1558 4984 deest
1578 4933 1610 4983 B.
1684 4935 1712 5000 p)
1732 4935 1798 4985 deest
1818 4936 1850 4986 D.
1925 4939 1952 5004 q)
1973 4939 2046 4998 deest
2064 4939 2107 4988 seri

458 5023 518 5073 add.
537 5041 605 5072 omn.
626 5025 649 5073 2.
670 5025 709 5085 A;
738 5022 792 5072 illis
812 5030 876 5072 tnnc
896 5022 969 5072 B.C.
1048 5021 1070 5082 τ)
1093 5023 1200 5072 inerant
1217 5021 1329 5071 cadmo
1347 5041 1410 5072 corr.
1430 5025 1518 5073 inerat
1537 5024 1570 5072 A.
1650 5029 1673 5084 s)
1696 5033 1770 5094 caste
1792 5034 1819 5076 et
1837 5035 1930 5094 sancte
1952 5028 1983 5086 Β,
2011 5037 2105 5078 sancte
2125 5034 2152 5072 ⁴⁰

460 5120 487 5163 et
507 5119 581 5162 caste
601 5113 635 5162 D.
718 5111 739 5170 t)
761 5117 865 5161 tantum
882 5111 908 5161 (ζ’.
983 5111 1010 5170 ιι)
1032 5110 1115 5160 velud
1137 5111 1164 5160 ζ’.
1236 5109 1265 5168 vl
1286 5111 1324 5160 ita
1341 5112 1411 5162 codd.
1485 5111 1519 5171 w)
1541 5115 1667 5176 ingerent
1684 5131 1748 5163 carr.
1767 5133 1835 5165 niori.
1855 5119 1879 5166 2.
1899 5119 2054 5180 ingererent
2073 5118 2106 5166 A.

572 5347 600 5416 1)
619 5345 667 5418 Os.
686 5346 754 5403 Isid.
772 5346 886 5422 Hispal.
906 5347 1062 5422 Etpnrolop.
1087 5346 1132 5402 lib.
1152 5347 1216 5402 VII.
1235 5367 1257 5402 r.
1276 5346 1324 5402 12.
1349 5343 1368 5420 ξ
1389 5347 1425 5402 12
1451 5343 1550 5421 (Grat.
1568 5349 1682 5406 Decrel.
1701 5371 1724 5406 c.
1741 5352 1768 5406 l.
1794 5351 1855 5406 dist.
1874 5345 1937 5425 21).
2008 5351 2039 5420 2)
2058 5351 2106 5424 Cs.

463 5453 566 5510 lieoais
584 5473 684 5529 papus
714 5453 792 5528 epist.
816 5454 887 5509 167.
919 5454 961 5508 ao
982 5453 1125 5509 Rusticana
1150 5453 1361 5510 Narbonem
1392 5454 1474 5528 episc
1505 5476 1527 5510 r.
1554 5455 1571 5510 3
1605 5452 1692 5532 (Opq).
1718 5459 1760 5514 ed.
1785 5457 1928 5516 Balloini
1957 5460 1980 5518 I.
2008 5459 2106 5524 ula·

459 5558 548 5632 Jaffe'
573 5579 618 5616 nr.
645 5559 726 5628 544;
759 5559 843 5618 (irat.
869 5560 982 5616 Deo-et.
1014 5580 1037 5616 c.
1059 5559 1106 5614 10.
1139 5559 1200 5616 dist.
1228 5555 1291 5633 30).
1418 5561 1448 5628 3)
1482 5560 1530 5632 Cf.
1561 5563 1664 5621 Leonis
1688 5565 1742 5620 IX.
1769 5585 1869 5641 pupae
1898 5567 1975 5641 epist.
2007 5574 2106 5621 conon

461 5662 1077 5742 Mcemorabtaten(testeam,115:
1103 5665 1188 5723 (ἕνα).
1206 5667 1293 5722 Dcrr.
1312 5687 1334 5722 c.
1352 5667 1400 5721 ll.
1419 5666 1481 5722 dist.
1501 5664 1563 5742 31¹).
1635 5671 1665 5740 4)
1692 5671 1740 5742 Cf.
1757 5693 1847 5747 supra
1865 5693 1898 5747 p.
1917 5673 1967 5742 41,
1985 5692 2013 5728 a.
2030 5671 2057 5728 1.
2076 5673 2104 5728 4.
2125 5690 2151 5730 ts

462 5770 493 5842 5)
512 5772 632 5829 Sinrilem
650 5773 865 5830 coristimtionem
883 5772 997 5848 lepimus
1012 5773 1041 5828 in
1058 5792 1121 5828 can.
1138 5781 1228 5846 apost.
1246 5793 1269 5828 c.
1284 5772 1334 5829 25.
1398 5773 1428 5840 6)
1448 5773 1559 5832 Scilicet
1572 5777 1664 5832 ..soracti
1679 5777 1765 5833 Petri.
1828 5779 1858 5847 7)
1877 5779 1905 5835 2.
1920 5779 1996 5835 Patr.
2012 5779 2040 5840 2.
2054 5779 2104 5835 22.
