4478 6396
747 399 865 455 LIBER
887 402 940 456 DE
965 397 1199 456 SIMONIACIS.
1737 393 1801 456 243

134 581 264 647 multas
287 582 519 648 fornicationes
542 585 663 672 impiae
683 584 843 651 Iezabelis
867 586 974 652 locum
998 596 1110 650 sancte
1135 585 1351 650 conversandi
1373 587 1407 650 in
1430 585 1566 650 urbibus
1590 585 1712 650 habere
1735 609 1802 651 non

136 699 329 774 potuerunt,
356 701 470 776 utpote
500 703 659 777 regnante
689 702 767 758 tunc
790 693 976 780 ydolatria*
1000 693 1121 758 ctiamb
1150 692 1186 755 in
1209 692 1280 778 ipsa
1302 692 1543 775 Hierusalem0,
1568 693 1701 758 civitate
1724 693 1800 776 Dei,

139 796 279 861 civitate
309 807 432 879 saneta,
464 820 523 884 per
545 797 711 864 Athaliam
741 800 888 886 predicte
918 797 1079 864 lezabelis
1109 798 1219 882 filiam,
1252 799 1424 884 coniugem
1454 800 1541 884 regis
1571 798 1652 863 Iude
1680 798 1799 882 Ioram,

139 913 279 990 propter
308 905 400 968 ossius
430 904 676 970 immundiciam
710 907 745 969 in
775 929 877 992 regno
908 906 1030 970 Iudeae
1065 915 1269 992 grassantem
1302 916 1367 970 tres
1398 929 1492 991 reges
1522 905 1614 987 Inde,
1646 905 1800 972 videlicet

102 1007 340 1092 anchaziasd,
371 1010 445 1074 Ioas
476 1022 509 1076 et
537 1010 690 1076 Amasias
725 1012 766 1077 de
797 1012 880 1077 libro
911 1014 1129 1098 generationis
1159 1011 1236 1076 Iesu
1266 1010 1388 1076 Christi
1422 1012 1603 1077 secundum
1632 1013 1799 1078 Matheum

141 1117 266 1181 succisi
288 1126 372 1199 sunt,
396 1115 454 1181 ubi
476 1117 611 1182 dicitur:
636 1119 745 1184 Iuram
763 1135 866 1185 auam
879 1124 988 1208 pessit
1005 1119 1124 1185 Oziam.
1160 1119 1254 1183 Tunc
1278 1141 1356 1205 ergo
1380 1129 1537 1204 regnante
1560 1121 1595 1184 in
1612 1119 1799 1184 civitatibus
1818 1142 1956 1192 usstass.

141 1223 228 1287 Iuda
252 1235 284 1288 et
305 1222 408 1287 lsrael
432 1234 522 1288 tanta
543 1246 659 1311 regum
683 1236 716 1290 et
738 1227 924 1312 reginarum
949 1227 1111 1312 nequicia,
1135 1235 1171 1289 ut
1194 1247 1352 1311 precones
1375 1225 1469 1290 verbi
1492 1226 1557 1290 Dei
1580 1250 1646 1290 non
1669 1225 1798 1291 habuis-

141 1341 217 1394 sent
246 1329 306 1394 sub
337 1332 384 1395 eis
414 1329 602 1395 licentiam⁰
634 1331 773 1397 docendi
803 1355 864 1397 nec
896 1333 1009 1397 saltem
1039 1331 1183 1414 vivendi,
1216 1330 1303 1417 quod
1334 1355 1376 1398 ex
1403 1332 1536 1419 querela
1558 1333 1675 1398 Heliae
1700 1344 1733 1399 et
1756 1357 1798 1398 ex

140 1447 246 1502 morte
270 1437 451 1502 Zachariae
474 1437 653 1524 prophetae
681 1439 766 1504 inter
788 1439 944 1526 templum
969 1449 1001 1504 et
1024 1439 1125 1503 altare
1149 1440 1250 1504 occisi
1274 1438 1514 1525 comprobatur,
1544 1439 1637 1505 multi
1660 1439 1797 1526 prophe·
1817 1464 1976 1513 seusun.

92 1554 259 1627 rotarum,
284 1567 422 1630 quorum
445 1543 560 1609 Helias
584 1557 617 1610 et
639 1545 792 1610 Heliseus
815 1547 964 1633 precipui
987 1547 1128 1627 fuerunt,
1153 1544 1307 1610 errabant
1332 1547 1367 1610 in
1390 1545 1553 1610 montibus
1578 1558 1611 1610 et
1633 1546 1797 1633 speluncis
1815 1535 1968 1639 Ῐζξξξῇῗξξζ

143 1661 175 1715 et
198 1653 232 1714 in
248 1653 398 1716 cavernis
422 1653 540 1734 terres,
565 1675 702 1739 quorum
725 1663 760 1718 tu
776 1663 870 1739 pater
893 1663 926 1716 et
949 1655 996 1730 tui
1019 1652 1141 1717 similes
1158 1652 1316 1716 videmini
1335 1653 1486 1739 exempla
1510 1655 1628 1718 sectari
1652 1675 1798 1718 seorsum

95 1809 106 1828 .
141 1759 176 1822 in
200 1759 289 1822 silvis
320 1757 497 1824 habitando
522 1771 555 1824 et
578 1782 659 1846 quos
681 1761 817 1846 potestis
848 1758 891 1824 ad
920 1760 954 1824 id
978 1761 1084 1846 ipsum
1107 1759 1285 1824 invitando.
1334 1759 1422 1840 Quid
1445 1761 1542 1842 enim,
1574 1762 1602 1824 si
1624 1762 1797 1825 austeritas

141 1867 282 1930 vestium
313 1865 525 1952 ciborumque
556 1869 747 1952 agrestium,
783 1865 901 1953 quibus
935 1867 1077 1948 utimini,
1115 1866 1348 1948 consideretur,
1384 1867 1425 1931 de
1461 1868 1602 1953 antiquis
1637 1867 1796 1953 exemplis

140 1972 292 2058 Helyaess
322 1971 417 2037 vobis
449 1972 563 2036 deesse
594 1973 766 2055 iudicetur,
801 1974 863 2037 nisi
895 1973 978 2038 forte
1008 1974 1097 2038 aelus
1128 1972 1181 2037 ille
1212 1975 1345 2057 nimius,
1377 1997 1440 2060 quo
1471 1975 1541 2060 ipse
1571 1973 1796 2039 sacerdotibus

95 2106 122 2144 rs
139 2077 323 2143 Iezabelis¹¹
353 2080 489 2144 nimium
520 2089 590 2143 erat
619 2079 766 2162 infestus,
796 2103 934 2166 quorum
956 2104 1023 2145 una
1047 2079 1099 2144 die
1125 2082 1328 2166 octingentos
1357 2081 1594 2167 quinquaginta
1622 2080 1794 2162 interfecit,
1814 2069 1943 2163 lffibf⁸¹

138 2209 206 2250 non
227 2197 348 2268 nmen,
379 2195 554 2273 antequam
584 2185 747 2251 sacrificia
770 2208 883 2251 eorum
906 2187 982 2273 igne
1007 2186 1117 2252 divino
1142 2209 1253 2251 carere
1278 2187 1521 2251 demonstravit.
1568 2187 1684 2273 Neque
1708 2189 1795 2251 enim

138 2314 200 2356 rex
224 2302 280 2356 aut
302 2291 441 2378 populus
472 2290 515 2356 ab
546 2292 669 2356 eisdem
699 2292 790 2357 falsis
820 2293 988 2380 prophetis
1020 2293 1225 2358 dementatus
1255 2293 1351 2358 facile
1381 2295 1583 2380 permisisset
1613 2294 1719 2358 occidi
1749 2305 1796 2360 tot
1828 2361 1830 2364 ,

139 2398 338 2480 sacerdotes,
368 2399 431 2462 nisi
460 2400 565 2485 primo
595 2399 712 2464 firisset
742 2410 922 2482 ostensum,
953 2411 1111 2487 quantum
1134 2423 1155 2465 a
1178 2401 1339 2466 sacrificio
1363 2399 1480 2464 Heliae
1511 2399 1654 2465 distabat
1683 2423 1795 2465 eorum

139 2505 347 2569 sacrificium.
400 2506 474 2570 Hoc
504 2516 613 2569 autem
644 2505 874 2590 demonstrato,
906 2507 994 2594 quod
1023 2529 1089 2572 non
1120 2519 1310 2594 operaretur
1340 2508 1424 2593 ignis
1455 2507 1585 2571 divinus
1618 2507 1653 2572 in
1683 2529 1795 2572 eorum

93 2641 120 2680 so
139 2611 311 2694 sacrificio,
342 2634 449 2700 neque
472 2635 533 2678 rex
559 2635 666 2701 neque
693 2614 833 2700 populus
858 2637 913 2680 eos
938 2612 1146 2696 defendebat,
1178 2613 1237 2678 sed
1267 2636 1322 2679 eos
1353 2615 1441 2678 omni
1472 2612 1593 2678 auxilio
1625 2613 1794 2679 destitutos

137 2718 254 2782 Helias
278 2718 459 2784 occidebat.
507 2717 608 2784 Cuius
632 2722 757 2784 utinam
779 2743 838 2785 vos
867 2720 973 2786 zelum
1003 2719 1168 2785 haberetis
1192 2723 1296 2807 primo
1327 2721 1361 2784 in
1384 2720 1602 2784 hereticorum
1626 2721 1794 2785 sacrificiis

138 2825 320 2908 cassandis,
345 2825 464 2890 deinde
487 2827 521 2890 in
545 2826 669 2892 eisdem
691 2827 800 2914 gladio
824 2828 928 2912 verbi,
953 2851 1017 2914 quo
1041 2827 1191 2892 valenter
1214 2829 1301 2910 estis,
1333 2837 1476 2892 armatus
1500 2827 1702 2912 iugulandis!
1750 2828 1795 2894 Ut

138 2933 226 2996 enim
258 2931 298 2996 de
329 2956 394 2997 uno
426 2934 683 2998 scismaticorum
713 2957 771 2998 seu
801 2934 1019 3000 hereticorum
1050 2934 1233 2999 vexillifero
1264 2957 1369 3020 agam,
1401 2934 1563 3020 quomodo
1594 2935 1744 3020 cogitatis
1774 2957 1794 3000 a

138 3039 236 3104 Petro
259 3039 381 3104 Leonis
411 3039 567 3126 populum
597 3038 660 3104 sibi
691 3040 902 3106 adherentem
930 3064 1094 3128 separare,
1124 3041 1280 3128 quamdiu
1303 3043 1373 3128 ipse
1398 3040 1439 3105 ab
1463 3041 1625 3106 aecclesia
1646 3043 1793 3128 precisus

93 3175 120 3214 as
139 3145 284 3210 creditur
305 3146 395 3210 idem
411 3146 616 3228 sacrificium,
634 3147 721 3233 quod
736 3171 795 3212 nos
819 3149 995 3231 offerimus,
1020 3149 1136 3213 offerre
1161 3171 1222 3213 nec
1247 3171 1266 3212 a
1290 3148 1384 3213 nohis
1408 3150 1442 3212 in
1458 3148 1673 3212 sacrificando
1689 3149 1793 3233 magis

139 3252 280 3335 differre,
305 3276 403 3341 quam
428 3252 581 3318 differunt
603 3255 637 3317 in
658 3255 819 3319 aeeclesia
842 3254 919 3319 mali
943 3266 975 3320 et
997 3254 1075 3321 boni
1099 3255 1295 3337 sacerdotes,
1320 3277 1401 3341 quos
1425 3265 1566 3340 excepta
1589 3254 1657 3318 sola
1680 3253 1792 3318 salutis

139 3359 316 3424 efficientia
340 3371 467 3425 constat
489 3361 619 3425 omnino
643 3363 677 3424 in
700 3362 916 3427 sacrificando
940 3385 960 3426 a
982 3361 1077 3426 bonis
1100 3361 1333 3426 indifferentes.
1380 3361 1453 3426 Non
1484 3362 1570 3425 enim
1601 3361 1722 3425 sufficit
1750 3361 1792 3425 ad

139 3467 377 3553 expugnandos
405 3466 576 3550 hereticos,
601 3468 689 3554 quod
712 3491 768 3533 eos
795 3491 855 3555 per
878 3469 939 3534 hoc
963 3492 984 3533 a
1006 3468 1100 3533 malis
1125 3467 1293 3533 catholicis
1318 3468 1555 3553 distinguimus,
1581 3469 1658 3553 quia
1681 3490 1793 3532 eorum

139 3574 301 3639 sacrificia
330 3597 393 3640 nec
423 3576 503 3661 ipsis
532 3586 682 3661 prosunt,
717 3597 779 3640 nec
810 3598 922 3640 eorum
953 3574 1297 3658 communicatoribus,
1329 3598 1403 3638 cum
1433 3575 1467 3638 in
1493 3574 1669 3638 *aecclesia
1698 3575 1793 3660 pravi
1811 3600 1890 3640 *aaa

93 3711 120 3750 ao
138 3681 345 3746 sacerdotes¹
371 3681 512 3746 necdum
542 3681 707 3745 interdicti
738 3683 799 3746 etsi
827 3705 893 3746 non
923 3681 986 3745 sibi
1014 3681 1161 3763 salutem,
1192 3691 1302 3746 tamen
1326 3691 1501 3767 operantur
1525 3682 1591 3744 suis
1615 3681 1792 3745 communi-

138 3787 305 3852 catoribus
329 3799 362 3853 et
382 3789 555 3853 missarum
582 3788 794 3853 auditoribus.
842 3789 925 3872 Non,
957 3790 1101 3875 inquam,
1132 3789 1194 3853 hoe
1225 3788 1355 3870 sufficit,
1387 3810 1460 3852 cum
1491 3789 1524 3851 in
1548 3787 1610 3852 hoc
1634 3787 1701 3852 solo
1725 3787 1792 3873 glo·

137 3897 264 3959 rientm
285 3895 432 3976 heretici,
456 3895 491 3958 in
514 3917 578 3982 quo
602 3905 635 3959 et
657 3895 735 3960 olim
757 3894 982 3981 gloriabantur
997 3897 1085 3981 magi
1100 3895 1293 3977 Pharaonis,
1310 3894 1464 3959 videlicet
1486 3895 1520 3958 in
1537 3896 1638 3980 signis
1663 3895 1792 3959 omnino

139 4000 308 4084 similibus,
332 4003 396 4065 nisi
419 4002 453 4065 in
469 4013 625 4089 quantum
649 4024 689 4066 ea
712 4002 882 4088 distinguit
905 4002 991 4068 solus
1007 4003 1073 4067 Dei
1098 4003 1228 4089 digitus.
1265 4001 1354 4083 Quid
1370 4002 1456 4066 enim
1480 4011 1555 4066 sunt
1577 4011 1791 4083 sacramenta,

137 4109 201 4174 nisi
224 4130 334 4173 rerum
357 4131 525 4172 sacrarum
548 4110 651 4195 signa,
676 4108 794 4196 quibus
817 4132 878 4196 per
894 4109 1054 4174 hereticos
1079 4111 1285 4196 symoniacos
1310 4107 1455 4194 aliosque
1479 4119 1645 4194 separatos
1661 4106 1703 4172 ab
1719 4130 1791 4172 aec·

94 4244 120 4284 ss
139 4214 262 4280 olesia¹
292 4215 517 4280 dementaturl
541 4215 702 4281 Pharaom
725 4226 758 4280 et
780 4226 848 4281 tota
871 4216 1032 4303 Egyptus,
1062 4217 1172 4282 idest
1201 4218 1305 4281 omnis
1335 4216 1389 4280 hic
1420 4215 1559 4279 mundus
1589 4217 1624 4278 in
1649 4214 1791 4301 maligno
1811 4239 1960 4288 aronam

138 4324 273 4409 positus,
297 4323 376 4409 quia
398 4323 538 4388 necdum
562 4334 708 4410 apparet,
733 4323 821 4410 quod
844 4324 1055 4388 sacramentis
1079 4333 1112 4387 et
1135 4325 1247 4409 signis,
1275 4323 1352 4387 licet
1375 4323 1505 4386 omnino
1530 4320 1699 4403 similibus,
1727 4344 1792 4386 non

138 4428 260 4516 ubique
277 4439 471 4516 cooperatur
485 4429 659 4494 invisibilis
671 4430 737 4494 Dei
753 4430 974 4517 digitus13qui
991 4453 1011 4493 a
1026 4429 1135 4494 multis
1151 4431 1308 4494 asseritur
1321 4431 1430 4493 inesse
1446 4430 1679 4494 sacramentis¹¹
1692 4429 1792 4493 omni-

138 4536 233 4620 busk,
257 4546 325 4600 tam
348 4546 442 4600 extra
464 4534 678 4601 aecclesiam⁰
696 4559 794 4624 quarn
812 4538 897 4601 intra
914 4535 1096 4602 celebratis.
1137 4536 1233 4618 Quod
1256 4546 1365 4600 tamen
1384 4559 1454 4617 vos,
1474 4535 1548 4599 Deo
1572 4536 1704 4620 gratias,
1727 4557 1793 4599 non

140 4645 304 4709 conamini
321 4653 475 4726 astruere,
500 4643 559 4707 sed
575 4644 660 4707 inter
675 4643 823 4707 diversas
840 4653 873 4707 et
888 4643 1044 4708 adversas
1067 4653 1175 4730 partes
1199 4644 1245 4707 ita
1260 4665 1318 4707 vos
1338 4641 1481 4706 medium
1498 4641 1608 4706 soletis
1625 4641 1791 4724 exhibere,

95 4779 122 4818 ιο
140 4760 176 4816 ut
198 4773 304 4838 neque
328 4749 528 4815 affirmantes
552 4773 658 4837 neque
681 4750 882 4814 infirmantes
898 4760 1104 4836 prenotatum
1121 4771 1251 4814 sensum
1268 4748 1447 4832 adiuvetis3
1472 4748 1513 4812 ob
1537 4749 1599 4813 hoc
1622 4748 1791 4828 forsitam,

142 4859 219 4945 quia
241 4879 299 4922 vos
324 4880 398 4922 cum
420 4856 530 4943 Helya
553 4856 747 4922 declinando
770 4856 905 4921 insidias
929 4854 1088 4920 Iezabelis
1116 4857 1150 4919 in
1174 4855 1330 4941 spelunca
1357 4855 1477 4919 silentii
1508 4877 1606 4940 super
1627 4855 1690 4920 hac
1715 4876 1792 4940 que·
1810 4880 1963 4928 casatas.

140 4965 244 5030 sti0ne
267 4963 366 5029 vultis
394 4963 507 5046 latere,
538 4943 668 5050 captata
690 4962 784 5028 vobis
808 4973 863 5028 etq
885 4964 1003 5027 restris
1034 4961 1174 5047 quadam
1205 4963 1390 5044 securitate,
1416 4967 1527 5048 *quam
1558 4984 1624 5025 non
1653 4962 1792 5047 possetis
1811 4985 1882 5027 uss.

140 5071 272 5154 habere,
303 5071 331 5134 si
355 5070 627 5157 quemadmodum
658 5071 699 5134 de
723 5081 859 5156 peccato
884 5079 916 5134 et
939 5068 980 5133 de
1004 5069 1134 5132 iusticia
1163 5067 1320 5132 mundum
1351 5069 1497 5154 arguitis,
1527 5069 1574 5132 ita
1597 5089 1726 5154 quoque
1751 5067 1791 5132 de

140 5177 261 5242 indicio
285 5200 359 5242 eum
375 5176 502 5242 velletis
526 5199 674 5263 arguere,
703 5177 876 5242 astruendo
901 5175 1036 5256 scilicet,
1058 5174 1145 5262 quod
1168 5176 1320 5261 princeps
1343 5174 1439 5238 huius
1463 5174 1577 5239 mundi
1599 5196 1665 5238 non
1689 5174 1942 5249 solum'ron.1s,n.

95 5311 122 5350 a
139 5286 175 5349 in
197 5286 316 5370 seipso,
341 5283 400 5348 sed
423 5285 521 5348 etiam
544 5284 579 5347 in
595 5282 791 5370 quibusdam
812 5282 966 5348 membris
991 5283 1057 5346 suis
1082 5282 1148 5344 iam
1171 5280 1333 5345 iudicatus
1357 5292 1415 5346 est.
1452 5280 1550 5360 Quod
1574 5303 1647 5345 cum
1670 5281 1717 5345 ita
1739 5279 1793 5344 vel

140 5391 183 5455 sit
204 5391 258 5455 vel
285 5389 379 5456 vobis
410 5413 481 5455 esse
505 5390 666 5474 videatur,
696 5389 876 5476 gaudemus
906 5389 1038 5477 quidem
1070 5388 1111 5453 de
1134 5398 1245 5452 restra
1275 5388 1464 5471 securitate,
1496 5387 1675 5473 gaudemus
1698 5386 1792 5452 robis

247 5589 274 5654 a)
295 5590 362 5642 idol.
382 5594 407 5642 2.
489 5589 517 5654 h)
538 5591 583 5654 bis,
601 5591 779 5643 semeldem.
862 5587 888 5652 c)
910 5592 959 5640 ier.
979 5592 1005 5643 2.
1086 5587 1114 5652 d)
1137 5589 1247 5640 ahazias
1267 5590 1292 5639 2.
1366 5585 1586 5651 e)licentia1‘t
1658 5586 1679 5650 l)
1700 5605 1748 5638 om.
1768 5590 1794 5638 2.

139 5677 169 5746 g)
190 5679 272 5753 Helie
292 5683 316 5732 2.
388 5677 417 5743 h)
439 5680 569 5732 iesabelis
589 5684 613 5732 2.
686 5677 707 5742 i)
727 5679 839 5746 seqssitur
858 5685 885 5731 et
903 5680 928 5729 si
946 5695 1001 5729 non
1019 5679 1073 5730 sibi
1090 5678 1139 5730 dcl.
1154 5679 1178 5729 1.
1251 5673 1281 5738 k)
1302 5677 1413 5744 sequitur
1431 5678 1497 5729 loom
1514 5695 1588 5728 rausa
1608 5678 1631 5728 1.
1704 5673 1724 5740 l)
1746 5676 1792 5726 de·

140 5777 278 5821 mercatur
295 5772 321 5822 2.
393 5767 431 5833 nr)
451 5769 492 5820 lu'c
508 5769 600 5836 incipit
618 5772 642 5821 3.
715 5767 744 5831 n)
766 5785 838 5820 omn.
858 5785 927 5820 sacr.
947 5770 971 5818 2.
985 5770 1011 5819 3.
1084 5765 1111 5832 o)
1132 5767 1198 5818 deest
1218 5770 1242 5818 1.
1315 5764 1345 5832 p)
1367 5766 1460 5817 forsan
1479 5768 1504 5818 3.
1578 5763 1606 5831 q)
1629 5782 1661 5816 ac
1680 5768 1708 5817 3.

1528 5871 1579 5924 31*
