4426 6398
330 327 383 382 DE
408 325 640 383 SEPULTURA
662 325 801 382 EORUM
827 323 896 390 QUI
919 325 1044 383 FALSO
1069 326 1404 384 EXCOMMUNICA'I'I
1426 328 1640 386 DICUNTUR.
1751 323 1815 386 689

165 515 336 601 episcopos
366 536 495 578 necnon
525 523 558 578 et
586 515 721 600 eosqui
751 523 828 578 tunc
856 515 1010 600 temporis
1038 515 1240 580 intraverant
1268 517 1454 602 symoniace
1478 517 1571 581 vivos
1596 515 1760 603 deponere
1784 528 1816 582 et

165 621 309 708 sepultos
333 620 477 686 effodere
502 630 534 686 et
556 619 598 685 ab
616 622 662 684 eis
686 620 851 685 ordinatae
874 643 989 685 manus
1013 622 1249 708 inposicionem
1272 646 1293 687 a
1316 622 1474 688 catholice
1498 624 1644 710 recipere
1667 624 1770 688 iussit.

272 729 321 793 De
344 743 469 793 astatore
492 729 639 815 opusculi
666 731 768 792 nostri
795 729 881 792 nibil
904 729 998 793 ale'isd
1020 730 1190 817 affirmare
1216 733 1330 811 araim,
1361 733 1429 794 nisi
1451 731 1643 796 Germanum
1668 733 1816 797 clericum

165 861 233 900 eum
250 837 371 925 faisse,
395 838 450 900 cui
463 837 608 924 fortasse
631 835 875 922 Bamberqensis
898 836 1005 916 codex,
1034 839 1068 900 in
1092 860 1151 922 quo
1175 838 1214 900 ab
1237 835 1372 901 Auxilio
1397 851 1425 901 et
1447 837 1598 926 Vulqario
1622 838 1660 904 de
1684 839 1815 904 Formo-

132 973 145 1011 a
164 946 258 1008 siena
282 943 459 1007 calamitate
483 945 620 1029 aqisur1,
645 942 690 1006 ad
711 967 823 1006 manus
831 943 914 1029 fait.
950 942 1043 1007 Anno
1059 945 1186 1008 circiter
1204 945 1298 1007 1105.
1317 969 1385 1008 eum
1401 946 1568 1030 scr‘qrsrsse
1576 945 1746 1032 probabile
1762 959 1813 1009 est.

294 1067 507 1147 Berolini,
531 1065 662 1130 Ianuar.
687 1091 789 1130 mense
815 1067 910 1130 1897.
1362 1067 1401 1131 Ε.
1427 1068 1705 1133 DUEMMLER.

272 1281 340 1346 'Ne
365 1283 437 1367 quis
467 1291 611 1345 mortuos
642 1282 924 1346 excommunicet·
948 1280 1122 1344 ueletiam
1152 1290 1275 1345 temere
1305 1281 1346 1345 de
1370 1281 1420 1345 his
1448 1281 1579 1362 iudicet,
1604 1281 1743 1347 diffinita
1766 1293 1815 1348 est
1833 1308 1918 1349 unsa.

165 1389 325 1454 sententia
355 1387 397 1452 ab
421 1387 606 1474 apostolicis
631 1389 719 1469 viris,
744 1411 819 1452 cum
843 1387 991 1452 dominus
1014 1387 1106 1451 Iesus
1131 1387 1285 1474 apostolis
1316 1387 1443 1452 dederit
1472 1399 1666 1474 potestatem
1689 1388 1813 1476 ligandi
1833 1415 1992 1464 utranam.

166 1507 198 1560 et
222 1495 369 1560 solvendi
399 1517 454 1559 cos
484 1504 609 1560 tantum
633 1494 689 1580 qui
720 1504 794 1558 sunt
824 1504 1074 1581 superterram,
1106 1493 1139 1557 id
1164 1504 1213 1558 cst
1235 1495 1339 1576 vivae,
1370 1517 1435 1559 non
1459 1497 1556 1559 etiam
1581 1517 1637 1559 eos
1661 1497 1717 1582 qui
1741 1506 1815 1560 eunt

120 1633 146 1671 ra
165 1601 297 1668 subterb
322 1613 451 1684 terram,
476 1599 510 1666 id
534 1611 583 1666 est
606 1612 759 1665 mortuae.
795 1601 892 1666 Unde
909 1601 1049 1686 Vigilius
1072 1623 1159 1688 papa
1182 1599 1328 1665 scribens
1352 1601 1531 1666 Iustiniana
1556 1601 1704 1668 sanctum
1721 1601 1813 1668 ciril-

164 1710 231 1774 lum
254 1710 443 1796 episcopum
466 1707 642 1773 introducit
665 1710 712 1772 sic
734 1707 920 1794 loquentem
944 1717 1057 1771 contra
1079 1708 1248 1794 quasdam,
1273 1709 1328 1794 qui
1350 1707 1515 1791 volebant,
1539 1719 1576 1773 ut
1599 1708 1730 1795 quidam
1747 1711 1814 1797 epi-

165 1839 281 1903 ecopus
304 1815 428 1880 iamdiu
451 1825 595 1880 mortuus
613 1815 956 1879 excommunicaretur
974 1825 1006 1879 et
1030 1813 1270 1901 dampnaretur,
1295 1825 1328 1880 et
1351 1814 1550 1880 dicentcm²z
1579 1815 1818 1882 Obliviscirnini

164 1949 219 1989 vos
242 1927 338 2010 ipsos,
369 1923 494 2009 quando
525 1923 678 1987 adversus
701 1925 820 1986 cineres
843 1947 937 1986 arcus
960 1922 1133 1986 extenditis.
1181 1921 1255 1986 Non
1285 1926 1366 1987 enim
1397 1938 1538 2010 superest
1566 1925 1625 2009 qui
1651 1925 1741 2010 apud
1761 1949 1815 1988 aas

165 2012 336 2117 inscriptus
360 2043 410 2094 est.
454 2028 498 2092 Et
520 2027 616 2114 paulo
640 2037 727 2114 post:
755 2029 861 2094 Grave
885 2043 929 2092 εει
951 2030 1103 2093 insultare
1127 2029 1296 2117 destinetis,
1321 2031 1371 2094 vel
1391 2033 1424 2094 si
1445 2032 1526 2095 laici
1538 2032 1678 2118 fuerent,
1701 2031 1815 2096 nedum

120 2165 146 2204 ιι
165 2139 234 2202 illis
264 2140 322 2223 qui
350 2139 383 2201 in
408 2139 589 2224 episcopatu
619 2136 700 2200 banc
729 2139 826 2200 vitam
850 2136 1064 2221 deposuerunt.
1113 2135 1324 2200 iustissimum
1348 2139 1429 2201 euim
1454 2151 1588 2223 apparet
1602 2138 1815 2225 prudentibus

164 2247 245 2308 viris
268 2244 375 2308 cedere
385 2245 562 2330 prescienti
576 2245 819 2328 uniuscuiusque
842 2244 1038 2322 voluntatem,
1062 2257 1090 2307 et
1112 2246 1308 2330 aequassenti
1327 2244 1435 2329 qualis
1457 2246 1670 2330 unusquisque
1678 2245 1815 2332 futurus

163 2354 213 2416 sit.
249 2349 332 2414 Item
355 2361 429 2436 post
452 2348 562 2435 aliqua
584 2348 813 2435 interposita³:
837 2349 913 2413 Post
934 2349 998 2436 bec,
1022 2349 1137 2434 inquit,
1161 2351 1318 2436 ampliori
1335 2375 1412 2414 eura
1429 2353 1664 2438 prospeximus,
1687 2352 1817 2437 siquid

165 2458 203 2522 de
226 2459 276 2522 lais
299 2460 358 2544 qui
380 2459 444 2521 iam
462 2457 609 2545 defuncti
628 2469 708 2537 sunt,
733 2470 761 2521 et
782 2458 911 2520 minime
934 2459 1134 2543 reperiantur
1158 2459 1190 2520 in
1212 2459 1276 2521 vita
1293 2457 1446 2538 darnuati,
1470 2459 1563 2524 etiam
1586 2471 1690 2542 sancte
1712 2482 1813 2522 recor-

164 2565 303 2629 dationis
318 2564 559 2650 predecessores
580 2566 683 2627 nostri
697 2563 919 2628 decreverint0.
959 2563 1079 2641 Quibus
1094 2566 1242 2649 inspectis
1257 2566 1451 2649 aqnovimus,
1475 2565 1561 2650 quad
1581 2565 1675 2628 bairis
1698 2565 1815 2650 castele

119 2699 146 2739 sa
158 2671 419 2758 providentiaque
434 2671 581 2759 formam
612 2670 791 2736 veneranda
807 2669 1065 2756 predecessorum
1096 2684 1270 2734 nostrorum
1300 2671 1386 2735 sedis
1415 2672 1584 2757 apostolicq
1613 2669 1814 2759 [presulum]

164 2781 327 2843 constituta
350 2779 440 2841 nobis
463 2779 659 2862 apertissime
683 2776 891 2841 tradiderunt.
927 2775 1013 2840 Nam
1030 2778 1226 2841 beatissimus
1245 2801 1336 2864 papa
1351 2777 1416 2842 Leo
1439 2777 1485 2842 ad
1502 2777 1532 2840 Τ
1529 2778 1697 2843 beodorum
1715 2778 1813 2843 Foro-

165 2887 327 2950 iuliensem
345 2898 421 2970 post
442 2885 510 2948 alia
535 2884 653 2948 dicim.-
682 2882 749 2948 Nev
772 2908 892 2948 necesse
915 2897 959 2948 est
987 2907 1043 2947 nos
1066 2908 1182 2962 eorum,
1210 2887 1269 2969 qui
1288 2887 1335 2948 sic
1358 2886 1509 2965 obierunt,
1532 2887 1645 2949 merita
1668 2899 1814 2971 ecumque

165 2992 328 3072 discutere,
345 3016 413 3055 cum
430 2991 587 3054 Dominus
602 3005 715 3070 noster,
737 2992 827 3054 euius
845 2990 966 3054 iudicia
982 3004 1135 3076 nequeunt
1150 2991 1381 3076 comprehendi,
1405 2991 1491 3077 quod
1508 2992 1702 3056 sacerdotale
1720 2994 1814 3056 mini-

164 3101 292 3163 sterium
315 3099 446 3184 implere
468 3121 530 3161 non
543 3110 675 3182 poterat,
698 3121 752 3181 saep
774 3099 899 3181 iusticie
920 3099 1100 3161 reservavit.
1137 3095 1214 3160 Item
1233 3096 1382 3162 Gelasius
1402 3120 1492 3183 papa
1514 3101 1549 3162 in
1563 3099 1696 3185 ppistola
1720 3123 1814 3184 quam

119 3230 146 3272 ιι
165 3207 321 3292 episcopis
336 3204 506 3288 Dardaniq
529 3204 567 3267 de
591 3228 686 3267 causa
703 3203 842 3268 Aebacii
861 3206 1001 3289 scripsit,
1017 3217 1094 3291 post
1108 3204 1177 3266 alia
1195 3206 1238 3268 ita
1255 3203 1373 3268 dicit⁵s
1399 3203 1465 3281 Qui
1478 3219 1647 3290 postquam
1671 3207 1706 3269 in
1722 3205 1813 3269 volle-

161 3315 249 3400 qium
266 3314 442 3398 prauitatis
471 3311 614 3375 recidens
643 3313 712 3374 iure
743 3312 857 3374 meruit
885 3311 924 3374 ab
954 3311 1128 3397 apostolica
1159 3313 1372 3375 communione
1401 3311 1536 3391 secludi,
1567 3313 1601 3375 in
1624 3313 1683 3375 bac
1706 3311 1813 3376 eidem

165 3419 364 3484 damnatione
379 3420 554 3505 persistens
577 3431 716 3481 mortuus
739 3431 792 3496 εει,
816 3417 1038 3480 absolutionem
1063 3441 1158 3503 quam
1180 3431 1335 3503 superstes
1358 3417 1434 3482 rzec‘¹
1451 3421 1586 3504 quesivit
1600 3420 1735 3499 omnino,
1759 3442 1815 3482 nec

163 3528 286 3607 meruit,
310 3539 448 3589 mortuus
471 3527 536 3588 iam
560 3547 620 3588 non
637 3536 742 3609 potest
763 3525 941 3609 impetrare.
990 3522 1155 3609 Siquidem
1180 3526 1261 3610 ipsis
1283 3525 1434 3611 apostolis
1454 3523 1577 3588 Christi
1597 3549 1668 3589 voce
1691 3525 1813 3612 deleqa-
1832 3551 1865 3592 ιο.

164 3646 227 3696 tum
251 3645 303 3713 est,
328 3654 386 3718 quq
410 3633 586 3720 ltqacevitis
608 3655 704 3717 super
727 3643 844 3694 terram
867 3644 896 3694 et
918 3652 976 3715 quq
997 3631 1156 3694 solveritis
1178 3655 1273 3717 super
1295 3644 1420 3696 terram
1466 3630 1606 3710 Ueterum
1630 3634 1693 3696 iam
1719 3631 1757 3698 de
1780 3656 1814 3696 eo

118 3742 223 3824 sequi
243 3742 277 3803 in
301 3739 410 3803 divino
433 3752 478 3802 est
500 3737 621 3802 iudicio
645 3739 835 3816 εοιιειιιιιιιιε,
866 3738 955 3801 nobis
971 3737 1034 3824 fas
1057 3737 1151 3801 aliud
1174 3737 1337 3802 decernere
1360 3761 1421 3802 non
1444 3752 1489 3802 est
1507 3752 1613 3824 preter
1637 3738 1674 3802 id
1695 3740 1730 3803 in
1753 3763 1813 3824 quo

166 3845 233 3910 dies
256 3869 324 3909 eum
347 3869 511 3931 supremus
534 3846 661 3908 invenit.
698 3843 775 3907 Item
800 3845 885 3928 beatq
900 3867 994 3930 papa
1019 3843 1169 3910 Gelenius
1191 3844 1420 3909 recordationis
1444 3847 1478 3909 in
1498 3846 1594 3932 qestis
1616 3845 1815 3911 sinodalibus

165 3952 203 4016 de
226 3952 350 4016 Meseni
377 3954 522 4038 episcopi
546 3949 684 4015 Cumani
711 3950 924 4015 εἶιεοῖιιιιόιιεΘ
948 3951 1100 4038 confectis
1123 3951 1179 4015 boc
1206 3950 1363 4016 evidenter
1386 3952 1509 4016 edocuit
1531 3952 1678 4017 dicens⁶:
1705 3952 1735 4015 Τ
1732 3967 1814 4018 otum

165 4059 250 4144 quod
271 4083 370 4144 supra
393 4072 496 4143 nostrp
510 4058 684 4144 facultatis
707 4071 751 4122 est
772 4056 944 4136 modulum,
968 4057 1078 4121 divino
1101 4057 1223 4122 iudicio
1247 4058 1481 4143 relinquamus:
1510 4083 1572 4122 noa
1595 4074 1696 4123 autem
1725 4060 1815 4124 nobis

159 4180 307 4252 poterunt
329 4167 496 4252 imputare,
520 4187 577 4228 aar
585 4165 857 4250 prevaricationis
881 4165 1030 4249 offensam
1056 4165 1229 4229 viventibus
1251 4167 1455 4246 remittamus,
1479 4165 1565 4251 quod
1586 4167 1722 4250 ecclesie,
1746 4166 1814 4230 Deo

120 4299 147 4340 aa
166 4273 327 4360 larqiente,
353 4272 509 4358 possibile
533 4284 586 4350 εει,
616 4295 671 4334 aec
694 4295 751 4333 nos
773 4271 838 4334 iarn
862 4273 994 4334 mortuis
1016 4273 1140 4335 veniam
1157 4285 1303 4357 prestare
1327 4272 1504 4358 deposcant,
1535 4272 1621 4358 quod
1641 4274 1731 4336 uobis
1754 4297 1814 4336 non
1848 4339 1851 4347 ,

166 4403 230 4444 εεεε
246 4379 404 4466 possibile
434 4378 639 4465 manifestum
670 4390 722 4456 est,
748 4379 850 4462 ‘quia,
880 4401 947 4440 cum
980 4377 1096 4441 dietum
1127 4380 1169 4442 sit
1198 4402 1256 4464 que
1287 4379 1463 4466 liqaveritis
1486 4393 1514 4443 et
1535 4379 1692 4443 solveritis
1719 4403 1815 4465 super

165 4501 291 4566 terram
321 4486 376 4551 bos
406 4509 483 4571 quos
509 4499 740 4571 superterram
765 4507 827 4547 nors
850 4508 914 4548 esse
937 4497 1064 4564 constat,
1095 4508 1157 4548 noa
1179 4485 1325 4566 bumana,
1355 4485 1412 4550 sed
1432 4510 1488 4550 suo
1512 4485 1632 4550 iudicio
1656 4486 1744 4551 Deus
1766 4511 1814 4551 re-

164 4595 312 4673 servavit,
341 4617 396 4656 nec
426 4591 521 4656 audet
548 4591 678 4676 pcelesia
708 4591 832 4654 sibimet
860 4591 1025 4655 vendicare
1055 4591 1140 4676 quod
1169 4593 1250 4677 ipsis
1273 4593 1424 4679 apostoles
1446 4595 1600 4680 conspicit
1628 4617 1688 4657 nvon
1704 4593 1815 4681 fuisse

166 4723 352 4781 concessum,
376 4701 452 4785 quia
476 4712 521 4762 est
542 4699 610 4762 alia
634 4721 730 4761 causa
753 4699 963 4783 superstitum,
988 4698 1056 4762 alia
1081 4697 1310 4785 defunctorum.

119 4833 147 4872 eo
271 4804 325 4868 Ex
348 4805 418 4868 istis
442 4802 551 4868 verbis
575 4802 689 4888 Vigilii
712 4825 797 4890 papa,²
821 4811 947 4866 utentes
972 4825 1101 4889 quaque
1132 4803 1378 4869 auctoritatibus
1402 4804 1663 4872 antecedentium
1686 4815 1814 4891 patrum

120 4967 123 4976 .
165 4910 320 4976 videlicet
343 4909 468 4975 Cirilli¹
494 4911 649 4996 episcopi,
672 4909 793 4973 Leonis
816 4931 911 4995 pape,
937 4907 1062 4973 Gelasii
1084 4932 1170 4996 pape
1198 4910 1405 4996 redarguitur
1428 4922 1461 4976 et
1483 4911 1665 4976 retunditur
1692 4911 1815 4976 furiosa

273 5108 300 5174 s)
323 5118 464 5163 excomeat
483 5111 515 5162 B.
589 5107 617 5173 b)
639 5127 722 5177 super
741 5110 774 5161 B.
848 5105 874 5172 c)
896 5109 1076 5161 decreverunt
1095 5107 1128 5162 B.
1202 5109 1230 5173 d)
1251 5127 1285 5162 ne
1304 5106 1337 5161 B.
1411 5109 1437 5170 ε)
1459 5110 1659 5162 absolutionem
1679 5113 1711 5163 B.

165 5199 188 5265 4)
210 5201 300 5252 Cirirli
319 5201 353 5252 B.

275 5365 304 5436 1)
329 5365 375 5422 De
397 5385 451 5441 qua
475 5365 516 5436 cf.
534 5364 705 5434 Duannrler,
731 5362 872 5420 ‘Aemilius
894 5364 955 5419 und
971 5363 1135 5440 Vulqarius’
1155 5383 1188 5438 p.
1206 5361 1245 5419 47
1264 5383 1324 5439 sqq.
1399 5361 1430 5437 2)
1450 5363 1557 5434 Menai,
1578 5361 1647 5422 Call.
1664 5383 1741 5421 conc.
1759 5364 1813 5435 IX,

119 5489 147 5532 aa
165 5475 216 5532 col.
234 5473 293 5542 94,·
323 5471 410 5545 Jaffe‘
429 5491 474 5528 nr.
496 5471 570 5528 935.
685 5469 715 5540 3)
740 5469 815 5526 Ibid.
840 5469 890 5526 col.
910 5468 961 5525 95.
1075 5467 1106 5538 4)
1132 5466 1206 5544 Opp.
1232 5469 1294 5526 edd.
1319 5469 1463 5526 Baliarici
1484 5470 1508 5540 Ι,
1534 5470 1698 5528 εοι.1174.
1719 5471 1813 5542 1175,

166 5579 390 5656 ερζ108,ε,3,·
413 5577 645 5653 deffinr.485.
721 5573 835 5651 5)'Ep.
852 5575 901 5648 18,
926 5595 949 5632 e.
968 5575 996 5646 5,
1024 5575 1131 5646 Moesi,
1150 5573 1219 5633 Call.
1239 5575 1319 5646 VIII,
1344 5577 1395 5633 col.
1413 5575 1465 5647 48,
1490 5577 1532 5634 ed.
1549 5576 1665 5647 Tbiell,
1684 5597 1718 5653 p.
1733 5577 1814 5649 385;

164 5686 252 5761 Jaffi
270 5707 316 5744 nr.
335 5686 408 5742 638.
500 5686 532 5761 6)
557 5685 613 5762 Ep.
633 5684 683 5755 30,
709 5704 731 5740 c.
752 5684 802 5740 13.
822 5681 871 5753 14,
896 5683 960 5739 ibid.
986 5683 1035 5740 col.
1056 5681 1127 5738 183.
1147 5680 1220 5753 184,
1245 5683 1288 5738 ed.
1312 5681 1392 5740 reiut
1413 5681 1436 5754 I,
1456 5703 1489 5760 p.
1507 5681 1581 5739 445.
1599 5682 1672 5740 446.

235 5807 337 5860 Libani
356 5808 390 5859 da
409 5806 465 5859 lita.
497 5807 550 5858 111.
1165 5853 1168 5860 ,
1567 5805 1599 5856 87
