4478 6396
653 401 845 458 EPISTOLA
869 402 924 456 AD
947 401 1224 460 INNOCENTIUM
1247 403 1391 458 ΡΑΡΑΜ.
1790 395 1853 458 209

200 590 236 650 'a
265 587 446 652 ministerio
478 589 583 652 sancti
613 587 738 671 altaris,
770 599 881 674 utpote
912 588 1018 653 adhuc
1050 589 1205 654 secularis
1236 601 1269 654 et
1298 589 1483 676 implicatus
1513 590 1639 676 laqueis
1670 587 1852 654 mundanis.
1874 612 1943 656 nu.

200 691 298 773 Quod
322 717 364 758 ne
387 693 429 758 de
454 694 553 759 corde
577 716 650 759 meo
673 695 789 759 videar
811 695 1017 782 prophetare,
1041 695 1219 760 Antherius
1242 719 1330 782 papa
1353 705 1386 761 et
1408 707 1533 784 martyr
1555 696 1644 761 dicat
1672 719 1771 782 super
1792 696 1854 761 hoc

200 822 296 865 suum
320 800 500 865 decretale:
529 801 664 888 Oportet,
688 802 794 888 iuquit
804 805 825 884 ¹,
853 818 888 868 ut
910 806 969 889 qai
990 803 1093 868 Deam
1115 804 1285 868 hereditate
1301 804 1471 891 possident
1491 806 1608 890 absque
1630 804 1696 869 ullo
1719 803 1854 890 impedi·

200 923 301 972 mente
330 909 432 973 secali
456 909 525 973 Deo
554 913 703 990 serviant,
735 923 767 974 ut
796 909 901 975 dicere
923 913 1069 997 possint:
1098 910 1256 975 Dominus
1279 935 1363 996 pars
1392 910 1576 976 hereditatis
1605 935 1678 976 mee.
1727 909 1853 990 Quibus

168 1041 183 1079 s
202 1013 415 1078 consideratis
439 1025 566 1080 constat
589 1016 673 1079 sacri
697 1015 808 1079 altaris
824 1016 979 1079 ministris
996 1017 1227 1103 proprietatem
1244 1015 1401 1099 illicitam,
1427 1017 1576 1104 quamvis
1600 1017 1634 1080 in
1650 1039 1751 1102 supra
1767 1014 1853 1080 dicto

201 1119 436 1206 Kartaginensi
460 1121 598 1186 concilio
622 1120 774 1206 videatur
803 1121 972 1207 indulgere
997 1144 1080 1186 eam.
1126 1121 1169 1186 Et
1199 1144 1316 1186 revera
1346 1124 1394 1186 sic
1425 1133 1482 1188 est.
1531 1121 1744 1188 Considerate
1768 1123 1854 1186 enim

200 1237 336 1313 propter
359 1226 519 1293 dumeiam
543 1228 650 1293 cordis
674 1229 807 1315 propria
830 1239 940 1314 patres
963 1227 1177 1311 indulserunt,
1202 1251 1286 1314 quse
1310 1230 1440 1293 omniuo
1458 1229 1547 1294 duris
1564 1229 1626 1294 illis
1643 1229 1771 1294 auferre
1790 1252 1854 1294 nou

200 1345 387 1420 potuerunt,
417 1335 476 1400 sed
499 1346 532 1400 et
553 1333 643 1421 leges
666 1349 854 1421 posuerunt,
880 1335 999 1423 quibus
1022 1335 1124 1416 lieret,
1149 1345 1184 1400 ut
1207 1358 1272 1399 uon
1296 1337 1426 1400 omnino
1449 1336 1548 1417 licite,
1577 1335 1635 1400 sed
1658 1337 1764 1400 minus
1788 1357 1854 1400 mo-

201 1439 282 1505 leste
307 1443 426 1507 ceteris
448 1443 620 1528 minusque
644 1441 822 1528 dampnose
846 1441 902 1506 illa
924 1442 1138 1528 possiderent.

156 1577 183 1614 ιο
309 1548 343 1614 S.
379 1548 452 1634 Ego
475 1549 603 1637 gaudeo
627 1558 790 1634 utcunque
815 1548 894 1612 mihi
917 1549 1060 1635 permitti
1083 1571 1135 1612 res
1158 1571 1259 1630 meas,
1285 1550 1361 1636 quia
1384 1551 1504 1614 invitus
1529 1549 1655 1614 dimitto
1680 1573 1746 1614 eas.

308 1655 347 1720 R.
383 1655 463 1720 Esto
486 1657 714 1742 permittantur
736 1653 796 1719 tibi
819 1666 885 1719 tua.
933 1655 1000 1720 Sed
1016 1679 1090 1720 cum
1113 1664 1149 1718 tu
1172 1679 1237 1720 non
1253 1657 1347 1720 vivas
1371 1667 1464 1720 extra
1488 1657 1775 1743 congregationem
1800 1665 1855 1720 aut

202 1773 296 1826 extra
327 1784 436 1827 sacros
464 1762 603 1845 ordines,
632 1772 668 1827 ut
690 1761 748 1844 illi,
778 1760 895 1848 quibus
918 1763 953 1824 in
976 1761 1097 1849 Anglia
1126 1763 1274 1849 permisit
1303 1760 1420 1827 beatus
1445 1762 1624 1850 Gregorius
1656 1786 1720 1827 non
1751 1763 1853 1827 solum

201 1869 367 1955 stipendia
388 1868 466 1933 foris
493 1868 671 1955 prebenda,
703 1868 883 1932 sedetiam
907 1869 1068 1954 coniugia,
1093 1870 1166 1955 quis
1190 1868 1250 1933 tibi
1273 1870 1421 1955 permisit
1450 1881 1506 1936 aut
1529 1871 1715 1957 permittere
1739 1870 1853 1956 potuit,

201 1986 236 2040 ut
258 1987 296 2040 tu
318 1998 425 2062 neque
449 1975 627 2062 apostolice
651 1976 792 2039 militans
815 1997 922 2061 neque
947 1977 993 2040 sic
1017 1975 1229 2041 militantibus
1246 1977 1433 2040 ministrans
1450 1977 1594 2062 accipias
1611 1975 1855 2040 aecclesiastica

158 2110 183 2149 n
203 2082 377 2169 stipendia,
400 2082 460 2147 tibi
483 2084 628 2168 graviter
650 2081 849 2146 interdicta?

310 2189 344 2256 S.
376 2188 452 2272 Ubi,
470 2211 581 2276 queso,
598 2188 837 2254 interdicuntur
851 2189 931 2252 mihi
946 2189 1192 2256 aecclesiastica
1207 2189 1319 2254 bona?
1347 2189 1413 2255 Ubi
1430 2189 1506 2254 solis
1522 2190 1700 2275 apostolice
1717 2190 1854 2254 viventi-

202 2295 263 2361 bus
286 2297 441 2360 videntur
463 2295 650 2361 destinata?

309 2402 348 2467 R.
383 2404 484 2489 Lege,
501 2414 537 2467 ut
551 2401 631 2485 dixi,
649 2402 782 2467 decreta
794 2402 921 2467 Urbani
945 2425 1051 2488 papae
1075 2414 1108 2466 et
1128 2405 1290 2489 martyris,
1316 2405 1371 2489 qui
1395 2405 1480 2467 inter
1494 2414 1604 2468 cetera
1620 2403 1735 2467 dicits:
1761 2403 1855 2490 Ipsae

202 2535 275 2575 uero
299 2535 350 2576 res
372 2512 571 2598 sinpaiarnm
588 2511 846 2598 'parrochiarum
869 2513 904 2574 in
920 2511 1039 2575 ditione
1062 2513 1290 2596 episcoporum,
1314 2514 1374 2596 qui
1394 2513 1495 2575 locum
1511 2526 1610 2575 maeret
1632 2511 1854 2597 apostolorum,
1874 2535 1903 2576 ·.
1936 2535 1950 2576 ¹.

156 2645 184 2683 so
201 2633 294 2682 erant
314 2631 344 2682 et
364 2632 437 2682 sunt
459 2643 555 2703 usque
576 2617 692 2698 'addua
723 2632 752 2682 et
766 2619 895 2705 saturis
917 2641 1039 2704 seraper
1063 2617 1171 2681 debent
1199 2641 1264 2680 esse
1287 2620 1488 2703 temporibus,
1517 2643 1556 2681 en
1578 2619 1691 2702 quibus
1714 2619 1858 2704 episcopi

201 2740 230 2790 ct
251 2725 369 2812 fideles
399 2725 630 2811 dispensatores
659 2749 765 2789 eoram
796 2726 938 2788 omnibus
972 2748 1160 2788 cornnmnem
1196 2727 1291 2788 vuitam
1328 2725 1437 2811 depere
1468 2726 1639 2788 uolentibus
1673 2727 1855 2788 ministrare

202 2846 312 2896 cuncte
336 2834 515 2896 necessaria
539 2831 655 2912 debent,
676 2845 773 2917 pront
793 2832 906 2895 melias
915 2833 1088 2917 potuerint,
1113 2844 1145 2894 nt
1167 2855 1254 2894 nenm
1279 2834 1313 2894 in
1328 2833 1374 2895 eis
1398 2856 1487 2918 epens
1511 2833 1698 2896 inueniatur.
1740 2829 1856 2917 Ipsae8

202 2941 286 3003 enim
309 2963 360 3003 res
376 2939 526 3026 fidelium
558 2939 728 3003 oblationes
758 2939 971 3023 appellantur,
1003 2940 1079 3023 qnia
1104 2938 1241 3001 Domino
1265 2939 1447 3024 offerantur.
1497 2937 1571 3002 Non
1594 2962 1666 3025 erpo
1690 2938 1800 3002 debent
1821 2941 1855 3002 in

201 3046 286 3110 alios
310 3070 394 3125 rimis,
417 3070 512 3130 pesam
535 3047 570 3109 in
592 3046 849 3124 aecclesiasticos,
873 3059 900 3107 et
908 3044 1128 3130 predictoram
1136 3045 1285 3132 fratrum
1308 3047 1358 3108 ‘uel
1379 3045 1587 3132 indipentium
1608 3049 1755 3124 converti,
1779 3047 1855 3130 qnia

157 3179 183 3216 aa
203 3167 273 3216 uota
303 3167 375 3216 ssent
389 3151 541 3239 fidelium
570 3166 599 3215 et
617 3155 734 3238 precia
756 3165 974 3237 peccatorum,
1004 3165 1096 3236 etque
1125 3151 1171 3214 ad
1185 3151 1368 3237 predictam
1399 3176 1477 3238 opas
1507 3152 1694 3238 sapiendam
1718 3152 1856 3215 Domino

203 3259 349 3323 traditae.
398 3257 439 3323 Si
459 3261 531 3344 qais
554 3273 666 3338 autent,
690 3258 776 3343 qaod
798 3259 901 3321 absit!
926 3281 1015 3320 secus
1037 3259 1142 3344 sperit,
1172 3257 1287 3338 rideat,
1318 3283 1355 3322 rre
1381 3259 1635 3344 dampnationem
1658 3258 1806 3323 Ananiae
1830 3273 1858 3322 et

205 3365 365 3452 Sapbiree
381 3368 547 3452 pereipiat
575 3380 603 3429 et
628 3389 700 3428 reas
729 3365 896 3452 semilept'i
917 3365 1081 3451 efficietur
1102 3367 1184 3428 sicut
1205 3366 1268 3443 illi,
1300 3367 1359 3449 pisi
1376 3367 1488 3450 precia
1505 3365 1727 3450 predictarum
1750 3389 1855 3428 reram

196 3473 411 3558 fremebant.
458 3472 503 3536 Et
525 3481 599 3556 post
620 3492 742 3557 pauca:
767 3471 868 3551 Ilaec,
890 3470 1005 3555 inquit,
1022 3472 1160 3557 fratres,
1185 3471 1277 3534 ualde
1300 3471 1439 3536 timenda
1461 3486 1532 3534 sam
1555 3486 1583 3534 et
1605 3471 1754 3551 currenda,
1778 3473 1855 3556 qaia

202 3605 253 3644 res
269 3581 438 3644 aecclesiae
453 3603 516 3644 non
531 3581 627 3664 qnasi
636 3581 803 3664 propriae,
825 3577 883 3641 sed
904 3592 938 3642 at
959 3602 1133 3640 communes
1156 3592 1184 3640 et
1199 3577 1336 3641 Domino
1361 3578 1491 3658 oblatae,
1516 3603 1585 3640 crem
1607 3602 1726 3640 summo
1747 3581 1855 3642 timore

158 3714 185 3752 so
205 3711 266 3750 non
290 3689 324 3751 in
347 3687 440 3766 alios,
465 3711 558 3771 quam
584 3689 617 3749 in
625 3686 777 3772 prefatos
802 3709 874 3748 usses
895 3698 969 3747 sunt
983 3684 1126 3770 fideliter
1150 3683 1392 3770 dispensandae,
1416 3709 1453 3747 ne
1476 3684 1644 3770 sacrilepii
1663 3699 1784 3748 reamm
1808 3686 1854 3747 in·

204 3808 344 3872 currant,
376 3795 436 3878 qai
455 3817 508 3857 eas
530 3792 606 3856 inde
629 3792 821 3871 abstrabunt,
852 3792 910 3854 ubi
930 3791 1066 3858 traditae
1089 3805 1168 3870 sunt,
1193 3805 1230 3871 et,
1258 3791 1344 3875 qaod
1358 3792 1455 3876 peius
1478 3806 1532 3871 est,
1562 3791 1727 3854 anathema
1749 3815 1855 3854 mara-

203 3901 300 3964 natba
309 3903 405 3987 fiant,
428 3902 489 3966 etsi
500 3923 563 3964 non
578 3923 707 3985 corpore
731 3912 764 3962 nt
778 3897 926 3962 Ananias
942 3912 970 3960 et
985 3895 1295 3984 Sopbirafeeerant,
1320 3900 1379 3982 qai
1399 3900 1517 3962 rrsertui
1530 3897 1724 3978 ceciderunt,·
1747 3900 1855 3961 eninm

205 4021 316 4086 tamers,
341 4031 421 4092 qnae
433 4008 543 4092 potior
566 4020 610 4070 est
632 4029 772 4091 corpore,
796 4019 918 4069 mortu-a
941 4019 969 4068 et
991 4005 1130 4068 alienata
1153 4029 1174 4068 a
1197 4006 1350 4068 comestio
1364 4004 1514 4090 fidelium
1537 4004 1654 4067 cedant
1676 4018 1704 4068 et
1725 4007 1760 4068 in
1778 4028 1854 4090 pro-

197 4113 343 4200 fandum
374 4113 521 4177 barathri
549 4113 703 4177 laban-mr.
750 4110 795 4174 Et
817 4110 932 4196 paucis
954 4110 1154 4194 interpositis
1178 4108 1343 4174 concludit
1366 4111 1570 4191 sententiam,
1596 4109 1746 4174 dicens4:
1778 4110 1854 4174 Ideo

159 4247 186 4286 se
203 4223 237 4284 si
257 4223 329 4306 qus's
357 4222 492 4284 estiterit
520 4219 680 4282 modernis
710 4232 765 4281 eat
779 4219 908 4304 ⁸fat-uris
938 4218 1138 4303 temporibus,
1169 4219 1228 4303 qai
1255 4218 1311 4281 boe
1336 4217 1483 4282 “avellere
1514 4221 1642 4298 nrfmtar,
1674 4219 1738 4282 iam
1770 4218 1884 4281 dieta·
1936 4267 1943 4280 .

206 4327 429 4412 dampnatione
445 4327 601 4413 feriatur.

229 4465 231 4468 ·
312 4431 345 4496 S.
381 4431 475 4495 Dura
499 4440 574 4494 sunt
596 4421 680 4516 quae
705 4430 796 4494 dicis.

310 4539 349 4602 R.
385 4538 458 4602 Non
483 4549 557 4602 suut
580 4537 662 4601 dura
685 4538 747 4600 nisi
772 4537 871 4600 duris.

312 4645 344 4710 S.
382 4645 504 4710 Verum
529 4655 587 4712 est.
623 4643 690 4709 Sed
713 4643 833 4707 bouum
854 4654 940 4707 esset
962 4665 1021 4706 nos
1045 4643 1091 4706 ita
1114 4642 1212 4706 duros
1237 4642 1387 4706 mollibus
1411 4645 1593 4728 provocari,
1619 4643 1705 4729 quod
1731 4645 1854 4730 etipse

157 4783 186 4819 ro
205 4776 290 4838 papa
313 4751 468 4818 Urbanus
491 4751 622 4816 videtur
645 4750 831 4831 attendisse,
856 4749 912 4814 ubi
936 4749 1030 4814 dicit:
1064 4749 1105 4814 Si
1125 4753 1197 4835 qais
1221 4753 1356 4815 astiterit
1380 4751 1538 4815 modernis
1561 4765 1617 4814 ant
1631 4752 1761 4838 festinis
1783 4765 1854 4815 tern-

199 4863 345 4945 poribus,
376 4862 435 4947 qui
454 4860 511 4922 boe
533 4860 668 4923 assettere
691 4861 820 4937 nitatur,
851 4861 916 4920 iam
941 4857 1024 4921 dicta
1057 4857 1279 4943 dampnatione
1295 4858 1452 4944 ferietur.
1499 4856 1646 4920 Fuerunt
1670 4857 1756 4920 enim
1780 4867 1854 4920 ante

204 4989 262 5029 ucis
286 4967 342 5052 qui
367 4965 451 5030 hoc*
475 4966 655 5029 niterentur
674 4963 824 5046 avellere,
842 4962 996 5027 videlicet
1012 4961 1211 5048 apostolicae
1227 4964 1315 5026 vitae
1333 4963 1502 5049 plantaria,
1520 4985 1601 5048 quos
1617 4964 1854 5048 acquiescimus

206 5073 408 5159 dampnatos,
440 5083 472 5136 et
501 5094 560 5136 uos
591 5070 768 5135 clementer
792 5095 811 5134 a
834 5069 1064 5155 dampnatione
1096 5070 1269 5151 seiunctos,
1294 5071 1350 5155 qui
1373 5069 1436 5134 boc
1459 5092 1523 5133 non
1546 5070 1679 5133 nitimur
1702 5067 1853 5148 avellere,

206 5181 282 5265 quia
305 5177 355 5242 his
379 5180 444 5243 iarn
468 5189 625 5260 antenus
650 5177 770 5242 evulsis
795 5177 859 5241 alia
882 5176 1038 5262 plantatio
1068 5199 1156 5240 nunc
1179 5175 1309 5240 videtur
1334 5175 1472 5258 florere,
1492 5177 1526 5239 in
1550 5199 1614 5263 qua
1638 5174 1757 5240 multae
1781 5187 1856 5240 sunt

158 5283 392 5371 reprobabiles
415 5307 584 5371 personae,
609 5307 704 5371 quae,
729 5285 756 5348 si
779 5307 866 5348 nunc
890 5293 999 5347 essent
1021 5283 1054 5346 in
1072 5305 1183 5347 eorum
1201 5281 1369 5347 aecclesiis
1385 5282 1453 5346 vita
1477 5282 1665 5369 apostolica,
1689 5305 1755 5346 non
1773 5283 1854 5348 nite-

311 5487 337 5538 ul
360 5487 410 5536 hnc
430 5505 450 5535 c.

314 5652 342 5720 1)
367 5649 468 5707 Anteri
491 5650 568 5725 epist.
594 5670 617 5704 r.
637 5651 665 5719 t,
690 5648 844 5708 Hinscbius
862 5668 894 5722 p.
916 5647 986 5704 155.
1094 5646 1124 5714 2)
1155 5646 1264 5703 Urbani
1288 5647 1380 5722 Epist.
1406 5647 1429 5716 Ι,
1455 5667 1477 5703 c.
1497 5647 1525 5706 3.
1557 5647 1711 5702 Hinscbius
1729 5668 1760 5722 p.
1782 5647 1852 5703 144.

207 5757 348 5826 &Ui
442 5755 577 5827 &Cb

276 5877 375 5928 labeni
395 5879 430 5928 do
449 5877 505 5928 lite.
535 5878 588 5927 111.
1607 5876 1640 5924 ‘l‘l
