4478 6396
448 386 510 448 194
738 392 918 448 GERHOHI
940 391 1175 447 PRAEPOSITI
1199 387 1606 446 Isalcnnssssnnsnnsls
1630 387 1795 443 LIBELLI.

445 579 495 644 his
519 582 727 660 instauretur,
752 580 811 642 etsi
837 577 942 642 nullus
967 601 1092 665 pauper
1115 579 1190 642 indc
1208 588 1371 665 pascatur,
1396 587 1504 640 tamen
1520 573 1749 639 nichilominus
1770 572 1945 638 anathema
1967 573 2107 636 incurrit

446 687 501 773 qui
526 698 640 751 contra
667 686 868 750 decimarum
894 685 1130 750 ordinationem
1155 685 1267 748 divina
1291 695 1323 748 et
1346 694 1484 769 paterna
1514 681 1758 746 confirmatione
1789 703 1848 766 per
1872 680 2050 766 euangelia
2075 693 2107 742 et

445 794 548 858 multa
571 792 709 858 concilia
733 803 927 878 patrumque
951 792 1083 856 decreta
1108 793 1330 856 confirmatam
1354 813 1473 854 novam
1497 788 1623 854 inducit
1639 787 1919 852 exordinationem
1944 785 2006 851 suh
2027 808 2106 850 ana-

446 901 599 981 themate,
625 910 659 963 ut
682 899 834 981 diximus,
859 898 1065 985 prohibitam.

558 1027 630 1088 163.
667 1023 833 1109 Quicquid
850 1025 936 1086 enim
953 1022 1012 1087 suh
1030 1024 1234 1088 anathemate
1260 1035 1386 1089 constat
1401 1020 1611 1108 prohibitum,
1636 1021 1663 1083 si
1687 1019 1748 1084 hoc
1773 1021 1915 1084 scienter
1930 1015 2140 1083 committi-'s

447 1141 500 1195 tur
523 1141 578 1195 aut
602 1131 790 1216 ignoranter
814 1131 1021 1194 commissum
1045 1131 1163 1212 statim,
1188 1153 1262 1195 eum
1286 1130 1384 1194 fuerit
1408 1129 1582 1214 cognitum,
1614 1150 1679 1191 non
1703 1126 1873 1206 deseritur,
1905 1126 1978 1189 sine
2003 1123 2107 1188 dubio

446 1240 591 1324 inportat
614 1237 787 1300 anathema
810 1234 1089 1322 presumptoribus
1114 1248 1147 1301 et
1169 1238 1203 1300 in
1220 1261 1279 1300 sua
1300 1237 1542 1323 presumptione
1565 1232 1772 1316 durantibus3
1798 1234 1926 1297 etiamsi
1943 1255 1999 1296 eos
2015 1255 2107 1296 nuuc

361 1367 429 1410 *rra
448 1346 482 1408 in
506 1367 565 1407 sua
588 1346 744 1408 societate
768 1342 884 1407 toleret
901 1353 1080 1407 conventus
1097 1342 1369 1424 aecclesiasticus,
1395 1344 1463 1406 sine
1483 1341 1595 1406 *dubio
1619 1363 1674 1405 eos
1698 1342 1732 1404 in
1747 1339 1860 1404 ultimo
1885 1340 2038 1404 examine
2065 1338 2107 1402 de

269 1474 428 1524 natanias.
448 1450 555 1515 medio
580 1452 630 1514 sui
654 1449 849 1514 auferendos
874 1460 1070 1536 expectans:
1096 1450 1226 1536 quando
1251 1454 1347 1516 raittet
1364 1451 1471 1514 Filius
1487 1451 1624 1514 hominia
1639 1451 1766 1536 angelos
1788 1473 1871 1527 auos,
1896 1462 1930 1512 at
1952 1448 2109 1534 colligant

449 1559 487 1622 de
511 1583 605 1646 capno
629 1561 696 1623 eiua
720 1561 825 1622 oretria
848 1557 1012 1622 acoredala.
1061 1555 1154 1621 Tunc
1185 1558 1247 1621 erit
1270 1556 1444 1620 anathema
1467 1555 1667 1636 maranatha,
1692 1553 1781 1640 qnod
1802 1576 1890 1618 nunc
1914 1576 1972 1639 pre
1997 1552 2107 1616 multi·
2130 1577 2155 1616 ro

449 1664 561 1728 tudine
586 1664 784 1728 zizaniorum
809 1674 963 1750 expectat
986 1663 1155 1728 aecclesia.

327 1793 430 1896 υᾞ·
559 1791 631 1852 164.
668 1787 847 1851 Videamus
871 1811 957 1851 nunc
982 1787 1083 1852 verba
1107 1787 1232 1852 Urbani
1264 1811 1368 1875 papae
1400 1799 1432 1852 et
1461 1789 1613 1873 martyris
1645 1786 1789 1851 terribile
1820 1785 1899 1850 illud
1929 1785 2108 1850 anathema

450 1905 563 1958 contra
593 1893 711 1959 milites
739 1904 771 1958 et
799 1894 975 1958 monachos
1000 1906 1032 1958 et
1056 1917 1167 1959 omnes
1198 1894 1419 1959 ordinatarum
1451 1893 1652 1958 decimarum
1683 1893 1931 1958 exordinatores
1961 1891 2106 1979 promul-

449 2003 574 2086 gantis:
599 2002 694 2082 Ilesl,
720 2003 833 2086 inquit,
859 2003 1028 2066 aecclesiae
1051 2029 1112 2066 area
1136 2005 1232 2088 quasi
1245 2005 1414 2089 propriae,
1437 2003 1494 2065 secl
1518 2017 1549 2065 nt
1571 2026 1745 2065 comparares
1769 2017 1798 2065 et
1820 2001 1957 2065 Doara'aa
1982 2002 2106 2064 obla-tae

450 2135 517 2172 cam
542 2134 661 2172 evernaco
686 2112 795 2172 tienne
819 2134 880 2171 rum
906 2111 938 2172 e'n
962 2110 1054 2188 alios,
1086 2134 1180 2194 pererra
1213 2112 1244 2172 [a
1262 2111 1412 2198 prefatos
1442 2135 1514 2173 resera
1537 2123 1609 2172 arsat
1623 2109 1767 2195 fideliter
1791 2107 2036 2194 dispensandae,
2069 2132 2106 2170 ne
2127 2127 2154 2168 ro

449 2217 616 2302 aacrr'lepie'
636 2230 756 2278 recentia
781 2217 946 2278 r'acarrant
968 2218 1026 2300 qni
1047 2241 1100 2280 eas
1124 2216 1197 2279 inde
1221 2217 1413 2297 abstrahunt,
1440 2219 1495 2280 nbi
1516 2216 1652 2280 traditae
1675 2230 1756 2296 erent,
1782 2230 1809 2278 et
1831 2216 1917 2301 quod
1929 2218 2027 2302 pelas
2051 2230 2105 2292 cst,

449 2323 615 2386 arinthenta
638 2323 826 2384 morrenatlro
842 2325 928 2408 fiant
951 2337 987 2400 ct,
1011 2325 1044 2386 si
1064 2347 1124 2386 reon
1148 2347 1288 2408 corpore,
1313 2339 1346 2388 nt
1360 2323 1507 2386 Arrarn'aa
1526 2337 1554 2386 et
1570 2323 1710 2408 Sapln'ra
1725 2323 1884 2410 fecerant,
1909 2325 1968 2407 qai
1989 2324 2108 2384 steort-ui

450 2429 638 2508 ceciderant,
662 2431 771 2492 attineo
796 2443 907 2509 tanaecn,
932 2455 990 2514 que
1006 2433 1117 2515 potiar
1141 2445 1185 2494 eset
1207 2454 1346 2516 corpere,
1379 2445 1499 2494 ntirrtaa-
1523 2445 1551 2494 et
1573 2431 1713 2494 alienato
1736 2455 1756 2492 a
1779 2433 1935 2493 concertio
1952 2429 2104 2516 fideliam

450 2536 575 2614 caelant,
600 2550 628 2599 et
651 2538 683 2599 t'a
704 2536 906 2622 profundunt
930 2539 1056 2600 breratri
1078 2538 1233 2601 icebantur.
1282 2536 1316 2600 Si
1340 2559 1417 2622 ergo
1442 2537 1534 2600 iuxta
1557 2536 1638 2599 haec
1660 2535 1762 2600 verba
1785 2535 1993 2620 sacrilegium
2017 2558 2103 2598 com·

450 2640 606 2704 mittendo
637 2642 811 2705 anathema
841 2642 1032 2705 maranatha
1061 2643 1231 2706 incurrunt
1259 2644 1314 2729 qui
1346 2665 1396 2706 res
1421 2642 1601 2706 aecclesiae
1632 2641 1708 2706 inde
1733 2641 1934 2724 abstrahunt,
1959 2641 2016 2706 uhi
2039 2651 2104 2705 tra·
2124 2667 2152 2704 so

450 2747 536 2810 ditae
562 2757 651 2812 sunt:
678 2748 755 2834 quid
780 2749 812 2811 in
837 2748 948 2812 ultimo
973 2749 1123 2812 examine
1148 2748 1304 2813 defendet
1327 2749 1513 2831 monachos,
1546 2772 1610 2813 non
1634 2748 1707 2813 dico
1731 2772 1818 2812 nunc
1843 2750 1991 2835 proprias
2016 2748 2103 2812 deci·

450 2877 519 2917 mas
544 2853 735 2935 detinentes,
767 2877 873 2940 neque
904 2856 990 2918 enim
1019 2855 1165 2920 decimae
1190 2857 1405 2942 requirendae
1430 2868 1546 2921 sunta
1570 2856 1737 2920 monachis
1762 2856 1801 2920 de
1825 2855 1996 2936 fructibus,
2021 2877 2104 2941 quos

450 2961 588 3047 propriis
614 2960 763 3025 manibus
787 2985 825 3026 ac
851 2961 1031 3048 sumptibus
1056 2961 1305 3045 elaboraverint,
1330 2965 1392 3026 nisi
1417 2975 1525 3027 essent
1548 2963 1623 3028 laici
1647 2975 1678 3027 et
1702 2962 1854 3026 inliterati
1880 2962 2031 3026 monachi
2055 2963 2103 3025 in-

450 3067 598 3152 digentes
623 3069 802 3132 ministerio
826 3067 979 3134 clericali.
1016 3069 1071 3134 Sic
1087 3069 1157 3133 fieri
1179 3069 1363 3156 approbant
1387 3071 1518 3157 qnidam
1536 3070 1673 3134 Romani
1698 3071 1867 3156 pontifices
1891 3071 2103 3134 monasterio-

450 3197 521 3237 rum
546 3187 638 3260 septa
661 3176 693 3237 in
720 3185 808 3239 tanta
831 3174 981 3238 libertate
1005 3189 1173 3262 ponentes,
1197 3187 1233 3240 ut
1256 3176 1358 3241 libere
1375 3177 1448 3240 Deo
1465 3178 1590 3264 possint
1605 3199 1734 3258 vacare,
1759 3177 1835 3241 licet
1855 3199 1965 3241 eorum
1990 3179 2150 3242 rusticias

451 3281 596 3344 decimas
627 3283 757 3345 omnino
788 3281 930 3345 debeant
960 3283 1146 3368 persolvere
1177 3283 1220 3347 ad
1247 3284 1435 3364 aecclesias,
1460 3283 1515 3348 ubi
1541 3307 1615 3348 suos
1639 3284 1779 3348 infantes
1803 3282 1981 3370 baptizant.
2030 3285 2102 3348 Non

451 3409 528 3472 ergo
553 3411 639 3452 nunc
662 3399 812 3452 notamus
837 3390 1012 3454 monachos
1035 3390 1088 3454 vel
1113 3393 1286 3456 canonicos
1311 3391 1454 3455 decimas
1485 3415 1527 3454 ex
1551 3392 1708 3477 permisso
1733 3391 1951 3455 Romanorum
1974 3391 2102 3477 pontifi-

451 3505 548 3557 cnm⁸
578 3496 725 3581 proprias
756 3495 953 3578 detinentes,
990 3496 1048 3560 sed
1078 3497 1119 3561 de
1151 3497 1257 3562 aliena
1287 3521 1343 3562 eas
1374 3509 1540 3584 portantes
1571 3497 1758 3584 parrochia,
1792 3496 1926 3562 forsitan
1958 3500 2004 3562 ita
2034 3498 2102 3562 lon-

450 3603 586 3687 ginqua,
618 3613 653 3666 ut
684 3602 853 3666 evidenter
883 3615 1053 3689 appareat,
1086 3604 1173 3690 quod
1204 3627 1311 3668 rerum
1341 3604 1426 3668 illins
1458 3605 1637 3669 aecclesiae
1671 3604 1713 3668 ad
1744 3604 1840 3668 aliam
1871 3607 2102 3690 transportatio
2177 3670 2182 3679 ,

450 3708 549 3772 nichil
575 3721 623 3773 est
647 3708 745 3790 aliud,
770 3733 865 3796 quam
892 3710 977 3792 inde,
1002 3709 1057 3774 ubi
1081 3711 1220 3775 traditae
1245 3711 1385 3794 fuerunt,
1411 3711 1551 3776 exitialis
1568 3710 1699 3792 ablatio,
1724 3711 1874 3796 neglecta
1890 3711 2044 3776 videlicet
2063 3735 2101 3776 ac
2122 3739 2148 3776 so

452 3814 616 3879 destructa
639 3815 704 3880 illie
729 3815 864 3902 speciali
889 3827 920 3880 et
944 3816 1087 3880 clericali
1111 3817 1242 3901 militia,
1273 3817 1359 3881 unde
1385 3817 1630 3882 *abstrahuntur
1660 3817 1744 3881 illins
1768 3818 1902 3882 militiae
1927 3819 2101 3905 stipendia.

451 3920 565 3984 Talem
589 3924 742 3986 nimirum
759 3922 958 3987 oblationum
982 3923 1178 3987 ablationem
1199 3924 1365 4010 predictus
1382 3948 1469 4011 papa
1493 3924 1699 4010 sacrilegium
1724 3927 1869 3989 nominat
1893 3937 1989 4012 atque
2014 3925 2100 3990 illam

452 4027 511 4091 sub
536 4028 741 4092 anathemate
766 4029 930 4115 dampnat.
979 4031 1029 4094 Dc
1054 4030 1115 4094 hac
1140 4032 1259 4094 iniusta
1283 4031 1484 4094 decimarum
1507 4033 1700 4118 pervasione
1725 4043 1868 4096 tractans
1894 4033 1952 4096 Ivo
1977 4034 2102 4119 episco-

451 4158 511 4220 pus
537 4133 747 4198 Carnutensis
778 4137 811 4198 in
835 4135 976 4222 quadam
1007 4161 1066 4200 sna
1090 4138 1248 4223 epistola²
1271 4138 1450 4224 periculum
1475 4138 1605 4224 quidem
1630 4138 1703 4202 talis
1727 4140 1909 4203 iniusticiae
1933 4153 2102 4225 aggravat,

452 4264 549 4327 quam
573 4241 750 4304 monachus
775 4265 839 4305 non
863 4242 1004 4306 milita-ns
1027 4243 1162 4308 militiae
1188 4246 1303 4330 stipem
1328 4256 1479 4330 usurpat:
1505 4245 1564 4308 sed
1586 4256 1694 4310 tamen
1719 4246 1780 4310 hoc
1796 4269 1862 4309 non
1879 4245 2050 4332 approbat,
2068 4263 2103 4311 ut
2121 4274 2147 4312 ss

452 4346 590 4410 subiecti
615 4346 787 4411 abbatibus
811 4350 961 4414 monachi
986 4373 1060 4414 suos
1085 4349 1221 4414 abbates
1245 4363 1378 4437 propter
1393 4352 1574 4416 istiusmodi
1598 4354 1890 4438 transgressionem
1906 4353 2100 4441 relinquant.

453 4453 580 4533 Quibus
604 4453 665 4518 hoc
690 4456 806 4540 poterit
831 4479 938 4520 coram
962 4457 1036 4521 Deo
1060 4459 1191 4520 veniam
1215 4457 1372 4540 obtinere,
1398 4461 1424 4522 si
1449 4460 1509 4524 hoc
1533 4459 1652 4523 malum
1678 4461 1819 4546 equitate
1843 4459 2045 4546 improbant3
2070 4474 2103 4526 et

453 4562 479 4623 si
502 4560 564 4624 hoc
589 4562 715 4624 artferre
741 4585 805 4625 ison
828 4575 973 4650 possunt,
999 4587 1072 4628 cum
1097 4564 1237 4628 discreta
1260 4565 1490 4630 reclamatione
1515 4565 1715 4652 subportant.
1752 4567 1891 4632 Videtur
1914 4579 2023 4632 autem
2040 4569 2102 4633 hoc

294 4691 432 4741 manas.
452 4667 516 4753 legi
541 4668 671 4732 divina-e
695 4691 754 4754 per
769 4670 907 4756 Moysen
931 4670 1004 4735 date
1030 4673 1215 4752 convenire,
1240 4694 1302 4757 que
1328 4673 1532 4737 morticinum
1552 4687 1687 4758 cogente
1712 4675 1905 4738 necessitate
1930 4677 2006 4738 sinit
2028 4698 2101 4761 por-

452 4775 524 4856 tari,
549 4776 596 4838 sic
621 4773 754 4857 scilicet,
779 4787 814 4839 ut
838 4778 873 4857 ia,
899 4779 954 4862 qiu
979 4779 1184 4840 morticinum
1208 4791 1323 4863 portat,
1348 4803 1412 4843 non
1436 4782 1499 4842 nisi
1519 4782 1720 4844 vestimentis
1745 4803 1830 4866 aqua
1853 4781 1936 4864 lotis,
1960 4781 2101 4846 mundus
2120 4809 2146 4846 so

452 4880 620 4945 habeatur.
669 4881 761 4946 Sicut
784 4894 815 4946 et
838 4882 890 4946 hic
914 4884 1092 4947 monachus
1123 4907 1183 4970 per
1209 4887 1436 4949 necessitatem
1467 4887 1651 4951 stabilitatis
1683 4888 1937 4969 conservandae,
1969 4901 2101 4976 portans

452 4987 586 5051 mortale
611 5012 675 5052 non
699 5011 719 5052 a
743 5012 786 5070 sc,
819 4989 876 5053 sed
900 4989 941 5053 ab
965 4990 1036 5053 aliis
1060 4990 1182 5054 factarm
1206 5003 1387 5076 peccatum,
1416 5016 1435 5057 a
1459 4993 1551 5057 nobis
1576 4994 1714 5058 mundus
1738 4995 1916 5058 iudicatur:
1942 4998 1969 5059 si
1992 5006 2102 5060 tamen

453 5117 551 5179 super
574 5094 635 5158 hac
659 5097 731 5181 ipsa
754 5098 948 5160 necessitate
973 5097 1085 5160 dolens
1109 5097 1251 5161 lacrimis
1275 5100 1539 5183 penitentialibus
1571 5101 1707 5182 lavatur,
1739 5101 1946 5188 lacrimisque
1970 5102 2023 5168 vel
2046 5127 2101 5189 ge-

453 5199 585 5264 mitibus
610 5201 731 5264 crebris
763 5226 822 5288 pcr
844 5206 1081 5284 necessitatem,
1110 5228 1173 5268 rien
1203 5228 1261 5290 per
1285 5205 1484 5272 voluntatens
1508 5230 1542 5271 se
1566 5209 1771 5272 morticinum
1794 5220 1924 5294 portare
1948 5219 2100 5293 testatur3

453 5318 488 5369 ut
516 5331 557 5370 ex
581 5309 651 5393 ipsa
683 5310 875 5372 necessitato
908 5310 1085 5373 secundum
1117 5310 1220 5396 legens
1245 5313 1310 5375 Dci
1335 5315 1463 5376 versiam
1495 5325 1666 5378 mereatur.
1715 5315 1828 5400 Neque
1859 5317 1946 5378 enim
1976 5314 2100 5403 absque
2120 5343 2146 5382 es

453 5416 647 5478 necessitate
679 5417 754 5478 sinit
784 5415 836 5478 lex
869 5418 1076 5480 morticinum
1100 5417 1151 5481 vel
1175 5420 1264 5503 tangi
1290 5419 1341 5482 vel
1366 5422 1497 5505 portari.
1546 5421 1640 5485 Unde
1673 5445 1737 5484 non
1761 5423 1867 5504 viden,
1894 5422 2032 5508 qualiter
2055 5423 2100 5488 illi

453 5520 569 5583 fratres
594 5535 625 5584 et
649 5523 788 5585 inanime
814 5525 1102 5608 congregationum
1134 5526 1383 5590 monasticarum
1415 5551 1472 5591 scu
1496 5531 1727 5592 canonicorum
1751 5529 1866 5616 prelati
1891 5530 2022 5594 valeant
2045 5554 2101 5595 ex-

560 5709 586 5756 a)
610 5705 728 5754 decimas
747 5705 807 5754 rabi.
820 5723 840 5754 c.

565 5851 592 5916 l)
619 5849 710 5924 Epist.
737 5850 776 5918 II,
802 5871 824 5905 c.
852 5851 880 5917 l,
906 5853 1058 5908 Hiascleius
1076 5873 1109 5928 p.
1132 5854 1201 5908 144.
1296 5855 1325 5924 2)
1353 5854 1400 5927 Qf.
1426 5857 1539 5912 Decrct.
1566 5856 1621 5927 III,
1648 5879 1669 5914 c.
1697 5858 1777 5928 284,·
1802 5859 1885 5928 XVI,
1911 5880 1933 5915 c.
1961 5861 2033 5916 338.
