4568 6428
822 432 871 485 DE
898 429 1185 486 OFFENDICULD.
1786 421 1827 482 53

177 626 236 694 est,
262 615 410 679 cordium
433 616 630 700 inspectori¹
655 630 840 681 reservatur
851 623 870 700 ²,
897 629 928 680 et
945 618 1053 680 onmia
1070 629 1273 680 sacramenta
1290 615 1331 680 ab
1349 639 1386 680 eo
1404 614 1550 680 exhibita
1573 626 1630 678 uta
1648 614 1688 678 ab
1706 615 1827 700 optimo

177 735 273 785 erunt
297 732 376 804 rata,
399 724 574 808 presertim
597 746 670 787 cum
694 722 736 786 ab
761 725 881 810 optimo
906 747 969 788 non
994 724 1204 787 meliorentur
1226 747 1287 787 nec
1312 745 1331 786 a
1354 725 1495 809 pessimo
1520 724 1715 808 peiorentur.
1762 721 1825 800 Qui

177 851 257 892 vero
282 843 393 892 contra
417 829 481 892 Dei
506 842 539 893 et
562 830 740 894 aecclesiae
772 831 918 895 instituta
941 828 1070 915 publice
1102 832 1134 893 in
1144 831 1157 868 ¹¹
1187 829 1409 894 inmundiciac
1442 829 1608 908 sordescit,
1641 830 1773 913 insuper
1796 839 1828 890 et

178 959 271 999 suam
294 935 561 1022 impudiciciam¹¹
584 936 739 1019 defendit,
772 937 824 1001 hic
851 943 898 1001 *ut
922 937 1070 1002 ethnicus
1094 937 1263 1001 habendus
1288 938 1358 1018 erit,
1390 949 1423 1000 et
1453 938 1562 999 onmia
1588 934 1772 1022 respuenda
1796 945 1828 997 et
1846 954 1928 993 *sna

139 1069 153 1106 s
178 1043 494 1128 proconculcanda0,
520 1067 603 1129 quac
627 1044 737 1107 fecits.

853 1172 905 1233 43.
949 1169 1007 1232 De
1038 1169 1150 1233 Iuda.

285 1291 449 1372 Quamdiu
474 1294 560 1357 enirn
585 1293 686 1357 Iudae
713 1295 835 1357 crimen
859 1294 961 1374 latuit,
993 1293 1117 1358 tamdiu
1140 1295 1173 1357 in
1199 1294 1360 1358 consortio
1385 1292 1603 1378 apostolorum
1627 1291 1827 1378 predicando

177 1411 209 1462 et
232 1398 428 1484 baptizando
453 1399 579 1480 claruit,
603 1423 680 1463 mox
703 1412 738 1464 ut
762 1401 888 1464 facinus
908 1403 977 1464 eius
995 1403 1108 1486 patuit,
1132 1401 1254 1464 nullam
1271 1401 1530 1464 communionem
1548 1423 1620 1464 cunr
1638 1401 1685 1462 eis
1703 1396 1824 1462 habuit.

176 1506 335 1586 Quamvis
359 1505 458 1569 Iudas
482 1517 570 1569 nont
593 1506 721 1592 legatur
745 1531 880 1571 uxorem
904 1505 1090 1588 habuisseh,
1121 1531 1183 1571 nec
1208 1507 1372 1571 dominica
1396 1517 1600 1570 sacramenta
1624 1504 1826 1586 celebrem-03

130 1639 157 1676 ro
175 1611 234 1676 sed
265 1636 338 1677 cum
369 1613 491 1698 polluta
521 1613 740 1677 conscientiai
771 1627 1009 1678 sacramentum
1038 1616 1230 1700 percipereb
1261 1615 1472 1700 presumpsit,
1506 1636 1583 1677 mox
1614 1611 1763 1676 diabolus
1794 1613 1827 1674 iu

176 1742 250 1782 eum
275 1720 439 1783 intravitl.
488 1720 583 1784 Unde
608 1743 740 1785 currens
765 1721 808 1784 ad
830 1719 982 1807 laqueum
1007 1745 1041 1784 se
1066 1721 1290 1806 strangulavit.

765 1920 817 1980 44.
861 1919 919 1981 De
951 1919 1240 2003 symoniacisl.

285 2041 349 2104 Hic
372 2040 507 2105 forsitan
532 2041 708 2127 queretis¹,
733 2041 810 2127 quid
835 2041 985 2106 videatur
1009 2041 1049 2106 dc
1074 2043 1280 2128 symoniacis.
1324 2042 1484 2105 Dominus
1509 2041 1600 2104 Iesus
1625 2053 1769 2103 ementes
1794 2051 1826 2102 et

175 2148 356 2211 vendentes
380 2147 421 2210 de
445 2148 565 2234 templo
589 2150 685 2212 eiecit
694 2160 723 2188 ¹¹¹·
734 2155 755 2213 ⁴.
803 2149 867 2213 Hic
899 2149 998 2213 dixit:
1032 2151 1144 2214 Gru-tels
1172 2153 1347 2236 (irrupistis,
1376 2152 1477 2235 partis
1509 2149 1600 2212 cloto!
1642 2147 1746 2230 Igitur
1770 2147 1996 2232 quitationes.

130 2286 156 2324 15
176 2253 357 2340 spiritualia
381 2255 466 2318 dona
489 2255 603 2318 vendit
625 2255 677 2318 vel
702 2257 788 2336 emit,
814 2279 897 2341 quae
914 2257 1075 2320 Dominus
1099 2258 1201 2341 gratis
1226 2255 1304 2319 dare
1329 2267 1361 2318 et
1384 2257 1534 2341 accipere
1559 2255 1715 2340 precepit,
1739 2252 1825 2317 hunc

176 2362 269 2425 Iesus
294 2361 333 2424 de
350 2361 469 2446 templo
494 2361 673 2425 aecclesiae
698 2364 806 2425 eicitn.
846 2362 979 2426 Modum
996 2375 1104 2426 autem
1121 2363 1311 2426 eiectiorris¹·¹
1337 2373 1537 2448 cognosce0:
1564 2359 1628 2440 Qui
1653 2361 1825 2446 pecuniam

176 2493 236 2554 pro
261 2467 427 2532 ordinibus
451 2470 581 2554 accipit,
612 2468 736 2555 lepram
767 2471 896 2533 animae
925 2493 998 2534 cum
1022 2471 1112 2534 Iezip
1136 2471 1272 2534 incurrit
1282 2475 1302 2532 ⁵.
1351 2469 1416 2549 Qui
1440 2481 1547 2532 autem
1572 2468 1744 2553 pecuniam
1768 2489 1825 2552 pro

176 2575 345 2639 ordinibus
376 2573 498 2657 dabitq,
531 2599 604 2639 curn
636 2575 778 2662 Symone
808 2577 841 2639 in
872 2577 1089 2662 perditionem
1121 2577 1212 2640 vadit
1223 2583 1244 2640 ’ἢ
1297 2575 1404 2640 Ambo
1435 2587 1543 2639 autem
1574 2575 1709 2638 heretici
1741 2585 1823 2637 sunt.

176 2683 323 2745 Heretiei
348 2693 455 2745 autem
481 2695 574 2746 extra
597 2683 791 2746 aecclesiam
822 2696 905 2764 sunt,
938 2685 1035 2769 quiar
1061 2683 1101 2747 ab
1127 2685 1214 2746 omni
1245 2683 1406 2748 aecclesia
1430 2681 1693 2746 anathematisati
1718 2691 1824 2744 sunt‘.

129 2823 157 2860 ξι,
180 2789 281 2852 Extra
312 2789 504 2852 aecclesiam
534 2811 612 2852 vcro
642 2790 740 2875 positi
765 2791 920 2875 Spiritum
952 2803 1099 2855 sanctum
1130 2814 1195 2854 non
1225 2789 1356 2854 habent.
1403 2790 1468 2853 Per
1492 2789 1649 2875 Spiritum
1677 2799 1823 2851 sanctum

177 2906 286 2960 autern
309 2895 405 2959 datur
427 2894 622 2959 benedictio.
669 2896 783 2980 Igitur,
808 2897 895 2982 ‹puod
919 2899 982 2983 ipsi
1006 2921 1069 2962 non
1094 2896 1224 2980 liabent,
1250 2897 1328 2960 nulli
1352 2895 1429 2960 dare
1453 2908 1613 2982 poterunt.
1662 2893 1728 2960 Sed
1752 2917 1825 2957 cum

177 3026 243 3066 non
273 3001 434 3066 habeant⁸
465 3001 737 3085 benedictionem,
769 3002 911 3068 dabuntt
945 3005 1064 3089 igitur¹¹
1096 3005 1366 3068 maledictionem.
1415 3003 1494 3083 *Qui
1525 3003 1623 3088 igitur
1653 3001 1826 3089 pecuniam
1844 3013 1935 3061 raar.

177 3133 236 3196 pro
260 3109 427 3173 ordinibus
452 3109 599 3192 offerunt,
624 3110 887 3175 maledictionem
911 3112 1083 3196 rccipiunt.
1130 3111 1218 3196 Ergo
1243 3135 1307 3174 non
1332 3111 1522 3192 consecrati,
1548 3109 1606 3173 sed
1630 3121 1704 3172 sunt
1727 3106 1824 3170 male-

177 3217 319 3281 dictione
343 3218 480 3302 gravati.
527 3217 632 3302 Igitur
661 3218 743 3281 tales
774 3218 929 3303 populum
959 3241 1024 3281 non
1055 3217 1262 3299 benedicunt,
1295 3217 1352 3280 sed
1377 3219 1482 3303 potius
1506 3216 1712 3280 maledicunt.
1761 3214 1825 3294 Qui

131 3356 158 3394 ες,
178 3335 285 3387 autern
317 3323 493 3387 aecclesias
525 3337 644 3404 emunt,
676 3348 741 3388 non
770 3347 829 3410 per
857 3326 974 3388 ostium
1002 3326 1132 3404 intrant,
1165 3324 1222 3388 sed
1253 3348 1326 3388 erun
1352 3325 1493 3410 Syrnone
1522 3323 1652 3387 aliunde
1684 3325 1715 3385 iu
1741 3320 1825 3384 ovile

178 3431 390 3494 ascenduntl.
437 3430 515 3494 Ideo
539 3431 627 3494 fures
652 3443 684 3495 et
707 3431 848 3495 latrones
873 3443 956 3495 sunt.
995 3433 1060 3512 Qui
1084 3455 1160 3495 voro
1186 3432 1361 3495 aecclesias
1385 3431 1438 3494 vel
1463 3430 1526 3494 alia
1551 3432 1724 3494 carismata
1748 3451 1824 3492 ven·
1859 3443 1862 3448 '

178 3537 268 3614 dunt,
294 3561 365 3601 cum
390 3537 472 3602 luda
496 3539 628 3602 Domini
653 3549 685 3602 et
709 3539 899 3620 aecclesiae,
932 3539 1075 3624 corporis
1100 3539 1181 3619 eius,
1211 3537 1384 3602 traditores
1411 3549 1494 3600 sunt.
1540 3536 1645 3622 Igitur
1668 3535 1824 3616 inmundi,

178 3669 252 3708 eum
276 3645 340 3707 sint
356 3643 498 3708 Christiv
523 3644 702 3708 adversarii
727 3657 759 3708 et
783 3644 904 3730 publici
928 3644 1036 3708 hostes
1054 3645 1128 3726 Dei,
1153 3643 1195 3708 ab
1212 3645 1325 3708 amicis
1342 3643 1406 3707 Dei
1431 3655 1506 3706 sunt
1524 3643 1629 3706 modis
1639 3653 1658 3678 W
1675 3641 1824 3706 omnibus

177 3751 378 3814 devitandi¹.
426 3751 614 3837 Syrnoniaci
638 3775 715 3816 vero
747 3775 820 3816 cum
850 3753 949 3833 fures,
981 3752 1131 3832 latrones,
1163 3751 1254 3836 lupiy
1278 3752 1544 3831 convincarrtrrr²,
1576 3773 1653 3813 oves
1684 3773 1825 3836 pascuae

132 3891 159 3929 aa
178 3859 266 3922 Dei⁸
289 3881 354 3922 non
378 3860 455 3922 eosb
480 3871 677 3945 sequantur⁰
703 3873 735 3923 et
757 3883 872 3923 vocem
897 3883 1007 3924 eorum
1031 3882 1096 3922 uon
1120 3859 1263 3940 audiant,
1296 3857 1354 3921 sed
1385 3881 1440 3920 eos
1469 3857 1661 3920 omnimodis
1689 3857 1824 3940 fugiant.

757 4058 808 4118 45.
852 4055 910 4118 De
943 4068 1066 4119 cantu
1097 4078 1244 4119 eorum.

285 4181 378 4243 Dicis
402 4181 529 4266 itaque:
555 4180 638 4243 ‘Non
663 4191 711 4244 est
727 4203 792 4244 vox
809 4179 946 4262 illorum,
972 4179 1029 4244 sed
1045 4181 1119 4262 Dei,
1145 4179 1232 4265 quod
1255 4179 1377 4264 legunt,
1402 4190 1542 4258 cantant,
1567 4177 1747 4263 predicant.
1784 4177 1826 4240 Et

178 4287 206 4348 si
230 4285 378 4350 diabolus
403 4286 549 4374 aliquid‘l
575 4285 652 4350 boni
677 4287 797 4350 dixerit
807 4297 830 4369 ⁰,
861 4311 926 4349 non
957 4288 1025 4351 eius
1056 4311 1132 4366 vox,
1165 4285 1223 4350 sed
1246 4285 1311 4349 Dei
1342 4297 1400 4364 est,
1432 4308 1506 4348 cum
1537 4307 1630 4348 simne
1662 4283 1782 4347 bonum
1807 4307 1826 4346 a

180 4395 251 4457 Deo
283 4393 349 4457 sit’.
396 4393 500 4458 Audi:
533 4393 657 4458 Verrmr
687 4405 745 4457 est.
793 4394 867 4457 Vox
892 4394 954 4457 Dei
988 4405 1046 4475 est,
1078 4417 1161 4478 quae
1193 4392 1314 4477 legunt,
1346 4402 1487 4472 cantant,
1519 4390 1698 4476 predicant.
1746 4390 1824 4454 Ideo

135 4611 160 4650 ³5
285 4593 312 4656 a)
335 4595 416 4644 velud
438 4596 464 4645 C.
539 4593 567 4656 b)
588 4596 653 4645 ‹leest
668 4596 694 4645 (Γ.
763 4593 788 4654 υ)
811 4596 968 4644 iununulieu
984 4603 1069 4659 proteu
1088 4612 1150 4643 wir.
1171 4595 1198 4644 ia
1218 4595 1386 4644 iuumndicia
1408 4595 1438 4642 .l.
1506 4591 1534 4654 d)
1557 4593 1732 4658 impudieiarn
1751 4609 1823 4648 corr..

179 4693 207 4732 ut
224 4685 329 4744 adlatur,
349 4703 415 4734 niort.
434 4685 542 4734 securata
560 4685 762 4750 impudiciciam
783 4686 815 4733 sl.
890 4687 915 4746 e)
938 4683 1124 4748 proculcanda
1143 4701 1206 4732 corr.
1227 4682 1402 4748 proroncule.
1423 4683 1461 4743 A,
1489 4681 1675 4748 proculcanda
1693 4680 1732 4742 B;
1760 4698 1825 4732 eou-

180 4772 315 4823 culeauda
334 4774 368 4823 D.
440 4775 461 4833 fl
485 4775 581 4823 fecerit
600 4774 638 4836 lt,
658 4775 725 4824 frueit
747 4775 773 4823 ζ’.
846 4774 873 4836 g)
895 4774 961 4822 ‹teesr
980 4773 1060 4832 .l.U,·
1083 4781 1166 4836 porteu
1185 4790 1305 4836 superarer.
1327 4767 1359 4820 d.
1433 4773 1460 4820 hl
1483 4787 1509 4820 u.
1529 4771 1554 4820 h.
1573 4771 1662 4831 deaO,
1682 4771 1724 4820 ›ea-t
1738 4779 1825 4834 prestera

179 4879 298 4925 superam
318 4879 371 4911 nou
390 4862 528 4912 habuisse.
636 4861 656 4916 ἰ)
678 4865 794 4912 scientia
812 4881 875 4912 mrr.
896 4864 1065 4912 ‹rorrscientiu
1085 4862 1117 4910 Il.
1228 4861 1255 4914 kl
1279 4863 1340 4911 intr.
1359 4863 1387 4910 in
1407 4877 1467 4910 eum
1490 4861 1516 4910 d.
1621 4859 1639 4921 l)
1663 4860 1776 4925 queritis
1799 4863 1826 4909 t.

180 4947 215 5004 ιη)
238 4952 301 4999 eicit
319 4969 382 4999 corr.
402 4969 469 5000 mern.
488 4952 596 5001 semiruta
615 4954 696 5001 eiecit
718 4953 755 5013 .·l;
785 4971 807 5000 u.
828 4953 852 5000 d.
874 4959 891 5000 t.
908 4953 934 5001 (.“.
1016 4959 1043 5004 u)
1066 4952 1130 5000 iceit
1154 4953 1180 4999 (ἲ
1254 4949 1281 5010 ο)
1304 4967 1422 5012 agriosco
1440 4951 1465 4998 l'.
1547 4948 1576 5015 p)
1599 4965 1660 4998 cum
1681 4950 1703 4997 I.
1722 4950 1772 4998 da.
1792 4948 1825 4998 B.

134 5057 161 5094 ro
180 5037 207 5103 ql
229 5041 333 5089 dederit
348 5041 375 5090 t'.
444 5043 466 5100 r)
488 5042 553 5104 quia
572 5043 606 5090 alr
627 5059 651 5092 o.
672 5059 695 5090 a.
717 5059 739 5090 a.
760 5048 821 5090 sunt
840 5041 890 5090 «les.
906 5042 938 5090 Ι),
1013 5043 1035 5094 s)
1059 5041 1159 5090 habent
1179 5057 1241 5088 corr.
1260 5041 1379 5090 habeant
1400 5041 1432 5089 .=l.
1505 5036 1526 5101 t)
1549 5039 1621 5088 dabu
1640 5055 1703 5088 corr.
1716 5055 1783 5087 naara.
1798 5041 1823 5087 2.

180 5130 283 5179 dabunt
303 5131 334 5177 Α.
369 5123 371 5127 ’
409 5127 437 5190 ιι)
460 5147 524 5194 ergo
544 5131 578 5179 1.
653 5131 679 5182 vl
701 5131 761 5180 (aaz.
782 5141 810 5179 ut
833 5131 859 5179 U.
932 5135 965 5180 ul
987 5131 1053 5178 deae
1069 5130 1094 5180 t'.
1114 5129 1156 5178 red
1172 5138 1228 5193 post
1247 5130 1372 5178 omuibus
1392 5130 1457 5177 duras
1475 5146 1548 5177 rusus
1565 5127 1743 5193 quiaquejbre
1762 5127 1825 5176 tiae-

179 5235 274 5266 rarum.
348 5227 374 5276 x)
397 5219 520 5268 devitant
538 5237 600 5268 συντ.
620 5237 687 5268 rursu.
708 5222 732 5268 2.
753 5220 892 5269 devitandi
914 5221 946 5268 ,1.
1028 5227 1056 5283 yl
1078 5219 1137 5267 subl.
1158 5235 1218 5268 casse
1240 5220 1266 5267 (3.
1346 5227 1370 5278 a)
1392 5218 1452 5266 odd.
1473 5235 1519 5268 eos
1541 5216 1574 5279 0;
1603 5217 1771 5266 circumeant
1790 5217 1825 5265 J).

181 5305 208 5366 a)
228 5307 293 5356 aaa
313 5309 340 5357 (J.
396 5305 423 5366 b)
444 5307 517 5368 (least,
536 5309 578 5357 red
595 5317 679 5373 postea
696 5326 816 5372 ›torpeat-r.
838 5327 903 5357 eruin.
924 5311 947 5358 2.
969 5309 1007 5368 .l;
1029 5309 1079 5357 Dei
1100 5325 1146 5358 eos
1166 5325 1219 5358 non
1243 5308 1272 5356 ll.
1328 5309 1354 5366 cl
1376 5315 1527 5370 sequuntur
1545 5323 1607 5356 corr.
1628 5311 1778 5369 sentiantur
1799 5305 1826 5354 0.

181 5393 209 5450 εἰ)
231 5395 328 5460 aliquit
349 5395 379 5445 lt.
452 5394 478 5456 el
501 5397 609 5446 diruerit
627 5398 739 5447 rrulerulo
757 5415 820 5446 «sorr.
841 5398 940 5446 dixerit
960 5399 993 5446 .=l.

136 5603 162 5642 45
290 5579 318 5647 1)
338 5579 421 5634 Pron.
440 5579 556 5648 24,12.
628 5579 657 5644 2)
678 5581 725 5650 Cf
742 5577 845 5637 Clurcr'l.
864 5579 998 5635 Narenos.
1017 5599 1039 5634 r.
1058 5578 1086 5634 9.
1105 5580 1153 5633 lll.
1218 5579 1247 5645 3)
1267 5575 1315 5648 Ql'.
1338 5573 1499 5652 Fulprulius
1522 5577 1555 5633 de
1571 5574 1633 5654 fide
1657 5577 1699 5632 ad
1713 5574 1826 5632 Petrum

182 5705 204 5740 c.
223 5684 261 5738 82
288 5681 448 5760 (Arrpustr‘ui
470 5709 534 5760 resep.
560 5687 602 5741 at.
630 5687 727 5742 allorum
749 5686 795 5742 VI.
821 5685 848 5741 r‘u
873 5687 947 5760 App.
970 5707 1000 5760 p.
1022 5681 1083 5759 19).
1171 5687 1201 5752 ll
1229 5685 1330 5740 llarrt.
1358 5684 1408 5752 21,
1426 5684 1457 5737 lt
1477 5704 1518 5758 sq.
1604 5682 1635 5751 5)
1661 5684 1689 5739 4.
1708 5683 1777 5758 fleg.
1797 5683 1825 5737 5.

183 5793 213 5856 6)
238 5793 297 5848 Au.
324 5793 352 5861 8,
370 5795 381 5846 l
399 5813 440 5866 sq.
533 5794 562 5860 ἴ)
591 5793 648 5848 lolr.
669 5795 717 5862 lb,
736 5795 746 5846 l
765 5815 806 5866 sp.
