4478 6396
453 389 518 450 202
745 394 924 450 GERHOHI
949 393 1180 450 vltaffi’oslvl
1204 392 1613 449 REICHERSBERGENSIS
1638 393 1802 447 LIBELLI.

453 583 522 668 ipse
548 580 588 644 de
611 581 707 666 longe
732 582 879 667 aspicere
903 605 968 644 non
992 605 1062 645 sum
1087 580 1215 666 dignus
1263 581 1332 646 Nec
1357 582 1400 646 ad
1416 605 1489 646 eam
1513 579 1736 666 aspiciendam
1752 579 1958 666 aliquatenus
1975 579 2113 642 fuissem

452 689 623 769 admissus,
647 689 709 752 nisi
734 688 820 774 quod
844 709 920 773 sepe
944 687 1098 773 indignus
1122 711 1160 751 ac
1178 687 1322 772 degener
1337 712 1461 770 servus,
1486 711 1551 752 non
1568 686 1771 752 dominorum
1787 709 1935 750 mensam
1951 696 2112 766 tacturus,

362 821 390 859 ο.
428 794 512 860 .scd
534 795 690 858 ministris
715 795 822 880 dignis
847 795 888 858 ad
907 817 1054 858 mensam
1078 793 1312 859 accedentibus
1336 795 1459 882 aliquid
1483 807 1556 881 post
1579 805 1729 880 tergum⁸
1755 793 2055 858 'administraturus
2080 792 2115 854 in

454 913 632 988 conspectu
655 901 858 965 dominorum
881 901 1070 965 admittitur.
1108 901 1173 981 Qui
1197 913 1306 966 tamen
1330 925 1388 966 suo
1406 903 1583 966 ministerio
1604 901 1763 988 completo
1788 923 1899 964 rursus
1924 898 1967 963 ad
1984 911 2114 962 stercus

452 1007 648 1095 portandum
673 1007 724 1072 vel
748 1007 836 1071 aliud
860 1007 924 1071 vile
950 1007 1092 1072 officium
1116 1008 1195 1072 foris
1220 1009 1449 1095 exequendum
1478 1007 1674 1072 destinatur:
1705 1029 1767 1071 nec
1798 1017 1847 1070 est
1876 1006 1923 1070 illi
1953 1006 2048 1070 locus
2081 1005 2114 1067 in
2139 1027 2152 1065 s

454 1117 605 1180 convivio
623 1115 678 1202 qui
694 1116 752 1178 vix
775 1137 832 1200 pro
854 1116 904 1178 sui
927 1114 1062 1178 feditate
1087 1115 1129 1178 ad
1152 1115 1265 1179 horam
1291 1139 1310 1179 a
1334 1113 1584 1180 convivantibus
1601 1116 1757 1201 aspicitur
1781 1115 1878 1178 etiam
1903 1115 1936 1176 in
1961 1123 2114 1176 extremo

453 1223 643 1287 ministeriu.
691 1221 813 1285 Verum
839 1223 866 1284 si
888 1223 1037 1285 minister
1067 1221 1185 1308 dignus
1217 1235 1248 1286 et
1279 1223 1427 1304 decorus,
1449 1211 1509 1286 ¹cui
1538 1220 1761 1285 subministrat
1784 1220 1938 1306 indignus
1963 1231 1995 1283 et
2019 1218 2114 1282 inde-

453 1352 559 1412 corus,
584 1328 724 1392 divertet
748 1327 789 1393 ab
806 1327 958 1392 oneribus
983 1327 1115 1392 dorsum
1132 1330 1212 1411 eius,
1237 1353 1277 1393 ne
1301 1353 1416 1394 manus
1441 1329 1510 1393 eius
1535 1329 1568 1391 in
1586 1328 1735 1415 cophino,
1752 1351 1829 1391 vaso
1847 1326 1973 1390 scilicet
1989 1337 2114 1389 sterco-

453 1437 550 1518 rario,
575 1437 729 1517 serviant,
754 1434 811 1499 sed
836 1434 1074 1499 honestioribus
1099 1435 1282 1500 actionibus
1304 1447 1483 1522 occupatae
1499 1435 1667 1499 feditatem
1690 1434 1730 1498 de
1748 1445 1889 1499 stercore
1907 1445 2115 1498 contractam

453 1543 658 1629 aliquatenus
682 1541 833 1606 exuendo
857 1541 1133 1628 pulchritudinem
1162 1553 1340 1624 assumant,
1368 1542 1439 1606 fieri
1465 1553 1580 1628 potest,
1605 1542 1697 1605 utin
1720 1563 1839 1627 magno
1864 1539 2114 1604 convivantium
2137 1563 2163 1600 io

453 1671 587 1713 numero
619 1650 733 1713 saltem
763 1650 974 1713 novissimum
997 1649 1105 1712 locum
1130 1661 1256 1712 teneat:
1289 1673 1385 1736 quern
1409 1650 1498 1735 prius
1522 1648 1641 1712 feditas
1665 1647 1844 1714 excludens
1868 1649 1924 1710 vix
1948 1659 2023 1732 post
2049 1657 2114 1709 ter-

453 1757 552 1841 gumb
576 1757 788 1820 ministrantis
812 1778 915 1841 usquc
939 1755 981 1818 ad
1005 1755 1103 1818 limen
1127 1755 1180 1818 vel
1204 1779 1319 1842 parum
1343 1755 1428 1820 ultra
1451 1755 1550 1819 limen
1573 1757 1706 1820 introire
1731 1753 1868 1819 sinebat.

564 1883 636 1944 182.
672 1881 724 1945 Tu
747 1882 868 1966 itaque,
892 1903 910 1942 o
935 1891 1037 1966 pater,
1063 1903 1136 1944 cum
1162 1881 1206 1942 sis
1231 1880 1317 1944 Deie
1343 1881 1489 1944 minister
1512 1880 1629 1966 dignus
1661 1891 1692 1944 et
1722 1879 1870 1960 decorus,
1902 1879 1954 1942 cui
1987 1877 2113 1964 placuit

453 1988 487 2051 in
510 2010 562 2050 me
586 1988 705 2050 misero
728 1985 850 2049 habere
874 1985 1198 2068 subministratorem,
1224 1988 1280 2074 qui
1304 2009 1365 2051 nee
1389 1987 1507 2072 dignus
1532 1999 1664 2051 estnec
1693 1986 1847 2068 decorus,
1880 2009 1941 2070 age
1973 1983 2111 2065 orando,

453 2117 513 2181 age
539 2093 715 2180 operando,
739 2093 858 2178 dignus
882 2116 940 2180 pro
964 2093 1109 2179 indigno,
1134 2093 1355 2158 sanctificatus
1376 2117 1434 2180 pro
1452 2093 1590 2181 polluto:
1615 2117 1655 2157 ne
1680 2093 1721 2157 de
1745 2091 1800 2158 illo
1825 2092 1963 2174 edificio,
1989 2091 2029 2155 de
2055 2090 2111 2155 illo
2134 2115 2159 2152 rs

452 2201 536 2264 infra
560 2200 621 2265 hoo
646 2199 809 2264 editicium
834 2201 1077 2264 convivantium
1101 2224 1246 2282 numere,
1272 2224 1369 2289 quern
1385 2199 1444 2265 tibi
1462 2200 1710 2265 subministrans
1727 2199 1934 2286 aliquatinus,
1951 2209 2110 2285 quantum

452 2307 611 2394 lippitudo
635 2331 708 2370 mea
731 2306 925 2394 patiebatur,
943 2308 1021 2390 vidi,
1047 2309 1176 2394 penitus
1202 2307 1359 2372 excludar
1382 2318 1480 2393 atque
1504 2308 1538 2370 in
1555 2330 1653 2394 opere
1678 2309 1839 2388 stercoris,
1863 2303 2024 2370 inlabere
2049 2305 2110 2368 luti

452 2425 484 2478 ct
508 2413 627 2492 lateris,
651 2424 748 2500 prout
770 2414 888 2478 feditas
913 2427 945 2478 et
968 2414 1160 2500 improbitas
1185 2439 1257 2479 mea
1279 2417 1393 2500 exigit,
1418 2413 1600 2500 relinquar:
1625 2415 1683 2478 sed
1707 2414 1861 2478 admittar
1884 2423 1915 2477 et
1938 2414 2110 2499 permittar

453 2519 566 2584 saltem
590 2522 623 2584 in
646 2523 823 2584 novissimo
847 2521 918 2584 loco
942 2523 1154 2585 novissimum
1179 2521 1264 2586 diem
1282 2532 1469 2608 expectare,
1495 2520 1662 2585 confidens
1686 2545 1738 2584 me
1762 2519 1964 2602 salvandum,
1988 2542 2055 2583 uon
2075 2520 2108 2582 in

452 2648 526 2689 mea
549 2628 688 2708 iusticia,
713 2627 771 2690 sed
794 2628 828 2691 in
852 2629 969 2691 summi
993 2629 1093 2714 patris
1117 2628 1245 2692 infinita
1260 2629 1469 2694 miseratione
1489 2651 1548 2715 per
1562 2629 1671 2692 lesum
1688 2627 1852 2692 Christum
1876 2627 1977 2690 filium
2002 2649 2107 2708 suum,
2128 2650 2155 2687 so

452 2731 617 2797 dominum
649 2746 803 2816 nostrum,
833 2736 885 2798 cui
909 2757 975 2798 una
999 2758 1071 2798 cum
1097 2735 1221 2822 Spiritu
1245 2747 1356 2800 sancto
1388 2745 1438 2799 est
1467 2735 1571 2800 honor
1598 2747 1631 2798 et
1654 2735 1757 2821 gloria
1787 2735 1819 2798 in
1844 2733 1955 2797 secula
1983 2731 2107 2797 seculo-

451 2863 533 2904 rum.
579 2840 696 2904 Amen.

1253 3375 1301 3448 ΙΙ.

450 3530 730 3618 EPISTOLA
761 3531 841 3615 AD
867 3529 1278 3617 INNOOENTlUM
1304 3531 1500 3615 PAPAM
1526 3533 1693 3619 Missa
1722 3529 1862 3632 QUID
1891 3531 2106 3618 DISTET

599 3666 779 3752 INTER
810 3664 1092 3754 CLERIOOS
1126 3667 1460 3754 SECULARES
1491 3669 1568 3753 ET
1599 3667 1958 3754 REGULARES.
2125 3719 2151 3758 a

559 3836 732 3924 Dialogues
750 3840 829 3900 later
844 3838 1037 3900 saeculorem
1057 3852 1086 3900 et
1104 3839 1279 3925 repuleram
1297 3839 1445 3902 clericum
1464 3837 1601 3918 Gerlach,
1624 3841 1684 3923 qut'
1704 3853 1767 3902 tum
1791 3840 1824 3902 io
1841 3837 2111 3904 Ilur'tenbuchenst’

451 3943 587 4006 edrrtstro
616 3943 774 4028 depebotl,
805 3969 833 4006 a.
856 3945 948 4006 1131.
983 3946 1104 4007 inertiae
1127 3943 1308 4009 Innocentio
1331 3943 1378 4007 II.
1404 3968 1514 4030 pupae
1544 3947 1640 4026 tussit,
1672 3971 1741 4009 curn
1771 3944 1991 4009 adversariam
2017 3945 2105 4010 Aou-

451 4051 560 4113 cletem
593 4049 729 4112 auridum
752 4049 855 4113 Bouto
886 4051 1064 4135 expedisset,
1095 4051 1200 4115 eodem
1218 4053 1295 4139 fere
1319 4066 1464 4137 teotpore,
1496 4076 1556 4137 quo
1580 4051 1736 4117 Leodiam
1753 4055 2012 4139 proficisceretur
2022 4057 2044 4132 ²,
2074 4067 2107 4116 ut

451 4181 518 4220 (euru
545 4159 732 4242 [inperatore
756 4159 939 4220 corrocm‘ret.
986 4156 1078 4238 Petit,
1103 4172 1136 4220 ut
1159 4157 1196 4221 de
1220 4159 1329 4244 repeda
1357 4161 1578 4222 canonicorum
1601 4159 1759 4224 ser-cunda
1782 4175 1810 4224 et
1832 4162 1937 4247 ripe-re
1960 4160 2105 4223 ecclesiu-

450 4265 527 4326 stieo
551 4263 740 4326 restituendo
763 4264 872 4328 saltem
897 4265 1010 4327 litteris
1033 4279 1188 4328 duetorem
1213 4266 1251 4327 ab
1273 4264 1472 4330 aduersariis
1495 4281 1638 4330 cerotum
1654 4267 1829 4331 ‹tdittooret
1869 4267 1939 4344 Quo
1955 4267 1994 4330 de
2009 4291 2106 4330 carrea
2124 4295 2150 4332 so

451 4369 532 4454 quid
554 4369 646 4434 (distet
668 4372 750 4432 inter
772 4372 933 4457 reputares
956 4385 985 4434 et
1005 4372 1162 4435 seculares
1187 4372 1317 4435 clericos
1342 4372 1468 4458 (lr'clopr'
1481 4374 1597 4460 forino
1618 4375 1729 4460 fusius
1752 4377 1886 4459 seponit.

561 4475 653 4552 Quod
668 4477 850 4560 optesoalroa
866 4477 972 4542 codice
989 4477 1041 4541 lot.
1060 4477 1102 4541 M
1104 4502 1211 4541 onoc.
1233 4480 1339 4540 15512
1366 4479 1449 4561 (Ros.
1468 4481 1534 4564 12),
1559 4481 1605 4560 8⁰,
1629 4482 1706 4544 mbr.
1724 4505 1804 4545 suec.
1823 4479 1904 4561 XII,
1921 4483 1956 4568 f.
1975 4483 2102 4544 3-54.

450 4597 644 4646 asserentem
666 4583 823 4662 habentus,
848 4584 952 4646 eodem
976 4609 1066 4669 quera
1089 4583 1159 4664 Pez,
1181 4583 1212 4646 T
1209 4585 1270 4648 hee.
1288 4585 1438 4649 Aaecdot.
1465 4601 1483 4650 t.
1508 4585 1557 4666 II,
1574 4610 1610 4671 p.
1630 4588 1662 4666 2,
1686 4589 1741 4650 col.
1761 4590 1824 4651 437
1842 4613 1908 4673 sqq.
1935 4591 2105 4673 aspirasset,

451 4691 577 4752 iteravit
599 4688 719 4776 Ms’qrte,
743 4688 861 4753 Petrol.
888 4691 940 4754 lut.
966 4705 985 4754 t.
1006 4693 1079 4771 193,
1104 4692 1160 4755 eol.
1182 4693 1416 4756 1375—1426.

610 4813 899 4900 Arperrtoratt',
924 4841 952 4877 o.
974 4817 1068 4896 1895,
1093 4841 1195 4880 meuse
1220 4814 1323 4880 Iunio.
1771 4818 1811 4881 Ε.
1838 4818 2035 4883 SACKUR.
2123 4846 2149 4886 so

558 5027 585 5092 a)
606 5033 744 5096 p‘tergurn
764 5048 784 5080 c.
858 5028 886 5094 b)
909 5037 1038 5096 posterga
1056 5050 1076 5082 c.
1151 5030 1176 5094 e)
1199 5033 1231 5083 ds
1250 5051 1270 5084 c.

561 5210 589 5281 1)
617 5211 714 5288 Myos
738 5214 787 5269 col.
809 5212 902 5269 1415.
1011 5211 1041 5280 2)
1065 5212 1140 5269 Ibid.
1166 5215 1216 5270 col.
1237 5213 1338 5268 1423:
1363 5223 1395 5269 ut
1419 5217 1446 5270 in
1470 5217 1601 5288 proximis
1625 5225 1655 5273 te
1680 5219 1813 5274 veniente
1839 5220 1875 5274 ad
1897 5220 2104 5276 Laudicensem

450 5320 547 5374 urbem
578 5337 633 5374 uon
663 5337 747 5374 ausus
777 5320 878 5375 fuerim
901 5320 998 5375 venire
1029 5321 1066 5375 ad
1088 5321 1235 5376 visendam
1265 5328 1353 5390 tuam,
1383 5331 1478 5395 pater,
1508 5326 1701 5407 praesentiam
1728 5326 1957 5382 desiderabilem.
2005 5325 2107 5383 Leods'i

450 5433 575 5480 reseratus
591 5434 631 5481 cet
645 5424 824 5482 Irraoeentius
842 5425 931 5481 illart.
951 5425 991 5480 22
1008 5456 1051 5464 -—
1068 5425 1160 5501 April.
1179 5426 1207 5483 2.
1233 5447 1260 5484 a.
1278 5428 1358 5484 1131
1369 5451 1380 5499 ;
1404 5429 1444 5501 cs.
1461 5429 1555 5503 Jafft,
1579 5431 1704 5508 Repertis
1714 5441 1796 5508 pout.
1821 5433 1864 5489 ed.
1883 5431 1912 5504 2,
1935 5432 1960 5503 Ι,
1976 5453 2010 5508 p.
2029 5432 2103 5490 847.

449 5561 492 5569 -
516 5532 599 5588 Anno
622 5533 772 5604 preterito,
802 5532 862 5588 scil.
893 5552 921 5588 α.
942 5531 1036 5602 1130,
1062 5530 1132 5603 Oct,
1165 5533 1305 5592 Walterus
1335 5535 1462 5611 archiep.
1492 5536 1649 5595 Ravennae
1678 5538 1853 5597 Rotisbonae
1882 5541 1990 5617 legatus
2016 5539 2104 5597 Iuno·
2122 5561 2149 5598 so

450 5637 532 5694 centii
547 5638 627 5710 sait‚·
658 5639 697 5710 cs.
724 5639 773 5694 col.
796 5637 888 5694 1406.
913 5637 1043 5714 Denique
1067 5659 1126 5695 cura
1150 5639 1254 5697 libellus
1278 5650 1499 5716 corrmoaeretur,
1526 5641 1605 5701 Οιιηο
1636 5644 1780 5720 spiscopus
1803 5645 2025 5717 Rutisbonensie,
2056 5647 2106 5722 qui

450 5764 478 5800 α.
499 5744 593 5801 1132.
618 5745 691 5815 obiit,
717 5745 875 5801 etiamnunc
897 5753 1038 5820 mtperstes
1055 5745 1134 5817 stat,
1159 5747 1199 5818 rs.
1226 5749 1276 5804 col.
1297 5747 1391 5804 1397.
