<?xml version="1.0" encoding="UTF-8"?>
<!DOCTYPE html PUBLIC "-//W3C//DTD XHTML 1.0 Transitional//EN"
    "http://www.w3.org/TR/xhtml1/DTD/xhtml1-transitional.dtd">
<html xmlns="http://www.w3.org/1999/xhtml" xml:lang="en" lang="en">
 <head>
  <title>
</title>
<meta http-equiv="Content-Type" content="text/html;charset=utf-8" />
  <meta name='ocr-system' content='tesseract 3.04.00' />
  <meta name='ocr-capabilities' content='ocr_page ocr_carea ocr_par ocr_line ocrx_word'/>
</head>
<body>
  <div class='ocr_page' id='page_1' title='image "./monumentagerman00unkngoog_0454.png"; bbox 0 0 4396 6390; ppageno 0'>
   <div class='ocr_carea' id='block_1_1' title="bbox 453 419 1804 482">
    <p class='ocr_par' dir='ltr' id='par_1_1' title="bbox 453 419 1804 482">
     <span class='ocr_line' id='line_1_1' title="bbox 453 419 1804 482; baseline -0.005 0"><span class='ocrx_word' id='word_1_1' title='bbox 453 419 518 482; x_wconf 84' lang='grc'>490</span> <span class='ocrx_word' id='word_1_2' title='bbox 746 425 927 482; x_wconf 82' lang='lat' dir='ltr'>GERHOHI</span> <span class='ocrx_word' id='word_1_3' title='bbox 949 423 1183 481; x_wconf 79' lang='lat' dir='ltr'>PRAEPOSITI</span> <span class='ocrx_word' id='word_1_4' title='bbox 1206 419 1613 479; x_wconf 79' lang='lat' dir='ltr'><strong>REICHERSBERGENSIS</strong></span> <span class='ocrx_word' id='word_1_5' title='bbox 1637 419 1804 475; x_wconf 86' lang='lat' dir='ltr'><strong>LIBELLI.</strong></span> 
     </span>
    </p>
   </div>
   <div class='ocr_carea' id='block_1_2' title="bbox 275 607 2151 3047">
    <p class='ocr_par' dir='ltr' id='par_1_2' title="bbox 275 607 2100 699">
     <span class='ocr_line' id='line_1_2' title="bbox 275 607 2100 699; baseline -0.004 -22"><span class='ocrx_word' id='word_1_6' title='bbox 275 635 434 684; x_wconf 68' lang='lat' dir='ltr'>minuas.</span> <span class='ocrx_word' id='word_1_7' title='bbox 454 613 542 695; x_wconf 93' lang='lat' dir='ltr'>dicit,</span> <span class='ocrx_word' id='word_1_8' title='bbox 566 610 759 677; x_wconf 74' lang='lat' dir='ltr'>rationabile</span> <span class='ocrx_word' id='word_1_9' title='bbox 785 609 976 699; x_wconf 81' lang='lat' dir='ltr'>obsequium</span> <span class='ocrx_word' id='word_1_10' title='bbox 999 613 1033 676; x_wconf 90' lang='lat' dir='ltr'>in</span> <span class='ocrx_word' id='word_1_11' title='bbox 1050 611 1169 676; x_wconf 87' lang='lat' dir='ltr'>divinis</span> <span class='ocrx_word' id='word_1_12' title='bbox 1187 611 1301 676; x_wconf 86' lang='lat' dir='ltr'>officiis</span> <span class='ocrx_word' id='word_1_13' title='bbox 1318 610 1390 696; x_wconf 90' lang='lat' dir='ltr'>plus</span> <span class='ocrx_word' id='word_1_14' title='bbox 1407 611 1491 674; x_wconf 89' lang='lat' dir='ltr'>iusto</span> <span class='ocrx_word' id='word_1_15' title='bbox 1508 608 1617 693; x_wconf 85' lang='lat' dir='ltr'>magni</span> <span class='ocrx_word' id='word_1_16' title='bbox 1641 607 1764 692; x_wconf 85' lang='lat' dir='ltr'><strong>pendit.</strong></span> <span class='ocrx_word' id='word_1_17' title='bbox 1809 607 1926 687; x_wconf 87' lang='lat' dir='ltr'>Venite,</span> <span class='ocrx_word' id='word_1_18' title='bbox 1950 607 2100 692; x_wconf 87' lang='lat' dir='ltr'>inquiunt,</span> 
     </span>
    </p>

    <p class='ocr_par' dir='ltr' id='par_1_3' title="bbox 453 713 2101 806">
     <span class='ocr_line' id='line_1_3' title="bbox 453 713 2101 806; baseline -0.005 -21"><span class='ocrx_word' id='word_1_19' title='bbox 453 721 634 786; x_wconf 84' lang='lat' dir='ltr'>occidemus</span> <span class='ocrx_word' id='word_1_20' title='bbox 656 745 723 784; x_wconf 85' lang='lat' dir='ltr'>enm</span> <span class='ocrx_word' id='word_1_21' title='bbox 749 734 778 784; x_wconf 89' lang='lat' dir='ltr'>et</span> <span class='ocrx_word' id='word_1_22' title='bbox 799 719 962 784; x_wconf 79' lang='lat' dir='ltr'>videamus</span> <span class='ocrx_word' id='word_1_23' title='bbox 985 719 1067 805; x_wconf 81' lang='lat' dir='ltr'>qnid</span> <span class='ocrx_word' id='word_1_24' title='bbox 1085 722 1211 806; x_wconf 82' lang='lat' dir='ltr'>prosint</span> <span class='ocrx_word' id='word_1_25' title='bbox 1233 720 1289 784; x_wconf 80' lang='lat' dir='ltr'>itti</span> <span class='ocrx_word' id='word_1_26' title='bbox 1308 721 1431 783; x_wconf 86' lang='lat' dir='ltr'>somnia</span> <span class='ocrx_word' id='word_1_27' title='bbox 1454 742 1522 782; x_wconf 84' lang='lat' dir='ltr'>sna.</span> <span class='ocrx_word' id='word_1_28' title='bbox 1559 714 1663 796; x_wconf 79' lang='lat' dir='ltr'>Quasi</span> <span class='ocrx_word' id='word_1_29' title='bbox 1678 737 1755 778; x_wconf 90' lang='lat' dir='ltr'>vero</span> <span class='ocrx_word' id='word_1_30' title='bbox 1772 737 1831 801; x_wconf 87' lang='lat' dir='ltr'>pro</span> <span class='ocrx_word' id='word_1_31' title='bbox 1848 713 1986 778; x_wconf 88' lang='lat' dir='ltr'>somniis</span> <span class='ocrx_word' id='word_1_32' title='bbox 2009 713 2101 778; x_wconf 84' lang='lat' dir='ltr'>inani-</span> 
     </span>
    </p>

    <p class='ocr_par' dir='ltr' id='par_1_4' title="bbox 452 820 2101 911">
     <span class='ocr_line' id='line_1_4' title="bbox 452 820 2101 911; baseline -0.005 -20"><span class='ocrx_word' id='word_1_33' title='bbox 452 824 514 891; x_wconf 91' lang='lat' dir='ltr'>bus</span> <span class='ocrx_word' id='word_1_34' title='bbox 539 837 571 890; x_wconf 92' lang='lat' dir='ltr'>et</span> <span class='ocrx_word' id='word_1_35' title='bbox 592 827 710 890; x_wconf 81' lang='lat' dir='ltr'>vanis·</span> <span class='ocrx_word' id='word_1_36' title='bbox 741 823 894 890; x_wconf 87' lang='lat' dir='ltr'>habenda</span> <span class='ocrx_word' id='word_1_37' title='bbox 924 826 988 889; x_wconf 89' lang='lat' dir='ltr'>sint</span> <span class='ocrx_word' id='word_1_38' title='bbox 1017 823 1104 888; x_wconf 86' lang='lat' dir='ltr'>sedis</span> <span class='ocrx_word' id='word_1_39' title='bbox 1135 823 1333 911; x_wconf 88' lang='lat' dir='ltr'>apostolicae</span> <span class='ocrx_word' id='word_1_40' title='bbox 1363 822 1537 888; x_wconf 88' lang='lat' dir='ltr'>interdicta</span> <span class='ocrx_word' id='word_1_41' title='bbox 1559 821 1612 886; x_wconf 84' lang='lat' dir='ltr'>vel</span> <span class='ocrx_word' id='word_1_42' title='bbox 1636 820 1805 886; x_wconf 86' lang='lat' dir='ltr'>mandata:</span> <span class='ocrx_word' id='word_1_43' title='bbox 1830 842 1917 908; x_wconf 90' lang='lat' dir='ltr'>quae</span> <span class='ocrx_word' id='word_1_44' title='bbox 1940 820 2101 906; x_wconf 89' lang='lat' dir='ltr'>utiquein</span> 
     </span>
    </p>

    <p class='ocr_par' dir='ltr' id='par_1_5' title="bbox 282 919 2125 1124">
     <span class='ocr_line' id='line_1_5' title="bbox 282 919 2101 1024; baseline -0.003 -26"><span class='ocrx_word' id='word_1_45' title='bbox 282 919 434 1024; x_wconf 56' lang='lat' dir='ltr'>,fflssf&#39;m</span> <span class='ocrx_word' id='word_1_46' title='bbox 453 943 578 998; x_wconf 87' lang='lat' dir='ltr'>tantum</span> <span class='ocrx_word' id='word_1_47' title='bbox 602 932 694 996; x_wconf 88' lang='lat' dir='ltr'>firma</span> <span class='ocrx_word' id='word_1_48' title='bbox 718 941 793 995; x_wconf 90' lang='lat' dir='ltr'>sunt</span> <span class='ocrx_word' id='word_1_49' title='bbox 816 942 849 996; x_wconf 91' lang='lat' dir='ltr'>et</span> <span class='ocrx_word' id='word_1_50' title='bbox 872 941 952 1012; x_wconf 89' lang='lat' dir='ltr'>rata,</span> <span class='ocrx_word' id='word_1_51' title='bbox 976 943 1012 995; x_wconf 90' lang='lat' dir='ltr'>ut</span> <span class='ocrx_word' id='word_1_52' title='bbox 1034 930 1098 994; x_wconf 92' lang='lat' dir='ltr'>illis</span> <span class='ocrx_word' id='word_1_53' title='bbox 1123 931 1249 996; x_wconf 87' lang='lat' dir='ltr'>caelum</span> <span class='ocrx_word' id='word_1_54' title='bbox 1273 928 1500 996; x_wconf 76' lang='lat' dir='ltr'><strong>claudentibus</strong></span> <span class='ocrx_word' id='word_1_55' title='bbox 1524 953 1588 994; x_wconf 90' lang='lat' dir='ltr'>non</span> <span class='ocrx_word' id='word_1_56' title='bbox 1612 928 1791 993; x_wconf 83' lang='lat' dir='ltr'><strong>descendat</strong></span> <span class='ocrx_word' id='word_1_57' title='bbox 1820 951 1874 993; x_wconf 91' lang='lat' dir='ltr'>ros</span> <span class='ocrx_word' id='word_1_58' title='bbox 1903 938 1961 992; x_wconf 90' lang='lat' dir='ltr'>aut</span> <span class='ocrx_word' id='word_1_59' title='bbox 1989 927 2101 1014; x_wconf 84' lang='lat' dir='ltr'>pluvia,</span> 
     </span>
     <span class='ocr_line' id='line_1_6' title="bbox 453 1033 2125 1124; baseline -0.002 -21"><span class='ocrx_word' id='word_1_60' title='bbox 453 1040 517 1104; x_wconf 93' lang='lat' dir='ltr'>nisi</span> <span class='ocrx_word' id='word_1_61' title='bbox 540 1040 633 1103; x_wconf 89' lang='lat' dir='ltr'>iuxta</span> <span class='ocrx_word' id='word_1_62' title='bbox 656 1039 720 1103; x_wconf 89' lang='lat' dir='ltr'>oris</span> <span class='ocrx_word' id='word_1_63' title='bbox 745 1061 856 1102; x_wconf 90' lang='lat' dir='ltr'>eorum</span> <span class='ocrx_word' id='word_1_64' title='bbox 880 1036 992 1118; x_wconf 86' lang='lat' dir='ltr'>verba,</span> <span class='ocrx_word' id='word_1_65' title='bbox 1017 1036 1134 1124; x_wconf 92' lang='lat' dir='ltr'>quibus</span> <span class='ocrx_word' id='word_1_66' title='bbox 1158 1039 1191 1102; x_wconf 90' lang='lat' dir='ltr'>in</span> <span class='ocrx_word' id='word_1_67' title='bbox 1214 1036 1311 1103; x_wconf 89' lang='lat' dir='ltr'>beato</span> <span class='ocrx_word' id='word_1_68' title='bbox 1327 1039 1425 1103; x_wconf 90' lang='lat' dir='ltr'>Petro</span> <span class='ocrx_word' id='word_1_69' title='bbox 1450 1036 1526 1102; x_wconf 87' lang='lat' dir='ltr'>data.</span> <span class='ocrx_word' id='word_1_70' title='bbox 1550 1047 1599 1100; x_wconf 91' lang='lat' dir='ltr'>est</span> <span class='ocrx_word' id='word_1_71' title='bbox 1622 1047 1765 1122; x_wconf 88' lang='lat' dir='ltr'>potestas</span> <span class='ocrx_word' id='word_1_72' title='bbox 1787 1034 1974 1100; x_wconf 89' lang='lat' dir='ltr'>iudiciaria.</span> <span class='ocrx_word' id='word_1_73' title='bbox 2013 1033 2125 1100; x_wconf 75' lang='lat' dir='ltr'>Plures</span> 
     </span>
    </p>

    <p class='ocr_par' dir='ltr' id='par_1_6' title="bbox 454 1139 2104 1232">
     <span class='ocr_line' id='line_1_7' title="bbox 454 1139 2104 1232; baseline -0.004 -22"><span class='ocrx_word' id='word_1_74' title='bbox 454 1147 589 1211; x_wconf 91' lang='lat' dir='ltr'>istorum</span> <span class='ocrx_word' id='word_1_75' title='bbox 612 1144 787 1209; x_wconf 86' lang='lat' dir='ltr'>interdicta</span> <span class='ocrx_word' id='word_1_76' title='bbox 811 1145 904 1231; x_wconf 84' lang='lat' dir='ltr'>quasi</span> <span class='ocrx_word' id='word_1_77' title='bbox 929 1144 1011 1208; x_wconf 87' lang='lat' dir='ltr'>caeli</span> <span class='ocrx_word' id='word_1_78' title='bbox 1036 1144 1202 1209; x_wconf 87' lang='lat' dir='ltr'>clausuras</span> <span class='ocrx_word' id='word_1_79' title='bbox 1225 1168 1394 1232; x_wconf 79' lang='lat' dir='ltr'>possemus</span> <span class='ocrx_word' id='word_1_80' title='bbox 1419 1143 1651 1226; x_wconf 86' lang='lat' dir='ltr'>demonstrare,</span> <span class='ocrx_word' id='word_1_81' title='bbox 1681 1142 1862 1207; x_wconf 88' lang='lat' dir='ltr'>sedunum</span> <span class='ocrx_word' id='word_1_82' title='bbox 1893 1141 1947 1206; x_wconf 91' lang='lat' dir='ltr'>hic</span> <span class='ocrx_word' id='word_1_83' title='bbox 1973 1139 2104 1206; x_wconf 85' lang='lat' dir='ltr'>sufficiat</span> 
     </span>
    </p>

    <p class='ocr_par' dir='ltr' id='par_1_7' title="bbox 294 1273 2104 1558">
     <span class='ocr_line' id='line_1_8' title="bbox 370 1273 720 1360; baseline -0.006 -42"><span class='ocrx_word' id='word_1_84' title='bbox 370 1311 435 1360; x_wconf 75' lang='lat'>(1⁶²).</span> <span class='ocrx_word' id='word_1_85' title='bbox 456 1273 720 1318; x_wconf 88' lang='lat' dir='ltr'>commemorare.</span> 
     </span>
     <span class='ocr_line' id='line_1_9' title="bbox 313 1355 2104 1456; baseline -0.001 -35"><span class='ocrx_word' id='word_1_86' title='bbox 313 1367 426 1456; x_wconf 36' lang='lat' dir='ltr'>[Gre&#39;go-</span> <span class='ocrx_word' id='word_1_87' title='bbox 565 1360 950 1448; x_wconf 70' lang='lat' dir='ltr'>Grepori&#39;us1episcqms,</span> <span class='ocrx_word' id='word_1_88' title='bbox 973 1384 1082 1423; x_wconf 83' lang='lat' dir='ltr'>serens</span> <span class='ocrx_word' id='word_1_89' title='bbox 1104 1384 1265 1424; x_wconf 83' lang='lat' dir='ltr'>servornm</span> <span class='ocrx_word' id='word_1_90' title='bbox 1281 1360 1355 1440; x_wconf 89' lang='lat' dir='ltr'>Dei,</span> <span class='ocrx_word' id='word_1_91' title='bbox 1380 1359 1492 1424; x_wconf 82' lang='lat' dir='ltr'>diiecto</span> <span class='ocrx_word' id='word_1_92' title='bbox 1516 1360 1550 1422; x_wconf 87' lang='lat' dir='ltr'>in</span> <span class='ocrx_word' id='word_1_93' title='bbox 1566 1357 1689 1422; x_wconf 75' lang='lat' dir='ltr'>Christo</span> <span class='ocrx_word' id='word_1_94' title='bbox 1706 1359 1819 1446; x_wconf 84' lang='lat' dir='ltr'>fra-tri</span> <span class='ocrx_word' id='word_1_95' title='bbox 1835 1357 1945 1421; x_wconf 87' lang='lat' dir='ltr'>Ottoni</span> <span class='ocrx_word' id='word_1_96' title='bbox 1963 1355 2104 1420; x_wconf 83' lang='lat' dir='ltr'>Constan-</span> 
     </span>
     <span class='ocr_line' id='line_1_10' title="bbox 294 1436 1421 1558; baseline -0.004 -25"><span class='ocrx_word' id='word_1_97' title='bbox 294 1436 436 1558; x_wconf 47' lang='lat' dir='ltr'>&#39;ffi’iffl</span> <span class='ocrx_word' id='word_1_98' title='bbox 455 1470 551 1532; x_wconf 77' lang='lat' dir='ltr'>tiarisi</span> <span class='ocrx_word' id='word_1_99' title='bbox 571 1469 716 1553; x_wconf 76' lang='lat' dir='ltr'>episcopo</span> <span class='ocrx_word' id='word_1_100' title='bbox 739 1467 868 1530; x_wconf 80' lang='lat' dir='ltr'>salntem</span> <span class='ocrx_word' id='word_1_101' title='bbox 894 1481 922 1530; x_wconf 89' lang='lat' dir='ltr'>et</span> <span class='ocrx_word' id='word_1_102' title='bbox 943 1468 1148 1552; x_wconf 81' lang='lat' dir='ltr'>apostolicam</span> <span class='ocrx_word' id='word_1_103' title='bbox 1172 1467 1421 1532; x_wconf 86' lang='lat' dir='ltr'>benedictione-m.</span> 
     </span>
    </p>

    <p class='ocr_par' dir='ltr' id='par_1_8' title="bbox 563 1573 2137 1660">
     <span class='ocr_line' id='line_1_11' title="bbox 563 1573 2137 1660; baseline 0.001 -24"><span class='ocrx_word' id='word_1_104' title='bbox 563 1573 718 1638; x_wconf 76' lang='lat' dir='ltr'>Instantis</span> <span class='ocrx_word' id='word_1_105' title='bbox 742 1576 927 1638; x_wconf 79' lang='lat' dir='ltr'>nunciorum</span> <span class='ocrx_word' id='word_1_106' title='bbox 951 1611 995 1620; x_wconf 87' lang='lat'><em>-</em></span> <span class='ocrx_word' id='word_1_107' title='bbox 1019 1612 1061 1620; x_wconf 90' lang='lat'>-</span> <span class='ocrx_word' id='word_1_108' title='bbox 1086 1573 1194 1638; x_wconf 85' lang='lat' dir='ltr'>debeat</span> <span class='ocrx_word' id='word_1_109' title='bbox 1213 1574 1360 1660; x_wconf 73' lang='lat' dir='ltr'>pandere.</span> <span class='ocrx_word' id='word_1_110' title='bbox 2120 1593 2137 1632; x_wconf 69' lang='grc' dir='ltr'>ιο</span> 
     </span>
    </p>

    <p class='ocr_par' dir='ltr' id='par_1_9' title="bbox 561 1675 2106 1765">
     <span class='ocr_line' id='line_1_12' title="bbox 561 1675 2106 1765; baseline -0.003 -21"><span class='ocrx_word' id='word_1_111' title='bbox 561 1679 740 1744; x_wconf 88' lang='lat' dir='ltr'>Interdicta</span> <span class='ocrx_word' id='word_1_112' title='bbox 763 1679 845 1744; x_wconf 90' lang='lat' dir='ltr'>haec</span> <span class='ocrx_word' id='word_1_113' title='bbox 868 1678 995 1764; x_wconf 92' lang='lat' dir='ltr'>illisque</span> <span class='ocrx_word' id='word_1_114' title='bbox 1025 1679 1143 1743; x_wconf 86' lang='lat' dir='ltr'>similia</span> <span class='ocrx_word' id='word_1_115' title='bbox 1174 1677 1380 1744; x_wconf 80' lang='lat' dir='ltr'>servantibus</span> <span class='ocrx_word' id='word_1_116' title='bbox 1410 1701 1530 1765; x_wconf 85' lang='lat' dir='ltr'>magna</span> <span class='ocrx_word' id='word_1_117' title='bbox 1560 1678 1706 1742; x_wconf 85' lang='lat' dir='ltr'>imminet</span> <span class='ocrx_word' id='word_1_118' title='bbox 1735 1677 1900 1742; x_wconf 86' lang='lat' dir='ltr'>infestatio</span> <span class='ocrx_word' id='word_1_119' title='bbox 1932 1675 1976 1740; x_wconf 92' lang='lat' dir='ltr'>ab</span> <span class='ocrx_word' id='word_1_120' title='bbox 2002 1697 2106 1740; x_wconf 87' lang='lat' dir='ltr'>eorum</span> 
     </span>
    </p>

    <p class='ocr_par' dir='ltr' id='par_1_10' title="bbox 454 1783 2107 1876">
     <span class='ocr_line' id='line_1_13' title="bbox 454 1783 2107 1876; baseline -0.003 -25"><span class='ocrx_word' id='word_1_121' title='bbox 454 1784 748 1872; x_wconf 79' lang='lat' dir='ltr'>transgressoribus</span> <span class='ocrx_word' id='word_1_122' title='bbox 779 1787 921 1850; x_wconf 85' lang='lat' dir='ltr'>maxime</span> <span class='ocrx_word' id='word_1_123' title='bbox 952 1785 1019 1876; x_wconf 86' lang='lat' dir='ltr'>alta</span> <span class='ocrx_word' id='word_1_124' title='bbox 1048 1785 1120 1850; x_wconf 88' lang='lat' dir='ltr'>loca</span> <span class='ocrx_word' id='word_1_125' title='bbox 1150 1797 1182 1850; x_wconf 92' lang='lat' dir='ltr'>et</span> <span class='ocrx_word' id='word_1_126' title='bbox 1212 1785 1321 1851; x_wconf 85' lang='lat' dir='ltr'>officie</span> <span class='ocrx_word' id='word_1_127' title='bbox 1350 1787 1384 1850; x_wconf 93' lang='lat' dir='ltr'>in</span> <span class='ocrx_word' id='word_1_128' title='bbox 1411 1784 1572 1850; x_wconf 87' lang='lat' dir='ltr'>aecclesia</span> <span class='ocrx_word' id='word_1_129' title='bbox 1603 1783 1797 1848; x_wconf 90' lang='lat' dir='ltr'>tenentibus.</span> <span class='ocrx_word' id='word_1_130' title='bbox 1844 1783 1928 1848; x_wconf 83' lang='lat' dir='ltr'>Cum</span> <span class='ocrx_word' id='word_1_131' title='bbox 1954 1805 2034 1868; x_wconf 89' lang='lat' dir='ltr'>ergo</span> <span class='ocrx_word' id='word_1_132' title='bbox 2056 1783 2107 1846; x_wconf 91' lang='lat' dir='ltr'>tali</span> 
     </span>
    </p>

    <p class='ocr_par' dir='ltr' id='par_1_11' title="bbox 455 1889 2107 1981">
     <span class='ocr_line' id='line_1_14' title="bbox 455 1889 2107 1981; baseline -0.004 -23"><span class='ocrx_word' id='word_1_133' title='bbox 455 1894 681 1981; x_wconf 91' lang='lat' dir='ltr'>persecutione</span> <span class='ocrx_word' id='word_1_134' title='bbox 706 1891 859 1957; x_wconf 83' lang='lat' dir='ltr'>claruerit</span> <span class='ocrx_word' id='word_1_135' title='bbox 879 1915 962 1979; x_wconf 89' lang='lat' dir='ltr'>quae</span> <span class='ocrx_word' id='word_1_136' title='bbox 981 1915 1057 1979; x_wconf 89' lang='lat' dir='ltr'>pars</span> <span class='ocrx_word' id='word_1_137' title='bbox 1081 1903 1222 1974; x_wconf 87' lang='lat' dir='ltr'>moveat,</span> <span class='ocrx_word' id='word_1_138' title='bbox 1247 1905 1279 1957; x_wconf 91' lang='lat' dir='ltr'>et</span> <span class='ocrx_word' id='word_1_139' title='bbox 1303 1915 1387 1979; x_wconf 89' lang='lat' dir='ltr'>quae</span> <span class='ocrx_word' id='word_1_140' title='bbox 1411 1893 1568 1956; x_wconf 88' lang='lat' dir='ltr'>sustineat</span> <span class='ocrx_word' id='word_1_141' title='bbox 1591 1893 1742 1955; x_wconf 87' lang='lat' dir='ltr'>iniustam</span> <span class='ocrx_word' id='word_1_142' title='bbox 1759 1889 1960 1970; x_wconf 88' lang='lat' dir='ltr'>violentiam,</span> <span class='ocrx_word' id='word_1_143' title='bbox 1978 1889 2107 1974; x_wconf 87' lang='lat' dir='ltr'>dignum</span> 
     </span>
    </p>

    <p class='ocr_par' dir='ltr' id='par_1_12' title="bbox 456 1995 2143 2190">
     <span class='ocr_line' id='line_1_15' title="bbox 457 1995 2109 2086; baseline -0.002 -22"><span class='ocrx_word' id='word_1_144' title='bbox 457 2011 515 2084; x_wconf 88' lang='lat' dir='ltr'>est,</span> <span class='ocrx_word' id='word_1_145' title='bbox 537 2011 572 2064; x_wconf 88' lang='lat' dir='ltr'>ut</span> <span class='ocrx_word' id='word_1_146' title='bbox 588 2001 683 2086; x_wconf 86' lang='lat' dir='ltr'>qnasi</span> <span class='ocrx_word' id='word_1_147' title='bbox 705 1998 790 2064; x_wconf 87' lang='lat' dir='ltr'>lilius</span> <span class='ocrx_word' id='word_1_148' title='bbox 813 1999 950 2063; x_wconf 89' lang='lat' dir='ltr'>ancillae</span> <span class='ocrx_word' id='word_1_149' title='bbox 975 2011 1073 2086; x_wconf 90' lang='lat' dir='ltr'>atque</span> <span class='ocrx_word' id='word_1_150' title='bbox 1096 2011 1131 2064; x_wconf 91' lang='lat' dir='ltr'>ut</span> <span class='ocrx_word' id='word_1_151' title='bbox 1146 2022 1223 2064; x_wconf 90' lang='lat' dir='ltr'>vere</span> <span class='ocrx_word' id='word_1_152' title='bbox 1248 2001 1451 2064; x_wconf 82' lang='lat' dir='ltr'>scismaticus</span> <span class='ocrx_word' id='word_1_153' title='bbox 1475 1999 1661 2086; x_wconf 86' lang='lat' dir='ltr'>proiciatur,</span> <span class='ocrx_word' id='word_1_154' title='bbox 1682 1999 1738 2084; x_wconf 93' lang='lat' dir='ltr'>qui</span> <span class='ocrx_word' id='word_1_155' title='bbox 1760 2021 1825 2062; x_wconf 91' lang='lat' dir='ltr'>non</span> <span class='ocrx_word' id='word_1_156' title='bbox 1849 1998 1914 2060; x_wconf 91' lang='lat' dir='ltr'>iam</span> <span class='ocrx_word' id='word_1_157' title='bbox 1939 2019 2014 2060; x_wconf 91' lang='lat' dir='ltr'>cum</span> <span class='ocrx_word' id='word_1_158' title='bbox 2032 1995 2109 2060; x_wconf 87' lang='lat' dir='ltr'>luda</span> 
     </span>
     <span class='ocr_line' id='line_1_16' title="bbox 456 2103 2143 2190; baseline -0.004 -19"><span class='ocrx_word' id='word_1_159' title='bbox 456 2108 527 2172; x_wconf 86' lang='lat' dir='ltr'>fure</span> <span class='ocrx_word' id='word_1_160' title='bbox 558 2106 665 2171; x_wconf 86' lang='lat' dir='ltr'>adhuc</span> <span class='ocrx_word' id='word_1_161' title='bbox 694 2105 820 2171; x_wconf 87' lang='lat' dir='ltr'>occulto</span> <span class='ocrx_word' id='word_1_162' title='bbox 850 2105 986 2170; x_wconf 88' lang='lat' dir='ltr'>insidias</span> <span class='ocrx_word' id='word_1_163' title='bbox 1015 2106 1229 2189; x_wconf 88' lang='lat' dir='ltr'>machinatur,</span> <span class='ocrx_word' id='word_1_164' title='bbox 1260 2106 1317 2171; x_wconf 92' lang='lat' dir='ltr'>sed</span> <span class='ocrx_word' id='word_1_165' title='bbox 1349 2129 1421 2172; x_wconf 88' lang='lat' dir='ltr'>cum</span> <span class='ocrx_word' id='word_1_166' title='bbox 1453 2105 1566 2170; x_wconf 89' lang='lat' dir='ltr'>eodem</span> <span class='ocrx_word' id='word_1_167' title='bbox 1597 2107 1661 2169; x_wconf 93' lang='lat' dir='ltr'>iam</span> <span class='ocrx_word' id='word_1_168' title='bbox 1691 2103 1819 2168; x_wconf 87' lang='lat' dir='ltr'>detecto</span> <span class='ocrx_word' id='word_1_169' title='bbox 1851 2126 1910 2190; x_wconf 89' lang='lat' dir='ltr'>per</span> <span class='ocrx_word' id='word_1_170' title='bbox 1940 2103 2109 2167; x_wconf 84' lang='lat' dir='ltr'>manifesta</span> <span class='ocrx_word' id='word_1_171' title='bbox 2126 2129 2143 2166; x_wconf 81' lang='lat' dir='ltr'>a</span> 
     </span>
    </p>

    <p class='ocr_par' dir='ltr' id='par_1_13' title="bbox 457 2209 2108 2300">
     <span class='ocr_line' id='line_1_17' title="bbox 457 2209 2108 2300; baseline -0.002 -22"><span class='ocrx_word' id='word_1_172' title='bbox 457 2215 573 2278; x_wconf 88' lang='lat' dir='ltr'>furoris</span> <span class='ocrx_word' id='word_1_173' title='bbox 604 2236 643 2278; x_wconf 91' lang='lat' dir='ltr'>ac</span> <span class='ocrx_word' id='word_1_174' title='bbox 673 2211 855 2300; x_wconf 86' lang='lat' dir='ltr'>tyrannidis</span> <span class='ocrx_word' id='word_1_175' title='bbox 885 2212 1052 2277; x_wconf 91' lang='lat' dir='ltr'>molimina</span> <span class='ocrx_word' id='word_1_176' title='bbox 1082 2224 1195 2277; x_wconf 89' lang='lat' dir='ltr'>contra</span> <span class='ocrx_word' id='word_1_177' title='bbox 1223 2212 1328 2278; x_wconf 90' lang='lat' dir='ltr'>bonos</span> <span class='ocrx_word' id='word_1_178' title='bbox 1351 2211 1562 2293; x_wconf 86' lang='lat' dir='ltr'>debachatur,</span> <span class='ocrx_word' id='word_1_179' title='bbox 1587 2222 1619 2276; x_wconf 93' lang='lat' dir='ltr'>et</span> <span class='ocrx_word' id='word_1_180' title='bbox 1642 2211 1716 2276; x_wconf 93' lang='lat' dir='ltr'>odio</span> <span class='ocrx_word' id='word_1_181' title='bbox 1738 2211 1882 2296; x_wconf 83' lang='lat' dir='ltr'>maligno</span> <span class='ocrx_word' id='word_1_182' title='bbox 1913 2233 1980 2274; x_wconf 91' lang='lat' dir='ltr'>non</span> <span class='ocrx_word' id='word_1_183' title='bbox 2011 2209 2108 2274; x_wconf 91' lang='lat' dir='ltr'>solum</span> 
     </span>
    </p>

    <p class='ocr_par' dir='ltr' id='par_1_14' title="bbox 458 2317 2110 2407">
     <span class='ocr_line' id='line_1_18' title="bbox 458 2317 2110 2407; baseline -0.002 -23"><span class='ocrx_word' id='word_1_184' title='bbox 458 2343 539 2407; x_wconf 91' lang='lat' dir='ltr'>quos</span> <span class='ocrx_word' id='word_1_185' title='bbox 563 2321 633 2402; x_wconf 86' lang='lat' dir='ltr'>scit,</span> <span class='ocrx_word' id='word_1_186' title='bbox 665 2319 723 2383; x_wconf 91' lang='lat' dir='ltr'>sed</span> <span class='ocrx_word' id='word_1_187' title='bbox 748 2320 845 2384; x_wconf 88' lang='lat' dir='ltr'>etiam</span> <span class='ocrx_word' id='word_1_188' title='bbox 869 2342 950 2406; x_wconf 87' lang='lat' dir='ltr'>quos</span> <span class='ocrx_word' id='word_1_189' title='bbox 973 2330 1067 2406; x_wconf 87' lang='lat' dir='ltr'>putat</span> <span class='ocrx_word' id='word_1_190' title='bbox 1089 2318 1191 2384; x_wconf 91' lang='lat' dir='ltr'>bonos</span> <span class='ocrx_word' id='word_1_191' title='bbox 1215 2321 1430 2407; x_wconf 86' lang='lat' dir='ltr'>persequitur,</span> <span class='ocrx_word' id='word_1_192' title='bbox 1461 2341 1567 2406; x_wconf 91' lang='lat' dir='ltr'>neque</span> <span class='ocrx_word' id='word_1_193' title='bbox 1592 2341 1665 2382; x_wconf 89' lang='lat' dir='ltr'>cum</span> <span class='ocrx_word' id='word_1_194' title='bbox 1690 2319 1758 2404; x_wconf 90' lang='lat' dir='ltr'>ipse</span> <span class='ocrx_word' id='word_1_195' title='bbox 1783 2319 1824 2381; x_wconf 91' lang='lat' dir='ltr'>sit</span> <span class='ocrx_word' id='word_1_196' title='bbox 1846 2317 1970 2400; x_wconf 90' lang='lat' dir='ltr'>lolium,</span> <span class='ocrx_word' id='word_1_197' title='bbox 2003 2339 2110 2381; x_wconf 90' lang='lat' dir='ltr'>secum</span> 
     </span>
    </p>

    <p class='ocr_par' dir='ltr' id='par_1_15' title="bbox 458 2423 2111 2514">
     <span class='ocr_line' id='line_1_19' title="bbox 458 2423 2111 2514; baseline -0.002 -23"><span class='ocrx_word' id='word_1_198' title='bbox 458 2428 492 2492; x_wconf 91' lang='lat' dir='ltr'>in</span> <span class='ocrx_word' id='word_1_199' title='bbox 515 2426 631 2491; x_wconf 89' lang='lat' dir='ltr'>eodem</span> <span class='ocrx_word' id='word_1_200' title='bbox 655 2449 734 2512; x_wconf 78' lang='lat' dir='ltr'>agro</span> <span class='ocrx_word' id='word_1_201' title='bbox 759 2426 834 2490; x_wconf 92' lang='lat' dir='ltr'>sinit</span> <span class='ocrx_word' id='word_1_202' title='bbox 859 2449 1006 2490; x_wconf 88' lang='lat' dir='ltr'>crescere</span> <span class='ocrx_word' id='word_1_203' title='bbox 1030 2449 1142 2492; x_wconf 90' lang='lat' dir='ltr'>semen</span> <span class='ocrx_word' id='word_1_204' title='bbox 1164 2426 1303 2508; x_wconf 80' lang='lat' dir='ltr'>bonum3</span> <span class='ocrx_word' id='word_1_205' title='bbox 1328 2425 1416 2513; x_wconf 92' lang='lat' dir='ltr'>quod</span> <span class='ocrx_word' id='word_1_206' title='bbox 1440 2427 1467 2489; x_wconf 91' lang='lat' dir='ltr'>si</span> <span class='ocrx_word' id='word_1_207' title='bbox 1490 2448 1556 2490; x_wconf 89' lang='lat' dir='ltr'>una</span> <span class='ocrx_word' id='word_1_208' title='bbox 1575 2448 1689 2514; x_wconf 72' lang='lat' dir='ltr'>seorim</span> <span class='ocrx_word' id='word_1_209' title='bbox 1712 2425 1746 2488; x_wconf 94' lang='lat' dir='ltr'>in</span> <span class='ocrx_word' id='word_1_210' title='bbox 1770 2423 1885 2488; x_wconf 88' lang='lat' dir='ltr'>eodem</span> <span class='ocrx_word' id='word_1_211' title='bbox 1910 2447 1991 2510; x_wconf 86' lang='lat' dir='ltr'>agro</span> <span class='ocrx_word' id='word_1_212' title='bbox 2016 2447 2111 2510; x_wconf 92' lang='lat' dir='ltr'>equa·</span> 
     </span>
    </p>

    <p class='ocr_par' dir='ltr' id='par_1_16' title="bbox 458 2531 2151 2726">
     <span class='ocr_line' id='line_1_20' title="bbox 458 2531 2111 2619; baseline -0.002 -21"><span class='ocrx_word' id='word_1_213' title='bbox 458 2535 589 2598; x_wconf 90' lang='lat' dir='ltr'>nimiter</span> <span class='ocrx_word' id='word_1_214' title='bbox 611 2533 720 2614; x_wconf 80' lang='lat' dir='ltr'>ferret,</span> <span class='ocrx_word' id='word_1_215' title='bbox 744 2533 897 2597; x_wconf 88' lang='lat' dir='ltr'>ferendus</span> <span class='ocrx_word' id='word_1_216' title='bbox 922 2534 1046 2619; x_wconf 92' lang='lat' dir='ltr'>etipse</span> <span class='ocrx_word' id='word_1_217' title='bbox 1071 2545 1166 2597; x_wconf 89' lang='lat' dir='ltr'>esset.</span> <span class='ocrx_word' id='word_1_218' title='bbox 1197 2532 1300 2598; x_wconf 86' lang='lat' dir='ltr'>Verbi</span> <span class='ocrx_word' id='word_1_219' title='bbox 1324 2533 1440 2618; x_wconf 86' lang='lat' dir='ltr'>gratia,</span> <span class='ocrx_word' id='word_1_220' title='bbox 1465 2533 1492 2596; x_wconf 90' lang='lat' dir='ltr'>si</span> <span class='ocrx_word' id='word_1_221' title='bbox 1515 2531 1659 2618; x_wconf 89' lang='lat' dir='ltr'>quolibet</span> <span class='ocrx_word' id='word_1_222' title='bbox 1683 2531 1801 2596; x_wconf 89' lang='lat' dir='ltr'>clerico</span> <span class='ocrx_word' id='word_1_223' title='bbox 1825 2531 2015 2616; x_wconf 82' lang='lat' dir='ltr'>irregularis</span> <span class='ocrx_word' id='word_1_224' title='bbox 2039 2553 2111 2594; x_wconf 92' lang='lat' dir='ltr'>con-</span> 
     </span>
     <span class='ocr_line' id='line_1_21' title="bbox 459 2637 2151 2726; baseline -0.002 -22"><span class='ocrx_word' id='word_1_225' title='bbox 459 2641 656 2726; x_wconf 82' lang='lat' dir='ltr'>gregationis</span> <span class='ocrx_word' id='word_1_226' title='bbox 686 2651 812 2704; x_wconf 89' lang='lat' dir='ltr'>mortuo</span> <span class='ocrx_word' id='word_1_227' title='bbox 836 2639 889 2704; x_wconf 91' lang='lat' dir='ltr'>vel</span> <span class='ocrx_word' id='word_1_228' title='bbox 919 2640 1001 2704; x_wconf 89' lang='lat' dir='ltr'>iuste</span> <span class='ocrx_word' id='word_1_229' title='bbox 1033 2639 1180 2726; x_wconf 89' lang='lat' dir='ltr'>deposito</span> <span class='ocrx_word' id='word_1_230' title='bbox 1210 2651 1398 2726; x_wconf 84' lang='lat' dir='ltr'>paterentur</span> <span class='ocrx_word' id='word_1_231' title='bbox 1428 2637 1489 2704; x_wconf 90' lang='lat' dir='ltr'>hoc</span> <span class='ocrx_word' id='word_1_232' title='bbox 1517 2638 1648 2718; x_wconf 85' lang='lat' dir='ltr'>residui,</span> <span class='ocrx_word' id='word_1_233' title='bbox 1673 2650 1708 2703; x_wconf 91' lang='lat' dir='ltr'>nt</span> <span class='ocrx_word' id='word_1_234' title='bbox 1735 2638 1899 2703; x_wconf 91' lang='lat' dir='ltr'>inlocum</span> <span class='ocrx_word' id='word_1_235' title='bbox 1924 2637 2112 2702; x_wconf 88' lang='lat' dir='ltr'>decedentis</span> <span class='ocrx_word' id='word_1_236' title='bbox 2129 2663 2151 2700; x_wconf 83' lang='lat' dir='ltr'>n</span> 
     </span>
    </p>

    <p class='ocr_par' dir='ltr' id='par_1_17' title="bbox 297 2733 2113 2840">
     <span class='ocr_line' id='line_1_22' title="bbox 297 2733 2113 2840; baseline -0.002 -30"><span class='ocrx_word' id='word_1_237' title='bbox 297 2733 440 2840; x_wconf 48' lang='lat' dir='ltr'>,Mfflff</span> <span class='ocrx_word' id='word_1_238' title='bbox 460 2746 541 2810; x_wconf 92' lang='lat' dir='ltr'>alter</span> <span class='ocrx_word' id='word_1_239' title='bbox 564 2745 764 2827; x_wconf 82' lang='lat' dir='ltr'>succederet,</span> <span class='ocrx_word' id='word_1_240' title='bbox 789 2747 844 2832; x_wconf 92' lang='lat' dir='ltr'>qui</span> <span class='ocrx_word' id='word_1_241' title='bbox 868 2745 989 2811; x_wconf 89' lang='lat' dir='ltr'>relictis</span> <span class='ocrx_word' id='word_1_242' title='bbox 1013 2748 1151 2833; x_wconf 90' lang='lat' dir='ltr'>propriis</span> <span class='ocrx_word' id='word_1_243' title='bbox 1174 2748 1209 2810; x_wconf 91' lang='lat' dir='ltr'>in</span> <span class='ocrx_word' id='word_1_244' title='bbox 1225 2747 1363 2812; x_wconf 86' lang='lat' dir='ltr'>claustro</span> <span class='ocrx_word' id='word_1_245' title='bbox 1380 2748 1516 2828; x_wconf 87' lang='lat' dir='ltr'>viveret,</span> <span class='ocrx_word' id='word_1_246' title='bbox 1534 2747 1759 2833; x_wconf 75' lang='lat' dir='ltr'>‘quoadusque</span> <span class='ocrx_word' id='word_1_247' title='bbox 1776 2745 1850 2810; x_wconf 88' lang='lat' dir='ltr'>filiis</span> <span class='ocrx_word' id='word_1_248' title='bbox 1866 2745 1985 2808; x_wconf 80' lang='lat' dir='ltr'>Annae</span> <span class='ocrx_word' id='word_1_249' title='bbox 2011 2743 2113 2808; x_wconf 92' lang='lat' dir='ltr'>multi-</span> 
     </span>
    </p>

    <p class='ocr_par' dir='ltr' id='par_1_18' title="bbox 460 2851 2113 2940">
     <span class='ocr_line' id='line_1_23' title="bbox 460 2851 2113 2940; baseline -0.001 -24"><span class='ocrx_word' id='word_1_250' title='bbox 460 2852 588 2939; x_wconf 89' lang='lat' dir='ltr'>plicatis</span> <span class='ocrx_word' id='word_1_251' title='bbox 611 2852 670 2916; x_wconf 91' lang='lat' dir='ltr'>filii</span> <span class='ocrx_word' id='word_1_252' title='bbox 693 2853 868 2917; x_wconf 88' lang='lat' dir='ltr'>Fenennae</span> <span class='ocrx_word' id='word_1_253' title='bbox 893 2855 1022 2918; x_wconf 90' lang='lat' dir='ltr'>omnino</span> <span class='ocrx_word' id='word_1_254' title='bbox 1046 2853 1232 2936; x_wconf 90' lang='lat' dir='ltr'>deficerent,</span> <span class='ocrx_word' id='word_1_255' title='bbox 1256 2853 1332 2918; x_wconf 91' lang='lat' dir='ltr'>dum</span> <span class='ocrx_word' id='word_1_256' title='bbox 1356 2854 1474 2918; x_wconf 80' lang='lat' dir='ltr'>sterilis</span> <span class='ocrx_word' id='word_1_257' title='bbox 1497 2863 1628 2940; x_wconf 86' lang='lat' dir='ltr'>pareret</span> <span class='ocrx_word' id='word_1_258' title='bbox 1650 2853 1814 2940; x_wconf 81' lang='lat' dir='ltr'>plurimae,</span> <span class='ocrx_word' id='word_1_259' title='bbox 1836 2862 1869 2916; x_wconf 90' lang='lat' dir='ltr'>et</span> <span class='ocrx_word' id='word_1_260' title='bbox 1891 2875 1977 2938; x_wconf 91' lang='lat' dir='ltr'>quae</span> <span class='ocrx_word' id='word_1_261' title='bbox 1999 2851 2113 2916; x_wconf 86' lang='lat' dir='ltr'>multos</span> 
     </span>
    </p>

    <p class='ocr_par' dir='ltr' id='par_1_19' title="bbox 461 2958 2112 3047">
     <span class='ocr_line' id='line_1_24' title="bbox 461 2958 2112 3047; baseline -0.001 -24"><span class='ocrx_word' id='word_1_262' title='bbox 461 2958 603 3024; x_wconf 87' lang='lat' dir='ltr'>habebat</span> <span class='ocrx_word' id='word_1_263' title='bbox 625 2958 708 3023; x_wconf 87' lang='lat' dir='ltr'>filios</span> <span class='ocrx_word' id='word_1_264' title='bbox 732 2960 965 3024; x_wconf 88' lang='lat' dir='ltr'>infirmaretur:</span> <span class='ocrx_word' id='word_1_265' title='bbox 989 2973 1122 3047; x_wconf 89' lang='lat' dir='ltr'>possent</span> <span class='ocrx_word' id='word_1_266' title='bbox 1145 2961 1267 3047; x_wconf 86' lang='lat' dir='ltr'>portari</span> <span class='ocrx_word' id='word_1_267' title='bbox 1290 2960 1368 3024; x_wconf 87' lang='lat' dir='ltr'>talia</span> <span class='ocrx_word' id='word_1_268' title='bbox 1383 2971 1549 3047; x_wconf 87' lang='lat' dir='ltr'>portantes</span> <span class='ocrx_word' id='word_1_269' title='bbox 1566 2973 1598 3023; x_wconf 90' lang='lat' dir='ltr'>et</span> <span class='ocrx_word' id='word_1_270' title='bbox 1614 2959 1775 3046; x_wconf 87' lang='lat' dir='ltr'>stipendia</span> <span class='ocrx_word' id='word_1_271' title='bbox 1792 2983 1851 3024; x_wconf 87' lang='lat' dir='ltr'>sua</span> <span class='ocrx_word' id='word_1_272' title='bbox 1867 2960 2014 3023; x_wconf 85' lang='lat' dir='ltr'>exterius</span> <span class='ocrx_word' id='word_1_273' title='bbox 2031 2959 2112 3022; x_wconf 89' lang='lat' dir='ltr'>acci-</span> 
     </span>
    </p>
   </div>
   <div class='ocr_carea' id='block_1_3' title="bbox 461 3063 2113 3153">
    <p class='ocr_par' dir='ltr' id='par_1_20' title="bbox 461 3063 2113 3153">
     <span class='ocr_line' id='line_1_25' title="bbox 461 3063 2113 3153; baseline -0.001 -23"><span class='ocrx_word' id='word_1_274' title='bbox 461 3068 597 3153; x_wconf 89' lang='lat' dir='ltr'>pientes,</span> <span class='ocrx_word' id='word_1_275' title='bbox 629 3079 725 3153; x_wconf 88' lang='lat' dir='ltr'>atque</span> <span class='ocrx_word' id='word_1_276' title='bbox 752 3068 861 3149; x_wconf 88' lang='lat' dir='ltr'>etiam,</span> <span class='ocrx_word' id='word_1_277' title='bbox 892 3068 919 3130; x_wconf 90' lang='lat' dir='ltr'>si</span> <span class='ocrx_word' id='word_1_278' title='bbox 943 3069 1043 3132; x_wconf 88' lang='lat' dir='ltr'>sacris</span> <span class='ocrx_word' id='word_1_279' title='bbox 1068 3066 1234 3132; x_wconf 90' lang='lat' dir='ltr'>ordinibus</span> <span class='ocrx_word' id='word_1_280' title='bbox 1259 3078 1417 3150; x_wconf 87' lang='lat' dir='ltr'>carerent,</span> <span class='ocrx_word' id='word_1_281' title='bbox 1448 3067 1592 3152; x_wconf 85' lang='lat' dir='ltr'>legitima</span> <span class='ocrx_word' id='word_1_282' title='bbox 1615 3068 1767 3152; x_wconf 84' lang='lat' dir='ltr'>coniugia</span> <span class='ocrx_word' id='word_1_283' title='bbox 1791 3068 1973 3146; x_wconf 67' lang='lat' dir='ltr'>sortientes</span> <span class='ocrx_word' id='word_1_284' title='bbox 2000 3077 2032 3130; x_wconf 91' lang='lat' dir='ltr'>et</span> <span class='ocrx_word' id='word_1_285' title='bbox 2056 3063 2113 3128; x_wconf 89' lang='lat' dir='ltr'>snb</span> 
     </span>
    </p>
   </div>
   <div class='ocr_carea' id='block_1_4' title="bbox 461 3173 2152 3688">
    <p class='ocr_par' dir='ltr' id='par_1_21' title="bbox 461 3173 2152 3688">
     <span class='ocr_line' id='line_1_26' title="bbox 462 3173 2152 3260; baseline -0.002 -22"><span class='ocrx_word' id='word_1_286' title='bbox 462 3174 638 3238; x_wconf 89' lang='lat' dir='ltr'>christiana</span> <span class='ocrx_word' id='word_1_287' title='bbox 654 3173 768 3258; x_wconf 84' lang='lat' dir='ltr'>regula</span> <span class='ocrx_word' id='word_1_288' title='bbox 782 3173 934 3256; x_wconf 84' lang='lat' dir='ltr'>vivendo,</span> <span class='ocrx_word' id='word_1_289' title='bbox 954 3185 988 3239; x_wconf 93' lang='lat' dir='ltr'>ut</span> <span class='ocrx_word' id='word_1_290' title='bbox 1007 3173 1122 3239; x_wconf 89' lang='lat' dir='ltr'>beatus</span> <span class='ocrx_word' id='word_1_291' title='bbox 1140 3173 1318 3258; x_wconf 83' lang='lat' dir='ltr'>Gregorius</span> <span class='ocrx_word' id='word_1_292' title='bbox 1335 3173 1415 3238; x_wconf 90' lang='lat' dir='ltr'>dicit</span> <span class='ocrx_word' id='word_1_293' title='bbox 1425 3180 1446 3256; x_wconf 79' lang='lat'>²,</span> <span class='ocrx_word' id='word_1_294' title='bbox 1471 3197 1527 3238; x_wconf 90' lang='lat' dir='ltr'>cor</span> <span class='ocrx_word' id='word_1_295' title='bbox 1550 3187 1581 3237; x_wconf 92' lang='lat' dir='ltr'>et</span> <span class='ocrx_word' id='word_1_296' title='bbox 1604 3173 1747 3259; x_wconf 85' lang='lat' dir='ltr'>linguam</span> <span class='ocrx_word' id='word_1_297' title='bbox 1772 3185 1804 3238; x_wconf 92' lang='lat' dir='ltr'>et</span> <span class='ocrx_word' id='word_1_298' title='bbox 1827 3196 1956 3260; x_wconf 87' lang='lat' dir='ltr'>corpus,</span> <span class='ocrx_word' id='word_1_299' title='bbox 1982 3183 2152 3236; x_wconf 72' lang='lat' dir='ltr'>auctores</span> 
     </span>
     <span class='ocr_line' id='line_1_27' title="bbox 461 3277 2115 3367; baseline -0.001 -23"><span class='ocrx_word' id='word_1_300' title='bbox 461 3279 545 3362; x_wconf 87' lang='lat' dir='ltr'>Dec,</span> <span class='ocrx_word' id='word_1_301' title='bbox 570 3277 612 3344; x_wconf 92' lang='lat' dir='ltr'>ab</span> <span class='ocrx_word' id='word_1_302' title='bbox 635 3279 756 3344; x_wconf 84' lang='lat' dir='ltr'>illicitis</span> <span class='ocrx_word' id='word_1_303' title='bbox 780 3280 1008 3346; x_wconf 89' lang='lat' dir='ltr'>custodientes.</span> <span class='ocrx_word' id='word_1_304' title='bbox 1045 3281 1161 3367; x_wconf 89' lang='lat' dir='ltr'>Neque</span> <span class='ocrx_word' id='word_1_305' title='bbox 1178 3303 1255 3345; x_wconf 90' lang='lat' dir='ltr'>vero</span> <span class='ocrx_word' id='word_1_306' title='bbox 1279 3282 1365 3345; x_wconf 89' lang='lat' dir='ltr'>inter</span> <span class='ocrx_word' id='word_1_307' title='bbox 1387 3282 1433 3345; x_wconf 89' lang='lat' dir='ltr'>sic</span> <span class='ocrx_word' id='word_1_308' title='bbox 1449 3282 1597 3345; x_wconf 85' lang='lat' dir='ltr'>viventes</span> <span class='ocrx_word' id='word_1_309' title='bbox 1621 3280 1721 3367; x_wconf 89' lang='lat' dir='ltr'>aliqui</span> <span class='ocrx_word' id='word_1_310' title='bbox 1738 3292 1912 3345; x_wconf 89' lang='lat' dir='ltr'>censentur</span> <span class='ocrx_word' id='word_1_311' title='bbox 1936 3303 2009 3344; x_wconf 86' lang='lat' dir='ltr'>esse</span> <span class='ocrx_word' id='word_1_312' title='bbox 2033 3281 2115 3343; x_wconf 86' lang='lat' dir='ltr'>ziza·</span> 
     </span>
     <span class='ocr_line' id='line_1_28' title="bbox 462 3385 2116 3474; baseline -0.001 -24"><span class='ocrx_word' id='word_1_313' title='bbox 462 3388 526 3468; x_wconf 85' lang='lat' dir='ltr'>nia,</span> <span class='ocrx_word' id='word_1_314' title='bbox 551 3387 613 3451; x_wconf 92' lang='lat' dir='ltr'>nisi</span> <span class='ocrx_word' id='word_1_315' title='bbox 630 3388 686 3473; x_wconf 92' lang='lat' dir='ltr'>qui</span> <span class='ocrx_word' id='word_1_316' title='bbox 701 3409 766 3451; x_wconf 88' lang='lat' dir='ltr'>non</span> <span class='ocrx_word' id='word_1_317' title='bbox 782 3386 921 3473; x_wconf 83' lang='lat' dir='ltr'>diligunt</span> <span class='ocrx_word' id='word_1_318' title='bbox 944 3388 1111 3452; x_wconf 90' lang='lat' dir='ltr'>meliorum</span> <span class='ocrx_word' id='word_1_319' title='bbox 1136 3397 1169 3451; x_wconf 88' lang='lat' dir='ltr'>et</span> <span class='ocrx_word' id='word_1_320' title='bbox 1192 3389 1404 3452; x_wconf 87' lang='lat' dir='ltr'>communiter</span> <span class='ocrx_word' id='word_1_321' title='bbox 1419 3389 1599 3452; x_wconf 86' lang='lat' dir='ltr'>viventium</span> <span class='ocrx_word' id='word_1_322' title='bbox 1623 3389 1766 3452; x_wconf 89' lang='lat' dir='ltr'>sanctius</span> <span class='ocrx_word' id='word_1_323' title='bbox 1782 3387 2003 3474; x_wconf 73' lang='lat' dir='ltr'>propositum,</span> <span class='ocrx_word' id='word_1_324' title='bbox 2029 3385 2116 3472; x_wconf 90' lang='lat' dir='ltr'>quod</span> 
     </span>
     <span class='ocr_line' id='line_1_29' title="bbox 462 3491 2116 3580; baseline -0.001 -23"><span class='ocrx_word' id='word_1_325' title='bbox 462 3495 519 3579; x_wconf 90' lang='lat' dir='ltr'>qui</span> <span class='ocrx_word' id='word_1_326' title='bbox 548 3494 582 3556; x_wconf 91' lang='lat' dir='ltr'>in</span> <span class='ocrx_word' id='word_1_327' title='bbox 609 3515 644 3557; x_wconf 89' lang='lat' dir='ltr'>se</span> <span class='ocrx_word' id='word_1_328' title='bbox 672 3517 738 3558; x_wconf 88' lang='lat' dir='ltr'>non</span> <span class='ocrx_word' id='word_1_329' title='bbox 764 3491 931 3576; x_wconf 89' lang='lat' dir='ltr'>habentes,</span> <span class='ocrx_word' id='word_1_330' title='bbox 963 3496 996 3558; x_wconf 92' lang='lat' dir='ltr'>in</span> <span class='ocrx_word' id='word_1_331' title='bbox 1020 3494 1091 3558; x_wconf 89' lang='lat' dir='ltr'>aliis</span> <span class='ocrx_word' id='word_1_332' title='bbox 1120 3494 1267 3580; x_wconf 84' lang='lat' dir='ltr'>diligunt,</span> <span class='ocrx_word' id='word_1_333' title='bbox 1300 3494 1434 3558; x_wconf 90' lang='lat' dir='ltr'>aliorum</span> <span class='ocrx_word' id='word_1_334' title='bbox 1465 3493 1552 3558; x_wconf 89' lang='lat' dir='ltr'>bona</span> <span class='ocrx_word' id='word_1_335' title='bbox 1582 3494 1746 3580; x_wconf 87' lang='lat' dir='ltr'>diligendo</span> <span class='ocrx_word' id='word_1_336' title='bbox 1777 3517 1836 3558; x_wconf 88' lang='lat' dir='ltr'>sua</span> <span class='ocrx_word' id='word_1_337' title='bbox 1866 3493 2002 3558; x_wconf 88' lang='lat' dir='ltr'>faciunt.</span> <span class='ocrx_word' id='word_1_338' title='bbox 2051 3493 2116 3573; x_wconf 80' lang='lat' dir='ltr'>Qui</span> 
     </span>
     <span class='ocr_line' id='line_1_30' title="bbox 463 3599 1946 3688; baseline 0 -24"><span class='ocrx_word' id='word_1_339' title='bbox 463 3610 570 3664; x_wconf 89' lang='lat' dir='ltr'>autem</span> <span class='ocrx_word' id='word_1_340' title='bbox 594 3599 696 3664; x_wconf 91' lang='lat' dir='ltr'>bonos</span> <span class='ocrx_word' id='word_1_341' title='bbox 720 3600 772 3664; x_wconf 90' lang='lat' dir='ltr'>vel</span> <span class='ocrx_word' id='word_1_342' title='bbox 796 3623 876 3687; x_wconf 91' lang='lat' dir='ltr'>quos</span> <span class='ocrx_word' id='word_1_343' title='bbox 900 3599 1003 3664; x_wconf 89' lang='lat' dir='ltr'>bonos</span> <span class='ocrx_word' id='word_1_344' title='bbox 1027 3613 1151 3688; x_wconf 90' lang='lat' dir='ltr'>putant,</span> <span class='ocrx_word' id='word_1_345' title='bbox 1176 3625 1241 3665; x_wconf 89' lang='lat' dir='ltr'>non</span> <span class='ocrx_word' id='word_1_346' title='bbox 1264 3601 1381 3684; x_wconf 89' lang='lat' dir='ltr'>ferunt,</span> <span class='ocrx_word' id='word_1_347' title='bbox 1405 3623 1466 3665; x_wconf 88' lang='lat' dir='ltr'>nec</span> <span class='ocrx_word' id='word_1_348' title='bbox 1489 3603 1551 3687; x_wconf 90' lang='lat' dir='ltr'>ipsi</span> <span class='ocrx_word' id='word_1_349' title='bbox 1576 3603 1688 3687; x_wconf 91' lang='lat' dir='ltr'>utique</span> <span class='ocrx_word' id='word_1_350' title='bbox 1711 3600 1837 3666; x_wconf 89' lang='lat' dir='ltr'>ferendi</span> <span class='ocrx_word' id='word_1_351' title='bbox 1861 3613 1946 3664; x_wconf 91' lang='lat' dir='ltr'>sunt.</span> 
     </span>
    </p>
   </div>
   <div class='ocr_carea' id='block_1_5' title="bbox 360 3723 2158 5201">
    <p class='ocr_par' dir='ltr' id='par_1_22' title="bbox 360 3723 2156 4240">
     <span class='ocr_line' id='line_1_31' title="bbox 571 3723 2156 3811; baseline 0 -23"><span class='ocrx_word' id='word_1_352' title='bbox 571 3724 717 3804; x_wconf 78' lang='lat' dir='ltr'>Qualiter</span> <span class='ocrx_word' id='word_1_353' title='bbox 741 3735 849 3789; x_wconf 85' lang='lat' dir='ltr'>nutem</span> <span class='ocrx_word' id='word_1_354' title='bbox 872 3727 999 3789; x_wconf 80' lang='lat' dir='ltr'>zizania.</span> <span class='ocrx_word' id='word_1_355' title='bbox 1023 3725 1260 3811; x_wconf 87' lang='lat' dir='ltr'>cognoscenda,</span> <span class='ocrx_word' id='word_1_356' title='bbox 1285 3725 1470 3790; x_wconf 86' lang='lat' dir='ltr'>sufferenda</span> <span class='ocrx_word' id='word_1_357' title='bbox 1492 3725 1544 3790; x_wconf 85' lang='lat' dir='ltr'>rel</span> <span class='ocrx_word' id='word_1_358' title='bbox 1569 3725 1747 3790; x_wconf 85' lang='lat' dir='ltr'>auferenda</span> <span class='ocrx_word' id='word_1_359' title='bbox 1770 3727 1842 3806; x_wconf 87' lang='lat' dir='ltr'>sint,</span> <span class='ocrx_word' id='word_1_360' title='bbox 1868 3724 1984 3788; x_wconf 85' lang='lat' dir='ltr'>beatus</span> <span class='ocrx_word' id='word_1_361' title='bbox 2004 3723 2114 3809; x_wconf 83' lang='lat' dir='ltr'>Augu·</span> <span class='ocrx_word' id='word_1_362' title='bbox 2133 3750 2156 3788; x_wconf 82' lang='lat' dir='ltr'>so</span> 
     </span>
     <span class='ocr_line' id='line_1_32' title="bbox 464 3829 2116 3918; baseline -0.001 -23"><span class='ocrx_word' id='word_1_363' title='bbox 464 3833 576 3915; x_wconf 90' lang='lat' dir='ltr'>stinus,</span> <span class='ocrx_word' id='word_1_364' title='bbox 601 3855 682 3896; x_wconf 89' lang='lat' dir='ltr'>uuus</span> <span class='ocrx_word' id='word_1_365' title='bbox 707 3854 749 3896; x_wconf 89' lang='lat' dir='ltr'>ex</span> <span class='ocrx_word' id='word_1_366' title='bbox 774 3831 885 3896; x_wconf 88' lang='lat' dir='ltr'>electis</span> <span class='ocrx_word' id='word_1_367' title='bbox 916 3831 1123 3914; x_wconf 86' lang='lat' dir='ltr'>messoribus,</span> <span class='ocrx_word' id='word_1_368' title='bbox 1154 3833 1187 3896; x_wconf 93' lang='lat' dir='ltr'>in</span> <span class='ocrx_word' id='word_1_369' title='bbox 1214 3831 1296 3896; x_wconf 87' lang='lat' dir='ltr'>libro</span> <span class='ocrx_word' id='word_1_370' title='bbox 1322 3831 1535 3912; x_wconf 76' lang='lat' dir='ltr'>Questionum</span> <span class='ocrx_word' id='word_1_371' title='bbox 1559 3832 1823 3918; x_wconf 85' lang='lat' dir='ltr'>euangelicarum</span> <span class='ocrx_word' id='word_1_372' title='bbox 1846 3830 1934 3895; x_wconf 88' lang='lat' dir='ltr'>clare</span> <span class='ocrx_word' id='word_1_373' title='bbox 1959 3829 2116 3894; x_wconf 87' lang='lat' dir='ltr'>describit</span> 
     </span>
     <span class='ocr_line' id='line_1_33' title="bbox 360 3937 2116 4026; baseline 0.001 -26"><span class='ocrx_word' id='word_1_374' title='bbox 360 3945 442 4015; x_wconf 57' lang='lat' dir='ltr'>[Aur]</span> <span class='ocrx_word' id='word_1_375' title='bbox 464 3937 614 4002; x_wconf 72' lang='lat' dir='ltr'>dicens3:</span> <span class='ocrx_word' id='word_1_376' title='bbox 647 3939 733 4003; x_wconf 86' lang='lat' dir='ltr'>Bene</span> <span class='ocrx_word' id='word_1_377' title='bbox 763 3941 980 4026; x_wconf 75' lang='lat' dir='ltr'>inteiiipuntm·</span> <span class='ocrx_word' id='word_1_378' title='bbox 1003 3941 1134 4004; x_wconf 75' lang='lat' dir='ltr'>heretici</span> <span class='ocrx_word' id='word_1_379' title='bbox 1160 3943 1283 4004; x_wconf 81' lang='lat' dir='ltr'>m&#39;znnia</span> <span class='ocrx_word' id='word_1_380' title='bbox 1314 3943 1348 4004; x_wconf 89' lang='lat' dir='ltr'>in</span> <span class='ocrx_word' id='word_1_381' title='bbox 1378 3941 1480 4005; x_wconf 79' lang='lat' dir='ltr'>inedie</span> <span class='ocrx_word' id='word_1_382' title='bbox 1511 3943 1620 4016; x_wconf 85' lang='lat' dir='ltr'>tritici,</span> <span class='ocrx_word' id='word_1_383' title='bbox 1651 3943 1726 4025; x_wconf 81' lang='lat' dir='ltr'>qnia</span> <span class='ocrx_word' id='word_1_384' title='bbox 1758 3964 1817 4004; x_wconf 88' lang='lat' dir='ltr'>non</span> <span class='ocrx_word' id='word_1_385' title='bbox 1847 3941 1992 4003; x_wconf 78' lang='lat' dir='ltr'>societate</span> <span class='ocrx_word' id='word_1_386' title='bbox 2023 3940 2116 4003; x_wconf 74' lang='lat' dir='ltr'>einins</span> 
     </span>
     <span class='ocr_line' id='line_1_34' title="bbox 463 4046 2117 4133; baseline -0.001 -23"><span class='ocrx_word' id='word_1_387' title='bbox 463 4047 632 4110; x_wconf 82' lang='lat' dir='ltr'>aecclesiae</span> <span class='ocrx_word' id='word_1_388' title='bbox 661 4047 710 4109; x_wconf 80' lang='lat' dir='ltr'>nel</span> <span class='ocrx_word' id='word_1_389' title='bbox 736 4049 830 4109; x_wconf 78' lang='lat' dir='ltr'>nnius</span> <span class='ocrx_word' id='word_1_390' title='bbox 846 4047 940 4133; x_wconf 81' lang='lat' dir='ltr'>fidei,</span> <span class='ocrx_word' id='word_1_391' title='bbox 970 4046 1027 4110; x_wconf 88' lang='lat' dir='ltr'>sed</span> <span class='ocrx_word' id='word_1_392' title='bbox 1054 4049 1197 4110; x_wconf 81' lang='lat' dir='ltr'>societate</span> <span class='ocrx_word' id='word_1_393' title='bbox 1226 4048 1326 4110; x_wconf 82' lang='lat' dir='ltr'>soiius</span> <span class='ocrx_word' id='word_1_394' title='bbox 1356 4050 1492 4111; x_wconf 79' lang='lat' dir='ltr'>nominis</span> <span class='ocrx_word' id='word_1_395' title='bbox 1520 4049 1691 4112; x_wconf 78' lang='lat' dir='ltr'>christiani</span> <span class='ocrx_word' id='word_1_396' title='bbox 1704 4048 1936 4132; x_wconf 71' lang='lat' dir='ltr'>perrosissentnr</span> <span class='ocrx_word' id='word_1_397' title='bbox 1960 4047 2061 4125; x_wconf 79' lang='lat' dir='ltr'>bonis,</span> <span class='ocrx_word' id='word_1_398' title='bbox 2086 4059 2117 4108; x_wconf 82' lang='lat' dir='ltr'>nt</span> 
     </span>
     <span class='ocr_line' id='line_1_35' title="bbox 465 4152 2116 4240; baseline -0.001 -24"><span class='ocrx_word' id='word_1_399' title='bbox 465 4154 521 4217; x_wconf 83' lang='lat' dir='ltr'>iili</span> <span class='ocrx_word' id='word_1_400' title='bbox 540 4155 599 4239; x_wconf 83' lang='lat' dir='ltr'>qni</span> <span class='ocrx_word' id='word_1_401' title='bbox 621 4155 652 4216; x_wconf 89' lang='lat' dir='ltr'>in</span> <span class='ocrx_word' id='word_1_402' title='bbox 677 4152 784 4216; x_wconf 84' lang='lat' dir='ltr'>eadem</span> <span class='ocrx_word' id='word_1_403' title='bbox 800 4153 870 4239; x_wconf 82' lang='lat' dir='ltr'>fide</span> <span class='ocrx_word' id='word_1_404' title='bbox 894 4154 976 4217; x_wconf 80' lang='lat' dir='ltr'>moli</span> <span class='ocrx_word' id='word_1_405' title='bbox 995 4168 1075 4232; x_wconf 76' lang='lat' dir='ltr'>stent,</span> <span class='ocrx_word' id='word_1_406' title='bbox 1099 4155 1199 4240; x_wconf 82' lang='lat' dir='ltr'>polea</span> <span class='ocrx_word' id='word_1_407' title='bbox 1215 4156 1327 4239; x_wconf 82' lang='lat' dir='ltr'>potins</span> <span class='ocrx_word' id='word_1_408' title='bbox 1354 4179 1447 4238; x_wconf 76' lang='lat' dir='ltr'>qrcnm</span> <span class='ocrx_word' id='word_1_409' title='bbox 1470 4156 1593 4218; x_wconf 68' lang='lat' dir='ltr'>sibenin</span> <span class='ocrx_word' id='word_1_410' title='bbox 1617 4154 1808 4240; x_wconf 64' lang='lat' dir='ltr'>(destinentur.</span> <span class='ocrx_word' id='word_1_411' title='bbox 1856 4152 1943 4216; x_wconf 89' lang='lat' dir='ltr'>Inte-r</span> <span class='ocrx_word' id='word_1_412' title='bbox 1966 4153 2116 4215; x_wconf 77' lang='lat' dir='ltr'>hereticos</span> 
     </span>
    </p>

    <p class='ocr_par' dir='ltr' id='par_1_23' title="bbox 464 4259 2156 4772">
     <span class='ocr_line' id='line_1_36' title="bbox 464 4259 2156 4348; baseline -0.002 -25"><span class='ocrx_word' id='word_1_413' title='bbox 464 4274 493 4323; x_wconf 89' lang='lat' dir='ltr'>et</span> <span class='ocrx_word' id='word_1_414' title='bbox 514 4261 613 4324; x_wconf 84' lang='lat' dir='ltr'>moles</span> <span class='ocrx_word' id='word_1_415' title='bbox 636 4260 804 4324; x_wconf 74' lang='lat' dir='ltr'>catholicos</span> <span class='ocrx_word' id='word_1_416' title='bbox 827 4261 882 4324; x_wconf 81' lang='lat' dir='ltr'>doc</span> <span class='ocrx_word' id='word_1_417' title='bbox 913 4262 1047 4339; x_wconf 85' lang='lat' dir='ltr'>interest,</span> <span class='ocrx_word' id='word_1_418' title='bbox 1079 4261 1164 4345; x_wconf 80' lang='lat' dir='ltr'>qnod</span> <span class='ocrx_word' id='word_1_419' title='bbox 1192 4261 1323 4324; x_wconf 76' lang='lat' dir='ltr'>heretici</span> <span class='ocrx_word' id='word_1_420' title='bbox 1343 4261 1440 4348; x_wconf 81' lang='lat' dir='ltr'>falso</span> <span class='ocrx_word' id='word_1_421' title='bbox 1470 4261 1609 4339; x_wconf 80' lang='lat' dir='ltr'>credunt,</span> <span class='ocrx_word' id='word_1_422' title='bbox 1640 4262 1695 4324; x_wconf 83' lang='lat' dir='ltr'>illi</span> <span class='ocrx_word' id='word_1_423' title='bbox 1721 4275 1823 4324; x_wconf 83' lang='lat' dir='ltr'>cutem</span> <span class='ocrx_word' id='word_1_424' title='bbox 1855 4284 1928 4322; x_wconf 81' lang='lat' dir='ltr'>cern</span> <span class='ocrx_word' id='word_1_425' title='bbox 1959 4259 2115 4322; x_wconf 83' lang='lat' dir='ltr'>credentes</span> <span class='ocrx_word' id='word_1_426' title='bbox 2132 4281 2156 4320; x_wconf 80' lang='lat' dir='ltr'>ss</span> 
     </span>
     <span class='ocr_line' id='line_1_37' title="bbox 464 4365 2115 4451; baseline -0.001 -23"><span class='ocrx_word' id='word_1_427' title='bbox 464 4391 525 4429; x_wconf 86' lang='lat' dir='ltr'>non</span> <span class='ocrx_word' id='word_1_428' title='bbox 550 4369 594 4430; x_wconf 82' lang='lat' dir='ltr'>itc</span> <span class='ocrx_word' id='word_1_429' title='bbox 617 4369 726 4430; x_wconf 51' lang='lat' dir='ltr'>¹et&#39;cimt</span> <span class='ocrx_word' id='word_1_430' title='bbox 749 4381 781 4430; x_wconf 86' lang='lat' dir='ltr'>nt</span> <span class='ocrx_word' id='word_1_431' title='bbox 803 4367 940 4430; x_wconf 78' lang='lat' dir='ltr'>credemt.</span> <span class='ocrx_word' id='word_1_432' title='bbox 977 4366 1082 4430; x_wconf 78' lang='lat' dir='ltr'>Solet⁴</span> <span class='ocrx_word' id='word_1_433' title='bbox 1099 4381 1200 4430; x_wconf 76' lang='lat' dir='ltr'>nietam</span> <span class='ocrx_word' id='word_1_434' title='bbox 1216 4365 1331 4430; x_wconf 82' lang='lat' dir='ltr'>ctiamb</span> <span class='ocrx_word' id='word_1_435' title='bbox 1356 4368 1449 4451; x_wconf 81' lang='lat' dir='ltr'>qncri</span> <span class='ocrx_word' id='word_1_436' title='bbox 1468 4369 1644 4430; x_wconf 74' lang='lat' dir='ltr'>scismatici</span> <span class='ocrx_word' id='word_1_437' title='bbox 1664 4366 1745 4451; x_wconf 86' lang='lat' dir='ltr'>qnid</span> <span class='ocrx_word' id='word_1_438' title='bbox 1766 4367 1805 4430; x_wconf 83' lang='lat' dir='ltr'>nd</span> <span class='ocrx_word' id='word_1_439' title='bbox 1822 4367 1967 4430; x_wconf 79' lang='lat' dir='ltr'>hereticis</span> <span class='ocrx_word' id='word_1_440' title='bbox 1992 4365 2115 4444; x_wconf 84' lang='lat' dir='ltr'>distent,</span> 
     </span>
     <span class='ocr_line' id='line_1_38' title="bbox 465 4472 2113 4562; baseline -0.001 -26"><span class='ocrx_word' id='word_1_441' title='bbox 465 4486 493 4536; x_wconf 90' lang='lat' dir='ltr'>ct</span> <span class='ocrx_word' id='word_1_442' title='bbox 514 4473 570 4536; x_wconf 78' lang='lat' dir='ltr'>doc</span> <span class='ocrx_word' id='word_1_443' title='bbox 594 4476 742 4553; x_wconf 41' lang='lat' dir='ltr'>&#39;in-ceniri,</span> <span class='ocrx_word' id='word_1_444' title='bbox 770 4474 856 4558; x_wconf 79' lang='lat' dir='ltr'>qnod</span> <span class='ocrx_word' id='word_1_445' title='bbox 877 4477 1070 4538; x_wconf 83' lang='lat' dir='ltr'>scismaticos</span> <span class='ocrx_word' id='word_1_446' title='bbox 1093 4499 1153 4538; x_wconf 78' lang='lat' dir='ltr'>reon</span> <span class='ocrx_word' id='word_1_447' title='bbox 1170 4475 1256 4562; x_wconf 81' lang='lat' dir='ltr'>fides</span> <span class='ocrx_word' id='word_1_448' title='bbox 1280 4474 1406 4538; x_wconf 81' lang='lat' dir='ltr'>dinemo</span> <span class='ocrx_word' id='word_1_449' title='bbox 1423 4473 1523 4559; x_wconf 81' lang='lat' dir='ltr'>facit,</span> <span class='ocrx_word' id='word_1_450' title='bbox 1546 4472 1603 4536; x_wconf 84' lang='lat' dir='ltr'>sed</span> <span class='ocrx_word' id='word_1_451' title='bbox 1624 4475 1795 4536; x_wconf 74' lang='lat' dir='ltr'>corii-mimis</span> <span class='ocrx_word' id='word_1_452' title='bbox 1819 4473 1950 4557; x_wconf 79' lang='lat' dir='ltr'>dirupta</span> <span class='ocrx_word' id='word_1_453' title='bbox 1973 4473 2113 4535; x_wconf 80' lang='lat' dir='ltr'>societas.</span> 
     </span>
     <span class='ocr_line' id='line_1_39' title="bbox 468 4579 2114 4667; baseline 0 -26"><span class='ocrx_word' id='word_1_454' title='bbox 468 4579 583 4656; x_wconf 53' lang='grc' dir='ltr'>(ΜΝ</span> <span class='ocrx_word' id='word_1_455' title='bbox 598 4580 695 4667; x_wconf 81' lang='lat' dir='ltr'>falsa</span> <span class='ocrx_word' id='word_1_456' title='bbox 719 4580 756 4644; x_wconf 84' lang='lat' dir='ltr'>dc</span> <span class='ocrx_word' id='word_1_457' title='bbox 780 4581 848 4644; x_wconf 87' lang='lat' dir='ltr'>Deo</span> <span class='ocrx_word' id='word_1_458' title='bbox 872 4581 973 4644; x_wconf 83' lang='lat' dir='ltr'>credit</span> <span class='ocrx_word' id='word_1_459' title='bbox 995 4582 1045 4645; x_wconf 82' lang='lat' dir='ltr'>cel</span> <span class='ocrx_word' id='word_1_460' title='bbox 1067 4581 1104 4645; x_wconf 82' lang='lat' dir='ltr'>de</span> <span class='ocrx_word' id='word_1_461' title='bbox 1127 4582 1239 4666; x_wconf 81' lang='lat' dir='ltr'>aliqua</span> <span class='ocrx_word' id='word_1_462' title='bbox 1259 4595 1355 4666; x_wconf 78' lang='lat' dir='ltr'>purte</span> <span class='ocrx_word' id='word_1_463' title='bbox 1379 4579 1539 4643; x_wconf 76' lang='lat' dir='ltr'>(doctrinae</span> <span class='ocrx_word' id='word_1_464' title='bbox 1563 4603 1642 4664; x_wconf 78' lang='lat' dir='ltr'>quae</span> <span class='ocrx_word' id='word_1_465' title='bbox 1665 4579 1710 4643; x_wconf 85' lang='lat' dir='ltr'>nd</span> <span class='ocrx_word' id='word_1_466' title='bbox 1724 4579 1810 4667; x_wconf 81' lang='lat' dir='ltr'>fidei</span> <span class='ocrx_word' id='word_1_467' title='bbox 1823 4581 1963 4666; x_wconf 84' lang='lat' dir='ltr'>pertinet</span> <span class='ocrx_word' id='word_1_468' title='bbox 1985 4579 2114 4665; x_wconf 69' lang='lat' dir='ltr'>edifica-</span> 
     </span>
     <span class='ocr_line' id='line_1_40' title="bbox 465 4686 2115 4772; baseline 0 -24"><span class='ocrx_word' id='word_1_469' title='bbox 465 4688 588 4767; x_wconf 82' lang='lat' dir='ltr'>tionem,</span> <span class='ocrx_word' id='word_1_470' title='bbox 618 4689 663 4751; x_wconf 86' lang='lat' dir='ltr'>ita</span> <span class='ocrx_word' id='word_1_471' title='bbox 687 4701 803 4751; x_wconf 84' lang='lat' dir='ltr'>utnon</span> <span class='ocrx_word' id='word_1_472' title='bbox 827 4691 984 4772; x_wconf 77' lang='lat' dir='ltr'>querentis</span> <span class='ocrx_word' id='word_1_473' title='bbox 1006 4690 1198 4752; x_wconf 77' lang='lat' dir='ltr'>cunctatione</span> <span class='ocrx_word' id='word_1_474' title='bbox 1221 4701 1407 4772; x_wconf 78' lang='lat' dir='ltr'>temperatas</span> <span class='ocrx_word' id='word_1_475' title='bbox 1430 4689 1480 4766; x_wconf 87' lang='lat' dir='ltr'>sit,</span> <span class='ocrx_word' id='word_1_476' title='bbox 1510 4686 1568 4750; x_wconf 84' lang='lat' dir='ltr'>scd</span> <span class='ocrx_word' id='word_1_477' title='bbox 1595 4689 1772 4750; x_wconf 81' lang='lat' dir='ltr'>inconcusse</span> <span class='ocrx_word' id='word_1_478' title='bbox 1796 4686 1950 4750; x_wconf 88' lang='lat' dir='ltr'>credentis</span> <span class='ocrx_word' id='word_1_479' title='bbox 1975 4711 2030 4750; x_wconf 87' lang='lat' dir='ltr'>nec</span> <span class='ocrx_word' id='word_1_480' title='bbox 2054 4710 2115 4749; x_wconf 92' lang='lat' dir='ltr'>om-</span> 
     </span>
    </p>

    <p class='ocr_par' dir='ltr' id='par_1_24' title="bbox 458 4794 2158 5201">
     <span class='ocr_line' id='line_1_41' title="bbox 465 4794 2158 4880; baseline 0.001 -26"><span class='ocrx_word' id='word_1_481' title='bbox 465 4794 540 4856; x_wconf 87' lang='lat' dir='ltr'>nino</span> <span class='ocrx_word' id='word_1_482' title='bbox 563 4796 689 4858; x_wconf 87' lang='lat' dir='ltr'>scientis</span> <span class='ocrx_word' id='word_1_483' title='bbox 712 4797 859 4880; x_wconf 82' lang='lat' dir='ltr'>opim‘one</span> <span class='ocrx_word' id='word_1_484' title='bbox 882 4808 973 4879; x_wconf 82' lang='lat' dir='ltr'>atquc</span> <span class='ocrx_word' id='word_1_485' title='bbox 997 4819 1102 4858; x_wconf 88' lang='lat' dir='ltr'>errore</span> <span class='ocrx_word' id='word_1_486' title='bbox 1126 4794 1324 4873; x_wconf 67' lang='lat' dir='ltr'>discordans,</span> <span class='ocrx_word' id='word_1_487' title='bbox 1348 4794 1500 4857; x_wconf 78' lang='lat' dir='ltr'>hereticas</span> <span class='ocrx_word' id='word_1_488' title='bbox 1523 4808 1576 4872; x_wconf 89' lang='lat' dir='ltr'>est,</span> <span class='ocrx_word' id='word_1_489' title='bbox 1600 4807 1627 4856; x_wconf 86' lang='lat' dir='ltr'>et</span> <span class='ocrx_word' id='word_1_490' title='bbox 1642 4794 1736 4878; x_wconf 83' lang='lat' dir='ltr'>foris</span> <span class='ocrx_word' id='word_1_491' title='bbox 1759 4807 1802 4857; x_wconf 88' lang='lat' dir='ltr'>est</span> <span class='ocrx_word' id='word_1_492' title='bbox 1824 4795 1941 4874; x_wconf 86' lang='lat' dir='ltr'>animo,</span> <span class='ocrx_word' id='word_1_493' title='bbox 1971 4795 2116 4878; x_wconf 74' lang='lat' dir='ltr'>peremnis</span> <span class='ocrx_word' id='word_1_494' title='bbox 2133 4816 2158 4855; x_wconf 77' lang='lat' dir='ltr'>co</span> 
     </span>
     <span class='ocr_line' id='line_1_42' title="bbox 465 4899 2119 4986; baseline 0.001 -24"><span class='ocrx_word' id='word_1_495' title='bbox 465 4901 673 4984; x_wconf 77' lang='lat' dir='ltr'>corporaliter</span> <span class='ocrx_word' id='word_1_496' title='bbox 697 4903 779 4965; x_wconf 83' lang='lat' dir='ltr'>intus</span> <span class='ocrx_word' id='word_1_497' title='bbox 802 4901 955 4966; x_wconf 82' lang='lat' dir='ltr'>videatur.</span> <span class='ocrx_word' id='word_1_498' title='bbox 1003 4901 1121 4964; x_wconf 82' lang='lat' dir='ltr'>Multos</span> <span class='ocrx_word' id='word_1_499' title='bbox 1143 4904 1226 4965; x_wconf 87' lang='lat' dir='ltr'>enim</span> <span class='ocrx_word' id='word_1_500' title='bbox 1249 4901 1327 4965; x_wconf 81' lang='lat' dir='ltr'>totas</span> <span class='ocrx_word' id='word_1_501' title='bbox 1342 4914 1453 4986; x_wconf 78' lang='lat' dir='ltr'>portat</span> <span class='ocrx_word' id='word_1_502' title='bbox 1475 4900 1636 4978; x_wconf 79' lang='lat' dir='ltr'>aecclesia,</span> <span class='ocrx_word' id='word_1_503' title='bbox 1667 4901 1744 4984; x_wconf 80' lang='lat' dir='ltr'>qnia</span> <span class='ocrx_word' id='word_1_504' title='bbox 1774 4923 1834 4963; x_wconf 75' lang='lat' dir='ltr'>tion</span> <span class='ocrx_word' id='word_1_505' title='bbox 1865 4901 1910 4964; x_wconf 83' lang='lat' dir='ltr'>ita</span> <span class='ocrx_word' id='word_1_506' title='bbox 1941 4899 2119 4986; x_wconf 80' lang='lat' dir='ltr'>defendunt</span> 
     </span>
     <span class='ocr_line' id='line_1_43' title="bbox 458 5005 2118 5094; baseline 0.001 -26"><span class='ocrx_word' id='word_1_507' title='bbox 458 5005 640 5092; x_wconf 71' lang='lat' dir='ltr'>sirtsitc-tcm</span> <span class='ocrx_word' id='word_1_508' title='bbox 670 5007 857 5072; x_wconf 78' lang='lat' dir='ltr'>sententiaed</span> <span class='ocrx_word' id='word_1_509' title='bbox 880 5033 969 5088; x_wconf 82' lang='lat' dir='ltr'>succ,</span> <span class='ocrx_word' id='word_1_510' title='bbox 1000 5022 1034 5071; x_wconf 87' lang='lat' dir='ltr'>nt</span> <span class='ocrx_word' id='word_1_511' title='bbox 1064 5011 1211 5072; x_wconf 83' lang='lat' dir='ltr'>intentam</span> <span class='ocrx_word' id='word_1_512' title='bbox 1240 5007 1470 5071; x_wconf 75' lang='lat' dir='ltr'>multitudinem</span> <span class='ocrx_word' id='word_1_513' title='bbox 1494 5008 1635 5094; x_wconf 85' lang='lat' dir='ltr'>fnci&#39;nnt.</span> <span class='ocrx_word' id='word_1_514' title='bbox 1686 5006 1778 5084; x_wconf 76' lang='lat' dir='ltr'>Quod</span> <span class='ocrx_word' id='word_1_515' title='bbox 1804 5008 1838 5070; x_wconf 86' lang='lat' dir='ltr'>si</span> <span class='ocrx_word' id='word_1_516' title='bbox 1857 5007 2015 5094; x_wconf 87' lang='lat' dir='ltr'>fecerint,</span> <span class='ocrx_word' id='word_1_517' title='bbox 2046 5021 2118 5070; x_wconf 78' lang='lat' dir='ltr'>turm</span> 
     </span>
     <span class='ocr_line' id='line_1_44' title="bbox 459 5112 2120 5201; baseline 0 -25"><span class='ocrx_word' id='word_1_518' title='bbox 459 5113 633 5198; x_wconf 80' lang='lat' dir='ltr'>pelluntur.</span> <span class='ocrx_word' id='word_1_519' title='bbox 681 5112 756 5177; x_wconf 84' lang='lat' dir='ltr'>Item</span> <span class='ocrx_word' id='word_1_520' title='bbox 782 5117 956 5201; x_wconf 82' lang='lat' dir='ltr'>quicunqne</span> <span class='ocrx_word' id='word_1_521' title='bbox 986 5115 1129 5178; x_wconf 76' lang='lat' dir='ltr'>irieident</span> <span class='ocrx_word' id='word_1_522' title='bbox 1158 5116 1257 5196; x_wconf 82' lang='lat' dir='ltr'>donis,</span> <span class='ocrx_word' id='word_1_523' title='bbox 1288 5117 1333 5178; x_wconf 82' lang='lat' dir='ltr'>ita</span> <span class='ocrx_word' id='word_1_524' title='bbox 1357 5128 1390 5177; x_wconf 89' lang='lat' dir='ltr'>nt</span> <span class='ocrx_word' id='word_1_525' title='bbox 1412 5127 1544 5198; x_wconf 86' lang='lat' dir='ltr'>qnerant</span> <span class='ocrx_word' id='word_1_526' title='bbox 1566 5116 1742 5177; x_wconf 82' lang='lat' dir='ltr'>occasiones</span> <span class='ocrx_word' id='word_1_527' title='bbox 1765 5113 1957 5177; x_wconf 77' lang='lat' dir='ltr'>ecclitdendi</span> <span class='ocrx_word' id='word_1_528' title='bbox 1981 5137 2034 5178; x_wconf 89' lang='lat' dir='ltr'>eos</span> <span class='ocrx_word' id='word_1_529' title='bbox 2064 5127 2120 5176; x_wconf 83' lang='lat' dir='ltr'>ant</span> 
     </span>
    </p>
   </div>
   <div class='ocr_carea' id='block_1_6' title="bbox 573 5343 1778 5415">
    <p class='ocr_par' dir='ltr' id='par_1_25' title="bbox 573 5343 1778 5415">
     <span class='ocr_line' id='line_1_45' title="bbox 573 5343 1778 5415; baseline 0.002 -20"><span class='ocrx_word' id='word_1_530' title='bbox 573 5343 599 5406; x_wconf 77' lang='lat' dir='ltr'>a)</span> <span class='ocrx_word' id='word_1_531' title='bbox 622 5349 716 5396; x_wconf 84' lang='lat' dir='ltr'>vacuis</span> <span class='ocrx_word' id='word_1_532' title='bbox 736 5347 768 5397; x_wconf 89' lang='lat' dir='ltr'>B.</span> <span class='ocrx_word' id='word_1_533' title='bbox 842 5347 869 5408; x_wconf 87' lang='lat' dir='ltr'>b)</span> <span class='ocrx_word' id='word_1_534' title='bbox 891 5350 967 5415; x_wconf 90' lang='lat' dir='ltr'>queri</span> <span class='ocrx_word' id='word_1_535' title='bbox 987 5350 1069 5399; x_wconf 86' lang='lat' dir='ltr'>etiam</span> <span class='ocrx_word' id='word_1_536' title='bbox 1088 5347 1121 5398; x_wconf 89' lang='lat' dir='ltr'>B.</span> <span class='ocrx_word' id='word_1_537' title='bbox 1195 5346 1220 5410; x_wconf 89' lang='lat' dir='ltr'>c)</span> <span class='ocrx_word' id='word_1_538' title='bbox 1242 5349 1271 5400; x_wconf 85' lang='lat' dir='ltr'>Si</span> <span class='ocrx_word' id='word_1_539' title='bbox 1290 5350 1361 5401; x_wconf 89' lang='lat' dir='ltr'>enim</span> <span class='ocrx_word' id='word_1_540' title='bbox 1381 5349 1447 5414; x_wconf 78' lang='lat' dir='ltr'>Aup.</span> <span class='ocrx_word' id='word_1_541' title='bbox 1521 5345 1549 5410; x_wconf 92' lang='lat' dir='ltr'>d)</span> <span class='ocrx_word' id='word_1_542' title='bbox 1571 5365 1636 5398; x_wconf 90' lang='lat' dir='ltr'>suae</span> <span class='ocrx_word' id='word_1_543' title='bbox 1656 5354 1725 5398; x_wconf 90' lang='lat' dir='ltr'>sent.</span> <span class='ocrx_word' id='word_1_544' title='bbox 1745 5347 1778 5398; x_wconf 93' lang='lat' dir='ltr'>B.</span> 
     </span>
    </p>
   </div>
   <div class='ocr_carea' id='block_1_7' title="bbox 466 5561 2161 5854">
    <p class='ocr_par' dir='ltr' id='par_1_26' title="bbox 466 5561 2161 5854">
     <span class='ocr_line' id='line_1_46' title="bbox 576 5561 2161 5643; baseline 0.003 -27"><span class='ocrx_word' id='word_1_545' title='bbox 576 5562 604 5632; x_wconf 85' lang='lat'>1)</span> <span class='ocrx_word' id='word_1_546' title='bbox 629 5561 721 5635; x_wconf 81' lang='lat' dir='ltr'>Jaffc&#39;,</span> <span class='ocrx_word' id='word_1_547' title='bbox 746 5563 819 5621; x_wconf 83' lang='lat' dir='ltr'>Bibt.</span> <span class='ocrx_word' id='word_1_548' title='bbox 844 5563 884 5634; x_wconf 88' lang='lat' dir='ltr'>II,</span> <span class='ocrx_word' id='word_1_549' title='bbox 903 5585 937 5640; x_wconf 83' lang='lat' dir='ltr'>p.</span> <span class='ocrx_word' id='word_1_550' title='bbox 956 5563 1029 5620; x_wconf 82' lang='grc'>525.</span> <span class='ocrx_word' id='word_1_551' title='bbox 1069 5567 1150 5624; x_wconf 84' lang='lat' dir='ltr'>Haec</span> <span class='ocrx_word' id='word_1_552' title='bbox 1174 5567 1290 5643; x_wconf 84' lang='lat' dir='ltr'>epistola</span> <span class='ocrx_word' id='word_1_553' title='bbox 1312 5585 1402 5641; x_wconf 83' lang='lat' dir='ltr'>supra</span> <span class='ocrx_word' id='word_1_554' title='bbox 1425 5565 1480 5622; x_wconf 84' lang='lat' dir='ltr'>inm</span> <span class='ocrx_word' id='word_1_555' title='bbox 1505 5575 1547 5623; x_wconf 84' lang='lat' dir='ltr'>ter</span> <span class='ocrx_word' id='word_1_556' title='bbox 1571 5566 1645 5622; x_wconf 82' lang='lat' dir='ltr'>edita</span> <span class='ocrx_word' id='word_1_557' title='bbox 1669 5575 1709 5622; x_wconf 90' lang='lat' dir='ltr'>cst</span> <span class='ocrx_word' id='word_1_558' title='bbox 1732 5565 1794 5622; x_wconf 85' lang='lat' dir='ltr'>Lib.</span> <span class='ocrx_word' id='word_1_559' title='bbox 1820 5567 1854 5622; x_wconf 87' lang='lat' dir='ltr'>de</span> <span class='ocrx_word' id='word_1_560' title='bbox 1876 5565 1922 5622; x_wconf 84' lang='lat' dir='ltr'>lite</span> <span class='ocrx_word' id='word_1_561' title='bbox 1944 5565 1969 5636; x_wconf 92' lang='lat' dir='ltr'>I,</span> <span class='ocrx_word' id='word_1_562' title='bbox 1989 5585 2022 5641; x_wconf 85' lang='lat' dir='ltr'>p.</span> <span class='ocrx_word' id='word_1_563' title='bbox 2042 5565 2115 5623; x_wconf 82' lang='lat'>340.</span> <span class='ocrx_word' id='word_1_564' title='bbox 2135 5582 2161 5620; x_wconf 75' lang='lat' dir='ltr'>ss</span> 
     </span>
     <span class='ocr_line' id='line_1_47' title="bbox 468 5668 2115 5750; baseline 0.002 -26"><span class='ocrx_word' id='word_1_565' title='bbox 468 5668 529 5724; x_wconf 83' lang='lat'>420</span> <span class='ocrx_word' id='word_1_566' title='bbox 539 5691 548 5737; x_wconf 90' lang='lat'><em>;</em></span> <span class='ocrx_word' id='word_1_567' title='bbox 574 5668 613 5738; x_wconf 91' lang='lat' dir='ltr'>II,</span> <span class='ocrx_word' id='word_1_568' title='bbox 632 5689 665 5744; x_wconf 80' lang='lat' dir='ltr'>p.</span> <span class='ocrx_word' id='word_1_569' title='bbox 684 5669 735 5726; x_wconf 87' lang='lat'>60.</span> <span class='ocrx_word' id='word_1_570' title='bbox 828 5669 857 5738; x_wconf 84' lang='lat'>2)</span> <span class='ocrx_word' id='word_1_571' title='bbox 883 5670 976 5746; x_wconf 83' lang='lat' dir='ltr'>Epist.</span> <span class='ocrx_word' id='word_1_572' title='bbox 993 5671 1047 5742; x_wconf 86' lang='lat' dir='ltr'>XI,</span> <span class='ocrx_word' id='word_1_573' title='bbox 1072 5671 1144 5729; x_wconf 75' lang='lat' dir='ltr'>ota.</span> <span class='ocrx_word' id='word_1_574' title='bbox 1169 5675 1211 5730; x_wconf 86' lang='lat' dir='ltr'>ad</span> <span class='ocrx_word' id='word_1_575' title='bbox 1232 5672 1424 5750; x_wconf 79' lang='lat' dir='ltr'>Aupnstinum,</span> <span class='ocrx_word' id='word_1_576' title='bbox 1449 5672 1518 5729; x_wconf 87' lang='grc' dir='ltr'>ΕΕ.</span> <span class='ocrx_word' id='word_1_577' title='bbox 1543 5671 1583 5742; x_wconf 90' lang='lat' dir='ltr'>II,</span> <span class='ocrx_word' id='word_1_578' title='bbox 1602 5692 1635 5747; x_wconf 83' lang='lat' dir='ltr'>p.</span> <span class='ocrx_word' id='word_1_579' title='bbox 1655 5672 1728 5729; x_wconf 87' lang='lat'><strong>333.</strong></span> <span class='ocrx_word' id='word_1_580' title='bbox 1822 5672 1853 5742; x_wconf 91' lang='lat'>3)</span> <span class='ocrx_word' id='word_1_581' title='bbox 1879 5671 1996 5737; x_wconf 69' lang='lat' dir='ltr'>Quasi.</span> <span class='ocrx_word' id='word_1_582' title='bbox 2013 5672 2115 5731; x_wconf 80' lang='lat' dir='ltr'><em>XVII.</em></span> 
     </span>
     <span class='ocr_line' id='line_1_48' title="bbox 466 5773 2116 5854; baseline 0.001 -21"><span class='ocrx_word' id='word_1_583' title='bbox 466 5775 496 5833; x_wconf 88' lang='lat' dir='ltr'>in</span> <span class='ocrx_word' id='word_1_584' title='bbox 514 5775 659 5845; x_wconf 68' lang='lat' dir='ltr'>clarens,</span> <span class='ocrx_word' id='word_1_585' title='bbox 683 5785 789 5852; x_wconf 82' lang='lat' dir='ltr'>quaest.</span> <span class='ocrx_word' id='word_1_586' title='bbox 807 5776 860 5847; x_wconf 84' lang='lat' dir='ltr'>XI,</span> <span class='ocrx_word' id='word_1_587' title='bbox 885 5773 904 5851; x_wconf 65' lang='grc' dir='ltr'>ξ</span> <span class='ocrx_word' id='word_1_588' title='bbox 925 5779 951 5848; x_wconf 92' lang='lat' dir='ltr'>l,</span> <span class='ocrx_word' id='word_1_589' title='bbox 978 5776 1050 5854; x_wconf 78' lang='lat' dir='ltr'>opp.</span> <span class='ocrx_word' id='word_1_590' title='bbox 1068 5779 1124 5849; x_wconf 89' lang='lat' dir='ltr'>III,</span> <span class='ocrx_word' id='word_1_591' title='bbox 1144 5779 1172 5850; x_wconf 85' lang='lat'>2,</span> <span class='ocrx_word' id='word_1_592' title='bbox 1198 5783 1247 5836; x_wconf 83' lang='lat' dir='ltr'>col.</span> <span class='ocrx_word' id='word_1_593' title='bbox 1266 5779 1372 5836; x_wconf 76' lang='lat' dir='ltr'>279A.</span> <span class='ocrx_word' id='word_1_594' title='bbox 1443 5778 1473 5849; x_wconf 85' lang='lat'>4)</span> <span class='ocrx_word' id='word_1_595' title='bbox 1498 5779 1572 5836; x_wconf 85' lang='lat' dir='ltr'>Ibid.</span> <span class='ocrx_word' id='word_1_596' title='bbox 1597 5777 1663 5853; x_wconf 62' lang='lat'>§2</span> <span class='ocrx_word' id='word_1_597' title='bbox 1746 5777 1777 5854; x_wconf 84' lang='lat'>5)</span> <span class='ocrx_word' id='word_1_598' title='bbox 1802 5779 1975 5845; x_wconf 80' lang='lat' dir='ltr'>Quibusdam</span> <span class='ocrx_word' id='word_1_599' title='bbox 1999 5780 2116 5837; x_wconf 83' lang='lat' dir='ltr'>arnissis.</span> 
     </span>
    </p>
   </div>
   <div class='ocr_carea' id='block_1_8' title="bbox 0 0 2227 6388">
    <p class='ocr_par' dir='ltr' id='par_1_27' title="bbox 0 0 2227 6388">
     <span class='ocr_line' id='line_1_49' title="bbox 0 0 2227 6388; baseline 0 0"><span class='ocrx_word' id='word_1_600' title='bbox 0 0 2227 6388; x_wconf 95' lang='lat' dir='ltr'> </span> 
     </span>
    </p>
   </div>
  </div>
 </body>
</html>
