4426 6398
674 268 910 328 'PRAC'I'ATUS
934 272 1222 330 EBORACENSES.
1254 275 1306 331 VI.
1752 268 1813 331 687

165 469 241 524 sunt
269 457 416 524 membra
439 457 559 524 Christi
588 481 647 524 nos
678 457 811 524 obedire
844 462 1027 543 convenit⁵,
1058 471 1113 524 aut
1143 458 1289 547 pluribus
1318 460 1413 524 simul
1444 470 1500 525 aut
1529 462 1584 524 uni
1609 471 1732 524 tantum
1756 483 1815 525 nos

166 565 300 631 obedire
331 566 493 630 convenit.
540 565 606 631 Sed
636 567 713 652 quia
743 565 788 630 illi
819 565 927 652 plures
956 567 991 630 in
1015 566 1172 653 dignitate
1203 590 1268 631 non
1298 579 1373 631 sunt
1403 566 1546 653 equales,
1578 566 1640 631 illis
1665 566 1815 632 omnibus

166 696 232 737 non
255 671 411 737 debemus
436 671 594 759 equaliter
617 671 761 754 obedire,
787 672 845 736 sed
867 673 914 737 illi
937 683 1070 756 tantum,
1096 676 1150 761 qui
1176 674 1372 760 apostolicus
1389 685 1447 738 est.
1487 674 1607 760 Sicque
1631 675 1676 758 fit,
1701 685 1816 739 utnon

167 779 314 867 ecclesie,
340 778 398 843 sed
420 801 558 866 persone
582 777 760 843 debeamus
785 777 927 844 obedire.
976 781 1043 845 Sed
1070 783 1103 844 in
1134 803 1197 868 quo
1222 779 1378 844 debemus
1403 779 1562 845 obedire?
1594 793 1649 845 aut
1673 783 1815 845 enimin

134 909 216 967 seo,
241 885 329 972 quod
351 885 446 950 homo
471 894 529 968 est,
554 885 665 949 autin
690 907 739 968 ec,
763 884 850 972 quod
874 886 1070 972 apostolicus
1095 897 1153 968 est,
1178 885 1334 951 debemus
1359 889 1388 950 ei
1413 887 1556 951 obedire.
1605 887 1671 953 Sed
1694 911 1759 952 non
1781 890 1816 951 in

167 1015 216 1076 eo,
241 991 328 1079 quod
357 992 453 1056 homo
484 1001 542 1075 est,
570 993 647 1078 quia
674 991 796 1056 homini
827 992 901 1057 talis
932 992 1118 1058 obedientia
1148 991 1335 1059 exhibenda
1357 1017 1422 1058 non
1446 1004 1504 1058 est.
1550 993 1706 1080 Alioquin
1729 996 1816 1058 omni

166 1100 291 1164 homini
314 1097 487 1164 deberetur
503 1097 690 1163 obedientia
712 1099 796 1162 talis.
835 1100 924 1186 Ergo
948 1103 981 1164 in
998 1123 1047 1183 eo,
1072 1099 1159 1187 quod
1182 1100 1379 1186 apostoliens
1403 1111 1461 1183 est,
1486 1099 1672 1164 obedientia
1695 1100 1741 1165 illi
1760 1123 1815 1165 ex·

166 1205 310 1271 hibenda
333 1217 391 1288 est,
416 1205 515 1270 idest
537 1207 644 1288 ineo,
669 1205 755 1292 quod
779 1207 896 1271 adesus
921 1217 979 1288 est,
1004 1205 1168 1270 aChristo
1184 1204 1347 1270 videlicet.
1387 1207 1471 1270 Nam
1496 1208 1522 1269 si
1546 1206 1587 1271 ab
1612 1207 1674 1271 alio
1698 1209 1815 1272 missus

167 1325 226 1396 est,
249 1311 338 1377 nulla
362 1314 391 1377 ei
416 1335 435 1376 a
457 1310 552 1377 nobis
575 1313 609 1376 in
632 1312 694 1376 hoc
718 1311 905 1377 obedientie
935 1312 1121 1378 exhibenda
1150 1324 1209 1378 est.
1257 1311 1323 1376 Sed
1354 1315 1381 1376 si
1412 1337 1431 1376 a
1455 1311 1584 1377 Christo
1615 1315 1742 1396 missus,
1773 1315 1815 1378 ad

122 1445 148 1483 ro
167 1418 246 1507 quid
269 1421 385 1483 missus
410 1419 483 1483 est?
529 1419 596 1482 Aut
620 1420 705 1482 enirn
729 1418 771 1482 ad
795 1419 856 1484 hoc
879 1421 996 1485 missus
1027 1431 1085 1502 est,
1116 1430 1151 1484 ut
1180 1419 1335 1484 mandata
1359 1419 1479 1484 Christi
1511 1420 1553 1484 ed
1584 1443 1642 1484 nos
1672 1421 1816 1507 perferat

168 1531 216 1590 *et
238 1525 353 1590 doceat
376 1549 445 1606 nos,
470 1535 526 1590 aut
549 1525 591 1589 ad
606 1523 704 1608 aliud,
725 1525 812 1611 quod
827 1527 990 1590 nescimus
1014 1537 1046 1590 et
1069 1526 1157 1613 quod
1180 1524 1221 1590 ad
1237 1526 1302 1590 Dei
1318 1526 1473 1590 mandata
1495 1529 1658 1612 pertinere
1682 1529 1814 1591 minime
1834 1555 1924 1604 -aasa

166 1632 303 1714 videtur,
327 1634 362 1695 in
385 1655 449 1718 quo
473 1655 546 1696 eum
569 1654 631 1696 nec
656 1633 753 1696 etiam
777 1632 888 1696 audire
913 1631 1078 1696 debemus.
1127 1632 1162 1698 Si
1186 1655 1264 1718 ergo
1288 1632 1330 1696 ad
1352 1632 1414 1697 hoc
1438 1635 1554 1697 missus
1579 1643 1636 1716 est,
1668 1643 1703 1697 ut
1725 1641 1813 1698 man-

167 1739 243 1804 date
266 1739 330 1804 Dei
354 1739 396 1803 ad
419 1762 478 1803 nos
501 1739 645 1826 perferat
668 1749 700 1802 et
722 1738 840 1803 doceat
862 1762 931 1822 nos,
955 1739 988 1803 id
1013 1739 1174 1824 superfluo
1198 1739 1319 1803 facturn
1352 1750 1410 1822 est,
1442 1741 1519 1826 quia
1548 1762 1607 1804 nos
1636 1741 1813 1826 scripturas

165 1845 373 1933 propheticas
397 1855 430 1911 et
453 1844 660 1932 euangelicas
678 1857 710 1910 et
726 1845 921 1931 apostolicas
940 1844 1155 1934 [habemusbp
1179 1848 1213 1910 in
1231 1844 1347 1932 quibus
1365 1848 1473 1910 omnia
1488 1847 1642 1910 mandata
1658 1846 1723 1911 Dei
1740 1871 1813 1911 con-

121 1979 147 2017 ιε»
166 1954 308 2017 tinentur
331 1963 364 2016 et
385 1953 499 2017 horum
523 1953 659 2016 scientia
682 1952 809 2038 plenius
825 1963 874 2016 est
890 1952 977 2038 apud
993 1975 1052 2016 nos
1069 1975 1167 2038 quam
1191 1952 1278 2038 apud
1301 1951 1400 2034 illum,
1426 1963 1457 2016 et
1480 1953 1655 2039 perfectior
1677 1953 1816 2018 habetur

166 2070 198 2123 et
214 2058 373 2124 celebrius
389 2058 515 2123 colitur.
550 2058 614 2123 Eat
636 2081 714 2144 ergo
738 2058 780 2122 ad
796 2069 931 2144 gentes⁰
949 2082 1012 2144 que
1029 2059 1194 2123 nondurn‘¹
1209 2057 1312 2126 fidem.
1324 2058 1444 2124 habent
1460 2058 1581 2124 Christi
1603 2083 1664 2124 nec
1682 2060 1814 2125 manda-

166 2178 269 2230 torum
294 2167 395 2253 ipsius
420 2167 599 2246 seientiam,
624 2176 656 2230 et
679 2164 741 2229 illis
764 2165 921 2251 predicet,
945 2165 1016 2229 illos
1034 2165 1160 2247 doceat,
1176 2177 1211 2230 ut
1230 2165 1283 2230 illo
1299 2164 1490 2252 predicante
1508 2177 1540 2230 et
1556 2166 1693 2230 docente
1716 2167 1814 2230 fidem

167 2272 286 2337 Christi
310 2274 489 2358 suscipiant
512 2283 544 2336 et
568 2256 764 2357 agnitionem
790 2283 887 2358 atque
912 2272 1101 2355 doctrinam,
1131 2273 1214 2337 sicut
1236 2272 1315 2337 iecit
1338 2273 1453 2336 Petrus
1486 2283 1517 2336 et
1541 2275 1641 2337 ceteri
1665 2273 1813 2359 apostoli,

167 2381 222 2466 qui
249 2402 269 2443 a
292 2378 421 2443 Christo
451 2380 541 2443 missi
572 2390 658 2460 sunt,
686 2391 722 2443 ut
751 2381 836 2443 irent
864 2381 898 2443 in
927 2381 1116 2444 universum
1146 2379 1301 2443 mundum
1325 2389 1358 2443 et
1379 2378 1588 2466 predicarent
1618 2382 1813 2468 aaanpelr'arn
1835 2409 1991 2458 usitatam.

121 2512 148 2550 so
167 2490 254 2552 omni
274 2501 415 2573 creatura
437 2501 465 2550 et
488 2487 631 2550 docerent
653 2511 756 2550 omnes
776 2501 890 2574 pentes,
914 2489 1104 2573 baptizantes
1127 2511 1177 2551 aas
1200 2489 1234 2550 ia
1256 2489 1381 2551 narniae
1400 2485 1508 2550 Patris
1531 2501 1558 2550 et
1578 2489 1666 2571 ήίίίΘ
1690 2503 1717 2552 et
1740 2487 1813 2575 Spi-

166 2596 246 2657 ritus
268 2596 378 2658 saacti.
415 2592 486 2678 Hec
503 2593 646 2677 inquam,
670 2592 779 2673 faciat,
805 2593 830 2656 si
847 2591 926 2674 vult,
949 2602 986 2656 ut
1009 2593 1158 2657 salutaris
1182 2603 1215 2656 et
1237 2591 1324 2657 utilis
1348 2593 1389 2655 sit
1414 2594 1482 2656 eius
1506 2594 1627 2676 missio,
1652 2604 1684 2657 et
1707 2595 1735 2656 si
1751 2617 1814 2657 non

166 2699 235 2763 vult
258 2699 412 2763 recedere
437 2723 456 2763 a
479 2699 626 2784 vestigiis
650 2699 740 2763 Petri
764 2710 798 2763 et
820 2698 1039 2785 apostolorum
1063 2700 1250 2785 magisterio
1254 2747 1461 2762 .......

274 2804 591 2870 'Considerandum‘
617 2817 665 2869 est
688 2804 728 2868 de
745 2805 892 2870 Romana
916 2805 1064 2894 ecclesia,
1088 2805 1175 2870 unde
1200 2807 1241 2869 sit
1264 2804 1395 2892 dignior
1419 2828 1461 2869 ex
1485 2827 1533 2894 eo,
1558 2805 1646 2892 quod
1669 2806 1815 2871 Romana
1835 2835 1925 2885 pass

168 2925 225 2994 est,
249 2936 290 2976 an
314 2935 357 2976 ex
381 2935 429 2994 ec,
455 2911 541 2999 quod
566 2910 705 2992 ccclesia
729 2923 786 2976 est.
831 2911 897 2978 Sed
920 2911 998 2977 mihi
1022 2912 1152 2976 videtur
1175 2935 1217 2976 ex
1241 2935 1279 2976 eo
1304 2935 1376 2976 esse
1400 2911 1487 2976 illam
1513 2912 1703 2997 digniorem,
1728 2914 1815 3000 quod

122 3045 149 3084 aa
168 3019 307 3104 ecclesia
330 3030 388 3083 est.
427 3017 511 3082 Nam
536 3041 577 3082 ex
601 3040 639 3083 eo
664 3017 786 3082 Christi
809 3041 929 3104 sponsa
952 3031 1010 3100 est,
1036 3017 1155 3083 Christi
1181 3017 1331 3084 columba
1354 3029 1412 3100 est,
1438 3018 1559 3082 Christi
1582 3021 1733 3105 proxima
1756 3032 1814 3104 est,

168 3126 288 3191 Christi
312 3125 416 3190 electa
440 3136 497 3208 est,
523 3123 642 3190 Christi
666 3125 803 3211 pulchra
831 3127 937 3189 amica
960 3136 1019 3206 est,
1044 3125 1164 3189 Christi
1194 3125 1335 3210 gloriosa
1365 3135 1398 3189 et
1426 3125 1634 3189 immaculata
1665 3138 1727 3208 est,
1754 3153 1815 3192 noa
1835 3156 1959 3205 spatas.

168 3235 282 3298 labens
304 3235 460 3297 moselant
484 3247 538 3297 out
561 3258 671 3319 rapam
696 3247 750 3297 aut
772 3233 901 3318 alr‘qaid
922 3233 1114 3313 istiusmodi,
1138 3230 1196 3295 sed
1219 3241 1287 3295 tote
1310 3233 1459 3318 speciosa
1482 3243 1540 3295 cst.
1576 3232 1629 3295 Ex
1646 3255 1684 3296 eo
1707 3245 1814 3297 autern

169 3340 254 3427 quod
270 3340 417 3404 Romana
440 3349 499 3419 est,
523 3360 588 3401 non
611 3337 684 3402 talis
708 3348 767 3418 cst,
792 3337 850 3401 sed
868 3361 989 3424 paucos
1007 3339 1127 3403 electos
1144 3349 1175 3402 et
1191 3339 1256 3402 Dei
1280 3337 1362 3401 filios
1386 3337 1493 3420 habet,
1519 3339 1634 3428 multos
1659 3339 1815 3425 reprobos

168 3457 200 3511 et
224 3444 344 3510 diaboli
373 3444 466 3528 filios,
492 3445 546 3531 qui
571 3445 664 3531 quasi
694 3444 788 3534 paleo
819 3455 893 3508 sunt
922 3445 956 3507 in
980 3467 1057 3508 area
1079 3444 1214 3508 Domini
1238 3456 1270 3508 et
1293 3455 1406 3529 tegunt
1436 3468 1540 3530 grana
1569 3446 1678 3528 tritici,
1709 3446 1816 3511 idest

122 3581 149 3619 aa
168 3553 288 3617 electos
312 3551 512 3638 obprimunt3
544 3575 625 3638 quos
656 3550 787 3637 quidem
816 3551 988 3615 ecclesiam
1012 3551 1155 3616 Sathane
1185 3565 1365 3637 possumus
1388 3551 1563 3638 appellare,
1595 3576 1660 3616 nan
1684 3552 1814 3618 Christi.
1835 3585 1958 3635 amaea,

167 3659 250 3724 Nam
273 3659 357 3724 solos
381 3659 501 3723 electos
525 3670 557 3722 et
580 3658 644 3722 Dei
668 3656 749 3722 filias
773 3659 842 3722 iure
866 3681 1038 3745 possumus
1062 3656 1171 3722 dicere
1196 3680 1267 3722 esse
1292 3658 1464 3722 ecelesiam
1485 3656 1616 3740 Christi,
1642 3660 1718 3746 quia
1742 3674 1816 3724 sunt

168 3767 266 3830 etiam
296 3764 441 3830 membra
469 3766 613 3851 corporis
638 3763 767 3846 Christi,
799 3766 876 3851 quia
905 3776 980 3829 sunt
1009 3765 1164 3851 templum
1189 3764 1310 3829 Christi
1341 3764 1428 3851 quod
1459 3776 1606 3830 sanctum
1638 3777 1696 3850 est,
1725 3783 1753 3832 et
1782 3770 1816 3832 ia
1835 3799 1980 3848 iconam,

168 3876 249 3960 ipsae
277 3875 398 3938 habitat
421 3872 563 3959 Spiritus
591 3887 716 3936 serratas
744 3871 871 3937 Cirr-reti.
919 3870 1062 3957 Reprobi
1093 3883 1200 3936 autem
1233 3883 1265 3935 et
1295 3870 1353 3935 filii
1382 3870 1517 3954 diaboli,
1546 3895 1682 3958 quorum
1713 3875 1817 3938 maior

167 4002 320 4043 numerus
344 3990 403 4062 est,
427 4002 492 4043 non
516 3988 590 4043 sunt
613 3977 759 4042 membra
782 3979 926 4064 corporis
951 3977 1082 4061 Christi,
1107 4001 1171 4042 non
1195 3989 1270 4042 sunt
1292 3977 1447 4064 templum
1471 3976 1602 4068 Christi,
1627 4003 1688 4044 nec
1712 3982 1744 4044 in
1769 3983 1815 4045 eis

123 4115 149 4156 as
168 4085 293 4151 habitat
316 4087 447 4173 spiritus
471 4084 602 4167 Christi,
627 4095 659 4148 et
681 4085 755 4149 ideo
780 4085 920 4150 eeclesia
943 4095 1017 4149 sunt
1042 4084 1195 4172 Sathanc,
1220 4107 1285 4149 non
1309 4083 1439 4149 Christi.
1481 4083 1600 4172 Sicque
1625 4086 1670 4168 fit,
1694 4097 1729 4150 ut
1753 4087 1816 4168 duc

168 4194 232 4257 sint
260 4193 405 4282 Romane
436 4192 590 4280 ecclesie,
620 4215 686 4256 una
714 4191 871 4280 Sathena,
902 4190 1004 4256 altera
1028 4189 1158 4256 Christi.
1210 4191 1357 4256 Ecclesia
1389 4203 1496 4256 autem
1528 4191 1671 4278 Sathena
1695 4191 1815 4258 Christi

169 4299 307 4364 ecclesia
330 4298 538 4364 nullomodod
554 4297 651 4363 debet
675 4321 746 4362 esse
770 4297 927 4362 subiecta.
962 4297 1029 4362 Nos
1052 4309 1162 4362 tamen
1186 4299 1299 4384 paucis
1324 4297 1435 4362 electis
1460 4309 1492 4362 et
1515 4301 1636 4363 sanctis
1660 4298 1733 4362 filiis
1750 4300 1815 4364 Dei

169 4407 223 4493 qui
247 4417 321 4471 sunt
344 4406 445 4495 Rome
476 4404 631 4469 exhibere
660 4403 816 4469 debemus
846 4404 1078 4486 reverentiam,
1109 4405 1167 4468 sed
1197 4404 1325 4492 qualem
1354 4416 1448 4491 pater
1477 4417 1588 4469 noster
1618 4407 1673 4491 qui
1705 4418 1753 4470 est
1783 4408 1815 4470 in

168 4513 246 4577 celis
275 4513 415 4599 precipit
445 4522 477 4576 et
499 4511 578 4595 vult,
609 4522 644 4575 ut
674 4511 887 4576 exhibeamus
917 4509 1071 4575 fratribus
1100 4512 1218 4576 nostris
1248 4513 1281 4574 in
1306 4513 1451 4594 caritate,
1482 4535 1546 4576 non
1576 4514 1610 4575 in
1634 4505 1816 4596 exactione,

122 4629 300 4706 eapropter
322 4619 441 4702 Deum,
466 4641 531 4682 non
554 4629 687 4705 propter
709 4617 810 4682 seculi
833 4618 964 4682 fastum.
999 4617 1116 4681 Amen.

274 4819 301 4884 a)
323 4821 433 4870 cnvenit
451 4837 471 4869 c.
529 4817 555 4881 b)
576 4818 695 4883 sappini.
752 4815 778 4879 e)
799 4819 830 4877 ᾗ
848 4835 868 4868 a.
924 4815 952 4879 d)
975 4819 1095 4869 rnunlum
1114 4837 1135 4868 e.
1190 4817 1216 4880 e)
1236 4819 1328 4869 iratris
1346 4837 1367 4869 a.
1423 4819 1443 4882 f)
1464 4819 1553 4869 attiae
1569 4820 1816 4870 mdeerrnamaalio

167 4917 306 4960 memerato
320 4909 412 4974 perpit.
