4426 6398
668 389 905 455 nsAc'rATUS
928 396 1219 457 EBORAOENSES.
1252 401 1303 458 IV.
1748 393 1813 459 666

160 584 341 670 principem
364 593 397 648 et
418 605 518 670 super
539 583 623 649 lilios
645 583 758 650 Aaron
786 595 819 650 et
841 607 940 672 super
962 597 1095 651 cunctos
1118 587 1229 651 viros·
1251 586 1398 652 leviticil’
1420 588 1550 672 generis
1579 588 1714 652 uncxit‘-
1738 608 1813 652 sum
1833 609 1990 660 ermenone.

159 691 195 756 in
216 689 409 778 principem,
433 691 587 776 quoniam
611 691 729 778 stipsi
751 693 894 757 maxime
918 703 1011 757 erant
1039 691 1203 757 hereditas
1226 691 1372 758 Domini.
1417 693 1498 758 Post
1525 694 1711 758 unctionem
1733 716 1813 759 vero

160 795 319 862 insilirit‘¹
347 796 382 860 in
411 817 486 860 eum
515 795 648 883 spiritus
676 796 822 880 Domini,
853 807 887 863 et
915 797 1076 885 propheta
1104 797 1209 864 factus
1239 808 1298 882 est,
1330 807 1364 864 et
1392 809 1533 864 mutatus
1564 809 1614 864 est
1643 800 1677 863 in
1706 801 1813 866 virum

160 901 269 984 chum,
292 911 330 966 ut
351 902 449 966 etiam
473 901 666 968 sacerdotali
690 904 753 968 ritu
776 904 959 969 immolaret
981 904 1103 968 hostias
1126 903 1292 991 pacificas.
1330 903 1375 968 Et
1397 905 1571 970 inmutavit
1597 906 1637 969 eir
1650 904 1812 972 Dominus

128 1031 218 1074 scor
239 1006 339 1090 aliud,
363 1017 399 1072 ut
420 1008 692 1074 veritatecordis
716 1020 803 1075 esset
825 1010 966 1075 christus
988 1009 1133 1092 Domini,
1157 1011 1243 1076 sieut
1269 1011 1303 1074 in
1333 1009 1545 1097 sequentibus
1568 1010 1654 1076 idem
1680 1010 1812 1077 Samuel

159 1114 319 1202 loquitur:
354 1114 455 1181 Tasn's
484 1115 642 1182 Dominus
670 1117 860 1182 adversane
891 1141 945 1183 vos
974 1131 1003 1182 et
1031 1119 1116 1182 testc's
1144 1117 1280 1182 christus
1308 1119 1385 1183 eius.
1436 1115 1534 1181 Unde
1564 1127 1598 1182 et
1626 1117 1738 1183 David
1769 1117 1811 1183 ad
1832 1139 1914 1190 ιιι...
1926 1139 1959 1190 ιι,
1967 1139 1989 1181 ι.

159 1222 247 1286 viros
270 1243 357 1303 suos,
381 1221 438 1308 qui
460 1242 535 1286 cum
554 1243 593 1287 eo
615 1222 652 1286 in
674 1221 830 1309 spelunca
852 1221 1008 1304 latebant,
1032 1222 1164 1309 quando
1187 1221 1327 1288 abscidit
1349 1244 1439 1287 oram
1463 1221 1633 1288 clamidis‘
1650 1223 1739 1308 Saul,
1763 1225 1812 1290 sic

160 1328 222 1393 ait:
253 1327 440 1415 Propitius!
462 1331 506 1394 sit
525 1329 610 1394 miti
629 1329 796 1410 Dominus,
826 1353 865 1394 ne
880 1331 1012 1417 sociam
1035 1331 1115 1395 hanc
1137 1353 1204 1394 rem
1227 1329 1353 1395 domino
1375 1353 1443 1395 meo
1466 1331 1581 1396 chresto
1604 1331 1748 1412 Domini,
1776 1347 1811 1397 ut
1829 1353 1930 1404 maan

159 1437 280 1500 mittam
308 1458 435 1499 monum
464 1458 565 1500 meam
595 1437 631 1500 in
658 1460 737 1516 eum,
768 1438 916 1522 quoniam
947 1437 1082 1501 eluente
1104 1435 1241 1501 Domini
1260 1451 1313 1502 est.
1358 1434 1405 1499 At
1428 1445 1460 1500 ct
1483 1435 1524 1500 de
1547 1437 1619 1523 ipso
1641 1435 1755 1501 David
1776 1437 1810 1502 in

115 1564 143 1605 ro
161 1539 276 1605 eodem
298 1538 381 1604 libro
404 1539 539 1626 legitur:
567 1540 656 1606 Tulit
678 1540 809 1608 Samuel
829 1565 926 1607 cornu
949 1544 1014 1608 olei
1033 1557 1063 1608 et
1083 1545 1176 1608 coast
1196 1543 1310 1608 David
1330 1545 1364 1608 in
1387 1543 1491 1608 medio
1507 1543 1656 1629 fratrum
1679 1547 1757 1624 cirre,
1780 1553 1810 1609 et
1829 1565 1945 1616 toran.
1982 1579 1983 1584 ι

160 1647 297 1712 directus
319 1661 365 1712 est
384 1650 519 1734 spiritus
542 1648 679 1713 Domini
698 1650 734 1713 in
756 1648 871 1714 David
891 1675 912 1713 a
935 1649 987 1714 die
1010 1649 1071 1714 ila
1094 1663 1123 1713 et
1143 1651 1179 1714 r'n
1201 1648 1391 1735 reliquunt.
1438 1647 1528 1713 Ecce
1552 1647 1698 1732 audistis,
1722 1648 1811 1736 quod

160 1751 302 1817 directis
337 1762 387 1817 est
419 1753 552 1840 spiritus
581 1752 716 1818 Domini
745 1754 780 1818 in
808 1753 935 1837 David,
965 1764 1138 1841 postquam
1167 1753 1304 1820 unctus¹
1338 1764 1388 1818 est
1417 1777 1438 1819 a
1467 1753 1632 1838 Samuele,
1661 1757 1761 1821 immo
1791 1777 1811 1820 a

159 1858 311 1924 Domino.
357 1858 455 1924 Unde
485 1868 518 1924 et
546 1859 582 1923 in
611 1858 746 1946 psalmis
772 1858 934 1925 Dominus
964 1859 1122 1947 loquitur:
1153 1859 1289 1930 Inveni*
1311 1861 1425 1927 David
1452 1885 1576 1928 aarum
1604 1886 1716 1944 meum,
1743 1861 1810 1928 oleo
1828 1883 1951 1934 rassae.

159 1980 264 2032 sancto
279 1989 346 2031 meo
361 1968 444 2031 anci
451 1964 460 2004 ¹
478 1990 556 2031 cum.
585 1965 690 2030 Unxit
705 1987 784 2052 ergo
800 1965 961 2031 Dominus
977 1965 1067 2049 Saul,
1090 1968 1185 2032 unxit
1200 1975 1234 2032 et
1247 1965 1370 2049 David,
1389 1966 1448 2032 sed
1464 1989 1524 2054 per
1539 1967 1734 2050 Samuelem,
1754 1969 1810 2055 qni

116 2094 141 2135 ιι
158 2071 293 2138 tidelism
308 2070 469 2158 propheta
484 2081 555 2136 erat
569 2073 604 2136 in
620 2071 717 2137 domo
733 2072 896 2137 ‘Domini
930 2071 975 2137 Et
989 2083 1123 2159 propter
1138 2072 1200 2138 hoe
1215 2083 1352 2160 uterque
1368 2074 1438 2138 iure
1454 2083 1589 2139 vocatus
1606 2084 1655 2138 est
1670 2073 1809 2139 christus
1829 2093 1919 2146 nus.

158 2177 292 2243 Domini
308 2187 341 2242 et
355 2176 470 2242 habuit
483 2178 518 2241 in
533 2199 569 2242 se
585 2178 733 2264 spiritum
745 2178 890 2259 Domini,
905 2178 1014 2260 immo,
1032 2180 1110 2266 quia
1121 2180 1260 2245 Domino
1274 2180 1475 2262 adherebant,
1490 2205 1571 2245 unus
1586 2205 1656 2246 cam
1671 2204 1706 2247 eo
1721 2195 1812 2247 eram
1828 2206 1847 2243 ι.
1856 2202 1977 2253 cosan.

60 2267 79 2288 ’Ἴ
158 2287 301 2372 sperabo.
347 2282 444 2348 Unde
475 2294 508 2348 et
529 2285 564 2348 in
593 2283 666 2370 lego
690 2285 788 2349 etiam
820 2283 864 2348 dii
888 2286 997 2350 vocati
1020 2295 1105 2368 sunt,
1128 2296 1165 2350 ut
1186 2284 1245 2350 ubi
1267 2285 1401 2350 dicitur:
1433 2286 1511 2352 Dies
1531 2311 1594 2351 aon
1617 2287 1759 2352 detrahes
1782 2302 1811 2352 et
1828 2308 1954 2360 neapo.

153 2393 306 2478 principi
322 2391 441 2478 populi
460 2393 510 2456 tui
529 2415 592 2456 noc
613 2391 793 2457 maledices.
834 2391 879 2455 Et
901 2389 996 2456 alibi:
1020 2392 1090 2480 Epo
1115 2392 1205 2458 de'oes’:
1228 2391 1281 2458 dii
1301 2395 1382 2458 estis
1429 2391 1501 2456 Nec
1523 2392 1683 2457 inmerito.
1728 2391 1810 2457 Erat
1828 2415 1936 2465 resno.

160 2497 246 2562 enim
269 2506 406 2583 uterque
430 2495 570 2561 christus
592 2496 728 2562 Domini
751 2507 784 2562 et
805 2520 889 2562 unus
913 2519 987 2562 cum
1010 2498 1153 2563 Domino
1178 2498 1320 2585 spiritus.
1345 2496 1494 2563 Christus
1518 2499 1638 2563 etenim
1661 2497 1754 2563 Deus
1777 2508 1810 2564 et

114 2627 142 2666 ao
159 2602 253 2668 homo
277 2612 358 2667 est·
738 2661 740 2663 ,

264 2708 398 2774 Habet¹²
416 2710 526 2795 itaque
544 2731 605 2774 rex
624 2719 656 2774 et
671 2709 824 2775 sacerdos
848 2731 1051 2775 communem
1075 2710 1138 2775 olei
1153 2712 1257 2775 sancti
1280 2711 1467 2775 unctionem
1490 2721 1523 2774 et
1545 2711 1810 2776 sanctificationis

158 2817 307 2903 spiritum
331 2825 363 2880 et
378 2814 615 2880 benedictionis
630 2817 785 2880 virtutem
808 2826 841 2880 et
856 2815 922 2881 Dei
941 2827 974 2881 et
989 2815 1110 2882 Christi
1126 2838 1297 2882 commune
1319 2838 1438 2881 nomen
1462 2826 1496 2881 et
1509 2838 1580 2880 rem
1595 2837 1809 2900 communem,

160 2923 212 2987 cui
229 2923 343 2986 merito
359 2920 498 2987 debetur
513 2921 575 2986 hoc
590 2944 719 2987 nomen.
753 2922 839 2987 Nam
855 2923 918 2987 nisi
933 2941 1003 2987 rem
1017 2921 1187 3004 haberent,
1210 2921 1293 2988 falso
1312 2921 1562 3008 designarentur
1584 2922 1646 2988 hoc
1668 2924 1809 2988 nomine.

160 3027 226 3094 Sed
241 3028 327 3093 hanc
342 3029 505 3092 veraciter
527 3027 649 3092 habent
668 3039 700 3093 et
714 3028 810 3094 huius
826 3030 1003 3116 participes
1027 3029 1179 3110 existunt,
1202 3051 1269 3093 non
1291 3039 1400 3093 tamen
1419 3051 1479 3116 per
1494 3039 1653 3112 naturam,
1677 3027 1735 3093 sed
1751 3051 1811 3115 per

113 3156 141 3198 se
159 3135 307 3221 gratiam,
331 3135 409 3221 quia
427 3132 514 3200 solus
531 3133 689 3216 Christis,
712 3133 797 3198 filius
814 3134 879 3199 Dei
895 3144 928 3199 et
942 3134 1027 3200 filius
1042 3134 1193 3217 hominis,
1213 3135 1274 3200 hoc
1290 3133 1389 3199 habet
1412 3145 1444 3200 et
1466 3136 1680 3221 pergratiam
1704 3145 1737 3201 et
1751 3157 1810 3222 per

158 3251 318 3306 naturam.
353 3239 479 3305 Natura
502 3239 589 3305 enim
603 3241 697 3305 Deus
713 3251 763 3306 est
781 3251 814 3305 et
831 3263 852 3305 a
869 3239 957 3305 nullo
977 3251 1026 3305 est
1044 3240 1224 3306 deificatus.
1257 3241 1384 3306 Natura
1401 3251 1533 3306 sanctus
1552 3251 1601 3305 est
1623 3251 1657 3305 et
1679 3263 1700 3305 a
1721 3241 1809 3305 nullo

159 3346 389 3412 sanctificatus.
426 3345 492 3412 Sed
515 3346 590 3412 ideo
606 3346 675 3411 dixi
699 3357 732 3412 et
749 3369 810 3433 per
823 3348 973 3433 gratiam,
993 3348 1071 3433 quia
1089 3346 1269 3412 secundum
1288 3347 1451 3412 hominem
1473 3346 1642 3411 deificatus
1666 3357 1716 3411 est
1738 3355 1772 3411 st
1789 3369 1809 3412 a

157 3463 271 3540 patre⁰
288 3453 518 3518 sanctificatus.
550 3453 625 3518 Rex
640 3464 749 3519 autem
764 3451 818 3518 ille
838 3463 870 3518 et
885 3439 1049 3536 sacerdos,
1068 3454 1125 3540 qui
1141 3452 1236 3517 huius
1252 3452 1384 3534 Christi,
1407 3452 1442 3516 id
1459 3463 1508 3518 est
1522 3452 1587 3516 Dei
1611 3462 1644 3516 et
1658 3452 1808 3536 hominis,

158 3560 266 3645 imago
290 3570 323 3624 et
345 3560 449 3646 figura
465 3570 545 3643 erat,
569 3561 647 3647 quia
661 3570 797 3645 uterque
822 3569 907 3624 totus
923 3559 1018 3624 homo
1035 3569 1115 3642 erat,
1135 3569 1220 3624 totus
1240 3559 1409 3624 deificatus
1425 3569 1495 3624 erat
1517 3568 1571 3623 et¹³
1588 3558 1809 3624 sanctificatus

114 3688 141 3729 so
158 3667 367 3753 pergratiam
377 3666 540 3731 unctionis
557 3676 589 3731 et
603 3687 664 3752 per
674 3663 911 3730 benedictionis
924 3667 1214 3730 consecrationem.
1238 3664 1321 3729 Nam
1339 3675 1371 3730 et
1383 3666 1411 3728 si
1425 3663 1525 3729 Greci
1537 3666 1694 3729 sermonis
1706 3665 1808 3730 utaris

159 3771 375 3858 ethimologia,
392 3773 604 3854 consecratio,
622 3771 657 3836 id
672 3783 723 3836 est
737 3770 922 3858 apotheosis
930 3781 955 3853 ‘¹,
972 3769 1100 3836 sonabit
1116 3769 1176 3836 tibi
1191 3769 1365 3836 deificatio.
1390 3769 1426 3836 Si
1438 3793 1517 3856 ergo
1533 3770 1685 3836 sacerdos
1702 3779 1734 3836 et
1749 3793 1809 3836 rex

158 3888 294 3964 uterque
310 3900 369 3964 per
383 3879 522 3963 gratiam
538 3878 618 3942 dens
634 3889 684 3942 est
699 3888 732 3943 et
748 3877 886 3942 christus
897 3877 1043 3959 Domini,
1056 3877 1213 3964 quicquid
1228 3877 1297 3962 agit
1313 3885 1346 3940 et
1361 3886 1514 3963 operatur
1529 3876 1710 3942 secundum
1723 3877 1808 3942 hanc

158 3985 306 4069 gratiam,
329 3985 395 4050 iam
411 4007 476 4049 non
493 3985 588 4049 homo
605 3985 674 4071 agit
689 3994 722 4048 et
736 3995 899 4071 operatur,
917 3983 975 4048 sed
991 3983 1071 4048 deus
1086 3993 1121 4048 et
1135 3982 1274 4047 christus
1290 3981 1434 4047 Domini.
1471 3981 1538 4048 Sed
1554 3993 1587 4048 et
1602 3982 1761 4070 quicquid
1774 3984 1808 4046 in

159 4112 232 4154 eum
248 4089 294 4172 fit,
318 4091 384 4154 iam
399 4113 464 4155 non
480 4091 693 4155 inhominem
710 4090 754 4173 fit,
779 4089 888 4154 sedin
905 4089 1002 4154 deum
1026 4099 1058 4154 et
1080 4091 1115 4154 in
1130 4089 1287 4154 christum
1302 4087 1446 4154 Domini.
1481 4089 1546 4153 Etr
1564 4088 1721 4176 quicquid
1735 4111 1808 4177 pre-

114 4219 141 4259 ns
158 4207 252 4282 rogat
266 4196 319 4260 vel
334 4195 456 4280 tribuit,
480 4198 549 4262 sive
565 4219 625 4261 rex
641 4197 876 4283 episcopatum,
900 4197 969 4261 sive
985 4195 1138 4261 sacerdos
1161 4217 1309 4282 regnum,
1332 4195 1398 4260 iam
1413 4217 1479 4258 non
1494 4193 1590 4260 homo
1606 4205 1761 4281 preroget
1776 4205 1808 4258 et

157 4300 280 4384 tribuit,
297 4301 357 4367 sed
371 4302 452 4368 deus
468 4313 501 4367 et
516 4302 654 4369 christus
670 4302 814 4366 Domini.
844 4302 889 4367 Et
904 4303 932 4365 si
947 4324 1060 4366 verum
1075 4301 1171 4366 fateri
1184 4301 1343 4383 volumus,
1360 4311 1393 4365 et
1407 4323 1467 4365 rex
1484 4299 1636 4365 sacerdos
1653 4310 1686 4365 et
1701 4322 1807 4365 sacer-

87 4397 91 4406 ’
158 4407 216 4474 dos
239 4429 310 4492 rex,
333 4410 369 4473 in
391 4408 453 4474 hoc
476 4408 565 4496 quod
580 4408 719 4473 christus
735 4407 869 4473 Domini
885 4417 944 4491 est,
967 4408 1038 4472 iure
1062 4417 1169 4494 potest
1192 4405 1361 4494 appellari.
1396 4406 1482 4471 Nam
1505 4417 1538 4471 et
1560 4406 1739 4472 sacerdotis
1759 4417 1808 4471 est

159 4515 211 4578 *in
226 4515 343 4601 spiritu
359 4513 481 4579 Christi
501 4537 615 4600 regere
631 4515 796 4601 populum,
812 4525 846 4578 et
860 4515 948 4600 regis
964 4524 1014 4578 est
1036 4513 1220 4578 sacrificare
1244 4523 1277 4577 et
1298 4511 1465 4577 immolare
1488 4514 1523 4576 in
1539 4513 1664 4599 spiritu.
1698 4513 1806 4599 Ipsius
1826 4538 1917 4589 emto.

158 4622 275 4685 etenim
301 4632 351 4685 est
373 4619 529 4686 exhibere
555 4647 588 4687 se
610 4625 714 4709 meum
738 4623 871 4687 hostebm
894 4623 1010 4701 vivam,
1040 4621 1173 4685 hosteim
1195 4634 1345 4702 sanctam,
1375 4621 1509 4684 bosnam
1531 4619 1599 4683 Deo
1615 4620 1804 4705 placentem,
1823 4643 1956 4695 nantas.

112 4750 140 4789 so
158 4738 191 4791 et
211 4728 379 4793 immolare
396 4728 469 4793 Deo
487 4730 683 4816 sacrficium
706 4729 825 4809 laudea,
848 4725 1042 4792 sacrificium
1065 4726 1203 4812 iusticie,
1228 4725 1423 4790 sacrificium
1440 4725 1571 4811 spiritus
1588 4724 1804 4807 contribulati,
1824 4724 1977 4827 “23:2¹⁴-

157 4832 245 4919 quod
267 4843 370 4898 totum
393 4833 611 4920 significatum
627 4843 677 4898 est
691 4856 751 4920 per
765 4832 896 4916 carnale
913 4830 1117 4913 sacrificium,
1135 4830 1222 4917 quod
1238 4830 1390 4895 sacerdos
1415 4830 1572 4895 offerebat
1593 4832 1687 4895 iuxta
1708 4831 1806 4895 ritum

157 4937 319 5004 visibilem
343 4941 547 5004 sacramenti.
588 4938 685 5020 Quod
708 4939 735 5002 si
758 4940 831 5025 quis
846 4938 926 5002 velit
948 4937 1120 5019 discutere,
1145 4959 1203 5002 cur
1225 4935 1377 5002 sacerdos
1393 4931 1566 5001 visibiliter
1589 4936 1804 5019 sacrificabat,

158 5055 191 5108 et
212 5067 273 5109 rex
295 5067 361 5110 non
385 5044 599 5126 sacrificabat,
623 5045 686 5110 hoc
708 5045 783 5110 ideo
806 5044 916 5127 fiebat,
939 5055 975 5108 ut
998 5043 1152 5109 nonnulla
1174 5043 1208 5107 in
1225 5044 1272 5107 eis
1295 5052 1529 5107 monstraretur
1545 5065 1616 5107 esse
1633 5043 1805 5108 diversitas

156 5161 291 5238 propter
321 5150 543 5216 diversitatem
574 5153 778 5215 sacramenti.
823 5150 909 5215 Nam
939 5149 1027 5214 aliud
1057 5160 1128 5214 erat
1157 5151 1190 5212 in
1213 5159 1305 5236 parte
1329 5159 1567 5214 sacramentum
1590 5151 1687 5235 regis,
1717 5148 1806 5214 aliud

111 5395 139 5436 tc
264 5381 290 5446 ιι)
311 5403 358 5436 cnr.
377 5385 410 5436 B.
464 5380 493 5445 h)
516 5384 592 5436 leviti
611 5402 674 5436 corr.
692 5385 745 5436 alia
763 5403 841 5434 omna
859 5401 946 5435 coccea
966 5383 1069 5434 levitici
1089 5383 1122 5434 A.
1177 5381 1203 5443 c)
1224 5384 1262 5435 ita
1281 5385 1470 5446 A;unxit13.
1531 5381 1560 5446 d)
1580 5383 1617 5433 hir
1633 5400 1680 5434 rer.
1699 5385 1806 5434 meum

155 5474 244 5526 dolat
262 5470 294 5524 B.
350 5472 376 5536 e)
399 5473 530 5525 adversus
548 5491 612 5524 corr.
631 5473 687 5524 md.
706 5473 850 5524 adversum
864 5473 897 5523 A.
950 5471 973 5533 ι’)
994 5473 1028 5522 sic
1045 5490 1066 5523 c.
1120 5471 1150 5538 g)
1170 5475 1310 5538 propicius
1329 5473 1363 5523 B.
1417 5471 1446 5535 h)
1467 5489 1561 5538 -quum
1579 5471 1607 5522 in
1626 5472 1676 5523 loco
1694 5489 1751 5521 raso
1771 5471 1804 5521 A.

155 5559 176 5622 i)
198 5570 278 5614 nutus
292 5562 324 5612 B.
397 5559 427 5623 k)
450 5563 555 5613 invenit
571 5561 628 5613 rad.
647 5579 710 5612 cer-r.
730 5564 822 5613 inveni
840 5561 874 5612 A.
948 5557 968 5621 Ι)
988 5561 1044 5612 rad.
1063 5579 1127 5613 corr.
1145 5577 1175 5612 ec
1193 5563 1272 5612 unxit
1291 5563 1324 5612 A.
1391 5559 1428 5622 ιιι)
1450 5561 1607 5626 quitidie
1627 5561 1677 5610 loco
1695 5577 1752 5610 raso
1770 5559 1804 5608 Α.

156 5647 184 5712 ο)
205 5651 325 5702 habebat
341 5651 375 5702 B.
453 5648 482 5712 ιι)
504 5667 521 5702 a
538 5656 615 5717 patre
635 5651 663 5702 in
681 5652 731 5702 loco
749 5669 806 5701 raro
824 5652 857 5701 A.
939 5647 968 5717 p)
989 5650 1017 5700 in
1035 5651 1085 5701 loeo
1102 5667 1160 5701 raro
1178 5650 1212 5700 A,
1298 5647 1326 5714 q)
1348 5651 1519 5716 apotheosin,
1547 5648 1608 5700 ain
1628 5649 1679 5699 loco
1695 5665 1753 5698 roso
1771 5647 1804 5697 B.

155 5737 179 5798 r)
200 5739 236 5789 Et
254 5765 288 5773 -
306 5740 457 5790 sacerdotis
474 5737 546 5804 infra
561 5756 590 5804 p.
604 5740 664 5800 666,
684 5741 701 5790 l.
716 5742 740 5790 1.
758 5757 806 5790 om.
825 5740 858 5790 B.

227 5844 328 5896 Libelli
347 5845 380 5896 de
400 5843 457 5896 lite.
489 5845 543 5895 III.
1017 5911 1019 5916 Ι
1557 5845 1591 5894 84
