<?xml version="1.0" encoding="UTF-8"?>
<!DOCTYPE html PUBLIC "-//W3C//DTD XHTML 1.0 Transitional//EN"
    "http://www.w3.org/TR/xhtml1/DTD/xhtml1-transitional.dtd">
<html xmlns="http://www.w3.org/1999/xhtml" xml:lang="en" lang="en">
 <head>
  <title>
</title>
<meta http-equiv="Content-Type" content="text/html;charset=utf-8" />
  <meta name='ocr-system' content='tesseract 3.04.00' />
  <meta name='ocr-capabilities' content='ocr_page ocr_carea ocr_par ocr_line ocrx_word'/>
</head>
<body>
  <div class='ocr_page' id='page_1' title='image "./monumentagerman00unkngoog_0416.png"; bbox 0 0 4396 6390; ppageno 0'>
   <div class='ocr_carea' id='block_1_1' title="bbox 417 357 1762 421">
    <p class='ocr_par' dir='ltr' id='par_1_1' title="bbox 417 357 1762 421">
     <span class='ocr_line' id='line_1_1' title="bbox 417 357 1762 421; baseline -0.004 -1"><span class='ocrx_word' id='word_1_1' title='bbox 417 357 481 421; x_wconf 79' lang='grc'>438</span> <span class='ocrx_word' id='word_1_2' title='bbox 714 361 895 420; x_wconf 82' lang='lat' dir='ltr'><strong>GERHOHI</strong></span> <span class='ocrx_word' id='word_1_3' title='bbox 917 363 1150 420; x_wconf 84' lang='lat' dir='ltr'>PRAEPOSITI</span> <span class='ocrx_word' id='word_1_4' title='bbox 1172 361 1576 420; x_wconf 80' lang='lat' dir='ltr'>REICHERSBERGENSIS</span> <span class='ocrx_word' id='word_1_5' title='bbox 1600 360 1762 417; x_wconf 77' lang='lat' dir='ltr'>LIBELLI.</span> 
     </span>
    </p>
   </div>
   <div class='ocr_carea' id='block_1_2' title="bbox 260 529 2090 1276">
    <p class='ocr_par' dir='ltr' id='par_1_2' title="bbox 414 529 2079 1063">
     <span class='ocr_line' id='line_1_2' title="bbox 414 529 2073 637; baseline -0.004 -22"><span class='ocrx_word' id='word_1_6' title='bbox 414 549 541 616; x_wconf 89' lang='lat' dir='ltr'>talibus.</span> <span class='ocrx_word' id='word_1_7' title='bbox 583 549 648 631; x_wconf 79' lang='lat' dir='ltr'>Qui</span> <span class='ocrx_word' id='word_1_8' title='bbox 671 549 850 614; x_wconf 89' lang='lat' dir='ltr'>delectatus</span> <span class='ocrx_word' id='word_1_9' title='bbox 874 551 908 614; x_wconf 91' lang='lat' dir='ltr'>in</span> <span class='ocrx_word' id='word_1_10' title='bbox 924 529 1117 637; x_wconf 84' lang='lat' dir='ltr'>spectaculis</span> <span class='ocrx_word' id='word_1_11' title='bbox 1140 551 1274 616; x_wconf 89' lang='lat' dir='ltr'>miratur</span> <span class='ocrx_word' id='word_1_12' title='bbox 1296 550 1440 636; x_wconf 81' lang='lat' dir='ltr'>insignes</span> <span class='ocrx_word' id='word_1_13' title='bbox 1464 550 1630 614; x_wconf 92' lang='lat' dir='ltr'>hominum</span> <span class='ocrx_word' id='word_1_14' title='bbox 1652 547 1793 613; x_wconf 77' lang='lat' dir='ltr'><strong>fabricas</strong></span> <span class='ocrx_word' id='word_1_15' title='bbox 1818 557 1850 612; x_wconf 90' lang='lat' dir='ltr'>et</span> <span class='ocrx_word' id='word_1_16' title='bbox 1874 546 2005 631; x_wconf 83' lang='lat' dir='ltr'>aurigas</span> <span class='ocrx_word' id='word_1_17' title='bbox 2027 555 2073 609; x_wconf 81' lang='lat' dir='ltr'>et.</span> 
     </span>
     <span class='ocr_line' id='line_1_3' title="bbox 414 653 2071 742; baseline -0.003 -21"><span class='ocrx_word' id='word_1_18' title='bbox 414 655 630 738; x_wconf 78' lang='lat' dir='ltr'><strong>funambulos,</strong></span> <span class='ocrx_word' id='word_1_19' title='bbox 660 657 795 720; x_wconf 92' lang='lat' dir='ltr'>miretur</span> <span class='ocrx_word' id='word_1_20' title='bbox 817 657 923 742; x_wconf 92' lang='lat' dir='ltr'>potius</span> <span class='ocrx_word' id='word_1_21' title='bbox 948 656 1009 721; x_wconf 92' lang='lat' dir='ltr'>celi</span> <span class='ocrx_word' id='word_1_22' title='bbox 1033 679 1071 722; x_wconf 89' lang='lat' dir='ltr'>ac</span> <span class='ocrx_word' id='word_1_23' title='bbox 1099 667 1204 721; x_wconf 88' lang='lat' dir='ltr'>terrae</span> <span class='ocrx_word' id='word_1_24' title='bbox 1234 655 1414 722; x_wconf 90' lang='lat' dir='ltr'>mirabilem</span> <span class='ocrx_word' id='word_1_25' title='bbox 1443 655 1610 722; x_wconf 77' lang='lat' dir='ltr'><strong>fabricam.</strong></span> <span class='ocrx_word' id='word_1_26' title='bbox 1658 655 1723 736; x_wconf 79' lang='lat' dir='ltr'>Qui</span> <span class='ocrx_word' id='word_1_27' title='bbox 1752 656 1890 720; x_wconf 89' lang='lat' dir='ltr'>miratur</span> <span class='ocrx_word' id='word_1_28' title='bbox 1914 653 2071 738; x_wconf 82' lang='lat' dir='ltr'>aurigam</span> 
     </span>
     <span class='ocr_line' id='line_1_4' title="bbox 415 758 2075 849; baseline -0.002 -23"><span class='ocrx_word' id='word_1_29' title='bbox 415 784 515 849; x_wconf 90' lang='lat' dir='ltr'>equos</span> <span class='ocrx_word' id='word_1_30' title='bbox 544 763 579 826; x_wconf 92' lang='lat' dir='ltr'>in</span> <span class='ocrx_word' id='word_1_31' title='bbox 602 763 716 828; x_wconf 90' lang='lat' dir='ltr'>chamo</span> <span class='ocrx_word' id='word_1_32' title='bbox 741 773 773 827; x_wconf 89' lang='lat' dir='ltr'>ct</span> <span class='ocrx_word' id='word_1_33' title='bbox 795 762 887 827; x_wconf 90' lang='lat' dir='ltr'>freno</span> <span class='ocrx_word' id='word_1_34' title='bbox 910 772 1086 848; x_wconf 89' lang='lat' dir='ltr'>regentem,</span> <span class='ocrx_word' id='word_1_35' title='bbox 1117 764 1223 848; x_wconf 90' lang='lat' dir='ltr'>potius</span> <span class='ocrx_word' id='word_1_36' title='bbox 1253 764 1385 829; x_wconf 85' lang='lat' dir='ltr'>miretur</span> <span class='ocrx_word' id='word_1_37' title='bbox 1414 763 1576 828; x_wconf 91' lang='lat' dir='ltr'>hominem</span> <span class='ocrx_word' id='word_1_38' title='bbox 1599 763 1827 844; x_wconf 90' lang='lat' dir='ltr'>continentem,</span> <span class='ocrx_word' id='word_1_39' title='bbox 1860 758 1992 845; x_wconf 82' lang='lat' dir='ltr'>sibique</span> <span class='ocrx_word' id='word_1_40' title='bbox 2015 759 2075 822; x_wconf 86' lang='lat' dir='ltr'>in—</span> 
     </span>
     <span class='ocr_line' id='line_1_5' title="bbox 414 866 2076 956; baseline -0.003 -24"><span class='ocrx_word' id='word_1_41' title='bbox 414 871 495 934; x_wconf 89' lang='lat' dir='ltr'>sitae</span> <span class='ocrx_word' id='word_1_42' title='bbox 519 868 663 934; x_wconf 83' lang='lat' dir='ltr'>libidinis</span> <span class='ocrx_word' id='word_1_43' title='bbox 685 870 794 934; x_wconf 78' lang='lat' dir='ltr'>varios</span> <span class='ocrx_word' id='word_1_44' title='bbox 819 879 852 933; x_wconf 90' lang='lat' dir='ltr'>et</span> <span class='ocrx_word' id='word_1_45' title='bbox 875 891 1026 933; x_wconf 91' lang='lat' dir='ltr'>erroneos</span> <span class='ocrx_word' id='word_1_46' title='bbox 1056 871 1195 956; x_wconf 89' lang='lat' dir='ltr'>impetus</span> <span class='ocrx_word' id='word_1_47' title='bbox 1225 867 1308 934; x_wconf 90' lang='lat' dir='ltr'>bene</span> <span class='ocrx_word' id='word_1_48' title='bbox 1338 880 1506 956; x_wconf 88' lang='lat' dir='ltr'>regentem</span> <span class='ocrx_word' id='word_1_49' title='bbox 1535 880 1568 934; x_wconf 91' lang='lat' dir='ltr'>et</span> <span class='ocrx_word' id='word_1_50' title='bbox 1598 867 1804 934; x_wconf 79' lang='lat' dir='ltr'>cohibentem</span> <span class='ocrx_word' id='word_1_51' title='bbox 1833 867 1878 931; x_wconf 89' lang='lat' dir='ltr'>ad</span> <span class='ocrx_word' id='word_1_52' title='bbox 1903 866 2076 930; x_wconf 72' lang='lat' dir='ltr'>castitatis.</span> 
     </span>
     <span class='ocr_line' id='line_1_6' title="bbox 414 972 2079 1063; baseline 0 -25"><span class='ocrx_word' id='word_1_53' title='bbox 414 985 587 1060; x_wconf 90' lang='lat' dir='ltr'>angustum</span> <span class='ocrx_word' id='word_1_54' title='bbox 610 975 755 1040; x_wconf 89' lang='lat' dir='ltr'>limitem.</span> <span class='ocrx_word' id='word_1_55' title='bbox 796 975 862 1056; x_wconf 83' lang='lat' dir='ltr'>Qui</span> <span class='ocrx_word' id='word_1_56' title='bbox 883 977 1018 1040; x_wconf 90' lang='lat' dir='ltr'>miratur</span> <span class='ocrx_word' id='word_1_57' title='bbox 1040 975 1273 1057; x_wconf 83' lang='lat' dir='ltr'><strong>funambulum,</strong></span> <span class='ocrx_word' id='word_1_58' title='bbox 1295 977 1402 1063; x_wconf 90' lang='lat' dir='ltr'>potius</span> <span class='ocrx_word' id='word_1_59' title='bbox 1425 978 1558 1042; x_wconf 91' lang='lat' dir='ltr'>miretur</span> <span class='ocrx_word' id='word_1_60' title='bbox 1574 975 1707 1040; x_wconf 91' lang='lat' dir='ltr'>Petrum</span> <span class='ocrx_word' id='word_1_61' title='bbox 1729 972 2007 1040; x_wconf 82' lang='lat' dir='ltr'>mariambuluml</span> <span class='ocrx_word' id='word_1_62' title='bbox 2029 973 2079 1038; x_wconf 72' lang='lat' dir='ltr'>im</span> 
     </span>
    </p>

    <p class='ocr_par' dir='ltr' id='par_1_3' title="bbox 260 1077 2090 1276">
     <span class='ocr_line' id='line_1_7' title="bbox 260 1077 2090 1169; baseline -0.002 -23"><span class='ocrx_word' id='word_1_63' title='bbox 260 1107 395 1156; x_wconf 58' lang='lat' dir='ltr'>macana.</span> <span class='ocrx_word' id='word_1_64' title='bbox 414 1082 507 1167; x_wconf 83' lang='lat' dir='ltr'>signo</span> <span class='ocrx_word' id='word_1_65' title='bbox 532 1092 564 1145; x_wconf 91' lang='lat' dir='ltr'>et</span> <span class='ocrx_word' id='word_1_66' title='bbox 586 1104 645 1146; x_wconf 90' lang='lat' dir='ltr'>nos</span> <span class='ocrx_word' id='word_1_67' title='bbox 668 1105 733 1146; x_wconf 92' lang='lat' dir='ltr'>una</span> <span class='ocrx_word' id='word_1_68' title='bbox 756 1104 829 1146; x_wconf 92' lang='lat' dir='ltr'>cum</span> <span class='ocrx_word' id='word_1_69' title='bbox 852 1082 923 1168; x_wconf 87' lang='lat' dir='ltr'>ipso</span> <span class='ocrx_word' id='word_1_70' title='bbox 953 1083 987 1145; x_wconf 92' lang='lat' dir='ltr'>in</span> <span class='ocrx_word' id='word_1_71' title='bbox 1010 1103 1045 1145; x_wconf 90' lang='lat' dir='ltr'>re</span> <span class='ocrx_word' id='word_1_72' title='bbox 1069 1081 1232 1148; x_wconf 83' lang='lat' dir='ltr'><strong>calcantes</strong></span> <span class='ocrx_word' id='word_1_73' title='bbox 1255 1082 1316 1147; x_wconf 92' lang='lat' dir='ltr'>hoc</span> <span class='ocrx_word' id='word_1_74' title='bbox 1340 1105 1429 1148; x_wconf 90' lang='lat' dir='ltr'>mare</span> <span class='ocrx_word' id='word_1_75' title='bbox 1453 1105 1616 1169; x_wconf 87' lang='lat' dir='ltr'>magnum,</span> <span class='ocrx_word' id='word_1_76' title='bbox 1647 1092 1749 1146; x_wconf 92' lang='lat' dir='ltr'>totum</span> <span class='ocrx_word' id='word_1_77' title='bbox 1771 1079 1930 1145; x_wconf 86' lang='lat' dir='ltr'>videlicet</span> <span class='ocrx_word' id='word_1_78' title='bbox 1961 1077 2090 1150; x_wconf 59' lang='lat' dir='ltr'>seculi</span> 
     </span>
     <span class='ocr_line' id='line_1_8' title="bbox 414 1187 1844 1276; baseline 0 -24"><span class='ocrx_word' id='word_1_79' title='bbox 414 1187 508 1252; x_wconf 92' lang='lat' dir='ltr'>huius</span> <span class='ocrx_word' id='word_1_80' title='bbox 531 1187 655 1253; x_wconf 85' lang='lat' dir='ltr'>fluxum</span> <span class='ocrx_word' id='word_1_81' title='bbox 678 1188 904 1274; x_wconf 92' lang='lat' dir='ltr'>procellosum,</span> <span class='ocrx_word' id='word_1_82' title='bbox 927 1188 1047 1275; x_wconf 91' lang='lat' dir='ltr'>inquo</span> <span class='ocrx_word' id='word_1_83' title='bbox 1071 1199 1145 1252; x_wconf 92' lang='lat' dir='ltr'>sunt</span> <span class='ocrx_word' id='word_1_84' title='bbox 1167 1188 1339 1275; x_wconf 88' lang='lat' dir='ltr'>reptibilia,</span> <span class='ocrx_word' id='word_1_85' title='bbox 1364 1212 1499 1276; x_wconf 93' lang='lat' dir='ltr'>quorum</span> <span class='ocrx_word' id='word_1_86' title='bbox 1522 1211 1586 1253; x_wconf 92' lang='lat' dir='ltr'>non</span> <span class='ocrx_word' id='word_1_87' title='bbox 1609 1198 1659 1252; x_wconf 90' lang='lat' dir='ltr'>est</span> <span class='ocrx_word' id='word_1_88' title='bbox 1681 1210 1844 1252; x_wconf 88' lang='lat' dir='ltr'>numerus.</span> 
     </span>
    </p>
   </div>
   <div class='ocr_carea' id='block_1_3' title="bbox 2165 1028 2190 1070">
    <p class='ocr_par' dir='ltr' id='par_1_4' title="bbox 2165 1028 2190 1070">
     <span class='ocr_line' id='line_1_9' title="bbox 2165 1028 2190 1070; baseline 0 0"><span class='ocrx_word' id='word_1_89' title='bbox 2165 1028 2190 1070; x_wconf 61' lang='grc' dir='ltr'>ὅ</span> 
     </span>
    </p>
   </div>
   <div class='ocr_carea' id='block_1_4' title="bbox 249 1665 2098 3567">
    <p class='ocr_par' dir='ltr' id='par_1_5' title="bbox 415 1665 2085 2500">
     <span class='ocr_line' id='line_1_10' title="bbox 521 1665 2063 1753; baseline 0 -21"><span class='ocrx_word' id='word_1_90' title='bbox 521 1666 618 1732; x_wconf 91' lang='lat' dir='ltr'>Libet</span> <span class='ocrx_word' id='word_1_91' title='bbox 640 1667 693 1731; x_wconf 93' lang='lat' dir='ltr'>hic</span> <span class='ocrx_word' id='word_1_92' title='bbox 717 1667 750 1730; x_wconf 94' lang='lat' dir='ltr'>in</span> <span class='ocrx_word' id='word_1_93' title='bbox 774 1667 951 1752; x_wconf 84' lang='lat' dir='ltr'>gratiarum</span> <span class='ocrx_word' id='word_1_94' title='bbox 974 1667 1101 1731; x_wconf 90' lang='lat' dir='ltr'>actione</span> <span class='ocrx_word' id='word_1_95' title='bbox 1125 1668 1289 1733; x_wconf 90' lang='lat' dir='ltr'>recordari</span> <span class='ocrx_word' id='word_1_96' title='bbox 1313 1668 1480 1734; x_wconf 91' lang='lat' dir='ltr'>cuiusdam</span> <span class='ocrx_word' id='word_1_97' title='bbox 1498 1669 1632 1732; x_wconf 77' lang='lat' dir='ltr'>visionis</span> <span class='ocrx_word' id='word_1_98' title='bbox 1656 1688 1774 1753; x_wconf 90' lang='lat' dir='ltr'>aquam</span> <span class='ocrx_word' id='word_1_99' title='bbox 1798 1666 1840 1730; x_wconf 91' lang='lat' dir='ltr'>de</span> <span class='ocrx_word' id='word_1_100' title='bbox 1855 1665 1928 1729; x_wconf 81' lang='lat' dir='ltr'>vita</span> <span class='ocrx_word' id='word_1_101' title='bbox 1952 1673 2063 1732; x_wconf 84' lang='lat' dir='ltr'>eterna</span> 
     </span>
     <span class='ocr_line' id='line_1_11' title="bbox 416 1771 2056 1861; baseline -0.001 -23"><span class='ocrx_word' id='word_1_102' title='bbox 416 1774 584 1838; x_wconf 84' lang='lat' dir='ltr'>salientem</span> <span class='ocrx_word' id='word_1_103' title='bbox 607 1775 870 1860; x_wconf 86' lang='lat' dir='ltr'>representantis.</span> <span class='ocrx_word' id='word_1_104' title='bbox 916 1772 1033 1837; x_wconf 84' lang='lat' dir='ltr'><strong>Frater</strong></span> <span class='ocrx_word' id='word_1_105' title='bbox 1048 1773 1180 1859; x_wconf 90' lang='lat' dir='ltr'>quidam</span> <span class='ocrx_word' id='word_1_106' title='bbox 1204 1775 1358 1861; x_wconf 88' lang='lat' dir='ltr'>simplicis</span> <span class='ocrx_word' id='word_1_107' title='bbox 1382 1785 1414 1838; x_wconf 92' lang='lat' dir='ltr'>et</span> <span class='ocrx_word' id='word_1_108' title='bbox 1436 1775 1618 1839; x_wconf 89' lang='lat' dir='ltr'>innocentis</span> <span class='ocrx_word' id='word_1_109' title='bbox 1634 1774 1720 1837; x_wconf 86' lang='lat' dir='ltr'>vitae</span> <span class='ocrx_word' id='word_1_110' title='bbox 1745 1772 1801 1838; x_wconf 93' lang='lat' dir='ltr'>diu</span> <span class='ocrx_word' id='word_1_111' title='bbox 1824 1771 2056 1857; x_wconf 89' lang='lat' dir='ltr'>castigatusin</span> 
     </span>
     <span class='ocr_line' id='line_1_12' title="bbox 416 1877 2053 1968; baseline -0.001 -24"><span class='ocrx_word' id='word_1_112' title='bbox 416 1891 529 1945; x_wconf 90' lang='lat' dir='ltr'>sancta</span> <span class='ocrx_word' id='word_1_113' title='bbox 552 1881 798 1946; x_wconf 87' lang='lat' dir='ltr'>conversatione</span> <span class='ocrx_word' id='word_1_114' title='bbox 815 1881 904 1945; x_wconf 91' lang='lat' dir='ltr'>visus</span> <span class='ocrx_word' id='word_1_115' title='bbox 920 1891 969 1944; x_wconf 91' lang='lat' dir='ltr'>cst</span> <span class='ocrx_word' id='word_1_116' title='bbox 984 1879 1096 1944; x_wconf 86' lang='lat' dir='ltr'>videre</span> <span class='ocrx_word' id='word_1_117' title='bbox 1116 1879 1178 1944; x_wconf 89' lang='lat' dir='ltr'>sibi</span> <span class='ocrx_word' id='word_1_118' title='bbox 1195 1880 1300 1945; x_wconf 92' lang='lat' dir='ltr'>celum</span> <span class='ocrx_word' id='word_1_119' title='bbox 1321 1892 1477 1968; x_wconf 85' lang='lat' dir='ltr'>apertum.</span> <span class='ocrx_word' id='word_1_120' title='bbox 1513 1880 1556 1945; x_wconf 84' lang='lat' dir='ltr'>Et</span> <span class='ocrx_word' id='word_1_121' title='bbox 1578 1901 1655 1944; x_wconf 89' lang='lat' dir='ltr'>ecce</span> <span class='ocrx_word' id='word_1_122' title='bbox 1679 1877 1793 1965; x_wconf 82' lang='lat' dir='ltr'>globus</span> <span class='ocrx_word' id='word_1_123' title='bbox 1817 1879 1935 1964; x_wconf 90' lang='lat' dir='ltr'>igneus</span> <span class='ocrx_word' id='word_1_124' title='bbox 1961 1878 2053 1942; x_wconf 89' lang='lat' dir='ltr'>mirae</span> 
     </span>
     <span class='ocr_line' id='line_1_13' title="bbox 415 1983 2051 2074; baseline -0.003 -22"><span class='ocrx_word' id='word_1_125' title='bbox 415 1987 646 2073; x_wconf 85' lang='lat' dir='ltr'>magnitudinis</span> <span class='ocrx_word' id='word_1_126' title='bbox 675 2009 754 2051; x_wconf 91' lang='lat' dir='ltr'>auro</span> <span class='ocrx_word' id='word_1_127' title='bbox 778 1986 930 2051; x_wconf 89' lang='lat' dir='ltr'>candenti</span> <span class='ocrx_word' id='word_1_128' title='bbox 953 1997 986 2050; x_wconf 92' lang='lat' dir='ltr'>et</span> <span class='ocrx_word' id='word_1_129' title='bbox 1007 1986 1197 2072; x_wconf 88' lang='lat' dir='ltr'>liquescenti</span> <span class='ocrx_word' id='word_1_130' title='bbox 1229 1987 1340 2051; x_wconf 91' lang='lat' dir='ltr'>similis</span> <span class='ocrx_word' id='word_1_131' title='bbox 1371 1988 1522 2074; x_wconf 90' lang='lat' dir='ltr'>apparuit</span> <span class='ocrx_word' id='word_1_132' title='bbox 1551 1987 1584 2050; x_wconf 88' lang='lat' dir='ltr'>in</span> <span class='ocrx_word' id='word_1_133' title='bbox 1608 1985 1676 2051; x_wconf 89' lang='lat' dir='ltr'>celo</span> <span class='ocrx_word' id='word_1_134' title='bbox 1707 1997 1739 2049; x_wconf 87' lang='lat' dir='ltr'>et</span> <span class='ocrx_word' id='word_1_135' title='bbox 1769 1985 1803 2047; x_wconf 95' lang='lat' dir='ltr'>in</span> <span class='ocrx_word' id='word_1_136' title='bbox 1827 1984 1969 2048; x_wconf 87' lang='lat' dir='ltr'>circuitu</span> <span class='ocrx_word' id='word_1_137' title='bbox 1992 1983 2051 2047; x_wconf 86' lang='lat' dir='ltr'>eius</span> 
     </span>
     <span class='ocr_line' id='line_1_14' title="bbox 415 2089 2085 2179; baseline -0.002 -21"><span class='ocrx_word' id='word_1_138' title='bbox 415 2093 584 2158; x_wconf 90' lang='lat' dir='ltr'>multitudo</span> <span class='ocrx_word' id='word_1_139' title='bbox 609 2105 793 2158; x_wconf 85' lang='lat' dir='ltr'>sanctorum</span> <span class='ocrx_word' id='word_1_140' title='bbox 811 2092 956 2158; x_wconf 88' lang='lat' dir='ltr'>claritate</span> <span class='ocrx_word' id='word_1_141' title='bbox 981 2093 1164 2158; x_wconf 84' lang='lat' dir='ltr'><strong>admirabili</strong></span> <span class='ocrx_word' id='word_1_142' title='bbox 1187 2093 1387 2179; x_wconf 88' lang='lat' dir='ltr'>fulgentium.</span> <span class='ocrx_word' id='word_1_143' title='bbox 1422 2093 1466 2159; x_wconf 83' lang='lat' dir='ltr'>Et</span> <span class='ocrx_word' id='word_1_144' title='bbox 1489 2091 1594 2159; x_wconf 89' lang='lat' dir='ltr'>subito</span> <span class='ocrx_word' id='word_1_145' title='bbox 1618 2093 1711 2179; x_wconf 90' lang='lat' dir='ltr'>quasi</span> <span class='ocrx_word' id='word_1_146' title='bbox 1726 2113 1827 2156; x_wconf 91' lang='lat' dir='ltr'>unum</span> <span class='ocrx_word' id='word_1_147' title='bbox 1846 2090 1888 2154; x_wconf 91' lang='lat' dir='ltr'>de</span> <span class='ocrx_word' id='word_1_148' title='bbox 1906 2089 2051 2176; x_wconf 85' lang='lat' dir='ltr'><strong>paradysi</strong></span> <span class='ocrx_word' id='word_1_149' title='bbox 2065 2115 2085 2155; x_wconf 82' lang='lat' dir='ltr'>rs</span> 
     </span>
     <span class='ocr_line' id='line_1_15' title="bbox 415 2195 2051 2288; baseline -0.003 -24"><span class='ocrx_word' id='word_1_150' title='bbox 415 2199 600 2265; x_wconf 89' lang='lat' dir='ltr'>fluminibus</span> <span class='ocrx_word' id='word_1_151' title='bbox 625 2222 666 2264; x_wconf 87' lang='lat' dir='ltr'>ex</span> <span class='ocrx_word' id='word_1_152' title='bbox 689 2201 760 2286; x_wconf 90' lang='lat' dir='ltr'>ipso</span> <span class='ocrx_word' id='word_1_153' title='bbox 784 2198 880 2286; x_wconf 83' lang='lat' dir='ltr'>globo</span> <span class='ocrx_word' id='word_1_154' title='bbox 905 2201 991 2287; x_wconf 86' lang='lat' dir='ltr'>cepit</span> <span class='ocrx_word' id='word_1_155' title='bbox 1019 2202 1196 2265; x_wconf 91' lang='lat' dir='ltr'>interram</span> <span class='ocrx_word' id='word_1_156' title='bbox 1220 2199 1320 2265; x_wconf 91' lang='lat' dir='ltr'>fluere</span> <span class='ocrx_word' id='word_1_157' title='bbox 1344 2211 1453 2266; x_wconf 88' lang='lat' dir='ltr'>tantae</span> <span class='ocrx_word' id='word_1_158' title='bbox 1477 2200 1636 2288; x_wconf 84' lang='lat' dir='ltr'>puritatis,</span> <span class='ocrx_word' id='word_1_159' title='bbox 1660 2210 1695 2263; x_wconf 91' lang='lat' dir='ltr'>ut</span> <span class='ocrx_word' id='word_1_160' title='bbox 1718 2220 1796 2262; x_wconf 91' lang='lat' dir='ltr'>auro</span> <span class='ocrx_word' id='word_1_161' title='bbox 1821 2195 1947 2284; x_wconf 90' lang='lat' dir='ltr'>liquido</span> <span class='ocrx_word' id='word_1_162' title='bbox 1971 2195 2051 2259; x_wconf 87' lang='lat' dir='ltr'>vide·</span> 
     </span>
     <span class='ocr_line' id='line_1_16' title="bbox 415 2303 2051 2394; baseline -0.002 -24"><span class='ocrx_word' id='word_1_163' title='bbox 415 2317 503 2371; x_wconf 90' lang='lat' dir='ltr'>retur</span> <span class='ocrx_word' id='word_1_164' title='bbox 525 2306 711 2372; x_wconf 89' lang='lat' dir='ltr'>consimilis.</span> <span class='ocrx_word' id='word_1_165' title='bbox 746 2305 819 2371; x_wconf 92' lang='lat' dir='ltr'>Hoc</span> <span class='ocrx_word' id='word_1_166' title='bbox 844 2316 901 2388; x_wconf 90' lang='lat' dir='ltr'>cst,</span> <span class='ocrx_word' id='word_1_167' title='bbox 926 2317 961 2370; x_wconf 90' lang='lat' dir='ltr'>ut</span> <span class='ocrx_word' id='word_1_168' title='bbox 983 2305 1132 2387; x_wconf 85' lang='lat' dir='ltr'><strong>arbitror,</strong></span> <span class='ocrx_word' id='word_1_169' title='bbox 1157 2307 1244 2394; x_wconf 92' lang='lat' dir='ltr'>quod</span> <span class='ocrx_word' id='word_1_170' title='bbox 1266 2329 1323 2393; x_wconf 90' lang='lat' dir='ltr'>pre</span> <span class='ocrx_word' id='word_1_171' title='bbox 1339 2306 1488 2371; x_wconf 89' lang='lat' dir='ltr'>manibus</span> <span class='ocrx_word' id='word_1_172' title='bbox 1503 2303 1670 2386; x_wconf 87' lang='lat' dir='ltr'>babemus,</span> <span class='ocrx_word' id='word_1_173' title='bbox 1694 2306 1771 2390; x_wconf 92' lang='lat' dir='ltr'>quia</span> <span class='ocrx_word' id='word_1_174' title='bbox 1793 2304 1888 2368; x_wconf 86' lang='lat' dir='ltr'>iuxta</span> <span class='ocrx_word' id='word_1_175' title='bbox 1912 2313 2051 2366; x_wconf 86' lang='lat' dir='ltr'>sanctua-</span> 
     </span>
     <span class='ocr_line' id='line_1_17' title="bbox 415 2408 2053 2500; baseline -0.003 -23"><span class='ocrx_word' id='word_1_176' title='bbox 415 2414 498 2479; x_wconf 93' lang='lat' dir='ltr'>rium</span> <span class='ocrx_word' id='word_1_177' title='bbox 523 2414 627 2478; x_wconf 89' lang='lat' dir='ltr'>sancti</span> <span class='ocrx_word' id='word_1_178' title='bbox 650 2412 853 2494; x_wconf 89' lang='lat' dir='ltr'>Michahelis,</span> <span class='ocrx_word' id='word_1_179' title='bbox 877 2412 934 2477; x_wconf 91' lang='lat' dir='ltr'>ubi</span> <span class='ocrx_word' id='word_1_180' title='bbox 958 2412 1100 2478; x_wconf 88' lang='lat' dir='ltr'>scribere</span> <span class='ocrx_word' id='word_1_181' title='bbox 1125 2425 1221 2499; x_wconf 90' lang='lat' dir='ltr'>atque</span> <span class='ocrx_word' id='word_1_182' title='bbox 1245 2415 1279 2477; x_wconf 92' lang='lat' dir='ltr'>in</span> <span class='ocrx_word' id='word_1_183' title='bbox 1301 2412 1434 2500; x_wconf 89' lang='lat' dir='ltr'>psalmis</span> <span class='ocrx_word' id='word_1_184' title='bbox 1464 2412 1650 2477; x_wconf 89' lang='lat' dir='ltr'>meditando</span> <span class='ocrx_word' id='word_1_185' title='bbox 1681 2410 1794 2475; x_wconf 85' lang='lat' dir='ltr'>sedere</span> <span class='ocrx_word' id='word_1_186' title='bbox 1826 2408 1977 2490; x_wconf 88' lang='lat' dir='ltr'>solemus,</span> <span class='ocrx_word' id='word_1_187' title='bbox 2005 2409 2053 2473; x_wconf 87' lang='lat' dir='ltr'>dc-</span> 
     </span>
    </p>

    <p class='ocr_par' dir='ltr' id='par_1_6' title="bbox 295 2516 2093 2712">
     <span class='ocr_line' id='line_1_18' title="bbox 295 2516 2054 2606; baseline -0.003 -22"><span class='ocrx_word' id='word_1_188' title='bbox 295 2545 397 2594; x_wconf 63' lang='lat' dir='ltr'>uaas.</span> <span class='ocrx_word' id='word_1_189' title='bbox 416 2517 572 2584; x_wconf 83' lang='lat' dir='ltr'>scandere</span> <span class='ocrx_word' id='word_1_190' title='bbox 589 2520 677 2584; x_wconf 88' lang='lat' dir='ltr'>visus</span> <span class='ocrx_word' id='word_1_191' title='bbox 694 2530 743 2584; x_wconf 90' lang='lat' dir='ltr'>est</span> <span class='ocrx_word' id='word_1_192' title='bbox 765 2518 850 2583; x_wconf 92' lang='lat' dir='ltr'>idem</span> <span class='ocrx_word' id='word_1_193' title='bbox 874 2518 1001 2584; x_wconf 87' lang='lat' dir='ltr'>fluvius.</span> <span class='ocrx_word' id='word_1_194' title='bbox 1036 2519 1080 2584; x_wconf 86' lang='lat' dir='ltr'>Et</span> <span class='ocrx_word' id='word_1_195' title='bbox 1103 2522 1179 2606; x_wconf 92' lang='lat' dir='ltr'>quia</span> <span class='ocrx_word' id='word_1_196' title='bbox 1200 2518 1341 2585; x_wconf 89' lang='lat' dir='ltr'>fluminis</span> <span class='ocrx_word' id='word_1_197' title='bbox 1365 2521 1503 2606; x_wconf 91' lang='lat' dir='ltr'>impetus</span> <span class='ocrx_word' id='word_1_198' title='bbox 1526 2518 1659 2583; x_wconf 86' lang='lat' dir='ltr'>letificat</span> <span class='ocrx_word' id='word_1_199' title='bbox 1675 2519 1840 2581; x_wconf 90' lang='lat' dir='ltr'>civitatem</span> <span class='ocrx_word' id='word_1_200' title='bbox 1856 2517 1933 2598; x_wconf 92' lang='lat' dir='ltr'>Dei,</span> <span class='ocrx_word' id='word_1_201' title='bbox 1957 2516 2054 2580; x_wconf 88' lang='lat' dir='ltr'>fateor</span> 
     </span>
     <span class='ocr_line' id='line_1_19' title="bbox 416 2623 2093 2712; baseline -0.002 -23"><span class='ocrx_word' id='word_1_202' title='bbox 416 2627 589 2690; x_wconf 88' lang='lat' dir='ltr'>miserante</span> <span class='ocrx_word' id='word_1_203' title='bbox 613 2625 686 2690; x_wconf 92' lang='lat' dir='ltr'>Deo</span> <span class='ocrx_word' id='word_1_204' title='bbox 710 2649 761 2690; x_wconf 91' lang='lat' dir='ltr'>me</span> <span class='ocrx_word' id='word_1_205' title='bbox 786 2625 955 2712; x_wconf 89' lang='lat' dir='ltr'>aliquoties</span> <span class='ocrx_word' id='word_1_206' title='bbox 980 2625 1166 2710; x_wconf 84' lang='lat' dir='ltr'>letificatum</span> <span class='ocrx_word' id='word_1_207' title='bbox 1197 2649 1256 2712; x_wconf 88' lang='lat' dir='ltr'>per</span> <span class='ocrx_word' id='word_1_208' title='bbox 1278 2625 1373 2690; x_wconf 90' lang='lat' dir='ltr'>huius</span> <span class='ocrx_word' id='word_1_209' title='bbox 1396 2624 1536 2690; x_wconf 90' lang='lat' dir='ltr'>fluminis</span> <span class='ocrx_word' id='word_1_210' title='bbox 1559 2626 1713 2711; x_wconf 91' lang='lat' dir='ltr'>impetum</span> <span class='ocrx_word' id='word_1_211' title='bbox 1737 2623 1986 2711; x_wconf 88' lang='lat' dir='ltr'>compellentem</span> <span class='ocrx_word' id='word_1_212' title='bbox 2008 2643 2054 2686; x_wconf 91' lang='lat' dir='ltr'>me</span> <span class='ocrx_word' id='word_1_213' title='bbox 2071 2647 2093 2685; x_wconf 83' lang='lat' dir='ltr'>a</span> 
     </span>
    </p>

    <p class='ocr_par' dir='ltr' id='par_1_7' title="bbox 417 2727 2055 2819">
     <span class='ocr_line' id='line_1_20' title="bbox 417 2727 2055 2819; baseline -0.003 -23"><span class='ocrx_word' id='word_1_214' title='bbox 417 2731 458 2796; x_wconf 89' lang='lat' dir='ltr'>ad</span> <span class='ocrx_word' id='word_1_215' title='bbox 474 2730 692 2796; x_wconf 89' lang='lat' dir='ltr'>scribendum.</span> <span class='ocrx_word' id='word_1_216' title='bbox 728 2731 824 2796; x_wconf 90' lang='lat' dir='ltr'>Unde</span> <span class='ocrx_word' id='word_1_217' title='bbox 847 2733 912 2796; x_wconf 90' lang='lat' dir='ltr'>iam</span> <span class='ocrx_word' id='word_1_218' title='bbox 927 2742 1001 2819; x_wconf 89' lang='lat' dir='ltr'>post</span> <span class='ocrx_word' id='word_1_219' title='bbox 1015 2755 1169 2818; x_wconf 87' lang='lat' dir='ltr'>magnum</span> <span class='ocrx_word' id='word_1_220' title='bbox 1192 2731 1362 2796; x_wconf 89' lang='lat' dir='ltr'>diuturnae</span> <span class='ocrx_word' id='word_1_221' title='bbox 1385 2731 1637 2818; x_wconf 82' lang='lat' dir='ltr'>intercapedinis</span> <span class='ocrx_word' id='word_1_222' title='bbox 1661 2731 1818 2818; x_wconf 88' lang='lat' dir='ltr'>spacium,</span> <span class='ocrx_word' id='word_1_223' title='bbox 1842 2751 1907 2817; x_wconf 92' lang='lat' dir='ltr'>quo</span> <span class='ocrx_word' id='word_1_224' title='bbox 1929 2730 1964 2792; x_wconf 90' lang='lat' dir='ltr'>in</span> <span class='ocrx_word' id='word_1_225' title='bbox 1980 2727 2055 2793; x_wconf 88' lang='lat' dir='ltr'>urbe</span> 
     </span>
    </p>

    <p class='ocr_par' dir='ltr' id='par_1_8' title="bbox 416 2835 2056 2923">
     <span class='ocr_line' id='line_1_21' title="bbox 416 2835 2056 2923; baseline -0.002 -21"><span class='ocrx_word' id='word_1_226' title='bbox 416 2837 520 2902; x_wconf 90' lang='lat' dir='ltr'>Roma</span> <span class='ocrx_word' id='word_1_227' title='bbox 550 2848 764 2902; x_wconf 88' lang='lat' dir='ltr'>commoratus</span> <span class='ocrx_word' id='word_1_228' title='bbox 795 2849 827 2901; x_wconf 91' lang='lat' dir='ltr'>et</span> <span class='ocrx_word' id='word_1_229' title='bbox 856 2838 889 2902; x_wconf 92' lang='lat' dir='ltr'>in</span> <span class='ocrx_word' id='word_1_230' title='bbox 920 2837 1025 2904; x_wconf 89' lang='lat' dir='ltr'>eundo</span> <span class='ocrx_word' id='word_1_231' title='bbox 1056 2860 1094 2902; x_wconf 89' lang='lat' dir='ltr'>ac</span> <span class='ocrx_word' id='word_1_232' title='bbox 1122 2837 1288 2903; x_wconf 88' lang='lat' dir='ltr'>redeundo</span> <span class='ocrx_word' id='word_1_233' title='bbox 1319 2838 1453 2903; x_wconf 90' lang='lat' dir='ltr'>multum</span> <span class='ocrx_word' id='word_1_234' title='bbox 1483 2839 1635 2923; x_wconf 89' lang='lat' dir='ltr'>fatigatus</span> <span class='ocrx_word' id='word_1_235' title='bbox 1665 2847 1697 2900; x_wconf 92' lang='lat' dir='ltr'>et</span> <span class='ocrx_word' id='word_1_236' title='bbox 1727 2836 1798 2901; x_wconf 91' lang='lat' dir='ltr'>aliis</span> <span class='ocrx_word' id='word_1_237' title='bbox 1829 2835 2056 2901; x_wconf 85' lang='lat' dir='ltr'>ecclesiasticis</span> 
     </span>
    </p>

    <p class='ocr_par' dir='ltr' id='par_1_9' title="bbox 416 2941 2058 3031">
     <span class='ocr_line' id='line_1_22' title="bbox 416 2941 2058 3031; baseline -0.002 -23"><span class='ocrx_word' id='word_1_238' title='bbox 416 2955 513 3030; x_wconf 89' lang='lat' dir='ltr'>atque</span> <span class='ocrx_word' id='word_1_239' title='bbox 538 2943 764 3010; x_wconf 85' lang='lat' dir='ltr'>claustralibus</span> <span class='ocrx_word' id='word_1_240' title='bbox 788 2943 1055 3030; x_wconf 90' lang='lat' dir='ltr'>occupationibus</span> <span class='ocrx_word' id='word_1_241' title='bbox 1078 2945 1265 3031; x_wconf 90' lang='lat' dir='ltr'>prepeditus</span> <span class='ocrx_word' id='word_1_242' title='bbox 1288 2945 1344 3010; x_wconf 92' lang='lat' dir='ltr'>diu</span> <span class='ocrx_word' id='word_1_243' title='bbox 1368 2967 1387 3009; x_wconf 90' lang='lat' dir='ltr'>a</span> <span class='ocrx_word' id='word_1_244' title='bbox 1411 2944 1582 3009; x_wconf 90' lang='lat' dir='ltr'>scribendo</span> <span class='ocrx_word' id='word_1_245' title='bbox 1598 2945 1747 3025; x_wconf 62' lang='lat' dir='ltr'>vaeavit</span> <span class='ocrx_word' id='word_1_246' title='bbox 1770 2965 1858 3008; x_wconf 90' lang='lat' dir='ltr'>nunc</span> <span class='ocrx_word' id='word_1_247' title='bbox 1882 2941 2058 3029; x_wconf 91' lang='lat' dir='ltr'>apostolica</span> 
     </span>
    </p>

    <p class='ocr_par' dir='ltr' id='par_1_10' title="bbox 416 3048 2098 3244">
     <span class='ocr_line' id='line_1_23' title="bbox 416 3048 2060 3138; baseline -0.002 -24"><span class='ocrx_word' id='word_1_248' title='bbox 416 3049 517 3115; x_wconf 90' lang='lat' dir='ltr'>fretus</span> <span class='ocrx_word' id='word_1_249' title='bbox 539 3048 768 3116; x_wconf 90' lang='lat' dir='ltr'>benedictione</span> <span class='ocrx_word' id='word_1_250' title='bbox 792 3072 952 3134; x_wconf 86' lang='lat' dir='ltr'>reversus,</span> <span class='ocrx_word' id='word_1_251' title='bbox 983 3052 1101 3116; x_wconf 90' lang='lat' dir='ltr'>iterum</span> <span class='ocrx_word' id='word_1_252' title='bbox 1131 3075 1259 3116; x_wconf 87' lang='lat' dir='ltr'>resumo</span> <span class='ocrx_word' id='word_1_253' title='bbox 1289 3051 1447 3117; x_wconf 88' lang='lat' dir='ltr'>calamum</span> <span class='ocrx_word' id='word_1_254' title='bbox 1471 3051 1615 3116; x_wconf 81' lang='lat' dir='ltr'>divinam</span> <span class='ocrx_word' id='word_1_255' title='bbox 1642 3073 1761 3138; x_wconf 87' lang='lat' dir='ltr'>rogans</span> <span class='ocrx_word' id='word_1_256' title='bbox 1785 3049 2002 3130; x_wconf 89' lang='lat' dir='ltr'>clementiam,</span> <span class='ocrx_word' id='word_1_257' title='bbox 2025 3057 2060 3110; x_wconf 95' lang='lat' dir='ltr'>ut</span> 
     </span>
     <span class='ocr_line' id='line_1_24' title="bbox 417 3155 2098 3244; baseline -0.002 -24"><span class='ocrx_word' id='word_1_258' title='bbox 417 3156 597 3221; x_wconf 87' lang='lat' dir='ltr'>voluntaria</span> <span class='ocrx_word' id='word_1_259' title='bbox 627 3159 691 3221; x_wconf 89' lang='lat' dir='ltr'>oris</span> <span class='ocrx_word' id='word_1_260' title='bbox 721 3158 786 3224; x_wconf 90' lang='lat' dir='ltr'>mei</span> <span class='ocrx_word' id='word_1_261' title='bbox 816 3155 1021 3243; x_wconf 86' lang='lat' dir='ltr'>beneplacita</span> <span class='ocrx_word' id='word_1_262' title='bbox 1051 3156 1151 3222; x_wconf 90' lang='lat' dir='ltr'>faciat</span> <span class='ocrx_word' id='word_1_263' title='bbox 1177 3157 1249 3241; x_wconf 87' lang='lat' dir='ltr'>sibi,</span> <span class='ocrx_word' id='word_1_264' title='bbox 1274 3157 1452 3244; x_wconf 90' lang='lat' dir='ltr'>eademque</span> <span class='ocrx_word' id='word_1_265' title='bbox 1477 3159 1523 3222; x_wconf 85' lang='lat' dir='ltr'>sic</span> <span class='ocrx_word' id='word_1_266' title='bbox 1546 3181 1598 3223; x_wconf 93' lang='lat' dir='ltr'>me</span> <span class='ocrx_word' id='word_1_267' title='bbox 1622 3156 1780 3222; x_wconf 90' lang='lat' dir='ltr'>concedat</span> <span class='ocrx_word' id='word_1_268' title='bbox 1803 3155 1958 3237; x_wconf 89' lang='lat' dir='ltr'>scribere,</span> <span class='ocrx_word' id='word_1_269' title='bbox 1984 3177 2057 3240; x_wconf 88' lang='lat' dir='ltr'>qua·</span> <span class='ocrx_word' id='word_1_270' title='bbox 2076 3175 2098 3215; x_wconf 83' lang='lat' dir='ltr'>a</span> 
     </span>
    </p>

    <p class='ocr_par' dir='ltr' id='par_1_11' title="bbox 249 3260 2058 3352">
     <span class='ocr_line' id='line_1_25' title="bbox 249 3260 2058 3352; baseline -0.004 -22"><span class='ocrx_word' id='word_1_271' title='bbox 249 3290 399 3340; x_wconf 66' lang='lat' dir='ltr'>annun.</span> <span class='ocrx_word' id='word_1_272' title='bbox 416 3273 510 3328; x_wconf 89' lang='lat' dir='ltr'>tenus</span> <span class='ocrx_word' id='word_1_273' title='bbox 533 3264 568 3327; x_wconf 92' lang='lat' dir='ltr'>in</span> <span class='ocrx_word' id='word_1_274' title='bbox 584 3265 630 3328; x_wconf 91' lang='lat' dir='ltr'>eis</span> <span class='ocrx_word' id='word_1_275' title='bbox 654 3286 740 3352; x_wconf 90' lang='lat' dir='ltr'>aqua</span> <span class='ocrx_word' id='word_1_276' title='bbox 763 3262 818 3332; x_wconf 91' lang='lat' dir='ltr'>illa</span> <span class='ocrx_word' id='word_1_277' title='bbox 834 3263 1032 3329; x_wconf 90' lang='lat' dir='ltr'>solummodo</span> <span class='ocrx_word' id='word_1_278' title='bbox 1049 3265 1164 3350; x_wconf 90' lang='lat' dir='ltr'>sapiat,</span> <span class='ocrx_word' id='word_1_279' title='bbox 1182 3287 1265 3351; x_wconf 91' lang='lat' dir='ltr'>quae</span> <span class='ocrx_word' id='word_1_280' title='bbox 1282 3264 1322 3328; x_wconf 91' lang='lat' dir='ltr'>de</span> <span class='ocrx_word' id='word_1_281' title='bbox 1339 3266 1407 3329; x_wconf 88' lang='lat' dir='ltr'>vita</span> <span class='ocrx_word' id='word_1_282' title='bbox 1423 3275 1556 3329; x_wconf 88' lang='lat' dir='ltr'>aeterna</span> <span class='ocrx_word' id='word_1_283' title='bbox 1578 3265 1612 3328; x_wconf 92' lang='lat' dir='ltr'>in</span> <span class='ocrx_word' id='word_1_284' title='bbox 1628 3265 1727 3328; x_wconf 90' lang='lat' dir='ltr'>vitam</span> <span class='ocrx_word' id='word_1_285' title='bbox 1751 3273 1917 3328; x_wconf 87' lang='lat' dir='ltr'>aeternam</span> <span class='ocrx_word' id='word_1_286' title='bbox 1941 3260 2058 3325; x_wconf 89' lang='lat' dir='ltr'>saliens</span> 
     </span>
    </p>

    <p class='ocr_par' dir='ltr' id='par_1_12' title="bbox 281 3368 2060 3458">
     <span class='ocr_line' id='line_1_26' title="bbox 281 3368 2060 3458; baseline -0.002 -22"><span class='ocrx_word' id='word_1_287' title='bbox 281 3395 397 3446; x_wconf 61' lang='lat' dir='ltr'>caan.</span> <span class='ocrx_word' id='word_1_288' title='bbox 416 3370 553 3434; x_wconf 90' lang='lat' dir='ltr'>lectores</span> <span class='ocrx_word' id='word_1_289' title='bbox 569 3368 737 3435; x_wconf 88' lang='lat' dir='ltr'>benivolos</span> <span class='ocrx_word' id='word_1_290' title='bbox 754 3393 802 3452; x_wconf 92' lang='lat' dir='ltr'>eo,</span> <span class='ocrx_word' id='word_1_291' title='bbox 820 3393 883 3456; x_wconf 93' lang='lat' dir='ltr'>quo</span> <span class='ocrx_word' id='word_1_292' title='bbox 900 3371 999 3435; x_wconf 90' lang='lat' dir='ltr'>currit</span> <span class='ocrx_word' id='word_1_293' title='bbox 1014 3393 1079 3435; x_wconf 92' lang='lat' dir='ltr'>una</span> <span class='ocrx_word' id='word_1_294' title='bbox 1094 3393 1205 3436; x_wconf 89' lang='lat' dir='ltr'>secum</span> <span class='ocrx_word' id='word_1_295' title='bbox 1221 3371 1396 3457; x_wconf 85' lang='lat' dir='ltr'>pertrahat,</span> <span class='ocrx_word' id='word_1_296' title='bbox 1419 3395 1460 3435; x_wconf 91' lang='lat' dir='ltr'>ne</span> <span class='ocrx_word' id='word_1_297' title='bbox 1484 3371 1601 3458; x_wconf 86' lang='lat' dir='ltr'>aliquis</span> <span class='ocrx_word' id='word_1_298' title='bbox 1616 3370 1742 3435; x_wconf 92' lang='lat' dir='ltr'>illorum</span> <span class='ocrx_word' id='word_1_299' title='bbox 1758 3369 1856 3434; x_wconf 90' lang='lat' dir='ltr'>cadat</span> <span class='ocrx_word' id='word_1_300' title='bbox 1877 3369 1912 3432; x_wconf 90' lang='lat' dir='ltr'>in</span> <span class='ocrx_word' id='word_1_301' title='bbox 1927 3377 2060 3454; x_wconf 90' lang='lat' dir='ltr'>puteum</span> 
     </span>
    </p>

    <p class='ocr_par' dir='ltr' id='par_1_13' title="bbox 254 3473 2060 3567">
     <span class='ocr_line' id='line_1_27' title="bbox 254 3473 2060 3567; baseline -0.003 -25"><span class='ocrx_word' id='word_1_302' title='bbox 254 3502 397 3552; x_wconf 64' lang='lat' dir='ltr'>nauseas.</span> <span class='ocrx_word' id='word_1_303' title='bbox 416 3477 574 3560; x_wconf 90' lang='lat' dir='ltr'>interitus,</span> <span class='ocrx_word' id='word_1_304' title='bbox 600 3477 654 3564; x_wconf 90' lang='lat' dir='ltr'>qui</span> <span class='ocrx_word' id='word_1_305' title='bbox 677 3487 810 3563; x_wconf 88' lang='lat' dir='ltr'>paratus</span> <span class='ocrx_word' id='word_1_306' title='bbox 834 3487 883 3540; x_wconf 91' lang='lat' dir='ltr'>cst</span> <span class='ocrx_word' id='word_1_307' title='bbox 907 3475 1056 3540; x_wconf 82' lang='lat' dir='ltr'>diabolo·</span> <span class='ocrx_word' id='word_1_308' title='bbox 1080 3488 1111 3541; x_wconf 92' lang='lat' dir='ltr'>et</span> <span class='ocrx_word' id='word_1_309' title='bbox 1134 3477 1257 3564; x_wconf 91' lang='lat' dir='ltr'>angelis</span> <span class='ocrx_word' id='word_1_310' title='bbox 1274 3479 1353 3559; x_wconf 89' lang='lat' dir='ltr'>eius,</span> <span class='ocrx_word' id='word_1_311' title='bbox 1377 3490 1475 3567; x_wconf 90' lang='lat' dir='ltr'>atque</span> <span class='ocrx_word' id='word_1_312' title='bbox 1490 3478 1689 3542; x_wconf 85' lang='lat' dir='ltr'>Antichristo</span> <span class='ocrx_word' id='word_1_313' title='bbox 1713 3487 1746 3540; x_wconf 89' lang='lat' dir='ltr'>et</span> <span class='ocrx_word' id='word_1_314' title='bbox 1768 3473 1965 3562; x_wconf 89' lang='lat' dir='ltr'>sequacibus</span> <span class='ocrx_word' id='word_1_315' title='bbox 1982 3475 2060 3538; x_wconf 89' lang='lat' dir='ltr'>eius.</span> 
     </span>
    </p>
   </div>
   <div class='ocr_carea' id='block_1_5' title="bbox 122 3953 2107 5320">
    <p class='ocr_par' dir='ltr' id='par_1_14' title="bbox 122 3953 2107 5320">
     <span class='ocr_line' id='line_1_28' title="bbox 122 3953 2064 4048; baseline -0.004 -25"><span class='ocrx_word' id='word_1_316' title='bbox 122 4041 124 4048; x_wconf 61' lang='lat'>.</span> <span class='ocrx_word' id='word_1_317' title='bbox 241 3972 317 4021; x_wconf 64' lang='lat' dir='ltr'>Pata</span> <span class='ocrx_word' id='word_1_318' title='bbox 326 3971 399 4012; x_wconf 84' lang='lat'>1⁰·11·</span> <span class='ocrx_word' id='word_1_319' title='bbox 526 3955 592 4022; x_wconf 89' lang='lat' dir='ltr'>Sed</span> <span class='ocrx_word' id='word_1_320' title='bbox 615 3955 694 4021; x_wconf 88' lang='lat' dir='ltr'>velit</span> <span class='ocrx_word' id='word_1_321' title='bbox 723 3955 813 4036; x_wconf 92' lang='lat' dir='ltr'>nolit,</span> <span class='ocrx_word' id='word_1_322' title='bbox 843 3954 884 4019; x_wconf 90' lang='lat' dir='ltr'>ab</span> <span class='ocrx_word' id='word_1_323' title='bbox 914 3955 1044 4020; x_wconf 85' lang='lat' dir='ltr'>excelsa</span> <span class='ocrx_word' id='word_1_324' title='bbox 1073 3967 1160 4020; x_wconf 91' lang='lat' dir='ltr'>terra</span> <span class='ocrx_word' id='word_1_325' title='bbox 1189 3955 1269 4020; x_wconf 85' lang='lat' dir='ltr'>tales</span> <span class='ocrx_word' id='word_1_326' title='bbox 1300 3965 1469 4021; x_wconf 88' lang='lat' dir='ltr'>evomente</span> <span class='ocrx_word' id='word_1_327' title='bbox 1497 3955 1641 4020; x_wconf 89' lang='lat' dir='ltr'>seclusus</span> <span class='ocrx_word' id='word_1_328' title='bbox 1669 3953 1815 4020; x_wconf 91' lang='lat' dir='ltr'>introibit</span> <span class='ocrx_word' id='word_1_329' title='bbox 1844 3955 1878 4018; x_wconf 93' lang='lat' dir='ltr'>in</span> <span class='ocrx_word' id='word_1_330' title='bbox 1908 3953 2064 4018; x_wconf 87' lang='lat' dir='ltr'>inferiora</span> 
     </span>
     <span class='ocr_line' id='line_1_29' title="bbox 418 4059 2065 4150; baseline -0.004 -20"><span class='ocrx_word' id='word_1_331' title='bbox 418 4076 524 4130; x_wconf 90' lang='lat' dir='ltr'>terrac</span> <span class='ocrx_word' id='word_1_332' title='bbox 548 4063 758 4150; x_wconf 90' lang='lat' dir='ltr'>tradeturque</span> <span class='ocrx_word' id='word_1_333' title='bbox 780 4063 815 4126; x_wconf 93' lang='lat' dir='ltr'>in</span> <span class='ocrx_word' id='word_1_334' title='bbox 838 4084 952 4126; x_wconf 91' lang='lat' dir='ltr'>manus</span> <span class='ocrx_word' id='word_1_335' title='bbox 975 4061 1085 4148; x_wconf 91' lang='lat' dir='ltr'>gladii,</span> <span class='ocrx_word' id='word_1_336' title='bbox 1109 4073 1144 4127; x_wconf 90' lang='lat' dir='ltr'>ut</span> <span class='ocrx_word' id='word_1_337' title='bbox 1166 4062 1290 4127; x_wconf 89' lang='lat' dir='ltr'>habens</span> <span class='ocrx_word' id='word_1_338' title='bbox 1313 4062 1442 4150; x_wconf 88' lang='lat' dir='ltr'>plagam</span> <span class='ocrx_word' id='word_1_339' title='bbox 1466 4062 1576 4149; x_wconf 89' lang='lat' dir='ltr'>gladii,</span> <span class='ocrx_word' id='word_1_340' title='bbox 1599 4061 1730 4149; x_wconf 89' lang='lat' dir='ltr'>plagam</span> <span class='ocrx_word' id='word_1_341' title='bbox 1753 4060 1970 4126; x_wconf 89' lang='lat' dir='ltr'>anathematis</span> <span class='ocrx_word' id='word_1_342' title='bbox 1987 4059 2065 4146; x_wconf 84' lang='lat' dir='ltr'>velit</span> 
     </span>
     <span class='ocr_line' id='line_1_30' title="bbox 418 4168 2063 4256; baseline -0.002 -20"><span class='ocrx_word' id='word_1_343' title='bbox 418 4171 498 4236; x_wconf 92' lang='lat' dir='ltr'>nolit</span> <span class='ocrx_word' id='word_1_344' title='bbox 527 4172 666 4236; x_wconf 89' lang='lat' dir='ltr'>introeat</span> <span class='ocrx_word' id='word_1_345' title='bbox 695 4171 730 4234; x_wconf 92' lang='lat' dir='ltr'>in</span> <span class='ocrx_word' id='word_1_346' title='bbox 752 4169 906 4232; x_wconf 90' lang='lat' dir='ltr'>inferiora</span> <span class='ocrx_word' id='word_1_347' title='bbox 928 4179 1034 4234; x_wconf 90' lang='lat' dir='ltr'>terrac</span> <span class='ocrx_word' id='word_1_348' title='bbox 1057 4168 1111 4234; x_wconf 86' lang='lat' dir='ltr'>vel</span> <span class='ocrx_word' id='word_1_349' title='bbox 1132 4191 1233 4255; x_wconf 91' lang='lat' dir='ltr'>regno</span> <span class='ocrx_word' id='word_1_350' title='bbox 1257 4169 1350 4234; x_wconf 89' lang='lat' dir='ltr'>simul</span> <span class='ocrx_word' id='word_1_351' title='bbox 1374 4179 1406 4234; x_wconf 90' lang='lat' dir='ltr'>et</span> <span class='ocrx_word' id='word_1_352' title='bbox 1428 4171 1497 4233; x_wconf 87' lang='lat' dir='ltr'>vita</span> <span class='ocrx_word' id='word_1_353' title='bbox 1518 4170 1664 4256; x_wconf 80' lang='lat' dir='ltr'>privatus</span> <span class='ocrx_word' id='word_1_354' title='bbox 1693 4169 1727 4232; x_wconf 93' lang='lat' dir='ltr'>in</span> <span class='ocrx_word' id='word_1_355' title='bbox 1750 4169 1810 4249; x_wconf 87' lang='lat' dir='ltr'>his,</span> <span class='ocrx_word' id='word_1_356' title='bbox 1835 4169 1891 4254; x_wconf 92' lang='lat' dir='ltr'>qui</span> <span class='ocrx_word' id='word_1_357' title='bbox 1914 4179 2063 4255; x_wconf 89' lang='lat' dir='ltr'>pereunt,</span> 
     </span>
     <span class='ocr_line' id='line_1_31' title="bbox 418 4273 2106 4365; baseline -0.005 -21"><span class='ocrx_word' id='word_1_358' title='bbox 418 4289 454 4346; x_wconf 91' lang='lat' dir='ltr'>ut</span> <span class='ocrx_word' id='word_1_359' title='bbox 475 4278 635 4365; x_wconf 88' lang='lat' dir='ltr'>Apostata</span> <span class='ocrx_word' id='word_1_360' title='bbox 657 4275 801 4340; x_wconf 85' lang='lat' dir='ltr'>Iulianus</span> <span class='ocrx_word' id='word_1_361' title='bbox 825 4287 857 4339; x_wconf 89' lang='lat' dir='ltr'>et</span> <span class='ocrx_word' id='word_1_362' title='bbox 881 4273 1090 4340; x_wconf 80' lang='lat' dir='ltr'>Constantius</span> <span class='ocrx_word' id='word_1_363' title='bbox 1112 4273 1280 4357; x_wconf 87' lang='lat' dir='ltr'>Arrianus,</span> <span class='ocrx_word' id='word_1_364' title='bbox 1304 4275 1356 4340; x_wconf 87' lang='lat' dir='ltr'>vel</span> <span class='ocrx_word' id='word_1_365' title='bbox 1381 4285 1467 4340; x_wconf 89' lang='lat' dir='ltr'>certe</span> <span class='ocrx_word' id='word_1_366' title='bbox 1498 4275 1541 4339; x_wconf 92' lang='lat' dir='ltr'>ad</span> <span class='ocrx_word' id='word_1_367' title='bbox 1570 4276 1782 4363; x_wconf 90' lang='lat' dir='ltr'>penitentiam</span> <span class='ocrx_word' id='word_1_368' title='bbox 1812 4274 2001 4339; x_wconf 89' lang='lat' dir='ltr'>humiliatus</span> <span class='ocrx_word' id='word_1_369' title='bbox 2031 4276 2064 4338; x_wconf 94' lang='lat' dir='ltr'>in</span> <span class='ocrx_word' id='word_1_370' title='bbox 2082 4295 2106 4336; x_wconf 78' lang='lat' dir='ltr'>a</span> 
     </span>
     <span class='ocr_line' id='line_1_32' title="bbox 419 4380 2065 4470; baseline -0.002 -22"><span class='ocrx_word' id='word_1_371' title='bbox 419 4385 478 4465; x_wconf 83' lang='lat' dir='ltr'>his,</span> <span class='ocrx_word' id='word_1_372' title='bbox 504 4385 559 4470; x_wconf 92' lang='lat' dir='ltr'>qni</span> <span class='ocrx_word' id='word_1_373' title='bbox 583 4392 815 4448; x_wconf 88' lang='lat' dir='ltr'>convertuntur</span> <span class='ocrx_word' id='word_1_374' title='bbox 838 4391 869 4446; x_wconf 94' lang='lat' dir='ltr'>et</span> <span class='ocrx_word' id='word_1_375' title='bbox 891 4380 975 4446; x_wconf 90' lang='lat' dir='ltr'>male</span> <span class='ocrx_word' id='word_1_376' title='bbox 1005 4381 1156 4446; x_wconf 86' lang='lat' dir='ltr'>affectato</span> <span class='ocrx_word' id='word_1_377' title='bbox 1186 4380 1353 4446; x_wconf 90' lang='lat' dir='ltr'>dominatu</span> <span class='ocrx_word' id='word_1_378' title='bbox 1382 4383 1501 4468; x_wconf 90' lang='lat' dir='ltr'>privati</span> <span class='ocrx_word' id='word_1_379' title='bbox 1530 4383 1564 4446; x_wconf 94' lang='lat' dir='ltr'>in</span> <span class='ocrx_word' id='word_1_380' title='bbox 1586 4382 1740 4446; x_wconf 89' lang='lat' dir='ltr'>inferiora</span> <span class='ocrx_word' id='word_1_381' title='bbox 1769 4391 1875 4446; x_wconf 91' lang='lat' dir='ltr'>terrae</span> <span class='ocrx_word' id='word_1_382' title='bbox 1906 4391 2065 4467; x_wconf 89' lang='lat' dir='ltr'>cogentur</span> 
     </span>
     <span class='ocr_line' id='line_1_33' title="bbox 419 4486 2064 4575; baseline -0.002 -21"><span class='ocrx_word' id='word_1_383' title='bbox 419 4491 561 4572; x_wconf 91' lang='lat' dir='ltr'>introire,</span> <span class='ocrx_word' id='word_1_384' title='bbox 578 4500 614 4553; x_wconf 94' lang='lat' dir='ltr'>ut</span> <span class='ocrx_word' id='word_1_385' title='bbox 629 4489 756 4553; x_wconf 90' lang='lat' dir='ltr'>discant</span> <span class='ocrx_word' id='word_1_386' title='bbox 771 4510 836 4553; x_wconf 91' lang='lat' dir='ltr'>non</span> <span class='ocrx_word' id='word_1_387' title='bbox 851 4486 1029 4574; x_wconf 89' lang='lat' dir='ltr'>superbire,</span> <span class='ocrx_word' id='word_1_388' title='bbox 1054 4488 1181 4552; x_wconf 90' lang='lat' dir='ltr'>discant</span> <span class='ocrx_word' id='word_1_389' title='bbox 1203 4511 1223 4552; x_wconf 91' lang='lat' dir='ltr'>a</span> <span class='ocrx_word' id='word_1_390' title='bbox 1245 4488 1376 4575; x_wconf 90' lang='lat' dir='ltr'>regibus</span> <span class='ocrx_word' id='word_1_391' title='bbox 1392 4490 1537 4575; x_wconf 90' lang='lat' dir='ltr'>gentium</span> <span class='ocrx_word' id='word_1_392' title='bbox 1559 4499 1701 4553; x_wconf 91' lang='lat' dir='ltr'>rectores</span> <span class='ocrx_word' id='word_1_393' title='bbox 1718 4486 1950 4552; x_wconf 89' lang='lat' dir='ltr'>aecclesiarum</span> <span class='ocrx_word' id='word_1_394' title='bbox 1966 4487 2064 4572; x_wconf 88' lang='lat' dir='ltr'>longe</span> 
     </span>
     <span class='ocr_line' id='line_1_34' title="bbox 419 4594 2064 4682; baseline -0.002 -21"><span class='ocrx_word' id='word_1_395' title='bbox 419 4596 540 4661; x_wconf 91' lang='lat' dir='ltr'>distare</span> <span class='ocrx_word' id='word_1_396' title='bbox 570 4594 701 4679; x_wconf 89' lang='lat' dir='ltr'>debere,</span> <span class='ocrx_word' id='word_1_397' title='bbox 732 4607 829 4682; x_wconf 89' lang='lat' dir='ltr'>atque</span> <span class='ocrx_word' id='word_1_398' title='bbox 860 4597 916 4660; x_wconf 92' lang='lat' dir='ltr'>uni</span> <span class='ocrx_word' id='word_1_399' title='bbox 945 4597 1015 4682; x_wconf 89' lang='lat' dir='ltr'>regi</span> <span class='ocrx_word' id='word_1_400' title='bbox 1044 4617 1158 4682; x_wconf 89' lang='lat' dir='ltr'>regum</span> <span class='ocrx_word' id='word_1_401' title='bbox 1188 4594 1368 4676; x_wconf 87' lang='lat' dir='ltr'>subiacere,</span> <span class='ocrx_word' id='word_1_402' title='bbox 1399 4597 1490 4659; x_wconf 71' lang='lat' dir='ltr'>cauus</span> <span class='ocrx_word' id='word_1_403' title='bbox 1520 4617 1621 4681; x_wconf 85' lang='lat' dir='ltr'>reguo</span> <span class='ocrx_word' id='word_1_404' title='bbox 1652 4606 1684 4659; x_wconf 91' lang='lat' dir='ltr'>et</span> <span class='ocrx_word' id='word_1_405' title='bbox 1712 4595 1849 4680; x_wconf 92' lang='lat' dir='ltr'>imperio</span> <span class='ocrx_word' id='word_1_406' title='bbox 1877 4595 2064 4680; x_wconf 89' lang='lat' dir='ltr'>quicunque</span> 
     </span>
     <span class='ocr_line' id='line_1_35' title="bbox 419 4699 2063 4790; baseline -0.003 -23"><span class='ocrx_word' id='word_1_407' title='bbox 419 4703 542 4768; x_wconf 85' lang='lat' dir='ltr'>audent</span> <span class='ocrx_word' id='word_1_408' title='bbox 563 4701 779 4782; x_wconf 87' lang='lat' dir='ltr'>recalcitrare,</span> <span class='ocrx_word' id='word_1_409' title='bbox 804 4701 905 4766; x_wconf 88' lang='lat' dir='ltr'>velint</span> <span class='ocrx_word' id='word_1_410' title='bbox 926 4701 1028 4766; x_wconf 90' lang='lat' dir='ltr'>nolint</span> <span class='ocrx_word' id='word_1_411' title='bbox 1056 4704 1228 4768; x_wconf 79' lang='lat' dir='ltr'>introibant</span> <span class='ocrx_word' id='word_1_412' title='bbox 1254 4705 1288 4767; x_wconf 82' lang='lat' dir='ltr'>ia</span> <span class='ocrx_word' id='word_1_413' title='bbox 1312 4705 1472 4790; x_wconf 80' lang='lat' dir='ltr'>iuferiora</span> <span class='ocrx_word' id='word_1_414' title='bbox 1495 4717 1605 4767; x_wconf 82' lang='lat' dir='ltr'>terrae.</span> <span class='ocrx_word' id='word_1_415' title='bbox 1652 4701 1760 4765; x_wconf 87' lang='lat' dir='ltr'>Etiam</span> <span class='ocrx_word' id='word_1_416' title='bbox 1783 4701 1949 4765; x_wconf 88' lang='lat' dir='ltr'>Romanae</span> <span class='ocrx_word' id='word_1_417' title='bbox 1973 4699 2063 4763; x_wconf 90' lang='lat' dir='ltr'>urbis</span> 
     </span>
     <span class='ocr_line' id='line_1_36' title="bbox 420 4807 2107 4897; baseline -0.005 -23"><span class='ocrx_word' id='word_1_418' title='bbox 420 4808 578 4897; x_wconf 90' lang='lat' dir='ltr'>quosdam</span> <span class='ocrx_word' id='word_1_419' title='bbox 601 4807 896 4895; x_wconf 90' lang='lat' dir='ltr'>pseudopontifices</span> <span class='ocrx_word' id='word_1_420' title='bbox 923 4809 968 4872; x_wconf 91' lang='lat' dir='ltr'>ita</span> <span class='ocrx_word' id='word_1_421' title='bbox 990 4807 1130 4873; x_wconf 86' lang='lat' dir='ltr'>vidimus</span> <span class='ocrx_word' id='word_1_422' title='bbox 1154 4811 1187 4874; x_wconf 91' lang='lat' dir='ltr'>in</span> <span class='ocrx_word' id='word_1_423' title='bbox 1209 4809 1364 4873; x_wconf 91' lang='lat' dir='ltr'>inferiora</span> <span class='ocrx_word' id='word_1_424' title='bbox 1386 4817 1491 4872; x_wconf 91' lang='lat' dir='ltr'>terrae</span> <span class='ocrx_word' id='word_1_425' title='bbox 1516 4807 1630 4873; x_wconf 90' lang='lat' dir='ltr'>diebus</span> <span class='ocrx_word' id='word_1_426' title='bbox 1652 4808 1770 4872; x_wconf 89' lang='lat' dir='ltr'>nostris</span> <span class='ocrx_word' id='word_1_427' title='bbox 1793 4808 2005 4886; x_wconf 89' lang='lat' dir='ltr'>introeuntes,</span> <span class='ocrx_word' id='word_1_428' title='bbox 2029 4815 2065 4870; x_wconf 94' lang='lat' dir='ltr'>ut</span> <span class='ocrx_word' id='word_1_429' title='bbox 2081 4829 2107 4866; x_wconf 77' lang='lat' dir='ltr'>ro</span> 
     </span>
     <span class='ocr_line' id='line_1_37' title="bbox 419 4913 2063 5002; baseline -0.004 -21"><span class='ocrx_word' id='word_1_430' title='bbox 419 4915 573 4982; x_wconf 86' lang='lat' dir='ltr'>videlicet</span> <span class='ocrx_word' id='word_1_431' title='bbox 595 4915 706 4980; x_wconf 90' lang='lat' dir='ltr'>traditi</span> <span class='ocrx_word' id='word_1_432' title='bbox 728 4925 862 4980; x_wconf 90' lang='lat' dir='ltr'>satanae</span> <span class='ocrx_word' id='word_1_433' title='bbox 890 4915 923 4978; x_wconf 92' lang='lat' dir='ltr'>in</span> <span class='ocrx_word' id='word_1_434' title='bbox 953 4937 1052 4979; x_wconf 91' lang='lat' dir='ltr'>manu</span> <span class='ocrx_word' id='word_1_435' title='bbox 1080 4915 1180 5002; x_wconf 91' lang='lat' dir='ltr'>gladii</span> <span class='ocrx_word' id='word_1_436' title='bbox 1204 4917 1266 4981; x_wconf 88' lang='lat' dir='ltr'>cito</span> <span class='ocrx_word' id='word_1_437' title='bbox 1290 4915 1476 4980; x_wconf 88' lang='lat' dir='ltr'>desinerent</span> <span class='ocrx_word' id='word_1_438' title='bbox 1498 4915 1685 5002; x_wconf 92' lang='lat' dir='ltr'>principari,</span> <span class='ocrx_word' id='word_1_439' title='bbox 1709 4936 1845 4999; x_wconf 92' lang='lat' dir='ltr'>quorum</span> <span class='ocrx_word' id='word_1_440' title='bbox 1867 4913 2063 4976; x_wconf 89' lang='lat' dir='ltr'>novissimus</span> 
     </span>
     <span class='ocr_line' id='line_1_38' title="bbox 420 5017 2063 5111; baseline -0.005 -23"><span class='ocrx_word' id='word_1_441' title='bbox 420 5033 452 5088; x_wconf 92' lang='lat' dir='ltr'>et</span> <span class='ocrx_word' id='word_1_442' title='bbox 481 5024 656 5111; x_wconf 92' lang='lat' dir='ltr'>precipuus</span> <span class='ocrx_word' id='word_1_443' title='bbox 686 5032 756 5086; x_wconf 91' lang='lat' dir='ltr'>erat</span> <span class='ocrx_word' id='word_1_444' title='bbox 783 5021 899 5086; x_wconf 88' lang='lat' dir='ltr'>Petrus</span> <span class='ocrx_word' id='word_1_445' title='bbox 921 5021 1042 5086; x_wconf 89' lang='lat' dir='ltr'>Leonis</span> <span class='ocrx_word' id='word_1_446' title='bbox 1069 5020 1257 5086; x_wconf 90' lang='lat' dir='ltr'>Innocentio</span> <span class='ocrx_word' id='word_1_447' title='bbox 1288 5044 1373 5108; x_wconf 89' lang='lat' dir='ltr'>pape</span> <span class='ocrx_word' id='word_1_448' title='bbox 1403 5021 1447 5085; x_wconf 92' lang='grc' dir='ltr'>Π.</span> <span class='ocrx_word' id='word_1_449' title='bbox 1478 5021 1699 5108; x_wconf 89' lang='lat' dir='ltr'>superpositus</span> <span class='ocrx_word' id='word_1_450' title='bbox 1730 5031 1762 5084; x_wconf 91' lang='lat' dir='ltr'>et</span> <span class='ocrx_word' id='word_1_451' title='bbox 1790 5021 1825 5082; x_wconf 94' lang='lat' dir='ltr'>in</span> <span class='ocrx_word' id='word_1_452' title='bbox 1853 5017 1974 5106; x_wconf 90' lang='lat' dir='ltr'>templo</span> <span class='ocrx_word' id='word_1_453' title='bbox 1998 5018 2063 5082; x_wconf 90' lang='lat' dir='ltr'>Dei</span> 
     </span>
     <span class='ocr_line' id='line_1_39' title="bbox 420 5125 2065 5216; baseline -0.004 -22"><span class='ocrx_word' id='word_1_454' title='bbox 420 5139 608 5210; x_wconf 90' lang='lat' dir='ltr'>ostentatus,</span> <span class='ocrx_word' id='word_1_455' title='bbox 639 5139 794 5216; x_wconf 88' lang='lat' dir='ltr'>tanquam</span> <span class='ocrx_word' id='word_1_456' title='bbox 824 5128 852 5191; x_wconf 94' lang='lat' dir='ltr'>si</span> <span class='ocrx_word' id='word_1_457' title='bbox 882 5137 967 5192; x_wconf 89' lang='lat' dir='ltr'>esset</span> <span class='ocrx_word' id='word_1_458' title='bbox 989 5127 1092 5208; x_wconf 89' lang='lat' dir='ltr'>Deus,</span> <span class='ocrx_word' id='word_1_459' title='bbox 1123 5138 1277 5213; x_wconf 89' lang='lat' dir='ltr'>tanquam</span> <span class='ocrx_word' id='word_1_460' title='bbox 1307 5130 1334 5192; x_wconf 88' lang='lat' dir='ltr'>si</span> <span class='ocrx_word' id='word_1_461' title='bbox 1362 5139 1449 5193; x_wconf 89' lang='lat' dir='ltr'>esset</span> <span class='ocrx_word' id='word_1_462' title='bbox 1478 5127 1630 5192; x_wconf 89' lang='lat' dir='ltr'>sacerdos</span> <span class='ocrx_word' id='word_1_463' title='bbox 1656 5125 1829 5212; x_wconf 87' lang='lat' dir='ltr'>legitimus,</span> <span class='ocrx_word' id='word_1_464' title='bbox 1854 5127 2065 5212; x_wconf 84' lang='lat' dir='ltr'>quoniamst</span> 
     </span>
     <span class='ocr_line' id='line_1_40' title="bbox 420 5231 2064 5320; baseline -0.004 -20"><span class='ocrx_word' id='word_1_465' title='bbox 420 5234 607 5300; x_wconf 89' lang='lat' dir='ltr'>sacerdotes</span> <span class='ocrx_word' id='word_1_466' title='bbox 626 5234 672 5298; x_wconf 91' lang='lat' dir='ltr'>dii</span> <span class='ocrx_word' id='word_1_467' title='bbox 688 5237 868 5298; x_wconf 82' lang='lat' dir='ltr'>vocantur³</span> <span class='ocrx_word' id='word_1_468' title='bbox 891 5243 923 5297; x_wconf 89' lang='lat' dir='ltr'>et</span> <span class='ocrx_word' id='word_1_469' title='bbox 946 5255 1067 5317; x_wconf 92' lang='lat' dir='ltr'>omnes,</span> <span class='ocrx_word' id='word_1_470' title='bbox 1092 5232 1134 5298; x_wconf 91' lang='lat' dir='ltr'>ad</span> <span class='ocrx_word' id='word_1_471' title='bbox 1150 5255 1229 5320; x_wconf 87' lang='lat' dir='ltr'>quos</span> <span class='ocrx_word' id='word_1_472' title='bbox 1253 5234 1356 5299; x_wconf 88' lang='lat' dir='ltr'>factus</span> <span class='ocrx_word' id='word_1_473' title='bbox 1380 5245 1430 5299; x_wconf 89' lang='lat' dir='ltr'>est</span> <span class='ocrx_word' id='word_1_474' title='bbox 1453 5257 1558 5299; x_wconf 86' lang='lat' dir='ltr'>sermo</span> <span class='ocrx_word' id='word_1_475' title='bbox 1574 5233 1648 5297; x_wconf 92' lang='lat' dir='ltr'>Dei.</span> <span class='ocrx_word' id='word_1_476' title='bbox 1680 5232 1803 5296; x_wconf 93' lang='lat' dir='ltr'>Verum</span> <span class='ocrx_word' id='word_1_477' title='bbox 1826 5231 2064 5319; x_wconf 87' lang='lat' dir='ltr'>pseudochristi</span> 
     </span>
    </p>
   </div>
   <div class='ocr_carea' id='block_1_6' title="bbox 527 5363 2104 5461">
    <p class='ocr_par' dir='ltr' id='par_1_15' title="bbox 527 5363 2104 5461">
     <span class='ocr_line' id='line_1_41' title="bbox 527 5363 2104 5461; baseline -0.003 -12"><span class='ocrx_word' id='word_1_478' title='bbox 527 5395 553 5461; x_wconf 85' lang='lat' dir='ltr'>a)</span> <span class='ocrx_word' id='word_1_479' title='bbox 575 5399 600 5449; x_wconf 92' lang='lat' dir='ltr'>d.</span> <span class='ocrx_word' id='word_1_480' title='bbox 616 5387 648 5449; x_wconf 84' lang='lat' dir='ltr'>et</span> <span class='ocrx_word' id='word_1_481' title='bbox 667 5415 691 5448; x_wconf 86' lang='lat' dir='ltr'>a.</span> <span class='ocrx_word' id='word_1_482' title='bbox 709 5399 804 5449; x_wconf 83' lang='lat' dir='ltr'>abbrea</span> <span class='ocrx_word' id='word_1_483' title='bbox 822 5415 843 5449; x_wconf 86' lang='lat' dir='ltr'>c.</span> <span class='ocrx_word' id='word_1_484' title='bbox 1327 5363 1329 5366; x_wconf 21' lang='grc' dir='ltr'>Ι</span> <span class='ocrx_word' id='word_1_485' title='bbox 2080 5404 2104 5444; x_wconf 77' lang='lat' dir='ltr'>a</span> 
     </span>
    </p>
   </div>
   <div class='ocr_carea' id='block_1_7' title="bbox 530 5540 2063 5620">
    <p class='ocr_par' dir='ltr' id='par_1_16' title="bbox 530 5540 2063 5620">
     <span class='ocr_line' id='line_1_42' title="bbox 530 5540 2063 5620; baseline -0.003 -20"><span class='ocrx_word' id='word_1_486' title='bbox 530 5545 559 5614; x_wconf 88' lang='lat'>1)</span> <span class='ocrx_word' id='word_1_487' title='bbox 585 5543 633 5616; x_wconf 79' lang='lat' dir='ltr'>Os.</span> <span class='ocrx_word' id='word_1_488' title='bbox 658 5541 807 5620; x_wconf 64' lang='lat' dir='ltr'>Augustini</span> <span class='ocrx_word' id='word_1_489' title='bbox 829 5542 972 5600; x_wconf 85' lang='lat' dir='ltr'>Enarrat.</span> <span class='ocrx_word' id='word_1_490' title='bbox 1004 5543 1032 5600; x_wconf 82' lang='lat' dir='ltr'>in</span> <span class='ocrx_word' id='word_1_491' title='bbox 1050 5547 1155 5620; x_wconf 84' lang='lat' dir='ltr'>psalm.</span> <span class='ocrx_word' id='word_1_492' title='bbox 1177 5545 1227 5615; x_wconf 81' lang='lat'>39,</span> <span class='ocrx_word' id='word_1_493' title='bbox 1259 5564 1281 5602; x_wconf 88' lang='lat' dir='ltr'>c.</span> <span class='ocrx_word' id='word_1_494' title='bbox 1301 5543 1330 5614; x_wconf 87' lang='lat'>9,</span> <span class='ocrx_word' id='word_1_495' title='bbox 1356 5541 1430 5618; x_wconf 84' lang='lat' dir='ltr'>Opp.</span> <span class='ocrx_word' id='word_1_496' title='bbox 1447 5543 1501 5613; x_wconf 80' lang='lat' dir='ltr'>JV,</span> <span class='ocrx_word' id='word_1_497' title='bbox 1526 5544 1576 5601; x_wconf 86' lang='lat' dir='ltr'>col.</span> <span class='ocrx_word' id='word_1_498' title='bbox 1596 5540 1674 5598; x_wconf 78' lang='lat'>440:</span> <span class='ocrx_word' id='word_1_499' title='bbox 1707 5543 1824 5599; x_wconf 90' lang='lat' dir='ltr'>Petrum</span> <span class='ocrx_word' id='word_1_500' title='bbox 1852 5549 1980 5598; x_wconf 88' lang='lat' dir='ltr'>nostrum</span> <span class='ocrx_word' id='word_1_501' title='bbox 2009 5559 2063 5597; x_wconf 92' lang='lat' dir='ltr'>nou</span> 
     </span>
    </p>
   </div>
   <div class='ocr_carea' id='block_1_8' title="bbox 421 5646 2062 5834">
    <p class='ocr_par' dir='ltr' id='par_1_17' title="bbox 421 5646 2062 5834">
     <span class='ocr_line' id='line_1_43' title="bbox 421 5646 2062 5725; baseline -0.003 -18"><span class='ocrx_word' id='word_1_502' title='bbox 421 5651 623 5720; x_wconf 87' lang='lat' dir='ltr'>funambulum,</span> <span class='ocrx_word' id='word_1_503' title='bbox 647 5651 708 5718; x_wconf 89' lang='lat' dir='ltr'>sed,</span> <span class='ocrx_word' id='word_1_504' title='bbox 733 5657 765 5705; x_wconf 92' lang='lat' dir='ltr'>ut</span> <span class='ocrx_word' id='word_1_505' title='bbox 788 5651 830 5705; x_wconf 93' lang='lat' dir='ltr'>ita</span> <span class='ocrx_word' id='word_1_506' title='bbox 852 5650 953 5717; x_wconf 89' lang='lat' dir='ltr'>dicam,</span> <span class='ocrx_word' id='word_1_507' title='bbox 977 5651 1194 5707; x_wconf 82' lang='lat' dir='ltr'>mariambulum.</span> <span class='ocrx_word' id='word_1_508' title='bbox 1293 5649 1322 5720; x_wconf 85' lang='lat'>2)</span> <span class='ocrx_word' id='word_1_509' title='bbox 1346 5650 1377 5708; x_wconf 89' lang='lat' dir='ltr'>V.</span> <span class='ocrx_word' id='word_1_510' title='bbox 1397 5649 1501 5725; x_wconf 82' lang='lat' dir='ltr'>praes.</span> <span class='ocrx_word' id='word_1_511' title='bbox 1524 5668 1614 5725; x_wconf 76' lang='lat' dir='ltr'>supra</span> <span class='ocrx_word' id='word_1_512' title='bbox 1632 5670 1665 5725; x_wconf 88' lang='lat' dir='ltr'>p.</span> <span class='ocrx_word' id='word_1_513' title='bbox 1684 5648 1758 5705; x_wconf 84' lang='lat'>412.</span> <span class='ocrx_word' id='word_1_514' title='bbox 1857 5647 1888 5718; x_wconf 87' lang='grc'>3)</span> <span class='ocrx_word' id='word_1_515' title='bbox 1914 5646 1963 5720; x_wconf 79' lang='lat' dir='ltr'>Os.</span> <span class='ocrx_word' id='word_1_516' title='bbox 1988 5647 2062 5704; x_wconf 70' lang='lat' dir='ltr'>H&#39;sst.</span> 
     </span>
     <span class='ocr_line' id='line_1_44' title="bbox 421 5753 2018 5834; baseline -0.004 -18"><span class='ocrx_word' id='word_1_517' title='bbox 421 5758 529 5834; x_wconf 69' lang='lat' dir='ltr'>tr‘ipert.</span> <span class='ocrx_word' id='word_1_518' title='bbox 555 5757 595 5828; x_wconf 87' lang='lat' dir='ltr'>II,</span> <span class='ocrx_word' id='word_1_519' title='bbox 620 5777 642 5814; x_wconf 89' lang='lat' dir='ltr'>c.</span> <span class='ocrx_word' id='word_1_520' title='bbox 662 5756 691 5826; x_wconf 83' lang='lat'>2,</span> <span class='ocrx_word' id='word_1_521' title='bbox 718 5754 880 5814; x_wconf 73' lang='lat' dir='ltr'>Cassiodori</span> <span class='ocrx_word' id='word_1_522' title='bbox 896 5753 968 5832; x_wconf 76' lang='lat' dir='ltr'>opp.</span> <span class='ocrx_word' id='word_1_523' title='bbox 994 5757 1036 5812; x_wconf 84' lang='lat' dir='ltr'>cd.</span> <span class='ocrx_word' id='word_1_524' title='bbox 1055 5753 1189 5814; x_wconf 71' lang='lat' dir='ltr'>Garates</span> <span class='ocrx_word' id='word_1_525' title='bbox 1211 5756 1235 5826; x_wconf 79' lang='grc' dir='ltr'>Ι,</span> <span class='ocrx_word' id='word_1_526' title='bbox 1261 5777 1294 5832; x_wconf 89' lang='lat' dir='ltr'>p.</span> <span class='ocrx_word' id='word_1_527' title='bbox 1313 5755 1374 5811; x_wconf 84' lang='lat'>223</span> <span class='ocrx_word' id='word_1_528' title='bbox 1383 5778 1394 5826; x_wconf 89' lang='lat'>,·</span> <span class='ocrx_word' id='word_1_529' title='bbox 1418 5755 1458 5827; x_wconf 86' lang='lat' dir='ltr'>cf.</span> <span class='ocrx_word' id='word_1_530' title='bbox 1479 5754 1586 5814; x_wconf 82' lang='lat' dir='ltr'>Boaizo</span> <span class='ocrx_word' id='word_1_531' title='bbox 1617 5757 1634 5811; x_wconf 93' lang='lat' dir='ltr'>l.</span> <span class='ocrx_word' id='word_1_532' title='bbox 1656 5754 1696 5826; x_wconf 89' lang='lat' dir='ltr'>II,</span> <span class='ocrx_word' id='word_1_533' title='bbox 1723 5754 1823 5812; x_wconf 82' lang='lat' dir='ltr'>Libelli</span> <span class='ocrx_word' id='word_1_534' title='bbox 1843 5754 1867 5826; x_wconf 90' lang='lat' dir='ltr'>I,</span> <span class='ocrx_word' id='word_1_535' title='bbox 1893 5775 1926 5831; x_wconf 87' lang='lat' dir='ltr'>p.</span> <span class='ocrx_word' id='word_1_536' title='bbox 1945 5753 2018 5812; x_wconf 75' lang='lat'>574.</span> 
     </span>
    </p>
   </div>
   <div class='ocr_carea' id='block_1_9' title="bbox 0 0 2203 6388">
    <p class='ocr_par' dir='ltr' id='par_1_18' title="bbox 0 0 2203 6388">
     <span class='ocr_line' id='line_1_45' title="bbox 0 0 2203 6388; baseline 0 0"><span class='ocrx_word' id='word_1_537' title='bbox 0 0 2203 6388; x_wconf 95' lang='lat' dir='ltr'> </span> 
     </span>
    </p>
   </div>
  </div>
 </body>
</html>
