4426 6398
672 400 905 458 TRACTATUS
929 401 1221 462 EBORACENSES.
1246 405 1280 460 V.
1735 399 1799 462 683

151 601 286 671 tantum,
310 591 558 677 quantomagis
583 588 762 676 deputandi
787 599 862 653 sunt
890 589 1063 672 homicide,
1088 592 1143 677 qui
1167 602 1200 655 at
1223 591 1408 678 corporales
1439 591 1534 656 siiuul
1561 601 1594 656 et
1617 585 1799 678 spirituales

151 697 329 783 diripiunt?
377 697 490 762 Omnis
521 705 629 760 autam
659 697 819 761 homicida
849 721 910 760 aaa
941 698 1030 762 babet
1059 701 1154 762 uitam
1186 713 1321 783 §ternant
1346 701 1394 763 *in
1417 724 1450 763 se
1477 715 1647 765 marcentem
1679 721 1717 762 ac
1742 721 1801 785 per
1819 682 1964 784 ihfilff'ffi'

151 803 211 868 hoc
236 814 286 867 est
309 813 402 867 extra
425 813 609 867 sanctorum
633 803 901 866 communionem.
942 802 1008 868 Sed
1032 803 1168 868 fortasse
1193 803 1312 868 dicturi
1336 815 1426 868 sunt:
1452 805 1533 890 ‘Hac
1557 828 1621 868 non
1645 816 1720 869 sunt
1743 807 1798 887 ita,

150 911 235 974 sicut
257 911 385 974 asseris.
419 909 505 974 Nam
521 909 608 996 quod
631 909 778 990 fecimus,
803 911 994 974 auctoritate
1018 910 1163 996 Romana
1188 910 1325 998 ecclesia
1345 911 1493 975 facimus.
1529 910 1696 976 Habemus
1714 913 1799 976 enim

118 1043 131 1082 ι
150 1016 323 1103 privilegia
345 1017 483 1081 Romani
506 1016 678 1103 pontificis,
704 1015 821 1102 quibus
846 1015 887 1080 ab
912 1019 999 1080 omni
1023 1015 1224 1081 subiectione
1241 1019 1466 1103 episcoporum
1491 1016 1631 1082 absoluti
1654 1029 1687 1082 et
1704 1017 1799 1083 liberi

151 1146 260 1188 sumus
285 1123 416 1188 affecti’.
465 1122 532 1188 Sed
555 1122 597 1186 ad
625 1123 685 1187 hoc
709 1123 953 1209 respondemus,
978 1125 1055 1210 quia
1079 1123 1200 1188 nullum
1224 1123 1429 1210 privilegium
1453 1123 1573 1188 factum
1598 1135 1711 1189 contra
1733 1125 1799 1189 Dei

151 1230 395 1312 ordinationem,
421 1240 533 1294 contra
556 1229 774 1316 apostolorum
799 1229 978 1294 doctrinam
1003 1241 1035 1294 et
1057 1241 1170 1294 contra
1192 1229 1437 1316 precedentium
1454 1242 1638 1296 sanctorum
1662 1233 1799 1296 instruc-

150 1338 280 1416 tionem,
305 1360 369 1402 non
393 1336 495 1400 solum
518 1360 584 1401 non
608 1347 656 1400 est
680 1335 865 1419 tenendum,
890 1337 947 1400 sed
971 1359 1031 1401 nec
1056 1339 1151 1400 etiam
1176 1336 1385 1420 audiendum,
1407 1339 1559 1423 quoniam
1582 1347 1615 1402 at
1634 1339 1798 1402 Romanus

150 1443 297 1529 pontifex
321 1466 385 1507 non
410 1443 451 1507 ad
476 1443 537 1507 hoc
560 1442 726 1507 ordinatus
751 1453 808 1524 est,
833 1455 868 1507 ut
891 1443 955 1508 Dei
979 1443 1174 1508 ordinationi
1191 1443 1249 1507 'vel
1273 1444 1343 1529 ipse
1371 1445 1510 1527 resistat,
1534 1444 1587 1508 vel
1618 1443 1697 1508 alios
1721 1446 1799 1509 rasi-

106 1576 133 1616 to
151 1563 236 1614 sterc
259 1550 359 1615 faciat
381 1549 435 1614 vel
458 1561 493 1614 ut
510 1561 621 1614 contra
637 1549 854 1636 apostulorum
871 1550 1051 1615 doctrinam
1075 1549 1198 1636 aliquid
1222 1561 1298 1636 agat
1322 1562 1353 1614 et
1376 1550 1643 1637 predecessorum
1668 1574 1799 1616 suorum

151 1667 270 1720 statuta
294 1656 454 1721 convellat
478 1667 510 1721 et
533 1656 679 1722 ecclesiis
704 1657 769 1720 Dei
791 1656 977 1722 malefaciat
999 1679 1120 1743 easque
1144 1655 1322 1722 exhonorat
1353 1670 1386 1722 et
1415 1657 1518 1743 glorie
1542 1670 1574 1721 at
1597 1667 1755 1742 potestate
1780 1681 1799 1721 a

151 1764 223 1828 Deo
248 1762 311 1827 sibi
335 1762 451 1828 collata
474 1763 687 1849 expolierat
709 1765 794 1828 inter
816 1776 935 1827 matres
960 1763 1116 1846 ccclesias
1140 1775 1172 1828 et
1194 1764 1277 1828 filias
1301 1775 1333 1828 at
1355 1765 1440 1828 inter
1462 1763 1609 1828 membra
1637 1775 1669 1828 et
1692 1766 1800 1851 capita

151 1871 291 1934 scismab
316 1881 348 1934 et
370 1869 562 1934 divisionem
587 1870 696 1953 faciat,
721 1893 784 1957 que
801 1870 1010 1935 desolationis
1035 1882 1201 1936 causaest
1223 1883 1256 1935 et
1272 1871 1421 1936 cadendi
1461 1872 1557 1936 Omne
1573 1876 1654 1936 enirn
1671 1897 1798 1960 repausa
1819 1900 1957 1949 nuaram.

151 1981 185 2041 in
208 2003 240 2042 se
263 1981 366 2065 ipsura
391 1978 540 2059 diuisum,
564 1976 644 2041 dicit
659 1979 789 2058 veritas,
815 1979 1006 2043 desolabitur
1029 1994 1058 2043 et
1080 1980 1190 2043 domus
1211 2004 1311 2065 supra
1334 1977 1522 2066 [donauw]
1547 1980 1643 2044 cadet.
1682 1977 1799 2042 Nonne

107 2110 133 2150 ιι
152 2095 183 2147 et
199 2085 384 2170 quicunque
400 2083 584 2148 huiusmodi
601 2083 794 2148 divisionem
811 2084 898 2165 facit,
916 2086 1060 2148 caritatis
1077 2083 1241 2148 vinculum
1261 2086 1382 2171 rumpit
1401 2095 1433 2149 et
1457 2084 1552 2149 solvit
1574 2083 1668 2148 fedus
1687 2096 1798 2173 sancte

152 2192 314 2254 societatis
339 2201 371 2254 et
392 2191 598 2255 seminarium
620 2201 713 2277 parat
737 2191 976 2256 inimicitiarum
995 2203 1027 2255 et
1048 2193 1157 2277 iniqua
1173 2191 1279 2277 iurgia
1295 2191 1528 2256 dissentionis?
1560 2191 1626 2256 Sed
1643 2191 1685 2256 ad
1701 2191 1800 2256 nichil

152 2298 265 2361 horum
284 2297 450 2362 ordinatus
467 2309 516 2361 est
532 2297 696 2361 Romanus
713 2297 870 2384 pontifex,
891 2300 968 2384 quia
986 2298 1029 2362 ad
1051 2298 1112 2362 hoc
1136 2308 1261 2362 tantum
1276 2297 1443 2362 ordinatus
1460 2310 1518 2382 ast,
1536 2309 1571 2362 ut
1586 2299 1652 2362 Dei
1670 2298 1799 2362 ordina-

151 2405 229 2468 tioni
247 2403 427 2484 famuletur,
444 2413 480 2468 ut
496 2401 616 2468 Christi
632 2404 771 2488 vestigia
787 2415 950 2490 sequatur,
967 2416 1002 2470 ut
1018 2405 1234 2492 apostolorum
1252 2405 1433 2469 doctrinam
1449 2417 1600 2487 sectetur,
1619 2415 1655 2469 ut
1673 2415 1799 2469 sancto-

151 2533 222 2573 rum
237 2521 365 2596 patrum
386 2509 474 2574 dicta
497 2520 530 2574 at
552 2519 671 2574 statuta
693 2511 912 2594 immittetur⁸,
935 2521 969 2575 ut
993 2512 1139 2576 ecclesiis
1162 2510 1349 2577 benefaciat
1371 2534 1491 2598 easque
1515 2511 1668 2575 honoratd
1685 2523 1717 2574 et
1732 2511 1798 2596 glo-

107 2645 134 2682 20
151 2618 233 2680 riam
257 2627 289 2680 et
311 2627 505 2702 potestatem
528 2639 640 2680 earum
664 2627 792 2682 tueatur
815 2627 847 2681 et
874 2619 907 2681 in
932 2621 1075 2684 caritatis
1100 2620 1253 2683 societate
1278 2621 1416 2682 retinere
1441 2629 1584 2682 conetur.

258 2723 311 2787 Ad
331 2723 402 2806 hac,
423 2725 566 2809 inquam,
584 2722 750 2788 ordinatus
767 2735 816 2788 est
832 2735 863 2788 et
882 2725 942 2789 hac
960 2724 1022 2789 sibi
1037 2725 1146 2790 licent.
1178 2724 1231 2789 Ad
1247 2724 1302 2789 illa
1318 2725 1396 2790 uero
1412 2747 1473 2789 nec
1490 2724 1656 2788 ordinatus
1673 2735 1798 2789 estnec

153 2830 214 2894 sibi
232 2852 271 2893 ca
286 2829 394 2894 licent.
431 2829 527 2909 Quod
551 2851 594 2893 ex
610 2832 801 2895 auctoritate
818 2831 1036 2896 Romanorum
1061 2831 1249 2918 pontificum
1265 2833 1426 2896 varaciter
1448 2854 1593 2896 asserere
1617 2853 1798 2919 possumus.

152 2937 243 3001 Dicit
258 2947 406 3022 nanque⁸
422 2958 509 3022 papa
522 2950 666 3001 Soaimus⁸
679 2952 800 3002 scribens
814 2947 1063 3004 Narbonensibus¹r
1081 2963 1173 3012 Contra
1185 2970 1279 3012 aratura
1287 2971 1392 3026 ,maram
1404 2961 1532 3011 mmm
1544 2961 1642 3026 aliquid
1653 2961 1692 3010 vel
1702 2968 1799 3010 mutare

152 3067 195 3098 nec
212 3049 287 3098 imina
305 3056 387 3120 sancta}
404 3047 468 3098 rada
482 3056 563 3112 potas
580 3042 721 3092 arsctoritas.
750 3044 830 3108 Apud
843 3061 887 3093 nas
900 3045 966 3094 enirn
980 3045 1128 3094 incontra-bria
1143 3045 1268 3095 radicibus
1282 3044 1354 3093 *sint
1368 3044 1512 3108 archipirita-s,
1530 3044 1571 3093 cui
1587 3043 1682 3093 &ueta
1693 3050 1799 3108 patrum

108 3149 135 3188 ss
152 3148 254 3182 mnam
271 3131 438 3181 mmenaans.
470 3129 502 3177 In
519 3127 589 3178 libro
608 3144 717 3193 quaque
736 3131 902 3194 pontificum,
917 3133 962 3195 qui
977 3131 1077 3181 dicitur
1091 3131 1210 3190 diurnus,
1229 3133 1268 3180 ita
1286 3133 1441 3181 continetur
1453 3130 1487 3180 da
1500 3130 1668 3196 professione
1683 3129 1798 3180 Romani

153 3211 316 3284 pontificis²2
335 3219 421 3269 Niclsii
438 3219 469 3269 de
488 3219 627 3280 traditione,
646 3237 721 3284 qnam
733 3241 749 3272 a
758 3222 938 3286 probatissimis
945 3222 1154 3288 predecessoribus
1168 3223 1226 3272 neeis
1244 3223 1362 3273 traditam
1374 3230 1397 3271 et
1409 3231 1530 3272 servom-m
1542 3221 1648 3287 repperi,
1661 3221 1800 3270 diminuere

153 3309 190 3358 uel
200 3317 296 3359 mutare
307 3309 476 3374 autaliquem
487 3309 618 3358 nouiwtem
629 3309 765 3370 adunttere,
776 3311 967 3377 sedsrequenter
979 3319 1008 3360 ut
1019 3329 1103 3362 eorum
1112 3312 1248 3377 discipulam
1260 3320 1284 3361 et
1294 3311 1426 3376 sequipeda
1439 3311 1494 3360 totis
1506 3311 1593 3360 nuath
1605 3325 1655 3378 ntae
1666 3309 1798 3370 carnatibus,

152 3414 198 3466 quc
217 3398 310 3448 tradita
331 3398 460 3466 [moeniae
478 3397 639 3467 waurerioOJ,
659 3398 783 3450 obsanare
801 3401 900 3465 caspios,
920 3401 1045 3451 obsanare
1062 3418 1092 3452 aa
1110 3402 1222 3451 senaari
1235 3403 1362 3467 profiteor.
1401 3400 1502 3448 Beatus
1522 3413 1630 3463 quoque
1650 3396 1798 3460 Gregorius

153 3485 333 3536 Maurensioss
345 3485 475 3549 magistro
487 3501 535 3550 pro
546 3500 630 3534 causa
638 3484 774 3536 Theodori
782 3481 803 3537 ³:
816 3491 897 3540 Graiu
909 3491 983 3539 nim-is
995 3498 1030 3539 est
1041 3499 1126 3540 watra
1139 3499 1238 3539 veterent
1253 3507 1324 3538 usum
1336 3490 1470 3539 mcerdotes
1482 3489 1528 3539 sibi
1539 3490 1671 3554 prr-iopam
1679 3488 1797 3552 arripere.

108 3593 136 3632 tt>
154 3583 223 3633 Item
241 3583 328 3632 idern:
350 3585 440 3635 Omnia
458 3601 504 3649 que
522 3601 581 3634 ratu
598 3582 755 3648 antiquitatis
773 3580 861 3630 statuit
883 3580 1028 3630 iratennrata
1046 3587 1179 3629 serventur.
1217 3577 1284 3628 Inde
1304 3578 1361 3627 Leo
1381 3570 1516 3641 quartush
1534 3576 1619 3626 iudici
1639 3568 1798 3640 SardInia⁴:

153 3675 203 3724 Nea
220 3691 270 3724 mos
287 3691 331 3723 nea
348 3675 442 3724 nauiter
453 3674 595 3723 introducta
607 3670 754 3723 camuetudo
770 3675 852 3734 nortrp
870 3668 963 3736 sorbais
980 3669 1070 3718 nostris
1083 3668 1293 3733 predecessoribus
1305 3668 1363 3734 fluit
1380 3677 1466 3719 contra
1484 3684 1608 3718 aanmsurn
1625 3673 1719 3716 statuta
1736 3682 1800 3714 nasu

152 3764 190 3813 uel
213 3763 333 3813 inusitata
353 3779 502 3828 presumere.
541 3761 610 3810 Item
630 3759 778 3823 Gregorius
803 3755 938 3804 universis
965 3756 1101 3821 episcopis
1122 3748 1282 3824 Numidie⁶z
1305 3757 1518 3817 Gonuaemdinem,
1545 3772 1591 3821 quc
1615 3763 1701 3805 wana
1720 3753 1801 3821 fidant

152 3852 230 3902 nichil
246 3869 368 3917 aucupare
386 3852 529 3913 dinoscitur,
556 3851 681 3900 inauratam
698 3847 899 3918 [perstranerei]
917 3846 1076 3906 eunomianus,
1102 3846 1151 3895 siue
1172 3847 1202 3895 dc
1217 3847 1368 3911 pnimatibus
1392 3846 1568 3896 wastituendis
1592 3845 1650 3894 vett
1670 3844 1700 3894 de
1718 3842 1801 3892 aava

152 3941 274 4006 capitulis.
313 3939 382 3989 Item
402 3939 458 3989 Leo
479 3945 590 4003 quartus
610 3928 775 3986 Lothario⁰2
800 3935 872 3998 Quod
897 3936 962 3985 irata
986 3952 1016 3985 ac
1039 3935 1126 3986 sedulo
1147 3935 1313 3986 aoruuetudol
1336 3936 1431 3985 imitari
1449 3952 1499 3984 non
1514 3934 1628 3999 precipit,
1655 3934 1691 3984 ita
1708 3933 1739 3983 ab
1757 3931 1801 3982 boc

109 4048 135 4088 ss
152 4031 228 4081 ueluti
245 4049 262 4080 a
279 4047 368 4095 rnapno
382 4029 513 4095 precipitio
531 4047 575 4078 uos
593 4028 713 4078 custodire
731 4034 832 4092 φονέει,
871 4021 1021 4072 Nicbolnus
1040 4038 1147 4088 quoque
1174 4023 1245 4073 inter
1264 4028 1356 4073 cetera
1375 4023 1414 4071 sic
1434 4023 1529 4073 scribit
1548 4013 1655 4071 Inraro'
1674 4020 1800 4071 Remensi

154 4109 396 4182 archiepiscopo⁸=
421 4117 567 4167 Rirliculuua
584 4125 619 4167 est
636 4125 660 4166 et
676 4117 736 4166 satis
753 4114 932 4165 abhominabile
950 4113 1060 4176 metecus,
1079 4122 1109 4163 ut
1127 4114 1278 4174 tradincnes,
1297 4131 1359 4178 quas
1376 4113 1515 4178 aucupatus
1532 4119 1549 4163 a
1563 4113 1679 4178 patribus
1697 4111 1801 4176 anaspi-

154 4227 215 4270 raus,
234 4208 343 4274 infrinpi
356 4207 497 4273 paciamur.
526 4203 654 4254 Gelasius
667 4218 777 4267 quoque
791 4202 926 4251 universis
941 4201 1078 4266 episcopis
1091 4217 1140 4266 par
1153 4201 1320 4254 Dardaniam
1334 4200 1367 4250 de
1381 4201 1430 4250 hac
1451 4199 1546 4249 eadem
1566 4215 1594 4249 re
1614 4201 1653 4248 ita
1672 4191 1799 4248 scribit⁸z

156 4299 222 4361 Quia
235 4313 283 4362 per
299 4297 442 4347 auditiones
460 4295 559 4346 illic-iuss
580 4312 631 4344 non
645 4294 726 4359 pudet
750 4293 869 4358 quosdam
892 4292 1046 4356 cathenarum
1071 4292 1129 4341 iura
1156 4291 1254 4341 barbare
1272 4298 1295 4340 et
1308 4291 1450 4356 priuilepia,
1476 4307 1522 4355 qne
1547 4289 1740 4354 metropolitanis
1764 4289 1802 4338 ael

150 4386 343 4453 praestantibus
355 4385 472 4450 episcopis
484 4384 588 4434 decrevit
599 4383 743 4448 antiquitas,
762 4381 838 4432 asida
851 4381 1038 4446 presumptione
1046 4380 1189 4445 peruadere,
1208 4397 1259 4430 non
1276 4380 1437 4444 respriciesues,
1456 4379 1516 4444 quis
1534 4387 1615 4448 panso
1633 4379 1711 4428 iudici
1726 4379 1800 4428 ratio-

109 4494 137 4532 so
153 4493 209 4526 nens
228 4483 278 4526 tam
296 4474 327 4524 de
344 4473 458 4540 radiatio}
475 4472 622 4522 distentatis
648 4471 750 4530 iniuria,
777 4487 851 4535 qnam
877 4469 907 4520 de
933 4470 1095 4519 traditionum
1116 4468 1263 4534 preiudiciis
1286 4477 1449 4533 paternarum
1476 4485 1526 4517 non
1548 4468 1601 4517 siae
1614 4468 1801 4532 perpetrarint

154 4563 367 4630 dampnationism
386 4561 489 4610 interitu
507 4560 639 4620 reddituri,
659 4559 708 4618 seri,
727 4560 750 4608 si
767 4559 795 4607 in
813 4559 858 4608 liae
876 4558 1036 4608 abalienatione
1049 4557 1241 4623 pamanecsint,
1263 4558 1401 4607 ’σανίἁιιειη
1420 4565 1524 4607 umnam
1541 4557 1659 4607 diminues
1677 4557 1800 4605 insinuen-

154 4655 220 4714 dam,
239 4661 268 4702 ut
285 4668 326 4702 uos
343 4667 425 4700 ona-nes
449 4650 620 4699 incommune
633 4649 730 4714 fratres
748 4664 796 4712 per
815 4647 976 4697 Darda-niatu
999 4648 1048 4696 siue
1063 4664 1110 4712 per
1128 4646 1267 4712 wratiprurm
1291 4663 1413 4712 prioraque
1427 4645 1581 4711 prostitutam
1599 4645 1731 4704 constituti,
1757 4645 1801 4708 qui

154 4761 194 4794 aas
211 4743 255 4792 sub
273 4741 466 4806 aratropolitanis
483 4740 568 4789 uestris
586 4755 633 4788 esse
654 4738 819 4787 mitantur
838 4746 862 4786 et
878 4737 909 4787 ab
927 4736 1042 4786 liudem
1060 4736 1175 4784 subruisti
1192 4735 1337 4794 decedentes,
1356 4735 1420 4784 sicat
1436 4743 1503 4785 uetus
1521 4733 1669 4784 wrmutudo
1686 4733 1799 4798 deposcit,

261 4903 288 4970 a)
309 4908 380 4957 sice.
439 4903 467 4966 b)
489 4907 575 4956 scima
593 4922 613 4955 a.
669 4902 694 4966 c)
715 4904 835 4970 supplevi.
890 4899 918 4963 d)
941 4903 1096 4968 hsupcrscr.
1152 4897 1177 4963 a)
1198 4901 1326 4967 suppleai,·
1344 4902 1378 4966 cs.
1397 4901 1480 4951 Itonia
1498 4917 1536 4965 ep.
1556 4901 1603 4950 Η.
1661 4897 1682 4962 f)
1704 4900 1799 4949 obse.

109 5016 136 5056 aa
154 4997 266 5048 onaIuo.
346 4993 375 5062 g)
396 4995 531 5045 Mauricio
549 5011 670 5059 superscr.
689 5011 752 5044 corr.
771 4993 940 5043 Maurensio.
1020 4988 1047 5052 h)
1069 4992 1165 5042 scribit
1181 4991 1307 5041 addito.
1381 4987 1400 5050 i)
1421 4989 1547 5040 additu
1620 4987 1648 5048 k)
1671 4991 1728 5039 sive
1749 4987 1799 5038 Iac.

156 5083 174 5148 Ι)
197 5103 245 5138 nos
264 5085 324 5137 add.
339 5086 389 5135 lvo.
462 5081 499 5144 m)
521 5084 695 5150 dapnationis
714 5099 734 5133 a.
806 5077 834 5142 n)
857 5082 1009 5131 miministis
1027 5097 1063 5142 e.;
1078 5080 1192 5146 pdmum
1211 5081 1219 5128 i
1238 5088 1396 5144 caputiatum.

264 5230 293 5302 1)
319 5231 412 5306 Epist.
430 5230 459 5286 5.
483 5231 525 5287 ad
547 5229 630 5305 episc.
645 5229 744 5286 Vieaa.
770 5237 796 5286 et
810 5227 938 5285 Narbon.
957 5247 1042 5303 prov.
1067 5227 1111 5284 ed.
1129 5225 1344 5284 Schoenernann
1362 5245 1396 5300 p.
1415 5225 1488 5281 285.
1524 5223 1632 5281 Abhinc
1653 5241 1739 5298 usque
1761 5222 1803 5278 ad

154 5341 242 5394 modis
265 5340 393 5395 omnibus
416 5339 556 5394 censeatis
580 5337 609 5392 in
629 5357 661 5411 p.
681 5335 753 5405 684,
778 5337 796 5391 l.
813 5337 840 5390 l.
865 5334 1008 5409 easmipta
1031 5341 1070 5390 ast
1091 5332 1187 5390 lvonis
1204 5331 1321 5390 Camot.
1345 5332 1423 5407 epist.
1448 5332 1490 5388 ad
1503 5331 1650 5406 Hupoaem
1673 5328 1799 5404 archiep.

157 5445 248 5522 Lupd.
275 5445 338 5502 LL.
364 5447 398 5501 dc
421 5445 467 5501 lite
489 5444 530 5514 ΙΙ,
549 5464 582 5520 p.
602 5443 675 5512 642,
690 5443 730 5498 30
747 5473 791 5481 —
806 5462 839 5518 p.
858 5441 931 5510 643,
947 5440 997 5497 25.
1091 5439 1121 5509 2)
1148 5439 1233 5496 Liber
1256 5439 1374 5496 (diurnus
1399 5439 1441 5495 ed.
1467 5437 1561 5494 Siclcel
1583 5457 1605 5492 c.
1624 5435 1676 5506 83,
1695 5455 1728 5511 p.
1747 5433 1798 5489 92.

109 5567 137 5607 uo
156 5551 187 5621 3)
213 5551 305 5628 Epist.
322 5551 376 5620 IX,
395 5551 446 5620 53,
472 5550 541 5606 ΕΕ.
558 5550 598 5619 II,
622 5570 652 5625 p.
667 5549 718 5605 78.
789 5547 819 5616 4)
846 5547 945 5604 Mansi
960 5547 1044 5618 XIV,
1065 5548 1116 5604 col.
1135 5545 1208 5602 887.
1283 5543 1313 5614 5)
1340 5543 1541 5620 Epictiti,
1568 5542 1634 5598 ΕΕ.
1652 5542 1676 5611 I,
1696 5561 1729 5617 p.
1747 5541 1799 5596 95.

156 5658 186 5728 6)
210 5657 278 5716 Coll.
296 5657 370 5714 Brit.
390 5657 492 5714 Leonis
508 5656 562 5713 IV.
580 5656 658 5732 eprist.
677 5656 728 5726 36,
746 5655 793 5711 ‘N.
811 5647 909 5711 Arelas
928 5655 960 5723 V,
980 5673 1012 5728 p.
1032 5651 1105 5708 390.
1176 5651 1206 5721 l)
1231 5651 1390 5728 fflnanara
1405 5650 1515 5707 scilicet.
1585 5645 1617 5722 8)
1641 5647 1733 5724 Epist.
1749 5647 1799 5717 70,

155 5786 183 5822 a.
201 5765 275 5834 867,
302 5764 401 5822 blansi
423 5764 490 5833 XV,
516 5765 566 5820 col.
585 5762 658 5819 357.
751 5759 782 5835 9)
808 5761 899 5836 Epist.
918 5760 969 5816 28.
995 5761 1036 5816 ed.
1061 5758 1140 5816 Iltiel
1161 5757 1185 5828 I,
1205 5778 1237 5834 p.
1256 5757 1330 5813 435.
1349 5757 1421 5813 436.

1535 5877 1587 5928 88*
