<?xml version="1.0" encoding="UTF-8"?>
<!DOCTYPE html PUBLIC "-//W3C//DTD XHTML 1.0 Transitional//EN"
    "http://www.w3.org/TR/xhtml1/DTD/xhtml1-transitional.dtd">
<html xmlns="http://www.w3.org/1999/xhtml" xml:lang="en" lang="en">
 <head>
  <title>
</title>
<meta http-equiv="Content-Type" content="text/html;charset=utf-8" />
  <meta name='ocr-system' content='tesseract 3.04.00' />
  <meta name='ocr-capabilities' content='ocr_page ocr_carea ocr_par ocr_line ocrx_word'/>
</head>
<body>
  <div class='ocr_page' id='page_1' title='image "./monumentagerman00unkngoog_0491.png"; bbox 0 0 4386 6390; ppageno 0'>
   <div class='ocr_carea' id='block_1_1' title="bbox 478 333 1849 394">
    <p class='ocr_par' dir='ltr' id='par_1_1' title="bbox 478 333 1849 394">
     <span class='ocr_line' id='line_1_1' title="bbox 478 333 1849 394; baseline -0.004 0"><span class='ocrx_word' id='word_1_1' title='bbox 478 333 542 394; x_wconf 92' lang='grc'><em>548</em></span> <span class='ocrx_word' id='word_1_2' title='bbox 758 337 935 394; x_wconf 79' lang='lat' dir='ltr'><em>CARMINA</em></span> <span class='ocrx_word' id='word_1_3' title='bbox 959 338 1013 392; x_wconf 83' lang='lat' dir='ltr'><em>AD</em></span> <span class='ocrx_word' id='word_1_4' title='bbox 1038 336 1205 392; x_wconf 80' lang='lat' dir='ltr'><em>SCHISMA</em></span> <span class='ocrx_word' id='word_1_5' title='bbox 1229 337 1547 392; x_wconf 76' lang='lat' dir='ltr'><em>ALEXANDRINUM</em></span> <span class='ocrx_word' id='word_1_6' title='bbox 1570 335 1849 392; x_wconf 77' lang='lat' dir='ltr'><em>PERTINENTIA.</em></span> 
     </span>
    </p>
   </div>
   <div class='ocr_carea' id='block_1_2' title="bbox 411 525 2156 1803">
    <p class='ocr_par' dir='ltr' id='par_1_2' title="bbox 470 525 2125 934">
     <span class='ocr_line' id='line_1_2' title="bbox 477 525 2091 612; baseline 0.002 -22"><span class='ocrx_word' id='word_1_7' title='bbox 477 529 573 606; x_wconf 82' lang='lat' dir='ltr'><em>novit,</em></span> <span class='ocrx_word' id='word_1_8' title='bbox 597 527 738 612; x_wconf 88' lang='lat' dir='ltr'><em>epistolis</em></span> <span class='ocrx_word' id='word_1_9' title='bbox 762 551 836 589; x_wconf 88' lang='lat' dir='ltr'><em>usus</em></span> <span class='ocrx_word' id='word_1_10' title='bbox 846 529 867 605; x_wconf 84' lang='lat'><em>¹,</em></span> <span class='ocrx_word' id='word_1_11' title='bbox 892 525 1015 590; x_wconf 89' lang='lat' dir='ltr'><em>easdem</em></span> <span class='ocrx_word' id='word_1_12' title='bbox 1040 528 1073 590; x_wconf 91' lang='lat' dir='ltr'><em>in</em></span> <span class='ocrx_word' id='word_1_13' title='bbox 1090 526 1230 589; x_wconf 87' lang='lat' dir='ltr'><em>cersihns</em></span> <span class='ocrx_word' id='word_1_14' title='bbox 1246 525 1417 588; x_wconf 75' lang='lat' dir='ltr'><em>condendis</em></span> <span class='ocrx_word' id='word_1_15' title='bbox 1440 525 1565 610; x_wconf 78' lang='lat' dir='ltr'><em>repulus</em></span> <span class='ocrx_word' id='word_1_16' title='bbox 1587 538 1708 588; x_wconf 78' lang='lat' dir='ltr'><em>secuttes</em></span> <span class='ocrx_word' id='word_1_17' title='bbox 1730 527 1794 588; x_wconf 78' lang='lat' dir='ltr'><em>sit2</em></span> <span class='ocrx_word' id='word_1_18' title='bbox 1817 547 1937 587; x_wconf 77' lang='lat' dir='ltr'><em>necnon</em></span> <span class='ocrx_word' id='word_1_19' title='bbox 1959 525 1994 588; x_wconf 90' lang='lat' dir='ltr'><em>ab</em></span> <span class='ocrx_word' id='word_1_20' title='bbox 2008 529 2091 594; x_wconf 79' lang='lat' dir='ltr'><em>sisinn</em></span> 
     </span>
     <span class='ocr_line' id='line_1_3' title="bbox 470 630 2093 720; baseline 0 -23"><span class='ocrx_word' id='word_1_21' title='bbox 470 635 622 720; x_wconf 86' lang='lat' dir='ltr'><em>part-ihus</em></span> <span class='ocrx_word' id='word_1_22' title='bbox 644 635 761 696; x_wconf 88' lang='lat' dir='ltr'><em>stetisse</em></span> <span class='ocrx_word' id='word_1_23' title='bbox 785 632 952 717; x_wconf 77' lang='lat' dir='ltr'><em>eademqne</em></span> <span class='ocrx_word' id='word_1_24' title='bbox 975 635 1106 712; x_wconf 89' lang='lat' dir='ltr'><em>ratione,</em></span> <span class='ocrx_word' id='word_1_25' title='bbox 1131 632 1259 718; x_wconf 83' lang='lat' dir='ltr'><em>dialoqo</em></span> <span class='ocrx_word' id='word_1_26' title='bbox 1282 632 1401 694; x_wconf 86' lang='lat' dir='ltr'><em>scilicet</em></span> <span class='ocrx_word' id='word_1_27' title='bbox 1426 630 1560 710; x_wconf 85' lang='lat' dir='ltr'><em>inducto,</em></span> <span class='ocrx_word' id='word_1_28' title='bbox 1585 631 1623 694; x_wconf 88' lang='lat' dir='ltr'><em>de</em></span> <span class='ocrx_word' id='word_1_29' title='bbox 1646 632 1811 694; x_wconf 72' lang='lat' dir='ltr'><em>schismate</em></span> <span class='ocrx_word' id='word_1_30' title='bbox 1836 633 1935 715; x_wconf 73' lang='lat' dir='ltr'><em>episse</em></span> <span class='ocrx_word' id='word_1_31' title='bbox 1955 631 2093 712; x_wconf 61' lang='lat' dir='ltr'><em>rideatnrss,</em></span> 
     </span>
     <span class='ocr_line' id='line_1_4' title="bbox 478 737 2125 826; baseline 0 -22"><span class='ocrx_word' id='word_1_32' title='bbox 478 755 633 804; x_wconf 88' lang='lat' dir='ltr'><em>anctore-m</em></span> <span class='ocrx_word' id='word_1_33' title='bbox 653 741 922 826; x_wconf 70' lang='lat' dir='ltr'><em>pronuntiaveris.</em></span> <span class='ocrx_word' id='word_1_34' title='bbox 969 737 1013 802; x_wconf 89' lang='lat' dir='ltr'><em>Id</em></span> <span class='ocrx_word' id='word_1_35' title='bbox 1041 739 1251 802; x_wconf 90' lang='lat' dir='ltr'><em>tantummodo</em></span> <span class='ocrx_word' id='word_1_36' title='bbox 1282 738 1366 817; x_wconf 89' lang='lat' dir='ltr'><em>inde,</em></span> <span class='ocrx_word' id='word_1_37' title='bbox 1394 737 1479 823; x_wconf 91' lang='lat' dir='ltr'><em>qnod</em></span> <span class='ocrx_word' id='word_1_38' title='bbox 1501 761 1596 801; x_wconf 88' lang='lat' dir='ltr'><em>cansa</em></span> <span class='ocrx_word' id='word_1_39' title='bbox 1621 740 1703 825; x_wconf 81' lang='lat' dir='ltr'><em>reqis</em></span> <span class='ocrx_word' id='word_1_40' title='bbox 1727 737 1930 800; x_wconf 79' lang='lat' dir='ltr'><em>Francorum</em></span> <span class='ocrx_word' id='word_1_41' title='bbox 1953 752 2047 802; x_wconf 90' lang='lat' dir='ltr'><em>contra</em></span> <span class='ocrx_word' id='word_1_42' title='bbox 2065 767 2094 805; x_wconf 90' lang='lat' dir='ltr'><em>n-</em></span> <span class='ocrx_word' id='word_1_43' title='bbox 2121 765 2125 774; x_wconf 67' lang='grc'><strong>“</strong></span> 
     </span>
     <span class='ocr_line' id='line_1_5' title="bbox 475 843 2097 934; baseline 0 -24"><span class='ocrx_word' id='word_1_44' title='bbox 475 871 543 934; x_wconf 77' lang='lat' dir='ltr'><em>qens</em></span> <span class='ocrx_word' id='word_1_45' title='bbox 560 847 747 933; x_wconf 75' lang='lat' dir='ltr'><em>duplorum,</em></span> <span class='ocrx_word' id='word_1_46' title='bbox 771 871 851 930; x_wconf 86' lang='lat' dir='ltr'><em>quae</em></span> <span class='ocrx_word' id='word_1_47' title='bbox 875 847 908 908; x_wconf 89' lang='lat' dir='ltr'><em>in</em></span> <span class='ocrx_word' id='word_1_48' title='bbox 925 845 1030 909; x_wconf 88' lang='lat' dir='ltr'><em>codice</em></span> <span class='ocrx_word' id='word_1_49' title='bbox 1045 845 1098 906; x_wconf 70' lang='lat' dir='ltr'><em>As</em></span> <span class='ocrx_word' id='word_1_50' title='bbox 1120 847 1261 930; x_wconf 87' lang='lat' dir='ltr'><em>seqnitur</em></span> <span class='ocrx_word' id='word_1_51' title='bbox 1284 844 1422 908; x_wconf 85' lang='lat' dir='ltr'><em>eiusdem</em></span> <span class='ocrx_word' id='word_1_52' title='bbox 1445 846 1583 908; x_wconf 87' lang='lat' dir='ltr'><em>auctoris</em></span> <span class='ocrx_word' id='word_1_53' title='bbox 1606 869 1670 908; x_wconf 87' lang='lat' dir='ltr'><em>esse</em></span> <span class='ocrx_word' id='word_1_54' title='bbox 1693 843 1817 908; x_wconf 86' lang='lat' dir='ltr'><em>uidetur</em></span> <span class='ocrx_word' id='word_1_55' title='bbox 1840 881 1884 888; x_wconf 94' lang='lat'><em>-</em></span> <span class='ocrx_word' id='word_1_56' title='bbox 1909 843 2018 907; x_wconf 86' lang='lat' dir='ltr'><em>eisdem</em></span> <span class='ocrx_word' id='word_1_57' title='bbox 2039 850 2097 910; x_wconf 87' lang='lat' dir='ltr'><em>enin</em></span> 
     </span>
    </p>

    <p class='ocr_par' dir='ltr' id='par_1_3' title="bbox 411 950 2121 1357">
     <span class='ocr_line' id='line_1_6' title="bbox 479 950 2121 1037; baseline 0.001 -23"><span class='ocrx_word' id='word_1_58' title='bbox 479 953 528 1016; x_wconf 85' lang='lat' dir='ltr'><em>nel</em></span> <span class='ocrx_word' id='word_1_59' title='bbox 549 953 708 1016; x_wconf 83' lang='lat' dir='ltr'><em>sinn&#39;libns</em></span> <span class='ocrx_word' id='word_1_60' title='bbox 731 952 1041 1016; x_wconf 83' lang='lat' dir='ltr'><em>adnoneiuationihus</em></span> <span class='ocrx_word' id='word_1_61' title='bbox 1064 951 1204 1014; x_wconf 75' lang='lat' dir='ltr'><em>abscindat</em></span> <span class='ocrx_word' id='word_1_62' title='bbox 1226 951 1393 1036; x_wconf 84' lang='lat' dir='ltr'><em>eademqne</em></span> <span class='ocrx_word' id='word_1_63' title='bbox 1417 950 1542 1037; x_wconf 84' lang='lat' dir='ltr'><em>dialoqi</em></span> <span class='ocrx_word' id='word_1_64' title='bbox 1549 953 1561 992; x_wconf 85' lang='lat'>⁵</span> <span class='ocrx_word' id='word_1_65' title='bbox 1572 952 1688 1037; x_wconf 89' lang='lat' dir='ltr'><em>forma</em></span> <span class='ocrx_word' id='word_1_66' title='bbox 1712 953 1885 1036; x_wconf 80' lang='lat' dir='ltr'><em>courposita</em></span> <span class='ocrx_word' id='word_1_67' title='bbox 1909 964 2013 1014; x_wconf 88' lang='lat' dir='ltr'><em>est-</em></span> <span class='ocrx_word' id='word_1_68' title='bbox 2035 977 2121 1036; x_wconf 80' lang='lat' dir='ltr'><em>qnens</em></span> 
     </span>
     <span class='ocr_line' id='line_1_7' title="bbox 411 1043 2104 1144; baseline -0.001 -21"><span class='ocrx_word' id='word_1_69' title='bbox 411 1043 412 1046; x_wconf 8' lang='grc' dir='ltr'><strong>Ἴ</strong></span> <span class='ocrx_word' id='word_1_70' title='bbox 478 1074 578 1123; x_wconf 89' lang='lat' dir='ltr'><em>tamen</em></span> <span class='ocrx_word' id='word_1_71' title='bbox 605 1058 736 1122; x_wconf 77' lang='lat' dir='ltr'><em>Gallum</em></span> <span class='ocrx_word' id='word_1_72' title='bbox 766 1061 890 1122; x_wconf 90' lang='lat' dir='ltr'><em>natione</em></span> <span class='ocrx_word' id='word_1_73' title='bbox 907 1058 1016 1144; x_wconf 89' lang='lat' dir='ltr'><em>fuisse</em></span> <span class='ocrx_word' id='word_1_74' title='bbox 1041 1072 1154 1121; x_wconf 89' lang='lat' dir='ltr'><em>constet</em></span> <span class='ocrx_word' id='word_1_75' title='bbox 1163 1063 1185 1136; x_wconf 66' lang='lat'><em>⁸,</em></span> <span class='ocrx_word' id='word_1_76' title='bbox 1216 1072 1351 1121; x_wconf 86' lang='lat' dir='ltr'><em>nastrum</em></span> <span class='ocrx_word' id='word_1_77' title='bbox 1385 1059 1416 1120; x_wconf 89' lang='lat' dir='ltr'><em>in</em></span> <span class='ocrx_word' id='word_1_78' title='bbox 1444 1057 1555 1120; x_wconf 76' lang='lat' dir='ltr'><em>Gallia</em></span> <span class='ocrx_word' id='word_1_79' title='bbox 1572 1058 1724 1142; x_wconf 78' lang='lat' dir='ltr'><em>floruisse</em></span> <span class='ocrx_word' id='word_1_80' title='bbox 1747 1057 1960 1144; x_wconf 83' lang='lat' dir='ltr'><em>colliqendum</em></span> <span class='ocrx_word' id='word_1_81' title='bbox 1984 1072 2031 1120; x_wconf 90' lang='lat' dir='ltr'><em>est.</em></span> <span class='ocrx_word' id='word_1_82' title='bbox 2072 1060 2104 1122; x_wconf 76' lang='lat' dir='ltr'><em>Ac</em></span> 
     </span>
     <span class='ocr_line' id='line_1_8' title="bbox 478 1163 2107 1250; baseline -0.001 -21"><span class='ocrx_word' id='word_1_83' title='bbox 478 1168 510 1230; x_wconf 89' lang='lat' dir='ltr'><em>si</em></span> <span class='ocrx_word' id='word_1_84' title='bbox 531 1168 586 1229; x_wconf 72' lang='lat' dir='ltr'><em>cnei</em></span> <span class='ocrx_word' id='word_1_85' title='bbox 599 1180 766 1250; x_wconf 89' lang='lat' dir='ltr'><em>poetarum</em></span> <span class='ocrx_word' id='word_1_86' title='bbox 789 1179 860 1228; x_wconf 77' lang='lat' dir='ltr'><em>tsine</em></span> <span class='ocrx_word' id='word_1_87' title='bbox 875 1165 1060 1249; x_wconf 79' lang='lat' dir='ltr'><em>florentiam</em></span> <span class='ocrx_word' id='word_1_88' title='bbox 1084 1165 1266 1250; x_wconf 87' lang='lat' dir='ltr'><em>opusculum</em></span> <span class='ocrx_word' id='word_1_89' title='bbox 1290 1165 1457 1227; x_wconf 89' lang='lat' dir='ltr'><em>attribuere</em></span> <span class='ocrx_word' id='word_1_90' title='bbox 1486 1163 1620 1243; x_wconf 76' lang='lat' dir='ltr'><em>licuerit,</em></span> <span class='ocrx_word' id='word_1_91' title='bbox 1644 1163 1786 1248; x_wconf 78' lang='lat' dir='ltr'><em>equidem</em></span> <span class='ocrx_word' id='word_1_92' title='bbox 1816 1164 1852 1226; x_wconf 91' lang='lat' dir='ltr'><em>id</em></span> <span class='ocrx_word' id='word_1_93' title='bbox 1874 1163 2029 1227; x_wconf 72' lang='lat' dir='ltr'><em>hirstthaeo</em></span> <span class='ocrx_word' id='word_1_94' title='bbox 2052 1165 2107 1228; x_wconf 75' lang='lat' dir='ltr'><em>Vn-</em></span> 
     </span>
     <span class='ocr_line' id='line_1_9' title="bbox 480 1270 1958 1357; baseline -0.001 -23"><span class='ocrx_word' id='word_1_95' title='bbox 480 1273 651 1352; x_wconf 84' lang='lat' dir='ltr'><em>docinensi,</em></span> <span class='ocrx_word' id='word_1_96' title='bbox 676 1297 764 1356; x_wconf 91' lang='lat' dir='ltr'><em>quem</em></span> <span class='ocrx_word' id='word_1_97' title='bbox 788 1272 893 1334; x_wconf 79' lang='lat' dir='ltr'><em>sirnili</em></span> <span class='ocrx_word' id='word_1_98' title='bbox 913 1295 1052 1334; x_wconf 90' lang='lat' dir='ltr'><em>sermone</em></span> <span class='ocrx_word' id='word_1_99' title='bbox 1077 1295 1164 1334; x_wconf 87' lang='lat' dir='ltr'><em>nsnm</em></span> <span class='ocrx_word' id='word_1_100' title='bbox 1181 1272 1313 1357; x_wconf 83' lang='lat' dir='ltr'><em>fnisse⁷</em></span> <span class='ocrx_word' id='word_1_101' title='bbox 1337 1295 1396 1334; x_wconf 91' lang='lat' dir='ltr'><em>non</em></span> <span class='ocrx_word' id='word_1_102' title='bbox 1421 1273 1613 1357; x_wconf 80' lang='lat' dir='ltr'><em>iqnoramus,</em></span> <span class='ocrx_word' id='word_1_103' title='bbox 1632 1272 1740 1355; x_wconf 91' lang='lat' dir='ltr'><em>potius</em></span> <span class='ocrx_word' id='word_1_104' title='bbox 1763 1270 1958 1334; x_wconf 63' lang='lat' dir='ltr'><em>addenerim.</em></span> 
     </span>
    </p>

    <p class='ocr_par' dir='ltr' id='par_1_4' title="bbox 586 1395 2117 1480">
     <span class='ocr_line' id='line_1_10' title="bbox 586 1395 2117 1480; baseline 0 -22"><span class='ocrx_word' id='word_1_105' title='bbox 586 1396 632 1458; x_wconf 90' lang='lat' dir='ltr'><em>II.</em></span> <span class='ocrx_word' id='word_1_106' title='bbox 668 1395 723 1458; x_wconf 82' lang='lat' dir='ltr'><em>En·</em></span> <span class='ocrx_word' id='word_1_107' title='bbox 745 1395 850 1459; x_wconf 88' lang='lat' dir='ltr'><em>codice</em></span> <span class='ocrx_word' id='word_1_108' title='bbox 874 1395 1039 1460; x_wconf 88' lang='lat' dir='ltr'><em>Duacensi</em></span> <span class='ocrx_word' id='word_1_109' title='bbox 1059 1397 1123 1458; x_wconf 85' lang='lat'><em>865</em></span> <span class='ocrx_word' id='word_1_110' title='bbox 1149 1397 1260 1478; x_wconf 79' lang='lat'><em>(367),</em></span> <span class='ocrx_word' id='word_1_111' title='bbox 1290 1396 1367 1458; x_wconf 89' lang='lat' dir='ltr'><em>olim</em></span> <span class='ocrx_word' id='word_1_112' title='bbox 1390 1395 1648 1479; x_wconf 71' lang='lat' dir='ltr'><em>Aqut&#39;ce&#39;nctino⁸,</em></span> <span class='ocrx_word' id='word_1_113' title='bbox 1680 1395 1760 1458; x_wconf 87' lang='lat' dir='ltr'><em>unde</em></span> <span class='ocrx_word' id='word_1_114' title='bbox 1785 1395 1988 1458; x_wconf 88' lang='lat' dir='ltr'><em>Duthilloeul</em></span> <span class='ocrx_word' id='word_1_115' title='bbox 2002 1399 2117 1480; x_wconf 87' lang='lat' dir='ltr'><em>primns</em></span> 
     </span>
    </p>

    <p class='ocr_par' dir='ltr' id='par_1_5' title="bbox 474 1501 2156 1803">
     <span class='ocr_line' id='line_1_11' title="bbox 479 1501 2156 1590; baseline -0.004 -23"><span class='ocrx_word' id='word_1_116' title='bbox 479 1531 507 1567; x_wconf 94' lang='lat' dir='ltr'><em>a.</em></span> <span class='ocrx_word' id='word_1_117' title='bbox 529 1505 623 1566; x_wconf 87' lang='grc'><strong>1848.</strong></span> <span class='ocrx_word' id='word_1_118' title='bbox 653 1503 781 1588; x_wconf 89' lang='lat' dir='ltr'><em>publici</em></span> <span class='ocrx_word' id='word_1_119' title='bbox 810 1505 890 1566; x_wconf 90' lang='lat' dir='ltr'><em>iuris</em></span> <span class='ocrx_word' id='word_1_120' title='bbox 906 1502 1024 1589; x_wconf 65' lang='lat' dir='ltr'><em>feast,</em></span> <span class='ocrx_word' id='word_1_121' title='bbox 1052 1526 1178 1564; x_wconf 87' lang='lat' dir='ltr'><em>carmen</em></span> <span class='ocrx_word' id='word_1_122' title='bbox 1201 1503 1294 1590; x_wconf 89' lang='lat' dir='ltr'><em>infra</em></span> <span class='ocrx_word' id='word_1_123' title='bbox 1317 1501 1451 1566; x_wconf 89' lang='lat' dir='ltr'><em>secundo</em></span> <span class='ocrx_word' id='word_1_124' title='bbox 1477 1502 1542 1566; x_wconf 92' lang='lat' dir='ltr'><em>loco</em></span> <span class='ocrx_word' id='word_1_125' title='bbox 1566 1501 1718 1564; x_wconf 88' lang='lat' dir='ltr'><em>edendum</em></span> <span class='ocrx_word' id='word_1_126' title='bbox 1741 1501 1922 1565; x_wconf 86' lang='lat' dir='ltr'><em>Beth-mann</em></span> <span class='ocrx_word' id='word_1_127' title='bbox 1946 1503 1973 1566; x_wconf 87' lang='lat' dir='ltr'><em>b.</em></span> <span class='ocrx_word' id='word_1_128' title='bbox 1999 1527 2038 1564; x_wconf 87' lang='lat' dir='ltr'><em>m.</em></span> <span class='ocrx_word' id='word_1_129' title='bbox 2062 1518 2123 1567; x_wconf 85' lang='lat' dir='ltr'><em>unte</em></span> <span class='ocrx_word' id='word_1_130' title='bbox 2138 1526 2156 1562; x_wconf 86' lang='lat' dir='ltr'><em>n</em></span> 
     </span>
     <span class='ocr_line' id='line_1_12' title="bbox 480 1608 2126 1695; baseline -0.001 -21"><span class='ocrx_word' id='word_1_131' title='bbox 480 1612 521 1674; x_wconf 88' lang='grc'><em>55</em></span> <span class='ocrx_word' id='word_1_132' title='bbox 542 1633 640 1674; x_wconf 87' lang='lat' dir='ltr'><em>annos</em></span> <span class='ocrx_word' id='word_1_133' title='bbox 664 1613 698 1674; x_wconf 88' lang='lat' dir='ltr'><em>in</em></span> <span class='ocrx_word' id='word_1_134' title='bbox 723 1633 810 1672; x_wconf 76' lang='lat' dir='ltr'><em>nerem</em></span> <span class='ocrx_word' id='word_1_135' title='bbox 835 1623 971 1671; x_wconf 87' lang='lat' dir='ltr'><em>nostrum</em></span> <span class='ocrx_word' id='word_1_136' title='bbox 996 1611 1163 1694; x_wconf 69' lang='lat' dir='ltr'><em>exscripsit</em></span> <span class='ocrx_word' id='word_1_137' title='bbox 1174 1611 1207 1670; x_wconf 81' lang='lat'><em>¹⁰.</em></span> <span class='ocrx_word' id='word_1_138' title='bbox 1248 1609 1339 1685; x_wconf 64' lang='lat' dir='ltr'><em>(laod</em></span> <span class='ocrx_word' id='word_1_139' title='bbox 1361 1633 1428 1672; x_wconf 91' lang='lat' dir='ltr'><em>cnm</em></span> <span class='ocrx_word' id='word_1_140' title='bbox 1446 1609 1665 1672; x_wconf 63' lang='lat' dir='ltr'><em>Alexandnnn</em></span> <span class='ocrx_word' id='word_1_141' title='bbox 1681 1608 1747 1672; x_wconf 93' lang='lat' dir='ltr'><em>III.</em></span> <span class='ocrx_word' id='word_1_142' title='bbox 1772 1609 1812 1672; x_wconf 92' lang='lat' dir='ltr'><em>ab</em></span> <span class='ocrx_word' id='word_1_143' title='bbox 1837 1611 1983 1673; x_wconf 88' lang='lat' dir='ltr'><em>omnibns</em></span> <span class='ocrx_word' id='word_1_144' title='bbox 1999 1611 2126 1695; x_wconf 89' lang='lat' dir='ltr'><em>populis</em></span> 
     </span>
     <span class='ocr_line' id='line_1_13' title="bbox 474 1715 2130 1803; baseline -0.001 -23"><span class='ocrx_word' id='word_1_145' title='bbox 474 1732 604 1803; x_wconf 86' lang='lat' dir='ltr'><em>praeter</em></span> <span class='ocrx_word' id='word_1_146' title='bbox 618 1717 793 1780; x_wconf 77' lang='lat' dir='ltr'><em>Germanos</em></span> <span class='ocrx_word' id='word_1_147' title='bbox 808 1718 947 1803; x_wconf 81' lang='lat' dir='ltr'><em>aqnitum</em></span> <span class='ocrx_word' id='word_1_148' title='bbox 965 1739 1028 1778; x_wconf 89' lang='lat' dir='ltr'><em>esse</em></span> <span class='ocrx_word' id='word_1_149' title='bbox 1044 1729 1165 1778; x_wconf 80' lang='lat' dir='ltr'><em>testetur</em></span> <span class='ocrx_word' id='word_1_150' title='bbox 1177 1719 1200 1757; x_wconf 90' lang='lat'><em>¹¹</em></span> <span class='ocrx_word' id='word_1_151' title='bbox 1219 1739 1334 1780; x_wconf 83' lang='lat' dir='ltr'><em>necnon</em></span> <span class='ocrx_word' id='word_1_152' title='bbox 1350 1715 1484 1802; x_wconf 81' lang='lat' dir='ltr'><em>spuodos</em></span> <span class='ocrx_word' id='word_1_153' title='bbox 1501 1715 1538 1779; x_wconf 91' lang='lat' dir='ltr'><em>de</em></span> <span class='ocrx_word' id='word_1_154' title='bbox 1554 1716 1717 1780; x_wconf 70' lang='lat' dir='ltr'><em>schismate</em></span> <span class='ocrx_word' id='word_1_155' title='bbox 1734 1716 1946 1801; x_wconf 66' lang='lat' dir='ltr'><em>conponenda</em></span> <span class='ocrx_word' id='word_1_156' title='bbox 1963 1717 2130 1780; x_wconf 86' lang='lat' dir='ltr'><em>celebratas</em></span> 
     </span>
    </p>
   </div>
   <div class='ocr_carea' id='block_1_3' title="bbox 470 1821 2132 1910">
    <p class='ocr_par' dir='ltr' id='par_1_6' title="bbox 470 1821 2132 1910">
     <span class='ocr_line' id='line_1_14' title="bbox 470 1821 2132 1910; baseline -0.001 -22"><span class='ocrx_word' id='word_1_157' title='bbox 470 1826 635 1910; x_wconf 72' lang='lat' dir='ltr'><em>‚respicere</em></span> <span class='ocrx_word' id='word_1_158' title='bbox 667 1822 820 1902; x_wconf 79' lang='lat' dir='ltr'><em>rideatnr,</em></span> <span class='ocrx_word' id='word_1_159' title='bbox 851 1823 941 1886; x_wconf 83' lang='lat' dir='ltr'><em>hreni</em></span> <span class='ocrx_word' id='word_1_160' title='bbox 965 1835 1036 1908; x_wconf 89' lang='lat' dir='ltr'><em>post</em></span> <span class='ocrx_word' id='word_1_161' title='bbox 1064 1822 1216 1906; x_wconf 77' lang='lat' dir='ltr'><em>synodum</em></span> <span class='ocrx_word' id='word_1_162' title='bbox 1246 1821 1453 1886; x_wconf 83' lang='lat' dir='ltr'><em>Turonensem</em></span> <span class='ocrx_word' id='word_1_163' title='bbox 1483 1849 1511 1886; x_wconf 92' lang='lat' dir='ltr'><em>a.</em></span> <span class='ocrx_word' id='word_1_164' title='bbox 1536 1823 1630 1886; x_wconf 83' lang='lat'><em>1163.</em></span> <span class='ocrx_word' id='word_1_165' title='bbox 1664 1821 1743 1886; x_wconf 86' lang='lat' dir='ltr'><em>Mai.</em></span> <span class='ocrx_word' id='word_1_166' title='bbox 1768 1824 1817 1885; x_wconf 86' lang='grc'><em>19.</em></span> <span class='ocrx_word' id='word_1_167' title='bbox 1850 1823 1992 1888; x_wconf 87' lang='lat' dir='ltr'><em>habitum</em></span> <span class='ocrx_word' id='word_1_168' title='bbox 2005 1826 2042 1902; x_wconf 81' lang='lat'><em>1²,</em></span> <span class='ocrx_word' id='word_1_169' title='bbox 2074 1848 2132 1907; x_wconf 86' lang='lat' dir='ltr'><em>qua-</em></span> 
     </span>
    </p>
   </div>
   <div class='ocr_carea' id='block_1_4' title="bbox 479 1929 2187 3188">
    <p class='ocr_par' dir='ltr' id='par_1_7' title="bbox 479 1929 2187 3188">
     <span class='ocr_line' id='line_1_15' title="bbox 480 1929 2135 2015; baseline -0.001 -22"><span class='ocrx_word' id='word_1_170' title='bbox 480 1930 663 1994; x_wconf 77' lang='lat' dir='ltr'><em>Alenander</em></span> <span class='ocrx_word' id='word_1_171' title='bbox 686 1944 714 1994; x_wconf 90' lang='lat' dir='ltr'><em>et</em></span> <span class='ocrx_word' id='word_1_172' title='bbox 739 1929 906 1993; x_wconf 78' lang='lat' dir='ltr'><em>Gallorum</em></span> <span class='ocrx_word' id='word_1_173' title='bbox 930 1944 957 1992; x_wconf 88' lang='lat' dir='ltr'><em>et</em></span> <span class='ocrx_word' id='word_1_174' title='bbox 979 1929 1154 2015; x_wconf 77' lang='lat' dir='ltr'><em>Anqlornm</em></span> <span class='ocrx_word' id='word_1_175' title='bbox 1172 1931 1338 2014; x_wconf 90' lang='lat' dir='ltr'><em>pnhlicum</em></span> <span class='ocrx_word' id='word_1_176' title='bbox 1368 1953 1527 1992; x_wconf 85' lang='lat' dir='ltr'><em>assensum</em></span> <span class='ocrx_word' id='word_1_177' title='bbox 1555 1929 1795 2014; x_wconf 63' lang='lat' dir='ltr'><em>adipisceretur,</em></span> <span class='ocrx_word' id='word_1_178' title='bbox 1825 1931 1977 1994; x_wconf 88' lang='lat' dir='ltr'><em>sedante</em></span> <span class='ocrx_word' id='word_1_179' title='bbox 2007 1944 2135 1992; x_wconf 65' lang='lat' dir='ltr'><em>snorum</em></span> 
     </span>
     <span class='ocr_line' id='line_1_16' title="bbox 490 2035 2178 2120; baseline -0.001 -20"><span class='ocrx_word' id='word_1_180' title='bbox 490 2037 623 2100; x_wconf 88' lang='lat' dir='ltr'><em>Victoris</em></span> <span class='ocrx_word' id='word_1_181' title='bbox 638 2036 698 2098; x_wconf 88' lang='lat' dir='ltr'><em>IV.</em></span> <span class='ocrx_word' id='word_1_182' title='bbox 729 2038 820 2098; x_wconf 87' lang='grc'><strong>1164.</strong></span> <span class='ocrx_word' id='word_1_183' title='bbox 838 2035 919 2120; x_wconf 76' lang='lat' dir='ltr'><em>Apr.</em></span> <span class='ocrx_word' id='word_1_184' title='bbox 939 2037 1023 2098; x_wconf 82' lang='lat'><em>20.¹³</em></span> <span class='ocrx_word' id='word_1_185' title='bbox 1039 2035 1195 2098; x_wconf 87' lang='lat' dir='ltr'><em>eonditum</em></span> <span class='ocrx_word' id='word_1_186' title='bbox 1213 2060 1277 2098; x_wconf 88' lang='lat' dir='ltr'><em>esse</em></span> <span class='ocrx_word' id='word_1_187' title='bbox 1293 2038 1443 2100; x_wconf 74' lang='lat' dir='ltr'><em>enestimo.</em></span> <span class='ocrx_word' id='word_1_188' title='bbox 1481 2035 1530 2100; x_wconf 87' lang='lat' dir='ltr'><em>De</em></span> <span class='ocrx_word' id='word_1_189' title='bbox 1553 2050 1677 2100; x_wconf 86' lang='lat' dir='ltr'><em>auctore</em></span> <span class='ocrx_word' id='word_1_190' title='bbox 1701 2036 1786 2100; x_wconf 88' lang='lat' dir='ltr'><em>nihil</em></span> <span class='ocrx_word' id='word_1_191' title='bbox 1807 2036 1961 2100; x_wconf 89' lang='lat' dir='ltr'><em>traditum</em></span> <span class='ocrx_word' id='word_1_192' title='bbox 1981 2051 2035 2100; x_wconf 88' lang='lat' dir='ltr'><em>est.</em></span> <span class='ocrx_word' id='word_1_193' title='bbox 2075 2035 2138 2100; x_wconf 85' lang='lat' dir='ltr'><em>Sed</em></span> <span class='ocrx_word' id='word_1_194' title='bbox 2154 2055 2178 2094; x_wconf 77' lang='lat'><em>1⁵</em></span> 
     </span>
     <span class='ocr_line' id='line_1_17' title="bbox 481 2141 2138 2230; baseline -0.001 -23"><span class='ocrx_word' id='word_1_195' title='bbox 481 2158 534 2222; x_wconf 87' lang='lat' dir='ltr'><em>est,</em></span> <span class='ocrx_word' id='word_1_196' title='bbox 558 2168 613 2206; x_wconf 88' lang='lat' dir='ltr'><em>cnr</em></span> <span class='ocrx_word' id='word_1_197' title='bbox 637 2168 704 2207; x_wconf 90' lang='lat' dir='ltr'><em>enm</em></span> <span class='ocrx_word' id='word_1_198' title='bbox 729 2145 787 2228; x_wconf 92' lang='lat' dir='ltr'><em>qni</em></span> <span class='ocrx_word' id='word_1_199' title='bbox 808 2167 876 2206; x_wconf 60' lang='lat' dir='ltr'><em>erum</em></span> <span class='ocrx_word' id='word_1_200' title='bbox 901 2157 963 2206; x_wconf 80' lang='lat' dir='ltr'><em>mm</em></span> <span class='ocrx_word' id='word_1_201' title='bbox 987 2145 1060 2206; x_wconf 88' lang='lat' dir='ltr'><em>acri</em></span> <span class='ocrx_word' id='word_1_202' title='bbox 1082 2144 1114 2205; x_wconf 91' lang='lat' dir='ltr'><em>in</em></span> <span class='ocrx_word' id='word_1_203' title='bbox 1136 2141 1317 2206; x_wconf 84' lang='lat' dir='ltr'><em>Teutonicos</em></span> <span class='ocrx_word' id='word_1_204' title='bbox 1343 2143 1505 2206; x_wconf 82' lang='lat' dir='ltr'><em>incohatur</em></span> <span class='ocrx_word' id='word_1_205' title='bbox 1526 2143 1609 2222; x_wconf 86' lang='lat' dir='ltr'><em>odic,</em></span> <span class='ocrx_word' id='word_1_206' title='bbox 1629 2143 1760 2207; x_wconf 82' lang='lat' dir='ltr'><em>Gallu-m</em></span> <span class='ocrx_word' id='word_1_207' title='bbox 1777 2143 1888 2230; x_wconf 83' lang='lat' dir='ltr'><em>fuisse</em></span> <span class='ocrx_word' id='word_1_208' title='bbox 1911 2157 2040 2224; x_wconf 88' lang='lat' dir='ltr'><em>constet,</em></span> <span class='ocrx_word' id='word_1_209' title='bbox 2066 2167 2138 2206; x_wconf 87' lang='lat' dir='ltr'><em>eun.-</em></span> 
     </span>
     <span class='ocr_line' id='line_1_18' title="bbox 482 2247 2138 2336; baseline -0.001 -23"><span class='ocrx_word' id='word_1_210' title='bbox 482 2250 549 2314; x_wconf 90' lang='lat' dir='ltr'><em>dem</em></span> <span class='ocrx_word' id='word_1_211' title='bbox 568 2265 695 2336; x_wconf 89' lang='lat' dir='ltr'><em>poetam</em></span> <span class='ocrx_word' id='word_1_212' title='bbox 718 2250 896 2330; x_wconf 90' lang='lat' dir='ltr'><em>habeamus,</em></span> <span class='ocrx_word' id='word_1_213' title='bbox 921 2251 980 2334; x_wconf 88' lang='lat' dir='ltr'><em>qni</em></span> <span class='ocrx_word' id='word_1_214' title='bbox 1000 2247 1115 2313; x_wconf 89' lang='lat' dir='ltr'><em>eisdem</em></span> <span class='ocrx_word' id='word_1_215' title='bbox 1140 2250 1329 2334; x_wconf 80' lang='lat' dir='ltr'><em>temporibus</em></span> <span class='ocrx_word' id='word_1_216' title='bbox 1349 2247 1495 2328; x_wconf 59' lang='lat' dir='ltr'><em>(lausum,</em></span> <span class='ocrx_word' id='word_1_217' title='bbox 1523 2274 1617 2334; x_wconf 89' lang='lat' dir='ltr'><em>quum</em></span> <span class='ocrx_word' id='word_1_218' title='bbox 1640 2249 1731 2313; x_wconf 92' lang='lat' dir='ltr'><em>modo</em></span> <span class='ocrx_word' id='word_1_219' title='bbox 1755 2249 1925 2328; x_wconf 86' lang='lat' dir='ltr'><em>edidimus,</em></span> <span class='ocrx_word' id='word_1_220' title='bbox 1951 2253 2138 2335; x_wconf 82' lang='lat' dir='ltr'><em>composuit.</em></span> 
     </span>
     <span class='ocr_line' id='line_1_19' title="bbox 481 2355 2142 2442; baseline 0.001 -24"><span class='ocrx_word' id='word_1_221' title='bbox 481 2356 602 2420; x_wconf 85' lang='lat' dir='ltr'><em>Eadem</em></span> <span class='ocrx_word' id='word_1_222' title='bbox 628 2359 709 2420; x_wconf 89' lang='lat' dir='ltr'><em>enim</em></span> <span class='ocrx_word' id='word_1_223' title='bbox 736 2359 767 2421; x_wconf 88' lang='lat' dir='ltr'><em>in</em></span> <span class='ocrx_word' id='word_1_224' title='bbox 785 2357 924 2420; x_wconf 81' lang='lat' dir='ltr'><em>versibus</em></span> <span class='ocrx_word' id='word_1_225' title='bbox 941 2355 1112 2420; x_wconf 85' lang='lat' dir='ltr'><em>condendis</em></span> <span class='ocrx_word' id='word_1_226' title='bbox 1127 2357 1248 2419; x_wconf 88' lang='lat' dir='ltr'><em>ratione</em></span> <span class='ocrx_word' id='word_1_227' title='bbox 1265 2357 1372 2435; x_wconf 77' lang='lat' dir='ltr'><em>sititur,</em></span> <span class='ocrx_word' id='word_1_228' title='bbox 1396 2356 1500 2420; x_wconf 88' lang='lat' dir='ltr'><em>eodem</em></span> <span class='ocrx_word' id='word_1_229' title='bbox 1518 2356 1620 2436; x_wconf 88' lang='lat' dir='ltr'><em>moda,</em></span> <span class='ocrx_word' id='word_1_230' title='bbox 1644 2358 1704 2420; x_wconf 89' lang='lat' dir='ltr'><em>etsi</em></span> <span class='ocrx_word' id='word_1_231' title='bbox 1726 2358 1759 2420; x_wconf 89' lang='lat' dir='ltr'><em>iu</em></span> <span class='ocrx_word' id='word_1_232' title='bbox 1782 2355 1838 2420; x_wconf 89' lang='lat' dir='ltr'><em>hoe</em></span> <span class='ocrx_word' id='word_1_233' title='bbox 1862 2358 2015 2442; x_wconf 83' lang='lat' dir='ltr'><em>opusculo</em></span> <span class='ocrx_word' id='word_1_234' title='bbox 2034 2359 2142 2420; x_wconf 85' lang='lat' dir='ltr'><em>minus</em></span> 
     </span>
     <span class='ocr_line' id='line_1_20' title="bbox 482 2463 2142 2550; baseline -0.001 -24"><span class='ocrx_word' id='word_1_235' title='bbox 482 2463 627 2550; x_wconf 84' lang='lat' dir='ltr'><em>tnrqidus</em></span> <span class='ocrx_word' id='word_1_236' title='bbox 643 2477 670 2526; x_wconf 91' lang='lat' dir='ltr'><em>et</em></span> <span class='ocrx_word' id='word_1_237' title='bbox 687 2463 814 2548; x_wconf 86' lang='lat' dir='ltr'><em>inflatus</em></span> <span class='ocrx_word' id='word_1_238' title='bbox 830 2477 882 2542; x_wconf 88' lang='lat' dir='ltr'><em>est,</em></span> <span class='ocrx_word' id='word_1_239' title='bbox 906 2463 1216 2526; x_wconf 86' lang='lat' dir='ltr'><em>adnominationibus</em></span> <span class='ocrx_word' id='word_1_240' title='bbox 1240 2476 1268 2526; x_wconf 89' lang='lat' dir='ltr'><em>et</em></span> <span class='ocrx_word' id='word_1_241' title='bbox 1289 2463 1447 2526; x_wconf 74' lang='lat' dir='ltr'><em>antithetis</em></span> <span class='ocrx_word' id='word_1_242' title='bbox 1469 2463 1578 2542; x_wconf 89' lang='lat' dir='ltr'><em>studet,</em></span> <span class='ocrx_word' id='word_1_243' title='bbox 1602 2465 1802 2547; x_wconf 88' lang='lat' dir='ltr'><em>quinetiam,</em></span> <span class='ocrx_word' id='word_1_244' title='bbox 1829 2477 1860 2526; x_wconf 91' lang='lat' dir='ltr'><em>nt</em></span> <span class='ocrx_word' id='word_1_245' title='bbox 1882 2464 1979 2550; x_wconf 89' lang='lat' dir='ltr'><em>infra</em></span> <span class='ocrx_word' id='word_1_246' title='bbox 2003 2463 2053 2527; x_wconf 89' lang='lat' dir='ltr'><em>ad</em></span> <span class='ocrx_word' id='word_1_247' title='bbox 2075 2467 2142 2527; x_wconf 89' lang='lat' dir='ltr'><em>sin-</em></span> 
     </span>
     <span class='ocr_line' id='line_1_21' title="bbox 479 2567 2187 2656; baseline 0.001 -24"><span class='ocrx_word' id='word_1_248' title='bbox 479 2571 570 2656; x_wconf 84' lang='lat' dir='ltr'><em>qulos</em></span> <span class='ocrx_word' id='word_1_249' title='bbox 600 2595 707 2633; x_wconf 84' lang='lat' dir='ltr'><em>uersus</em></span> <span class='ocrx_word' id='word_1_250' title='bbox 737 2569 897 2647; x_wconf 73' lang='lat' dir='ltr'><em>adnotavi,</em></span> <span class='ocrx_word' id='word_1_251' title='bbox 928 2569 979 2632; x_wconf 89' lang='lat' dir='ltr'><em>hic</em></span> <span class='ocrx_word' id='word_1_252' title='bbox 1011 2569 1079 2634; x_wconf 86' lang='lat' dir='ltr'><em>illic</em></span> <span class='ocrx_word' id='word_1_253' title='bbox 1108 2567 1154 2632; x_wconf 91' lang='lat' dir='ltr'><em>ad</em></span> <span class='ocrx_word' id='word_1_254' title='bbox 1176 2570 1300 2632; x_wconf 83' lang='lat' dir='ltr'><em>corbum</em></span> <span class='ocrx_word' id='word_1_255' title='bbox 1322 2569 1457 2632; x_wconf 76' lang='lat' dir='ltr'><em>Causam</em></span> <span class='ocrx_word' id='word_1_256' title='bbox 1481 2572 1600 2654; x_wconf 89' lang='lat' dir='ltr'><em>repetit,</em></span> <span class='ocrx_word' id='word_1_257' title='bbox 1625 2585 1658 2633; x_wconf 89' lang='lat' dir='ltr'><em>ut</em></span> <span class='ocrx_word' id='word_1_258' title='bbox 1679 2572 1711 2633; x_wconf 88' lang='lat' dir='ltr'><em>si</em></span> <span class='ocrx_word' id='word_1_259' title='bbox 1731 2594 1792 2634; x_wconf 89' lang='lat' dir='ltr'><em>non</em></span> <span class='ocrx_word' id='word_1_260' title='bbox 1816 2570 1948 2633; x_wconf 80' lang='lat' dir='ltr'><em>erertdem</em></span> <span class='ocrx_word' id='word_1_261' title='bbox 1974 2574 2187 2656; x_wconf 74' lang='lat' dir='ltr'><em>cuiusquam</em></span> 
     </span>
     <span class='ocr_line' id='line_1_22' title="bbox 482 2675 2144 2762; baseline 0 -22"><span class='ocrx_word' id='word_1_262' title='bbox 482 2679 635 2740; x_wconf 87' lang='lat' dir='ltr'><em>carminis</em></span> <span class='ocrx_word' id='word_1_263' title='bbox 658 2690 813 2739; x_wconf 88' lang='lat' dir='ltr'><em>auctorem</em></span> <span class='ocrx_word' id='word_1_264' title='bbox 836 2676 975 2754; x_wconf 85' lang='lat' dir='ltr'><em>haberes,</em></span> <span class='ocrx_word' id='word_1_265' title='bbox 999 2689 1132 2739; x_wconf 86' lang='lat' dir='ltr'><em>atcerte</em></span> <span class='ocrx_word' id='word_1_266' title='bbox 1156 2689 1258 2740; x_wconf 89' lang='lat' dir='ltr'><em>nostro</em></span> <span class='ocrx_word' id='word_1_267' title='bbox 1282 2675 1418 2740; x_wconf 70' lang='lat' dir='ltr'><em>Genusum</em></span> <span class='ocrx_word' id='word_1_268' title='bbox 1444 2677 1611 2740; x_wconf 80' lang='lat' dir='ltr'><em>innoteu&#39;sse</em></span> <span class='ocrx_word' id='word_1_269' title='bbox 1634 2678 1677 2740; x_wconf 91' lang='lat' dir='ltr'><em>sit</em></span> <span class='ocrx_word' id='word_1_270' title='bbox 1698 2676 1923 2740; x_wconf 82' lang='lat' dir='ltr'><em>coreiciendnm.</em></span> <span class='ocrx_word' id='word_1_271' title='bbox 1968 2675 2144 2762; x_wconf 75' lang='lat' dir='ltr'><em>Quidquid</em></span> 
     </span>
     <span class='ocr_line' id='line_1_23' title="bbox 483 2782 2142 2869; baseline 0.001 -23"><span class='ocrx_word' id='word_1_272' title='bbox 483 2807 555 2869; x_wconf 75' lang='lat' dir='ltr'><em>erpo</em></span> <span class='ocrx_word' id='word_1_273' title='bbox 579 2783 616 2846; x_wconf 92' lang='lat' dir='ltr'><em>de</em></span> <span class='ocrx_word' id='word_1_274' title='bbox 633 2782 754 2846; x_wconf 80' lang='lat' dir='ltr'><em>Causae</em></span> <span class='ocrx_word' id='word_1_275' title='bbox 773 2797 897 2846; x_wconf 88' lang='lat' dir='ltr'><em>auctore</em></span> <span class='ocrx_word' id='word_1_276' title='bbox 914 2782 995 2861; x_wconf 83' lang='lat' dir='ltr'><em>diri,</em></span> <span class='ocrx_word' id='word_1_277' title='bbox 1020 2782 1065 2846; x_wconf 89' lang='lat' dir='ltr'><em>ad</em></span> <span class='ocrx_word' id='word_1_278' title='bbox 1086 2796 1223 2845; x_wconf 78' lang='lat' dir='ltr'><em>reostrnm</em></span> <span class='ocrx_word' id='word_1_279' title='bbox 1248 2806 1368 2868; x_wconf 88' lang='lat' dir='ltr'><em>qnoque</em></span> <span class='ocrx_word' id='word_1_280' title='bbox 1380 2784 1538 2868; x_wconf 89' lang='lat' dir='ltr'><em>pertinere</em></span> <span class='ocrx_word' id='word_1_281' title='bbox 1554 2783 1670 2846; x_wconf 88' lang='lat' dir='ltr'><em>iudico.</em></span> <span class='ocrx_word' id='word_1_282' title='bbox 1707 2783 1783 2846; x_wconf 82' lang='lat' dir='ltr'><em>Crem</em></span> <span class='ocrx_word' id='word_1_283' title='bbox 1800 2807 1872 2846; x_wconf 85' lang='lat' dir='ltr'><em>cero</em></span> <span class='ocrx_word' id='word_1_284' title='bbox 1889 2807 1959 2847; x_wconf 90' lang='lat' dir='ltr'><em>eam</em></span> <span class='ocrx_word' id='word_1_285' title='bbox 1976 2783 2142 2848; x_wconf 79' lang='lat' dir='ltr'><em>Matthaeo</em></span> 
     </span>
     <span class='ocr_line' id='line_1_24' title="bbox 491 2889 2142 2975; baseline 0.002 -24"><span class='ocrx_word' id='word_1_286' title='bbox 491 2889 718 2953; x_wconf 88' lang='lat' dir='ltr'><em>Vindooinensi</em></span> <span class='ocrx_word' id='word_1_287' title='bbox 737 2889 851 2953; x_wconf 88' lang='lat' dir='ltr'><em>addici</em></span> <span class='ocrx_word' id='word_1_288' title='bbox 868 2913 960 2974; x_wconf 89' lang='lat' dir='ltr'><em>posse</em></span> <span class='ocrx_word' id='word_1_289' title='bbox 984 2889 1218 2968; x_wconf 86' lang='lat' dir='ltr'><em>ostenderimus,</em></span> <span class='ocrx_word' id='word_1_290' title='bbox 1244 2913 1303 2952; x_wconf 90' lang='lat' dir='ltr'><em>non</em></span> <span class='ocrx_word' id='word_1_291' title='bbox 1327 2892 1464 2974; x_wconf 86' lang='lat' dir='ltr'><em>ineptum</em></span> <span class='ocrx_word' id='word_1_292' title='bbox 1489 2889 1612 2953; x_wconf 88' lang='lat' dir='ltr'><em>videtur</em></span> <span class='ocrx_word' id='word_1_293' title='bbox 1628 2892 1767 2953; x_wconf 90' lang='lat' dir='ltr'><em>conicere</em></span> <span class='ocrx_word' id='word_1_294' title='bbox 1790 2891 1854 2953; x_wconf 87' lang='lat' dir='ltr'><em>tria</em></span> <span class='ocrx_word' id='word_1_295' title='bbox 1877 2891 1949 2970; x_wconf 90' lang='lat' dir='ltr'><em>illa,</em></span> <span class='ocrx_word' id='word_1_296' title='bbox 1975 2915 2060 2975; x_wconf 88' lang='lat' dir='ltr'><em>qua-e</em></span> <span class='ocrx_word' id='word_1_297' title='bbox 2085 2891 2142 2954; x_wconf 88' lang='lat' dir='ltr'><em>hoc</em></span> 
     </span>
     <span class='ocr_line' id='line_1_25' title="bbox 484 2995 2139 3082; baseline 0.001 -23"><span class='ocrx_word' id='word_1_298' title='bbox 484 2997 549 3060; x_wconf 90' lang='lat' dir='ltr'><em>luco</em></span> <span class='ocrx_word' id='word_1_299' title='bbox 566 2997 756 3082; x_wconf 78' lang='lat' dir='ltr'><em>eoulqamns,</em></span> <span class='ocrx_word' id='word_1_300' title='bbox 773 2997 917 3058; x_wconf 89' lang='lat' dir='ltr'><em>carmina</em></span> <span class='ocrx_word' id='word_1_301' title='bbox 933 2995 1089 3060; x_wconf 85' lang='lat' dir='ltr'><em>Matthaei</em></span> <span class='ocrx_word' id='word_1_302' title='bbox 1109 3021 1183 3074; x_wconf 88' lang='lat' dir='ltr'><em>esse,</em></span> <span class='ocrx_word' id='word_1_303' title='bbox 1208 2997 1324 3081; x_wconf 80' lang='lat' dir='ltr'><em>quippe</em></span> <span class='ocrx_word' id='word_1_304' title='bbox 1348 3020 1437 3080; x_wconf 92' lang='lat' dir='ltr'><em>quem</em></span> <span class='ocrx_word' id='word_1_305' title='bbox 1460 3019 1522 3058; x_wconf 78' lang='lat' dir='ltr'><em>riou</em></span> <span class='ocrx_word' id='word_1_306' title='bbox 1544 2997 1642 3060; x_wconf 90' lang='lat' dir='ltr'><em>solum</em></span> <span class='ocrx_word' id='word_1_307' title='bbox 1667 2997 1819 3075; x_wconf 89' lang='lat' dir='ltr'><em>sollertia,</em></span> <span class='ocrx_word' id='word_1_308' title='bbox 1843 2996 2009 3060; x_wconf 89' lang='lat' dir='ltr'><em>sedetiam</em></span> <span class='ocrx_word' id='word_1_309' title='bbox 2033 2998 2139 3061; x_wconf 77' lang='lat' dir='ltr'><em>metiti-</em></span> 
     </span>
     <span class='ocr_line' id='line_1_26' title="bbox 483 3102 2185 3188; baseline -0.004 -22"><span class='ocrx_word' id='word_1_310' title='bbox 483 3102 590 3166; x_wconf 87' lang='lat' dir='ltr'><em>tndine</em></span> <span class='ocrx_word' id='word_1_311' title='bbox 615 3127 756 3166; x_wconf 79' lang='lat' dir='ltr'><em>corsuum</em></span> <span class='ocrx_word' id='word_1_312' title='bbox 781 3105 889 3166; x_wconf 84' lang='lat' dir='ltr'><em>ceteris</em></span> <span class='ocrx_word' id='word_1_313' title='bbox 912 3103 1097 3186; x_wconf 77' lang='lat' dir='ltr'><em>aequalibus</em></span> <span class='ocrx_word' id='word_1_314' title='bbox 1113 3105 1313 3188; x_wconf 80' lang='lat' dir='ltr'><em>praestitisse</em></span> <span class='ocrx_word' id='word_1_315' title='bbox 1336 3117 1449 3165; x_wconf 87' lang='lat' dir='ltr'><em>constet</em></span> <span class='ocrx_word' id='word_1_316' title='bbox 1459 3106 1492 3165; x_wconf 75' lang='lat'><em>¹⁴.</em></span> <span class='ocrx_word' id='word_1_317' title='bbox 2159 3123 2185 3161; x_wconf 74' lang='lat'><em>25</em></span> 
     </span>
    </p>
   </div>
   <div class='ocr_carea' id='block_1_5' title="bbox 484 3225 2181 3847">
    <p class='ocr_par' dir='ltr' id='par_1_8' title="bbox 484 3225 2181 3847">
     <span class='ocr_line' id='line_1_27' title="bbox 590 3225 2139 3311; baseline 0.003 -23"><span class='ocrx_word' id='word_1_318' title='bbox 590 3226 655 3288; x_wconf 93' lang='lat' dir='ltr'><em>III.</em></span> <span class='ocrx_word' id='word_1_319' title='bbox 698 3225 834 3290; x_wconf 90' lang='lat' dir='ltr'><em>Tertium</em></span> <span class='ocrx_word' id='word_1_320' title='bbox 860 3251 995 3306; x_wconf 87' lang='lat' dir='ltr'><em>carmen,</em></span> <span class='ocrx_word' id='word_1_321' title='bbox 1026 3230 1080 3290; x_wconf 87' lang='lat' dir='ltr'><em>cni</em></span> <span class='ocrx_word' id='word_1_322' title='bbox 1108 3226 1147 3289; x_wconf 84' lang='lat' dir='ltr'><em>de</em></span> <span class='ocrx_word' id='word_1_323' title='bbox 1178 3225 1364 3311; x_wconf 77' lang='lat' dir='ltr'><em>apostolicis</em></span> <span class='ocrx_word' id='word_1_324' title='bbox 1396 3229 1590 3307; x_wconf 76' lang='lat' dir='ltr'><em>inscribitur,</em></span> <span class='ocrx_word' id='word_1_325' title='bbox 1614 3252 1629 3290; x_wconf 93' lang='lat' dir='ltr'><em>e</em></span> <span class='ocrx_word' id='word_1_326' title='bbox 1652 3226 1758 3291; x_wconf 88' lang='lat' dir='ltr'><em>codice</em></span> <span class='ocrx_word' id='word_1_327' title='bbox 1783 3227 1932 3292; x_wconf 89' lang='lat' dir='ltr'><em>Vaticano</em></span> <span class='ocrx_word' id='word_1_328' title='bbox 1954 3227 2139 3293; x_wconf 75' lang='lat' dir='ltr'><em>Christiane</em></span> 
     </span>
     <span class='ocr_line' id='line_1_28' title="bbox 485 3331 2138 3421; baseline 0.001 -25"><span class='ocrx_word' id='word_1_329' title='bbox 485 3337 610 3421; x_wconf 78' lang='lat' dir='ltr'><em>reqinae</em></span> <span class='ocrx_word' id='word_1_330' title='bbox 634 3335 709 3413; x_wconf 77' lang='lat'><em>344,</em></span> <span class='ocrx_word' id='word_1_331' title='bbox 739 3357 818 3396; x_wconf 90' lang='lat' dir='ltr'><em>saec.</em></span> <span class='ocrx_word' id='word_1_332' title='bbox 843 3331 939 3396; x_wconf 86' lang='lat' dir='ltr'><em>XIII</em></span> <span class='ocrx_word' id='word_1_333' title='bbox 957 3335 1041 3412; x_wconf 83' lang='lat' dir='ltr'><em>in.¹⁵,</em></span> <span class='ocrx_word' id='word_1_334' title='bbox 1071 3335 1127 3398; x_wconf 89' lang='lat' dir='ltr'><em>nbi</em></span> <span class='ocrx_word' id='word_1_335' title='bbox 1140 3335 1174 3420; x_wconf 90' lang='lat' dir='ltr'><em>f.</em></span> <span class='ocrx_word' id='word_1_336' title='bbox 1198 3335 1271 3396; x_wconf 88' lang='grc'><strong>381.</strong></span> <span class='ocrx_word' id='word_1_337' title='bbox 1294 3347 1370 3418; x_wconf 91' lang='lat' dir='ltr'><em>post</em></span> <span class='ocrx_word' id='word_1_338' title='bbox 1393 3332 1535 3397; x_wconf 82' lang='lat' dir='ltr'><em>Serlonis</em></span> <span class='ocrx_word' id='word_1_339' title='bbox 1559 3333 1700 3398; x_wconf 84' lang='lat' dir='ltr'><em>Fontani</em></span> <span class='ocrx_word' id='word_1_340' title='bbox 1717 3348 1862 3418; x_wconf 87' lang='lat' dir='ltr'><em>poe-muta</em></span> <span class='ocrx_word' id='word_1_341' title='bbox 1886 3350 1979 3414; x_wconf 73' lang='lat' dir='ltr'><em>extat,</em></span> <span class='ocrx_word' id='word_1_342' title='bbox 2007 3338 2138 3421; x_wconf 85' lang='lat' dir='ltr'><em>prim-ns</em></span> 
     </span>
     <span class='ocr_line' id='line_1_29' title="bbox 492 3439 2135 3527; baseline 0.002 -24"><span class='ocrx_word' id='word_1_343' title='bbox 492 3441 524 3503; x_wconf 86' lang='lat' dir='ltr'><em>V.</em></span> <span class='ocrx_word' id='word_1_344' title='bbox 551 3442 587 3504; x_wconf 87' lang='lat' dir='ltr'><em>cl.</em></span> <span class='ocrx_word' id='word_1_345' title='bbox 613 3440 810 3504; x_wconf 89' lang='lat' dir='ltr'><em>Wattenhach</em></span> <span class='ocrx_word' id='word_1_346' title='bbox 821 3443 857 3518; x_wconf 72' lang='lat'><em>1⁶,</em></span> <span class='ocrx_word' id='word_1_347' title='bbox 887 3439 1040 3503; x_wconf 85' lang='lat' dir='ltr'><em>secundus</em></span> <span class='ocrx_word' id='word_1_348' title='bbox 1069 3441 1261 3504; x_wconf 73' lang='lat' dir='ltr'><em>Hnotan1⁷</em></span> <span class='ocrx_word' id='word_1_349' title='bbox 1278 3441 1408 3526; x_wconf 85' lang='lat' dir='ltr'><em>publici</em></span> <span class='ocrx_word' id='word_1_350' title='bbox 1435 3443 1517 3503; x_wconf 89' lang='lat' dir='ltr'><em>iuris</em></span> <span class='ocrx_word' id='word_1_351' title='bbox 1540 3441 1697 3527; x_wconf 89' lang='lat' dir='ltr'><em>fecerunt.</em></span> <span class='ocrx_word' id='word_1_352' title='bbox 1747 3440 1795 3504; x_wconf 89' lang='lat' dir='ltr'><em>De</em></span> <span class='ocrx_word' id='word_1_353' title='bbox 1825 3455 1961 3521; x_wconf 88' lang='lat' dir='ltr'><em>auctore,</em></span> <span class='ocrx_word' id='word_1_354' title='bbox 1995 3457 2028 3506; x_wconf 83' lang='lat' dir='ltr'><em>nt</em></span> <span class='ocrx_word' id='word_1_355' title='bbox 2057 3445 2135 3506; x_wconf 85' lang='lat' dir='ltr'><em>scri-</em></span> 
     </span>
     <span class='ocr_line' id='line_1_30' title="bbox 484 3545 2135 3632; baseline 0.001 -22"><span class='ocrx_word' id='word_1_356' title='bbox 484 3549 593 3610; x_wconf 86' lang='lat' dir='ltr'><em>barum</em></span> <span class='ocrx_word' id='word_1_357' title='bbox 625 3550 658 3610; x_wconf 90' lang='lat' dir='ltr'><em>in</em></span> <span class='ocrx_word' id='word_1_358' title='bbox 689 3548 739 3610; x_wconf 90' lang='lat' dir='ltr'><em>his</em></span> <span class='ocrx_word' id='word_1_359' title='bbox 770 3547 929 3632; x_wconf 84' lang='lat' dir='ltr'><em>opusculis</em></span> <span class='ocrx_word' id='word_1_360' title='bbox 958 3547 1122 3610; x_wconf 87' lang='lat' dir='ltr'><em>tradendis</em></span> <span class='ocrx_word' id='word_1_361' title='bbox 1149 3549 1246 3610; x_wconf 88' lang='lat' dir='ltr'><em>moris</em></span> <span class='ocrx_word' id='word_1_362' title='bbox 1274 3562 1330 3626; x_wconf 89' lang='lat' dir='ltr'><em>est,</em></span> <span class='ocrx_word' id='word_1_363' title='bbox 1360 3547 1446 3610; x_wconf 90' lang='lat' dir='ltr'><em>nihil</em></span> <span class='ocrx_word' id='word_1_364' title='bbox 1471 3547 1597 3611; x_wconf 87' lang='lat' dir='ltr'><em>dicitnr.</em></span> <span class='ocrx_word' id='word_1_365' title='bbox 1646 3545 1711 3610; x_wconf 82' lang='lat' dir='ltr'><em>Sed</em></span> <span class='ocrx_word' id='word_1_366' title='bbox 1739 3571 1800 3611; x_wconf 89' lang='lat' dir='ltr'><em>non</em></span> <span class='ocrx_word' id='word_1_367' title='bbox 1831 3551 1977 3613; x_wconf 89' lang='lat' dir='ltr'><em>inmerito</em></span> <span class='ocrx_word' id='word_1_368' title='bbox 2000 3549 2135 3612; x_wconf 84' lang='lat' dir='ltr'><em>Watten-</em></span> 
     </span>
     <span class='ocr_line' id='line_1_31' title="bbox 485 3653 2181 3741; baseline -0.002 -23"><span class='ocrx_word' id='word_1_369' title='bbox 485 3655 560 3718; x_wconf 86' lang='lat' dir='ltr'><em>bach</em></span> <span class='ocrx_word' id='word_1_370' title='bbox 578 3668 712 3739; x_wconf 91' lang='lat' dir='ltr'><em>propter</em></span> <span class='ocrx_word' id='word_1_371' title='bbox 734 3653 952 3716; x_wconf 89' lang='lat' dir='ltr'><em>antithetornm</em></span> <span class='ocrx_word' id='word_1_372' title='bbox 982 3656 1104 3738; x_wconf 91' lang='lat' dir='ltr'><em>copiam</em></span> <span class='ocrx_word' id='word_1_373' title='bbox 1136 3653 1355 3740; x_wconf 81' lang='lat' dir='ltr'><em>tnrqidnmqnc</em></span> <span class='ocrx_word' id='word_1_374' title='bbox 1382 3678 1479 3741; x_wconf 73' lang='lat' dir='ltr'><em>qenins</em></span> <span class='ocrx_word' id='word_1_375' title='bbox 1510 3653 1641 3717; x_wconf 89' lang='lat' dir='ltr'><em>dicendi</em></span> <span class='ocrx_word' id='word_1_376' title='bbox 1668 3653 1705 3716; x_wconf 81' lang='lat' dir='ltr'><em>iel</em></span> <span class='ocrx_word' id='word_1_377' title='bbox 1726 3653 1883 3718; x_wconf 90' lang='lat' dir='ltr'><em>Matthaeo</em></span> <span class='ocrx_word' id='word_1_378' title='bbox 1909 3654 2138 3719; x_wconf 80' lang='lat' dir='ltr'><em>Vindocinensi</em></span> <span class='ocrx_word' id='word_1_379' title='bbox 2154 3677 2181 3714; x_wconf 80' lang='lat' dir='ltr'><em>so</em></span> 
     </span>
     <span class='ocr_line' id='line_1_32' title="bbox 484 3759 2131 3847; baseline 0 -23"><span class='ocrx_word' id='word_1_380' title='bbox 484 3760 608 3824; x_wconf 82' lang='lat' dir='ltr'><em>videtur</em></span> <span class='ocrx_word' id='word_1_381' title='bbox 631 3762 854 3824; x_wconf 59' lang='lat' dir='ltr'><em>attribuisseffl.</em></span> <span class='ocrx_word' id='word_1_382' title='bbox 907 3759 1005 3823; x_wconf 78' lang='lat' dir='ltr'><em>Cuius</em></span> <span class='ocrx_word' id='word_1_383' title='bbox 1030 3759 1067 3823; x_wconf 90' lang='lat' dir='ltr'><em>de</em></span> <span class='ocrx_word' id='word_1_384' title='bbox 1091 3762 1155 3822; x_wconf 86' lang='lat' dir='ltr'><em>cita</em></span> <span class='ocrx_word' id='word_1_385' title='bbox 1179 3774 1207 3823; x_wconf 90' lang='lat' dir='ltr'><em>et</em></span> <span class='ocrx_word' id='word_1_386' title='bbox 1228 3762 1357 3845; x_wconf 89' lang='lat' dir='ltr'><em>scriptis</em></span> <span class='ocrx_word' id='word_1_387' title='bbox 1386 3784 1453 3823; x_wconf 69' lang='lat' dir='ltr'><em>‹Jnm</em></span> <span class='ocrx_word' id='word_1_388' title='bbox 1479 3763 1543 3824; x_wconf 92' lang='lat' dir='ltr'><em>iam</em></span> <span class='ocrx_word' id='word_1_389' title='bbox 1567 3773 1637 3823; x_wconf 88' lang='lat' dir='ltr'><em>ante</em></span> <span class='ocrx_word' id='word_1_390' title='bbox 1668 3785 1715 3824; x_wconf 91' lang='lat' dir='ltr'><em>me</em></span> <span class='ocrx_word' id='word_1_391' title='bbox 1744 3763 1822 3824; x_wconf 89' lang='lat' dir='ltr'><em>satis</em></span> <span class='ocrx_word' id='word_1_392' title='bbox 1851 3786 2007 3847; x_wconf 89' lang='lat' dir='ltr'><em>superque</em></span> <span class='ocrx_word' id='word_1_393' title='bbox 2030 3777 2131 3826; x_wconf 87' lang='lat' dir='ltr'><em>actum</em></span> 
     </span>
    </p>
   </div>
   <div class='ocr_carea' id='block_1_6' title="bbox 483 3995 2179 4395">
    <p class='ocr_par' dir='ltr' id='par_1_9' title="bbox 483 3995 2179 4395">
     <span class='ocr_line' id='line_1_33' title="bbox 593 3995 2129 4074; baseline 0.001 -21"><span class='ocrx_word' id='word_1_394' title='bbox 593 3999 622 4066; x_wconf 91' lang='grc'><strong>1)</strong></span> <span class='ocrx_word' id='word_1_395' title='bbox 649 3996 703 4070; x_wconf 83' lang='lat' dir='ltr'><em>Cf:</em></span> <span class='ocrx_word' id='word_1_396' title='bbox 722 3998 806 4069; x_wconf 86' lang='lat' dir='ltr'><em>infra</em></span> <span class='ocrx_word' id='word_1_397' title='bbox 823 4018 856 4072; x_wconf 89' lang='lat' dir='ltr'><em>p.</em></span> <span class='ocrx_word' id='word_1_398' title='bbox 876 3997 948 4067; x_wconf 82' lang='lat'><em>548,</em></span> <span class='ocrx_word' id='word_1_399' title='bbox 974 4018 1001 4053; x_wconf 91' lang='lat' dir='ltr'><em>n.</em></span> <span class='ocrx_word' id='word_1_400' title='bbox 1020 3998 1049 4052; x_wconf 85' lang='lat'><em>4.</em></span> <span class='ocrx_word' id='word_1_401' title='bbox 1131 3997 1161 4067; x_wconf 95' lang='grc'><strong>2)</strong></span> <span class='ocrx_word' id='word_1_402' title='bbox 1188 3995 1236 4069; x_wconf 81' lang='lat' dir='ltr'><em>Cf.</em></span> <span class='ocrx_word' id='word_1_403' title='bbox 1256 3999 1364 4071; x_wconf 73' lang='lat' dir='ltr'><em>Meyer,</em></span> <span class='ocrx_word' id='word_1_404' title='bbox 1382 3998 1548 4056; x_wconf 76' lang='lat' dir='ltr'><em>‘Radenins</em></span> <span class='ocrx_word' id='word_1_405' title='bbox 1565 3997 1687 4057; x_wconf 79' lang='lat' dir='ltr'><em>Gedicht</em></span> <span class='ocrx_word' id='word_1_406' title='bbox 1708 3999 1774 4054; x_wconf 83' lang='lat' dir='ltr'><em>ilber</em></span> <span class='ocrx_word' id='word_1_407' title='bbox 1794 3999 1984 4074; x_wconf 78' lang='lat' dir='ltr'><em>Thmphilus&#39;,</em></span> <span class='ocrx_word' id='word_1_408' title='bbox 2003 4001 2129 4057; x_wconf 66' lang='lat' dir='ltr'><em>‘Menon</em></span> 
     </span>
     <span class='ocr_line' id='line_1_34' title="bbox 485 4099 2129 4181; baseline 0.001 -20"><span class='ocrx_word' id='word_1_409' title='bbox 485 4105 637 4162; x_wconf 60' lang='lat' dir='ltr'><em>Sita-Ber.</em></span> <span class='ocrx_word' id='word_1_410' title='bbox 657 4104 843 4180; x_wconf 79' lang='lat' dir='ltr'><em>philos-hist.</em></span> <span class='ocrx_word' id='word_1_411' title='bbox 870 4104 933 4160; x_wconf 77' lang='lat' dir='ltr'><em>Kl!</em></span> <span class='ocrx_word' id='word_1_412' title='bbox 958 4099 1076 4178; x_wconf 85' lang='grc'><strong>(1873)</strong></span> <span class='ocrx_word' id='word_1_413' title='bbox 1096 4125 1128 4178; x_wconf 88' lang='lat' dir='ltr'><em>p.</em></span> <span class='ocrx_word' id='word_1_414' title='bbox 1147 4104 1293 4160; x_wconf 87' lang='grc'><strong>65-70,</strong></span> <span class='ocrx_word' id='word_1_415' title='bbox 1393 4101 1424 4178; x_wconf 86' lang='grc'><strong>3)</strong></span> <span class='ocrx_word' id='word_1_416' title='bbox 1450 4103 1497 4176; x_wconf 80' lang='lat' dir='ltr'><em>Cf.</em></span> <span class='ocrx_word' id='word_1_417' title='bbox 1521 4125 1611 4180; x_wconf 80' lang='lat' dir='ltr'><em>srqrra</em></span> <span class='ocrx_word' id='word_1_418' title='bbox 1630 4125 1662 4181; x_wconf 89' lang='lat' dir='ltr'><em>p.</em></span> <span class='ocrx_word' id='word_1_419' title='bbox 1682 4104 1754 4161; x_wconf 89' lang='grc'><strong>527.</strong></span> <span class='ocrx_word' id='word_1_420' title='bbox 1848 4105 1878 4175; x_wconf 88' lang='grc'><em>4)</em></span> <span class='ocrx_word' id='word_1_421' title='bbox 1906 4104 1955 4177; x_wconf 73' lang='lat' dir='ltr'><em>C&#39;f.</em></span> <span class='ocrx_word' id='word_1_422' title='bbox 1981 4107 2129 4176; x_wconf 85' lang='lat' dir='ltr'><em>Hanre&#39;an,</em></span> 
     </span>
     <span class='ocr_line' id='line_1_35' title="bbox 484 4209 2132 4290; baseline 0.002 -23"><span class='ocrx_word' id='word_1_423' title='bbox 484 4210 566 4267; x_wconf 83' lang='lat' dir='ltr'><em>‘Bibl</em></span> <span class='ocrx_word' id='word_1_424' title='bbox 592 4211 626 4267; x_wconf 85' lang='lat' dir='ltr'><em>de</em></span> <span class='ocrx_word' id='word_1_425' title='bbox 649 4210 756 4266; x_wconf 79' lang='lat' dir='ltr'><em>l’lcolc</em></span> <span class='ocrx_word' id='word_1_426' title='bbox 779 4212 827 4266; x_wconf 87' lang='lat' dir='ltr'><em>des</em></span> <span class='ocrx_word' id='word_1_427' title='bbox 851 4211 975 4266; x_wconf 82' lang='lat' dir='ltr'><em>ch-artes’</em></span> <span class='ocrx_word' id='word_1_428' title='bbox 1001 4210 1112 4278; x_wconf 86' lang='lat' dir='ltr'><em>XLIV,</em></span> <span class='ocrx_word' id='word_1_429' title='bbox 1131 4231 1164 4285; x_wconf 89' lang='lat' dir='ltr'><em>p.</em></span> <span class='ocrx_word' id='word_1_430' title='bbox 1180 4211 1297 4266; x_wconf 83' lang='grc'><strong>7-11,</strong></span> <span class='ocrx_word' id='word_1_431' title='bbox 1398 4209 1427 4280; x_wconf 90' lang='grc'><strong>5)</strong></span> <span class='ocrx_word' id='word_1_432' title='bbox 1454 4209 1561 4268; x_wconf 90' lang='lat' dir='ltr'><em>Orator</em></span> <span class='ocrx_word' id='word_1_433' title='bbox 1583 4211 1658 4288; x_wconf 84' lang='lat' dir='ltr'><em>rcqis</em></span> <span class='ocrx_word' id='word_1_434' title='bbox 1683 4212 1863 4269; x_wconf 80' lang='lat' dir='ltr'><em>Francomem</em></span> <span class='ocrx_word' id='word_1_435' title='bbox 1887 4222 1913 4269; x_wconf 86' lang='lat' dir='ltr'><em>et</em></span> <span class='ocrx_word' id='word_1_436' title='bbox 1935 4223 2034 4270; x_wconf 89' lang='lat' dir='ltr'><em>orator</em></span> <span class='ocrx_word' id='word_1_437' title='bbox 2058 4213 2132 4290; x_wconf 76' lang='lat' dir='ltr'><em>repis</em></span> 
     </span>
     <span class='ocr_line' id='line_1_36' title="bbox 483 4316 2179 4395; baseline 0 -23"><span class='ocrx_word' id='word_1_438' title='bbox 483 4317 636 4394; x_wconf 79' lang='lat' dir='ltr'><em>Anqlornm</em></span> <span class='ocrx_word' id='word_1_439' title='bbox 662 4337 756 4373; x_wconf 90' lang='lat' dir='ltr'><em>coram</em></span> <span class='ocrx_word' id='word_1_440' title='bbox 781 4316 923 4386; x_wconf 84' lang='lat' dir='ltr'><em>iudicibus,</em></span> <span class='ocrx_word' id='word_1_441' title='bbox 947 4316 995 4392; x_wconf 87' lang='lat' dir='ltr'><em>qui</em></span> <span class='ocrx_word' id='word_1_442' title='bbox 1011 4325 1114 4391; x_wconf 88' lang='lat' dir='ltr'><em>postea</em></span> <span class='ocrx_word' id='word_1_443' title='bbox 1136 4317 1299 4373; x_wconf 87' lang='lat' dir='ltr'><em>sententiam</em></span> <span class='ocrx_word' id='word_1_444' title='bbox 1318 4317 1431 4388; x_wconf 88' lang='lat' dir='ltr'><em>serunt,</em></span> <span class='ocrx_word' id='word_1_445' title='bbox 1457 4318 1530 4374; x_wconf 78' lang='lat' dir='ltr'><em>inter</em></span> <span class='ocrx_word' id='word_1_446' title='bbox 1552 4339 1581 4374; x_wconf 89' lang='lat' dir='ltr'><em>se</em></span> <span class='ocrx_word' id='word_1_447' title='bbox 1605 4319 1757 4393; x_wconf 82' lang='lat' dir='ltr'><em>disputant.</em></span> <span class='ocrx_word' id='word_1_448' title='bbox 1828 4317 1858 4389; x_wconf 88' lang='grc'><em>6)</em></span> <span class='ocrx_word' id='word_1_449' title='bbox 1878 4317 1927 4391; x_wconf 81' lang='lat' dir='ltr'><em>Cf.</em></span> <span class='ocrx_word' id='word_1_450' title='bbox 1952 4322 1970 4376; x_wconf 92' lang='lat' dir='ltr'><em>l.</em></span> <span class='ocrx_word' id='word_1_451' title='bbox 1988 4321 2005 4376; x_wconf 88' lang='lat' dir='ltr'><em>l.</em></span> <span class='ocrx_word' id='word_1_452' title='bbox 2026 4341 2058 4395; x_wconf 88' lang='lat' dir='ltr'><em>p.</em></span> <span class='ocrx_word' id='word_1_453' title='bbox 2076 4321 2127 4374; x_wconf 88' lang='lat' dir='ltr'><em>ll:</em></span> <span class='ocrx_word' id='word_1_454' title='bbox 2151 4335 2179 4372; x_wconf 75' lang='lat' dir='ltr'><em>ns</em></span> 
     </span>
    </p>
   </div>
   <div class='ocr_carea' id='block_1_7' title="bbox 482 4425 1654 4587">
    <p class='ocr_par' dir='ltr' id='par_1_10' title="bbox 482 4425 1654 4587">
     <span class='ocr_line' id='line_1_37' title="bbox 482 4425 785 4496; baseline 0 -18"><span class='ocrx_word' id='word_1_455' title='bbox 482 4425 593 4480; x_wconf 83' lang='lat' dir='ltr'><em>Iudices</em></span> <span class='ocrx_word' id='word_1_456' title='bbox 616 4426 785 4496; x_wconf 82' lang='lat' dir='ltr'><em>loquuntur:</em></span> 
     </span>
     <span class='ocr_line' id='line_1_38' title="bbox 855 4512 1654 4587; baseline 0.001 -20"><span class='ocrx_word' id='word_1_457' title='bbox 855 4512 973 4584; x_wconf 78' lang='lat' dir='ltr'><em>Singula</em></span> <span class='ocrx_word' id='word_1_458' title='bbox 995 4514 1140 4568; x_wconf 80' lang='lat' dir='ltr'><em>rimamur:</em></span> <span class='ocrx_word' id='word_1_459' title='bbox 1167 4521 1198 4567; x_wconf 89' lang='lat' dir='ltr'><em>tu</em></span> <span class='ocrx_word' id='word_1_460' title='bbox 1223 4518 1323 4584; x_wconf 82' lang='lat' dir='ltr'><em>plenus</em></span> <span class='ocrx_word' id='word_1_461' title='bbox 1348 4533 1388 4580; x_wconf 84' lang='lat' dir='ltr'><em>es,</em></span> <span class='ocrx_word' id='word_1_462' title='bbox 1414 4513 1544 4587; x_wconf 77' lang='lat' dir='ltr'><em>Anglicc,</em></span> <span class='ocrx_word' id='word_1_463' title='bbox 1569 4515 1654 4569; x_wconf 83' lang='lat' dir='ltr'><em>rimis.</em></span> 
     </span>
    </p>
   </div>
   <div class='ocr_carea' id='block_1_8' title="bbox 475 4619 2177 5762">
    <p class='ocr_par' dir='ltr' id='par_1_11' title="bbox 856 4619 1679 4798">
     <span class='ocr_line' id='line_1_39' title="bbox 908 4619 1581 4692; baseline 0.003 -20"><span class='ocrx_word' id='word_1_464' title='bbox 908 4620 1034 4692; x_wconf 79' lang='lat' dir='ltr'><em>Integra,</em></span> <span class='ocrx_word' id='word_1_465' title='bbox 1059 4619 1153 4686; x_wconf 79' lang='lat' dir='ltr'><em>Galle,</em></span> <span class='ocrx_word' id='word_1_466' title='bbox 1179 4627 1226 4674; x_wconf 88' lang='lat' dir='ltr'><em>tuo</em></span> <span class='ocrx_word' id='word_1_467' title='bbox 1251 4629 1351 4675; x_wconf 79' lang='lat' dir='ltr'><em>vernat</em></span> <span class='ocrx_word' id='word_1_468' title='bbox 1374 4623 1404 4675; x_wconf 89' lang='lat' dir='ltr'><em>in</em></span> <span class='ocrx_word' id='word_1_469' title='bbox 1427 4641 1475 4677; x_wconf 83' lang='lat' dir='ltr'><em>ore</em></span> <span class='ocrx_word' id='word_1_470' title='bbox 1499 4621 1581 4677; x_wconf 72' lang='lat' dir='ltr'><em>fides</em></span> 
     </span>
     <span class='ocr_line' id='line_1_40' title="bbox 856 4727 1679 4798; baseline 0.004 -18"><span class='ocrx_word' id='word_1_471' title='bbox 856 4727 1013 4797; x_wconf 80' lang='lat' dir='ltr'><em>Numquam</em></span> <span class='ocrx_word' id='word_1_472' title='bbox 1036 4735 1115 4782; x_wconf 84' lang='lat' dir='ltr'><em>recta</em></span> <span class='ocrx_word' id='word_1_473' title='bbox 1138 4727 1202 4794; x_wconf 84' lang='lat' dir='ltr'><em>fuit,</em></span> <span class='ocrx_word' id='word_1_474' title='bbox 1226 4745 1369 4798; x_wconf 82' lang='lat' dir='ltr'><em>nunquam</em></span> <span class='ocrx_word' id='word_1_475' title='bbox 1393 4729 1495 4782; x_wconf 84' lang='lat' dir='ltr'><em>meruit</em></span> <span class='ocrx_word' id='word_1_476' title='bbox 1518 4730 1571 4783; x_wconf 87' lang='lat' dir='ltr'><em>sibi</em></span> <span class='ocrx_word' id='word_1_477' title='bbox 1595 4747 1679 4784; x_wconf 79' lang='lat' dir='ltr'><em>causa</em></span> 
     </span>
    </p>

    <p class='ocr_par' dir='ltr' id='par_1_12' title="bbox 475 4832 2177 5762">
     <span class='ocr_line' id='line_1_41' title="bbox 907 4832 2177 4905; baseline -0.001 -18"><span class='ocrx_word' id='word_1_478' title='bbox 907 4832 1028 4905; x_wconf 80' lang='lat' dir='ltr'><em>Anglicn</em></span> <span class='ocrx_word' id='word_1_479' title='bbox 1050 4835 1096 4888; x_wconf 83' lang='lat' dir='ltr'><em>vel</em></span> <span class='ocrx_word' id='word_1_480' title='bbox 1119 4835 1213 4905; x_wconf 86' lang='lat' dir='ltr'><em>potius</em></span> <span class='ocrx_word' id='word_1_481' title='bbox 1238 4834 1359 4905; x_wconf 86' lang='lat' dir='ltr'><em>Anglica</em></span> <span class='ocrx_word' id='word_1_482' title='bbox 1382 4835 1472 4888; x_wconf 82' lang='lat' dir='ltr'><em>csuds</em></span> <span class='ocrx_word' id='word_1_483' title='bbox 1494 4834 1590 4890; x_wconf 83' lang='lat' dir='ltr'><em>fidem.</em></span> <span class='ocrx_word' id='word_1_484' title='bbox 1747 4897 1749 4900; x_wconf 83' lang='lat'><em>.</em></span> <span class='ocrx_word' id='word_1_485' title='bbox 2148 4851 2177 4887; x_wconf 82' lang='lat' dir='ltr'><em>so</em></span> 
     </span>
     <span class='ocr_line' id='line_1_42' title="bbox 484 4936 2128 5016; baseline 0.002 -22"><span class='ocrx_word' id='word_1_486' title='bbox 484 4937 514 5008; x_wconf 94' lang='grc'><strong>7)</strong></span> <span class='ocrx_word' id='word_1_487' title='bbox 533 4937 581 5010; x_wconf 84' lang='lat' dir='ltr'><em>Cf.</em></span> <span class='ocrx_word' id='word_1_488' title='bbox 601 4939 657 4996; x_wconf 87' lang='lat' dir='ltr'><em>eins</em></span> <span class='ocrx_word' id='word_1_489' title='bbox 674 4938 804 5014; x_wconf 84' lang='lat' dir='ltr'><em>epistolas</em></span> <span class='ocrx_word' id='word_1_490' title='bbox 824 4959 843 4994; x_wconf 88' lang='lat' dir='ltr'><em>a</em></span> <span class='ocrx_word' id='word_1_491' title='bbox 862 4939 1053 5008; x_wconf 75' lang='lat' dir='ltr'><em>th&#39;attenbach,</em></span> <span class='ocrx_word' id='word_1_492' title='bbox 1071 4939 1199 4995; x_wconf 82' lang='lat' dir='ltr'><em>‘Miinch</em></span> <span class='ocrx_word' id='word_1_493' title='bbox 1219 4939 1372 4996; x_wconf 58' lang='lat' dir='ltr'><em>Sita-Ber.</em></span> <span class='ocrx_word' id='word_1_494' title='bbox 1393 4939 1547 5015; x_wconf 80' lang='lat' dir='ltr'><em>phil-hist.</em></span> <span class='ocrx_word' id='word_1_495' title='bbox 1568 4941 1631 4996; x_wconf 71' lang='grc' dir='ltr'><em>ΚΝ</em></span> <span class='ocrx_word' id='word_1_496' title='bbox 1648 4936 1766 5016; x_wconf 94' lang='grc'><strong>(1872)</strong></span> <span class='ocrx_word' id='word_1_497' title='bbox 1785 4962 1818 5016; x_wconf 91' lang='lat' dir='ltr'><em>p.</em></span> <span class='ocrx_word' id='word_1_498' title='bbox 1838 4941 2128 4998; x_wconf 72' lang='lat' dir='ltr'><em>561—631.edms</em></span> 
     </span>
     <span class='ocr_line' id='line_1_43' title="bbox 483 5044 2128 5124; baseline 0.001 -22"><span class='ocrx_word' id='word_1_499' title='bbox 483 5055 508 5102; x_wconf 90' lang='lat' dir='ltr'><em>et</em></span> <span class='ocrx_word' id='word_1_500' title='bbox 530 5065 602 5122; x_wconf 88' lang='lat' dir='ltr'><em>qnae</em></span> <span class='ocrx_word' id='word_1_501' title='bbox 626 5044 807 5102; x_wconf 85' lang='lat' dir='ltr'><em>Watteabach</em></span> <span class='ocrx_word' id='word_1_502' title='bbox 834 5045 961 5118; x_wconf 76' lang='lat' dir='ltr'><em>esposuit</em></span> <span class='ocrx_word' id='word_1_503' title='bbox 991 5045 1054 5100; x_wconf 87' lang='lat' dir='ltr'><em>ibid.</em></span> <span class='ocrx_word' id='word_1_504' title='bbox 1082 5066 1114 5120; x_wconf 88' lang='lat' dir='ltr'><em>p.</em></span> <span class='ocrx_word' id='word_1_505' title='bbox 1134 5046 1206 5101; x_wconf 87' lang='grc'><strong>562.</strong></span> <span class='ocrx_word' id='word_1_506' title='bbox 1323 5047 1353 5115; x_wconf 88' lang='grc'><em>8)</em></span> <span class='ocrx_word' id='word_1_507' title='bbox 1379 5046 1545 5121; x_wconf 74' lang='lat' dir='ltr'><em>Descriptus</em></span> <span class='ocrx_word' id='word_1_508' title='bbox 1569 5056 1609 5103; x_wconf 89' lang='lat' dir='ltr'><em>est</em></span> <span class='ocrx_word' id='word_1_509' title='bbox 1637 5047 1666 5103; x_wconf 91' lang='lat' dir='ltr'><em>in</em></span> <span class='ocrx_word' id='word_1_510' title='bbox 1691 5046 1856 5124; x_wconf 80' lang='lat' dir='ltr'><em>‘Catuloqne</em></span> <span class='ocrx_word' id='word_1_511' title='bbox 1884 5049 1932 5105; x_wconf 88' lang='lat' dir='ltr'><em>des</em></span> <span class='ocrx_word' id='word_1_512' title='bbox 1960 5068 2057 5105; x_wconf 79' lang='lat' dir='ltr'><em>msers.</em></span> <span class='ocrx_word' id='word_1_513' title='bbox 2083 5051 2128 5105; x_wconf 84' lang='lat' dir='ltr'><em>des</em></span> 
     </span>
     <span class='ocr_line' id='line_1_44' title="bbox 482 5149 2127 5228; baseline 0.002 -20"><span class='ocrx_word' id='word_1_514' title='bbox 482 5153 647 5227; x_wconf 71' lang='lat' dir='ltr'><em>departem!</em></span> <span class='ocrx_word' id='word_1_515' title='bbox 671 5151 718 5220; x_wconf 90' lang='lat' dir='ltr'><em>VI,</em></span> <span class='ocrx_word' id='word_1_516' title='bbox 737 5171 770 5225; x_wconf 92' lang='lat' dir='ltr'><em>p.</em></span> <span class='ocrx_word' id='word_1_517' title='bbox 789 5151 862 5206; x_wconf 84' lang='lat'><em>621.</em></span> <span class='ocrx_word' id='word_1_518' title='bbox 945 5150 975 5220; x_wconf 87' lang='grc'><strong>9)</strong></span> <span class='ocrx_word' id='word_1_519' title='bbox 1002 5149 1166 5228; x_wconf 81' lang='lat' dir='ltr'><em>‘Catalopne</em></span> <span class='ocrx_word' id='word_1_520' title='bbox 1190 5153 1223 5208; x_wconf 88' lang='lat' dir='ltr'><em>de</em></span> <span class='ocrx_word' id='word_1_521' title='bbox 1247 5155 1275 5208; x_wconf 87' lang='lat' dir='ltr'><em>la</em></span> <span class='ocrx_word' id='word_1_522' title='bbox 1299 5152 1359 5208; x_wconf 89' lang='lat' dir='ltr'><em>bibl.</em></span> <span class='ocrx_word' id='word_1_523' title='bbox 1385 5153 1547 5209; x_wconf 76' lang='lat' dir='ltr'><em>deDouai’</em></span> <span class='ocrx_word' id='word_1_524' title='bbox 1567 5173 1599 5228; x_wconf 90' lang='lat' dir='ltr'><em>p.</em></span> <span class='ocrx_word' id='word_1_525' title='bbox 1620 5153 1812 5210; x_wconf 82' lang='lat'><em>314—316.</em></span> <span class='ocrx_word' id='word_1_526' title='bbox 1895 5153 1947 5224; x_wconf 89' lang='grc'><em>10)</em></span> <span class='ocrx_word' id='word_1_527' title='bbox 1968 5153 2017 5227; x_wconf 83' lang='lat' dir='ltr'><em>Cf.</em></span> <span class='ocrx_word' id='word_1_528' title='bbox 2036 5155 2127 5224; x_wconf 77' lang='lat' dir='ltr'><em>Peste,</em></span> 
     </span>
     <span class='ocr_line' id='line_1_45' title="bbox 482 5256 2127 5335; baseline 0.001 -21"><span class='ocrx_word' id='word_1_529' title='bbox 482 5259 611 5314; x_wconf 77' lang='lat' dir='ltr'><em>‘Archiv&#39;</em></span> <span class='ocrx_word' id='word_1_530' title='bbox 634 5257 714 5327; x_wconf 91' lang='lat' dir='ltr'><em>VIII,</em></span> <span class='ocrx_word' id='word_1_531' title='bbox 733 5278 766 5332; x_wconf 91' lang='lat' dir='ltr'><em>p.</em></span> <span class='ocrx_word' id='word_1_532' title='bbox 785 5259 836 5314; x_wconf 81' lang='lat' dir='ltr'><em>sl.</em></span> <span class='ocrx_word' id='word_1_533' title='bbox 855 5258 927 5312; x_wconf 81' lang='lat'><em>431.</em></span> <span class='ocrx_word' id='word_1_534' title='bbox 1012 5259 1062 5327; x_wconf 91' lang='grc'><strong>11)</strong></span> <span class='ocrx_word' id='word_1_535' title='bbox 1090 5256 1138 5330; x_wconf 84' lang='lat' dir='ltr'><em>Cf.</em></span> <span class='ocrx_word' id='word_1_536' title='bbox 1163 5279 1188 5315; x_wconf 87' lang='lat' dir='ltr'><em>o.</em></span> <span class='ocrx_word' id='word_1_537' title='bbox 1207 5259 1257 5314; x_wconf 87' lang='grc'><em>65.</em></span> <span class='ocrx_word' id='word_1_538' title='bbox 1277 5259 1327 5314; x_wconf 88' lang='grc'><em>66.</em></span> <span class='ocrx_word' id='word_1_539' title='bbox 1400 5258 1451 5328; x_wconf 87' lang='grc'><strong>12)</strong></span> <span class='ocrx_word' id='word_1_540' title='bbox 1475 5259 1562 5332; x_wconf 83' lang='lat' dir='ltr'><em>Jaffe&#39;</em></span> <span class='ocrx_word' id='word_1_541' title='bbox 1582 5261 1623 5316; x_wconf 87' lang='lat' dir='ltr'><em>ed.</em></span> <span class='ocrx_word' id='word_1_542' title='bbox 1649 5261 1697 5317; x_wconf 87' lang='lat' dir='ltr'><em>alt.</em></span> <span class='ocrx_word' id='word_1_543' title='bbox 1722 5259 1762 5331; x_wconf 89' lang='lat' dir='ltr'><em>II,</em></span> <span class='ocrx_word' id='word_1_544' title='bbox 1782 5280 1816 5335; x_wconf 90' lang='lat' dir='ltr'><em>p.</em></span> <span class='ocrx_word' id='word_1_545' title='bbox 1836 5261 1907 5316; x_wconf 87' lang='grc'><strong>168.</strong></span> <span class='ocrx_word' id='word_1_546' title='bbox 1981 5261 2033 5332; x_wconf 87' lang='grc'><em>13)</em></span> <span class='ocrx_word' id='word_1_547' title='bbox 2059 5263 2093 5318; x_wconf 79' lang='lat' dir='ltr'><em>J..</em></span> <span class='ocrx_word' id='word_1_548' title='bbox 2110 5264 2127 5316; x_wconf 83' lang='lat' dir='ltr'><em>t.</em></span> 
     </span>
     <span class='ocr_line' id='line_1_46' title="bbox 476 5361 2175 5443; baseline -0.001 -24"><span class='ocrx_word' id='word_1_549' title='bbox 476 5385 508 5440; x_wconf 90' lang='lat' dir='ltr'><em>p.</em></span> <span class='ocrx_word' id='word_1_550' title='bbox 527 5364 600 5420; x_wconf 84' lang='grc'><em>426.</em></span> <span class='ocrx_word' id='word_1_551' title='bbox 695 5365 746 5432; x_wconf 91' lang='grc'><em>14)</em></span> <span class='ocrx_word' id='word_1_552' title='bbox 773 5363 821 5435; x_wconf 81' lang='lat' dir='ltr'><em>Cf.</em></span> <span class='ocrx_word' id='word_1_553' title='bbox 847 5363 974 5421; x_wconf 84' lang='lat' dir='ltr'><em>‘Mttnch</em></span> <span class='ocrx_word' id='word_1_554' title='bbox 997 5365 1160 5422; x_wconf 71' lang='lat' dir='ltr'><em>Sta-Bere</em></span> <span class='ocrx_word' id='word_1_555' title='bbox 1186 5361 1303 5440; x_wconf 93' lang='grc'><strong>(1872)</strong></span> <span class='ocrx_word' id='word_1_556' title='bbox 1323 5386 1356 5440; x_wconf 89' lang='lat' dir='ltr'><em>p.</em></span> <span class='ocrx_word' id='word_1_557' title='bbox 1375 5365 1448 5421; x_wconf 85' lang='grc'><strong>562.</strong></span> <span class='ocrx_word' id='word_1_558' title='bbox 1474 5374 1499 5421; x_wconf 92' lang='lat' dir='ltr'><em>et</em></span> <span class='ocrx_word' id='word_1_559' title='bbox 1521 5365 1673 5442; x_wconf 81' lang='lat' dir='ltr'><em>Prolopum</em></span> <span class='ocrx_word' id='word_1_560' title='bbox 1697 5367 1875 5443; x_wconf 86' lang='lat' dir='ltr'><em>epistolarum</em></span> <span class='ocrx_word' id='word_1_561' title='bbox 1900 5367 2043 5425; x_wconf 86' lang='lat' dir='ltr'><em>Matthaei</em></span> <span class='ocrx_word' id='word_1_562' title='bbox 2065 5367 2126 5424; x_wconf 84' lang='lat' dir='ltr'><em>ibid.</em></span> <span class='ocrx_word' id='word_1_563' title='bbox 2146 5381 2175 5418; x_wconf 73' lang='lat' dir='ltr'><em>ss</em></span> 
     </span>
     <span class='ocr_line' id='line_1_47' title="bbox 475 5469 2126 5547; baseline 0.002 -20"><span class='ocrx_word' id='word_1_564' title='bbox 475 5493 509 5547; x_wconf 88' lang='lat' dir='ltr'><em>p.</em></span> <span class='ocrx_word' id='word_1_565' title='bbox 528 5471 589 5527; x_wconf 79' lang='lat'><em>564</em></span> <span class='ocrx_word' id='word_1_566' title='bbox 607 5491 666 5546; x_wconf 87' lang='lat' dir='ltr'><em>sqq.</em></span> <span class='ocrx_word' id='word_1_567' title='bbox 750 5471 800 5539; x_wconf 87' lang='grc'><em>15)</em></span> <span class='ocrx_word' id='word_1_568' title='bbox 827 5469 917 5534; x_wconf 80' lang='lat' dir='ltr'><em>Quem</em></span> <span class='ocrx_word' id='word_1_569' title='bbox 941 5471 1125 5545; x_wconf 87' lang='lat' dir='ltr'><em>copiosissime</em></span> <span class='ocrx_word' id='word_1_570' title='bbox 1148 5472 1295 5547; x_wconf 85' lang='lat' dir='ltr'><em>descripsit</em></span> <span class='ocrx_word' id='word_1_571' title='bbox 1318 5472 1458 5528; x_wconf 82' lang='lat' dir='ltr'><em>IIaurc&#39;uu</em></span> <span class='ocrx_word' id='word_1_572' title='bbox 1481 5473 1511 5528; x_wconf 86' lang='lat' dir='ltr'><em>in</em></span> <span class='ocrx_word' id='word_1_573' title='bbox 1528 5472 1649 5529; x_wconf 84' lang='lat' dir='ltr'><em>‘Notices</em></span> <span class='ocrx_word' id='word_1_574' title='bbox 1673 5482 1698 5530; x_wconf 88' lang='lat' dir='ltr'><em>et</em></span> <span class='ocrx_word' id='word_1_575' title='bbox 1721 5473 1868 5530; x_wconf 71' lang='lat' dir='ltr'><em>Ennaits’</em></span> <span class='ocrx_word' id='word_1_576' title='bbox 1886 5474 2001 5544; x_wconf 89' lang='lat' dir='ltr'><em>XXIX,</em></span> <span class='ocrx_word' id='word_1_577' title='bbox 2028 5474 2064 5544; x_wconf 86' lang='lat'><em>2,-</em></span> <span class='ocrx_word' id='word_1_578' title='bbox 2088 5475 2126 5546; x_wconf 85' lang='lat' dir='ltr'><em>cs.</em></span> 
     </span>
     <span class='ocr_line' id='line_1_48' title="bbox 481 5576 2129 5655; baseline 0.001 -21"><span class='ocrx_word' id='word_1_579' title='bbox 481 5577 652 5646; x_wconf 83' lang='lat' dir='ltr'><em>Bethmann,</em></span> <span class='ocrx_word' id='word_1_580' title='bbox 678 5577 785 5634; x_wconf 55' lang='lat' dir='ltr'><em>‘Archi</em></span> <span class='ocrx_word' id='word_1_581' title='bbox 802 5576 872 5646; x_wconf 89' lang='lat' dir='ltr'><em>XII,</em></span> <span class='ocrx_word' id='word_1_582' title='bbox 892 5597 925 5652; x_wconf 92' lang='lat' dir='ltr'><em>p.</em></span> <span class='ocrx_word' id='word_1_583' title='bbox 945 5577 1016 5632; x_wconf 95' lang='grc'><strong>277.</strong></span> <span class='ocrx_word' id='word_1_584' title='bbox 1096 5577 1146 5647; x_wconf 89' lang='grc'><strong>16)</strong></span> <span class='ocrx_word' id='word_1_585' title='bbox 1172 5578 1253 5634; x_wconf 71' lang='lat' dir='ltr'><em>‘Ana</em></span> <span class='ocrx_word' id='word_1_586' title='bbox 1279 5580 1327 5635; x_wconf 87' lang='lat' dir='ltr'><em>des</em></span> <span class='ocrx_word' id='word_1_587' title='bbox 1345 5576 1441 5636; x_wconf 76' lang='lat' dir='ltr'><em>Gemit.</em></span> <span class='ocrx_word' id='word_1_588' title='bbox 1461 5579 1548 5635; x_wconf 69' lang='lat' dir='ltr'><em>Mus!</em></span> <span class='ocrx_word' id='word_1_589' title='bbox 1565 5579 1665 5648; x_wconf 87' lang='lat' dir='ltr'><em>XXII,</em></span> <span class='ocrx_word' id='word_1_590' title='bbox 1685 5600 1717 5655; x_wconf 89' lang='lat' dir='ltr'><em>p.</em></span> <span class='ocrx_word' id='word_1_591' title='bbox 1737 5579 1810 5635; x_wconf 84' lang='lat'><em>215.</em></span> <span class='ocrx_word' id='word_1_592' title='bbox 1882 5581 1933 5649; x_wconf 93' lang='grc'><strong>17)</strong></span> <span class='ocrx_word' id='word_1_593' title='bbox 1959 5581 2083 5638; x_wconf 84' lang='lat' dir='ltr'><em>‘Notices</em></span> <span class='ocrx_word' id='word_1_594' title='bbox 2105 5589 2129 5636; x_wconf 89' lang='lat' dir='ltr'><em>et</em></span> 
     </span>
     <span class='ocr_line' id='line_1_49' title="bbox 481 5681 2127 5762; baseline 0.001 -23"><span class='ocrx_word' id='word_1_595' title='bbox 481 5685 580 5741; x_wconf 61' lang='lat' dir='ltr'><em>Bactri</em></span> <span class='ocrx_word' id='word_1_596' title='bbox 605 5684 718 5754; x_wconf 90' lang='lat' dir='ltr'><em>XXIX,</em></span> <span class='ocrx_word' id='word_1_597' title='bbox 740 5684 769 5753; x_wconf 81' lang='lat'><em>2,</em></span> <span class='ocrx_word' id='word_1_598' title='bbox 788 5704 821 5758; x_wconf 89' lang='lat' dir='ltr'><em>p.</em></span> <span class='ocrx_word' id='word_1_599' title='bbox 841 5683 913 5739; x_wconf 88' lang='grc'><strong>327.</strong></span> <span class='ocrx_word' id='word_1_600' title='bbox 1009 5683 1059 5752; x_wconf 88' lang='grc'><strong>18)</strong></span> <span class='ocrx_word' id='word_1_601' title='bbox 1086 5682 1134 5755; x_wconf 83' lang='lat' dir='ltr'><em>Cf.</em></span> <span class='ocrx_word' id='word_1_602' title='bbox 1161 5684 1288 5742; x_wconf 83' lang='lat' dir='ltr'><em>‘Miinch</em></span> <span class='ocrx_word' id='word_1_603' title='bbox 1315 5685 1467 5743; x_wconf 73' lang='lat' dir='ltr'><em>Sita-Ber.</em></span> <span class='ocrx_word' id='word_1_604' title='bbox 1487 5685 1642 5760; x_wconf 77' lang='lat' dir='ltr'><em>phil-hist.</em></span> <span class='ocrx_word' id='word_1_605' title='bbox 1661 5687 1724 5742; x_wconf 75' lang='lat' dir='ltr'><em>Kt!</em></span> <span class='ocrx_word' id='word_1_606' title='bbox 1749 5681 1868 5762; x_wconf 88' lang='grc'><strong>(1872)</strong></span> <span class='ocrx_word' id='word_1_607' title='bbox 1888 5707 1921 5762; x_wconf 89' lang='lat' dir='ltr'><em>p.</em></span> <span class='ocrx_word' id='word_1_608' title='bbox 1940 5687 2127 5744; x_wconf 82' lang='lat'><em>561-563.</em></span> 
     </span>
    </p>
   </div>
   <div class='ocr_carea' id='block_1_9' title="bbox 0 0 2202 6388">
    <p class='ocr_par' dir='ltr' id='par_1_13' title="bbox 0 0 2202 6388">
     <span class='ocr_line' id='line_1_50' title="bbox 0 0 2202 6388; baseline 0 0"><span class='ocrx_word' id='word_1_609' title='bbox 0 0 2202 6388; x_wconf 95' lang='lat' dir='ltr'><em> </em></span> 
     </span>
    </p>
   </div>
  </div>
 </body>
</html>
