<?xml version="1.0" encoding="UTF-8"?>
<!DOCTYPE html PUBLIC "-//W3C//DTD XHTML 1.0 Transitional//EN"
    "http://www.w3.org/TR/xhtml1/DTD/xhtml1-transitional.dtd">
<html xmlns="http://www.w3.org/1999/xhtml" xml:lang="en" lang="en">
 <head>
  <title>
</title>
<meta http-equiv="Content-Type" content="text/html;charset=utf-8" />
  <meta name='ocr-system' content='tesseract 3.04.00' />
  <meta name='ocr-capabilities' content='ocr_page ocr_carea ocr_par ocr_line ocrx_word'/>
</head>
<body>
  <div class='ocr_page' id='page_1' title='image "./monumentagerman00unkngoog_0244.png"; bbox 0 0 4478 6396; ppageno 0'>
   <div class='ocr_carea' id='block_1_1' title="bbox 464 435 1810 499">
    <p class='ocr_par' dir='ltr' id='par_1_1' title="bbox 464 435 1810 499">
     <span class='ocr_line' id='line_1_1' title="bbox 464 435 1810 499; baseline -0.003 -1"><span class='ocrx_word' id='word_1_1' title='bbox 464 435 528 498; x_wconf 83' lang='grc'>234</span> <span class='ocrx_word' id='word_1_2' title='bbox 755 442 935 499; x_wconf 85' lang='lat' dir='ltr'>GERHOHI</span> <span class='ocrx_word' id='word_1_3' title='bbox 959 441 1192 498; x_wconf 84' lang='lat' dir='ltr'>PRAEPOSITI</span> <span class='ocrx_word' id='word_1_4' title='bbox 1215 439 1622 496; x_wconf 82' lang='lat' dir='ltr'>REICHERSBERGENSIS</span> <span class='ocrx_word' id='word_1_5' title='bbox 1645 440 1810 496; x_wconf 83' lang='lat' dir='ltr'>LIBELLI.</span> 
     </span>
    </p>
   </div>
   <div class='ocr_carea' id='block_1_2' title="bbox 294 625 2172 5735">
    <p class='ocr_par' dir='ltr' id='par_1_2' title="bbox 464 625 2121 1036">
     <span class='ocr_line' id='line_1_2' title="bbox 464 625 2118 716; baseline -0.001 -24"><span class='ocrx_word' id='word_1_6' title='bbox 464 652 557 693; x_wconf 90' lang='lat' dir='ltr'>suum</span> <span class='ocrx_word' id='word_1_7' title='bbox 581 651 711 692; x_wconf 88' lang='lat' dir='ltr'>sensum</span> <span class='ocrx_word' id='word_1_8' title='bbox 735 627 904 693; x_wconf 89' lang='lat' dir='ltr'>inflectant</span> <span class='ocrx_word' id='word_1_9' title='bbox 926 631 1044 716; x_wconf 90' lang='lat' dir='ltr'>potius,</span> <span class='ocrx_word' id='word_1_10' title='bbox 1069 651 1167 716; x_wconf 90' lang='lat' dir='ltr'>quam</span> <span class='ocrx_word' id='word_1_11' title='bbox 1190 651 1225 693; x_wconf 90' lang='lat' dir='ltr'>se</span> <span class='ocrx_word' id='word_1_12' title='bbox 1250 628 1292 693; x_wconf 89' lang='lat' dir='ltr'>ad</span> <span class='ocrx_word' id='word_1_13' title='bbox 1316 627 1543 692; x_wconf 81' lang='lat' dir='ltr'>rectitudinem</span> <span class='ocrx_word' id='word_1_14' title='bbox 1567 629 1747 714; x_wconf 86' lang='lat' dir='ltr'>scripturae</span> <span class='ocrx_word' id='word_1_15' title='bbox 1772 626 1922 713; x_wconf 82' lang='lat' dir='ltr'>dirigant.</span> <span class='ocrx_word' id='word_1_16' title='bbox 1960 625 2118 707; x_wconf 79' lang='lat' dir='ltr'>Quicum</span> 
     </span>
     <span class='ocr_line' id='line_1_3' title="bbox 464 732 2121 816; baseline -0.003 -15"><span class='ocrx_word' id='word_1_17' title='bbox 464 736 573 801; x_wconf 90' lang='lat' dir='ltr'>omnia</span> <span class='ocrx_word' id='word_1_18' title='bbox 603 734 761 800; x_wconf 75' lang='lat' dir='ltr'>terribilia</span> <span class='ocrx_word' id='word_1_19' title='bbox 792 736 904 801; x_wconf 89' lang='lat' dir='ltr'>dieunt</span> <span class='ocrx_word' id='word_1_20' title='bbox 934 736 976 800; x_wconf 89' lang='lat' dir='ltr'>ad</span> <span class='ocrx_word' id='word_1_21' title='bbox 1006 747 1162 800; x_wconf 87' lang='lat' dir='ltr'>terrorem</span> <span class='ocrx_word' id='word_1_22' title='bbox 1186 735 1284 816; x_wconf 88' lang='lat' dir='ltr'>dieta,</span> <span class='ocrx_word' id='word_1_23' title='bbox 1314 737 1395 799; x_wconf 91' lang='lat' dir='ltr'>miro</span> <span class='ocrx_word' id='word_1_24' title='bbox 1424 734 1520 799; x_wconf 90' lang='lat' dir='ltr'>modo</span> <span class='ocrx_word' id='word_1_25' title='bbox 1544 745 1700 798; x_wconf 87' lang='lat' dir='ltr'>terrorem</span> <span class='ocrx_word' id='word_1_26' title='bbox 1724 732 1928 816; x_wconf 90' lang='lat' dir='ltr'>inculcando,</span> <span class='ocrx_word' id='word_1_27' title='bbox 1960 743 2121 798; x_wconf 89' lang='lat' dir='ltr'>terrorem</span> 
     </span>
     <span class='ocr_line' id='line_1_4' title="bbox 464 840 2120 928; baseline -0.004 -20"><span class='ocrx_word' id='word_1_28' title='bbox 464 852 623 908; x_wconf 90' lang='lat' dir='ltr'>conantur</span> <span class='ocrx_word' id='word_1_29' title='bbox 651 865 822 924; x_wconf 85' lang='lat' dir='ltr'>evacuare,</span> <span class='ocrx_word' id='word_1_30' title='bbox 855 843 1053 908; x_wconf 83' lang='lat' dir='ltr'>affinnantes</span> <span class='ocrx_word' id='word_1_31' title='bbox 1084 843 1163 928; x_wconf 88' lang='lat' dir='ltr'>ipsis</span> <span class='ocrx_word' id='word_1_32' title='bbox 1194 841 1392 907; x_wconf 81' lang='lat' dir='ltr'>terribilibus</span> <span class='ocrx_word' id='word_1_33' title='bbox 1423 840 1503 906; x_wconf 91' lang='lat' dir='ltr'>nihil</span> <span class='ocrx_word' id='word_1_34' title='bbox 1527 842 1623 906; x_wconf 89' lang='lat' dir='ltr'>serici</span> <span class='ocrx_word' id='word_1_35' title='bbox 1645 842 1792 905; x_wconf 88' lang='lat' dir='ltr'>veritatis</span> <span class='ocrx_word' id='word_1_36' title='bbox 1815 843 1933 923; x_wconf 90' lang='lat' dir='ltr'>inesse,</span> <span class='ocrx_word' id='word_1_37' title='bbox 1965 841 2120 904; x_wconf 90' lang='lat' dir='ltr'>nimirum</span> 
     </span>
     <span class='ocr_line' id='line_1_5' title="bbox 464 947 2121 1036; baseline -0.002 -23"><span class='ocrx_word' id='word_1_38' title='bbox 464 951 625 1036; x_wconf 89' lang='lat' dir='ltr'>serpentis</span> <span class='ocrx_word' id='word_1_39' title='bbox 648 972 748 1032; x_wconf 89' lang='lat' dir='ltr'>more,</span> <span class='ocrx_word' id='word_1_40' title='bbox 773 951 829 1036; x_wconf 92' lang='lat' dir='ltr'>qui</span> <span class='ocrx_word' id='word_1_41' title='bbox 852 952 886 1013; x_wconf 91' lang='lat' dir='ltr'>in</span> <span class='ocrx_word' id='word_1_42' title='bbox 909 949 1072 1036; x_wconf 79' lang='lat' dir='ltr'>paradyso</span> <span class='ocrx_word' id='word_1_43' title='bbox 1096 949 1254 1014; x_wconf 82' lang='lat' dir='ltr'>terribilia</span> <span class='ocrx_word' id='word_1_44' title='bbox 1277 948 1343 1014; x_wconf 91' lang='lat' dir='ltr'>Dei</span> <span class='ocrx_word' id='word_1_45' title='bbox 1367 948 1455 1013; x_wconf 88' lang='lat' dir='ltr'>dicta</span> <span class='ocrx_word' id='word_1_46' title='bbox 1477 948 1598 1012; x_wconf 88' lang='lat' dir='ltr'>frustra</span> <span class='ocrx_word' id='word_1_47' title='bbox 1621 959 1755 1012; x_wconf 89' lang='lat' dir='ltr'>conatus</span> <span class='ocrx_word' id='word_1_48' title='bbox 1779 957 1828 1012; x_wconf 90' lang='lat' dir='ltr'>est</span> <span class='ocrx_word' id='word_1_49' title='bbox 1856 970 1996 1012; x_wconf 87' lang='lat' dir='ltr'>cassare.</span> <span class='ocrx_word' id='word_1_50' title='bbox 2045 947 2121 1010; x_wconf 90' lang='lat' dir='ltr'>Hoc</span> 
     </span>
    </p>

    <p class='ocr_par' dir='ltr' id='par_1_3' title="bbox 464 1054 2155 1570">
     <span class='ocr_line' id='line_1_6' title="bbox 464 1054 2155 1143; baseline -0.001 -22"><span class='ocrx_word' id='word_1_51' title='bbox 464 1056 510 1121; x_wconf 96' lang='lat' dir='ltr'>illi</span> <span class='ocrx_word' id='word_1_52' title='bbox 534 1056 673 1121; x_wconf 91' lang='lat' dir='ltr'>rotundo</span> <span class='ocrx_word' id='word_1_53' title='bbox 697 1080 752 1122; x_wconf 90' lang='lat' dir='ltr'>ore</span> <span class='ocrx_word' id='word_1_54' title='bbox 776 1055 889 1121; x_wconf 90' lang='lat' dir='ltr'>buccis</span> <span class='ocrx_word' id='word_1_55' title='bbox 913 1055 1033 1120; x_wconf 88' lang='lat' dir='ltr'>inflatis</span> <span class='ocrx_word' id='word_1_56' title='bbox 1057 1067 1202 1143; x_wconf 86' lang='lat' dir='ltr'>crepant,</span> <span class='ocrx_word' id='word_1_57' title='bbox 1230 1068 1266 1121; x_wconf 92' lang='lat' dir='ltr'>ut</span> <span class='ocrx_word' id='word_1_58' title='bbox 1289 1079 1381 1121; x_wconf 89' lang='lat' dir='ltr'>suam</span> <span class='ocrx_word' id='word_1_59' title='bbox 1405 1056 1574 1120; x_wconf 87' lang='lat' dir='ltr'>seientiam</span> <span class='ocrx_word' id='word_1_60' title='bbox 1604 1054 1771 1119; x_wconf 88' lang='lat' dir='ltr'>inflantem</span> <span class='ocrx_word' id='word_1_61' title='bbox 1795 1054 1977 1137; x_wconf 81' lang='lat' dir='ltr'>ostendant,</span> <span class='ocrx_word' id='word_1_62' title='bbox 2002 1055 2155 1119; x_wconf 86' lang='lat' dir='ltr'>vitam-s</span> 
     </span>
     <span class='ocr_line' id='line_1_7' title="bbox 466 1159 2123 1250; baseline -0.004 -21"><span class='ocrx_word' id='word_1_63' title='bbox 466 1186 528 1250; x_wconf 89' lang='lat' dir='ltr'>que</span> <span class='ocrx_word' id='word_1_64' title='bbox 554 1163 743 1228; x_wconf 86' lang='lat' dir='ltr'>dissolutam</span> <span class='ocrx_word' id='word_1_65' title='bbox 774 1165 808 1228; x_wconf 90' lang='lat' dir='ltr'>iu</span> <span class='ocrx_word' id='word_1_66' title='bbox 836 1187 870 1228; x_wconf 93' lang='lat' dir='ltr'>se</span> <span class='ocrx_word' id='word_1_67' title='bbox 902 1165 1016 1249; x_wconf 91' lang='lat' dir='ltr'>suique</span> <span class='ocrx_word' id='word_1_68' title='bbox 1048 1161 1208 1227; x_wconf 86' lang='lat' dir='ltr'>similibus</span> <span class='ocrx_word' id='word_1_69' title='bbox 1231 1163 1419 1227; x_wconf 87' lang='lat' dir='ltr'>defendant.</span> <span class='ocrx_word' id='word_1_70' title='bbox 1466 1162 1511 1226; x_wconf 85' lang='lat' dir='ltr'>At</span> <span class='ocrx_word' id='word_1_71' title='bbox 1533 1162 1589 1244; x_wconf 92' lang='lat' dir='ltr'>illi,</span> <span class='ocrx_word' id='word_1_72' title='bbox 1615 1164 1669 1248; x_wconf 91' lang='lat' dir='ltr'>qui</span> <span class='ocrx_word' id='word_1_73' title='bbox 1693 1161 1969 1248; x_wconf 85' lang='lat' dir='ltr'>magnificentiam</span> <span class='ocrx_word' id='word_1_74' title='bbox 1993 1159 2123 1246; x_wconf 85' lang='lat' dir='ltr'>gloriae</span> 
     </span>
     <span class='ocr_line' id='line_1_8' title="bbox 466 1268 2124 1356; baseline -0.002 -22"><span class='ocrx_word' id='word_1_75' title='bbox 466 1271 646 1334; x_wconf 86' lang='lat' dir='ltr'>sanctitatis</span> <span class='ocrx_word' id='word_1_76' title='bbox 669 1271 734 1334; x_wconf 92' lang='lat' dir='ltr'>Dei</span> <span class='ocrx_word' id='word_1_77' title='bbox 757 1269 907 1335; x_wconf 89' lang='lat' dir='ltr'>locuntur</span> <span class='ocrx_word' id='word_1_78' title='bbox 930 1281 963 1334; x_wconf 92' lang='lat' dir='ltr'>et</span> <span class='ocrx_word' id='word_1_79' title='bbox 985 1269 1148 1334; x_wconf 89' lang='lat' dir='ltr'>mirabilia</span> <span class='ocrx_word' id='word_1_80' title='bbox 1171 1271 1241 1333; x_wconf 91' lang='lat' dir='ltr'>eius</span> <span class='ocrx_word' id='word_1_81' title='bbox 1263 1280 1407 1350; x_wconf 88' lang='lat' dir='ltr'>narrant,</span> <span class='ocrx_word' id='word_1_82' title='bbox 1436 1271 1499 1356; x_wconf 92' lang='lat' dir='ltr'>ipsi</span> <span class='ocrx_word' id='word_1_83' title='bbox 1524 1269 1633 1333; x_wconf 75' lang='lat' dir='ltr'>‘etiam</span> <span class='ocrx_word' id='word_1_84' title='bbox 1654 1270 1807 1333; x_wconf 87' lang='lat' dir='ltr'>virtutem</span> <span class='ocrx_word' id='word_1_85' title='bbox 1830 1268 2026 1333; x_wconf 88' lang='lat' dir='ltr'>terribilium</span> <span class='ocrx_word' id='word_1_86' title='bbox 2051 1268 2124 1330; x_wconf 87' lang='lat' dir='ltr'>cius</span> 
     </span>
     <span class='ocr_line' id='line_1_9' title="bbox 466 1375 2126 1462; baseline -0.002 -20"><span class='ocrx_word' id='word_1_87' title='bbox 466 1377 587 1459; x_wconf 89' lang='lat' dir='ltr'>dicent,</span> <span class='ocrx_word' id='word_1_88' title='bbox 611 1399 671 1440; x_wconf 91' lang='lat' dir='ltr'>nec</span> <span class='ocrx_word' id='word_1_89' title='bbox 695 1377 767 1440; x_wconf 89' lang='lat' dir='ltr'>aliis</span> <span class='ocrx_word' id='word_1_90' title='bbox 791 1378 981 1441; x_wconf 87' lang='lat' dir='ltr'>memoriam</span> <span class='ocrx_word' id='word_1_91' title='bbox 1005 1375 1248 1441; x_wconf 77' lang='lat' dir='ltr'>habundantius</span> <span class='ocrx_word' id='word_1_92' title='bbox 1265 1378 1434 1440; x_wconf 86' lang='lat' dir='ltr'>suavitatis</span> <span class='ocrx_word' id='word_1_93' title='bbox 1451 1375 1652 1458; x_wconf 87' lang='lat' dir='ltr'>eructabunt,</span> <span class='ocrx_word' id='word_1_94' title='bbox 1677 1376 1740 1439; x_wconf 87' lang='lat' dir='ltr'>nisi</span> <span class='ocrx_word' id='word_1_95' title='bbox 1763 1375 1804 1440; x_wconf 85' lang='lat' dir='ltr'>de</span> <span class='ocrx_word' id='word_1_96' title='bbox 1829 1398 1964 1462; x_wconf 91' lang='lat' dir='ltr'>quorum</span> <span class='ocrx_word' id='word_1_97' title='bbox 1989 1375 2126 1439; x_wconf 87' lang='lat' dir='ltr'>iusticia</span> 
     </span>
     <span class='ocr_line' id='line_1_10' title="bbox 467 1481 2125 1570; baseline -0.003 -21"><span class='ocrx_word' id='word_1_98' title='bbox 467 1484 612 1549; x_wconf 89' lang='lat' dir='ltr'>exultare</span> <span class='ocrx_word' id='word_1_99' title='bbox 643 1494 804 1570; x_wconf 89' lang='lat' dir='ltr'>poterunt,</span> <span class='ocrx_word' id='word_1_100' title='bbox 837 1494 869 1548; x_wconf 89' lang='lat' dir='ltr'>et</span> <span class='ocrx_word' id='word_1_101' title='bbox 899 1483 955 1570; x_wconf 93' lang='lat' dir='ltr'>qui</span> <span class='ocrx_word' id='word_1_102' title='bbox 984 1485 1138 1547; x_wconf 86' lang='lat' dir='ltr'>virtutem</span> <span class='ocrx_word' id='word_1_103' title='bbox 1169 1482 1361 1547; x_wconf 87' lang='lat' dir='ltr'>terribilium</span> <span class='ocrx_word' id='word_1_104' title='bbox 1392 1506 1457 1547; x_wconf 91' lang='lat' dir='ltr'>non</span> <span class='ocrx_word' id='word_1_105' title='bbox 1488 1483 1594 1548; x_wconf 87' lang='lat' dir='ltr'>surdis</span> <span class='ocrx_word' id='word_1_106' title='bbox 1625 1482 1757 1547; x_wconf 82' lang='lat' dir='ltr'>atuibus</span> <span class='ocrx_word' id='word_1_107' title='bbox 1788 1483 1933 1547; x_wconf 89' lang='lat' dir='ltr'>audiunt.</span> <span class='ocrx_word' id='word_1_108' title='bbox 1980 1481 2057 1546; x_wconf 90' lang='lat' dir='ltr'>Hoc</span> <span class='ocrx_word' id='word_1_109' title='bbox 2089 1483 2125 1544; x_wconf 93' lang='lat' dir='ltr'>in</span> 
     </span>
    </p>

    <p class='ocr_par' dir='ltr' id='par_1_4' title="bbox 374 1589 2172 2104">
     <span class='ocr_line' id='line_1_11' title="bbox 466 1589 2172 1677; baseline -0.001 -23"><span class='ocrx_word' id='word_1_110' title='bbox 466 1593 590 1676; x_wconf 87' lang='lat' dir='ltr'>meipso</span> <span class='ocrx_word' id='word_1_111' title='bbox 615 1615 685 1655; x_wconf 88' lang='lat' dir='ltr'>snm</span> <span class='ocrx_word' id='word_1_112' title='bbox 709 1601 874 1677; x_wconf 88' lang='lat' dir='ltr'>expertus,</span> <span class='ocrx_word' id='word_1_113' title='bbox 899 1592 955 1677; x_wconf 91' lang='lat' dir='ltr'>qui</span> <span class='ocrx_word' id='word_1_114' title='bbox 978 1590 1117 1654; x_wconf 88' lang='lat' dir='ltr'>antehac</span> <span class='ocrx_word' id='word_1_115' title='bbox 1141 1591 1234 1654; x_wconf 92' lang='lat' dir='ltr'>iuxta</span> <span class='ocrx_word' id='word_1_116' title='bbox 1249 1592 1475 1676; x_wconf 83' lang='lat' dir='ltr'>magistrorum</span> <span class='ocrx_word' id='word_1_117' title='bbox 1493 1601 1621 1654; x_wconf 90' lang='lat' dir='ltr'>tuorum</span> <span class='ocrx_word' id='word_1_118' title='bbox 1638 1589 1817 1654; x_wconf 84' lang='lat' dir='ltr'>doctrinam</span> <span class='ocrx_word' id='word_1_119' title='bbox 1835 1589 1972 1654; x_wconf 89' lang='lat' dir='ltr'>laudans</span> <span class='ocrx_word' id='word_1_120' title='bbox 1989 1589 2124 1676; x_wconf 87' lang='lat' dir='ltr'>dispen-</span> <span class='ocrx_word' id='word_1_121' title='bbox 2145 1614 2172 1652; x_wconf 83' lang='lat' dir='ltr'>ro</span> 
     </span>
     <span class='ocr_line' id='line_1_12' title="bbox 467 1696 2124 1783; baseline -0.002 -21"><span class='ocrx_word' id='word_1_122' title='bbox 467 1699 635 1780; x_wconf 86' lang='lat' dir='ltr'>sationem,</span> <span class='ocrx_word' id='word_1_123' title='bbox 652 1697 786 1762; x_wconf 90' lang='lat' dir='ltr'>multum</span> <span class='ocrx_word' id='word_1_124' title='bbox 804 1696 1003 1762; x_wconf 88' lang='lat' dir='ltr'>offenderam</span> <span class='ocrx_word' id='word_1_125' title='bbox 1020 1697 1183 1783; x_wconf 89' lang='lat' dir='ltr'>quendam</span> <span class='ocrx_word' id='word_1_126' title='bbox 1199 1696 1387 1783; x_wconf 85' lang='lat' dir='ltr'>religiosum</span> <span class='ocrx_word' id='word_1_127' title='bbox 1404 1696 1604 1761; x_wconf 89' lang='lat' dir='ltr'>heremitam.</span> <span class='ocrx_word' id='word_1_128' title='bbox 1638 1696 1696 1760; x_wconf 91' lang='lat' dir='ltr'>Ille</span> <span class='ocrx_word' id='word_1_129' title='bbox 1713 1697 1793 1760; x_wconf 90' lang='lat' dir='ltr'>mihi</span> <span class='ocrx_word' id='word_1_130' title='bbox 1808 1697 1951 1783; x_wconf 85' lang='lat' dir='ltr'>primus⁸</span> <span class='ocrx_word' id='word_1_131' title='bbox 1964 1697 2124 1760; x_wconf 87' lang='lat' dir='ltr'>virtutem</span> 
     </span>
     <span class='ocr_line' id='line_1_13' title="bbox 374 1801 2124 1890; baseline -0.001 -22"><span class='ocrx_word' id='word_1_132' title='bbox 374 1821 375 1824; x_wconf 75' lang='grc'>’</span> <span class='ocrx_word' id='word_1_133' title='bbox 467 1803 658 1868; x_wconf 86' lang='lat' dir='ltr'>terribilium</span> <span class='ocrx_word' id='word_1_134' title='bbox 675 1805 740 1868; x_wconf 92' lang='lat' dir='ltr'>Dei</span> <span class='ocrx_word' id='word_1_135' title='bbox 764 1805 904 1868; x_wconf 88' lang='lat' dir='ltr'>intonuit</span> <span class='ocrx_word' id='word_1_136' title='bbox 926 1827 1043 1890; x_wconf 87' lang='lat' dir='ltr'>meque</span> <span class='ocrx_word' id='word_1_137' title='bbox 1060 1803 1271 1872; x_wconf 84' lang='lat' dir='ltr'>vehementer</span> <span class='ocrx_word' id='word_1_138' title='bbox 1294 1805 1501 1886; x_wconf 76' lang='lat' dir='ltr'>commonuit,</span> <span class='ocrx_word' id='word_1_139' title='bbox 1526 1826 1567 1868; x_wconf 91' lang='lat' dir='ltr'>ne</span> <span class='ocrx_word' id='word_1_140' title='bbox 1592 1801 1652 1867; x_wconf 91' lang='lat' dir='ltr'>sub</span> <span class='ocrx_word' id='word_1_141' title='bbox 1675 1804 1810 1868; x_wconf 87' lang='lat' dir='ltr'>honesto</span> <span class='ocrx_word' id='word_1_142' title='bbox 1833 1805 1964 1868; x_wconf 89' lang='lat' dir='ltr'>nomine</span> <span class='ocrx_word' id='word_1_143' title='bbox 1988 1803 2124 1889; x_wconf 90' lang='lat' dir='ltr'>dispen-</span> 
     </span>
     <span class='ocr_line' id='line_1_14' title="bbox 468 1895 2123 1997; baseline -0.001 -23"><span class='ocrx_word' id='word_1_144' title='bbox 468 1911 601 1974; x_wconf 86' lang='lat' dir='ltr'>sationis</span> <span class='ocrx_word' id='word_1_145' title='bbox 618 1910 784 1996; x_wconf 86' lang='lat' dir='ltr'>palliarem</span> <span class='ocrx_word' id='word_1_146' title='bbox 802 1910 935 1975; x_wconf 88' lang='lat' dir='ltr'>verbam</span> <span class='ocrx_word' id='word_1_147' title='bbox 953 1910 1068 1975; x_wconf 89' lang='lat' dir='ltr'>aliciae</span> <span class='ocrx_word' id='word_1_148' title='bbox 1092 1912 1227 1974; x_wconf 86' lang='lat' dir='ltr'>inventa</span> <span class='ocrx_word' id='word_1_149' title='bbox 1250 1911 1292 1974; x_wconf 92' lang='lat' dir='ltr'>ad</span> <span class='ocrx_word' id='word_1_150' title='bbox 1309 1911 1513 1974; x_wconf 85' lang='lat' dir='ltr'>excusandas</span> <span class='ocrx_word' id='word_1_151' title='bbox 1531 1911 1758 1974; x_wconf 88' lang='lat' dir='ltr'>excusationes</span> <span class='ocrx_word' id='word_1_152' title='bbox 1775 1912 1808 1974; x_wconf 89' lang='lat' dir='ltr'>in</span> <span class='ocrx_word' id='word_1_153' title='bbox 1824 1895 1991 1997; x_wconf 77' lang='lat' dir='ltr'>peccatis.¹</span> <span class='ocrx_word' id='word_1_154' title='bbox 2020 1909 2123 1974; x_wconf 87' lang='lat' dir='ltr'>Eram</span> 
     </span>
     <span class='ocr_line' id='line_1_15' title="bbox 467 2016 2124 2104; baseline -0.002 -23"><span class='ocrx_word' id='word_1_155' title='bbox 467 2028 544 2081; x_wconf 90' lang='lat' dir='ltr'>tune</span> <span class='ocrx_word' id='word_1_156' title='bbox 569 2017 823 2080; x_wconf 84' lang='lat' dir='ltr'>studiosissimus</span> <span class='ocrx_word' id='word_1_157' title='bbox 847 2016 1042 2104; x_wconf 85' lang='lat' dir='ltr'>explorator,</span> <span class='ocrx_word' id='word_1_158' title='bbox 1069 2017 1147 2104; x_wconf 90' lang='lat' dir='ltr'>quid</span> <span class='ocrx_word' id='word_1_159' title='bbox 1171 2017 1211 2081; x_wconf 91' lang='lat' dir='ltr'>de</span> <span class='ocrx_word' id='word_1_160' title='bbox 1235 2019 1303 2082; x_wconf 87' lang='lat' dir='ltr'>vita</span> <span class='ocrx_word' id='word_1_161' title='bbox 1327 2017 1522 2082; x_wconf 89' lang='lat' dir='ltr'>secularium</span> <span class='ocrx_word' id='word_1_162' title='bbox 1546 2017 1747 2096; x_wconf 88' lang='lat' dir='ltr'>elericorum,</span> <span class='ocrx_word' id='word_1_163' title='bbox 1772 2040 1910 2103; x_wconf 88' lang='lat' dir='ltr'>quorum</span> <span class='ocrx_word' id='word_1_164' title='bbox 1932 2028 2012 2082; x_wconf 98' lang='grc' dir='ltr'>ωηο</span> <span class='ocrx_word' id='word_1_165' title='bbox 2037 2039 2124 2080; x_wconf 90' lang='lat' dir='ltr'>unus</span> 
     </span>
    </p>

    <p class='ocr_par' dir='ltr' id='par_1_5' title="bbox 468 2122 2169 2639">
     <span class='ocr_line' id='line_1_16' title="bbox 469 2122 2169 2210; baseline -0.001 -23"><span class='ocrx_word' id='word_1_166' title='bbox 469 2147 567 2206; x_wconf 88' lang='lat' dir='ltr'>eram,</span> <span class='ocrx_word' id='word_1_167' title='bbox 600 2125 788 2187; x_wconf 86' lang='lat' dir='ltr'>estimarent</span> <span class='ocrx_word' id='word_1_168' title='bbox 810 2125 872 2187; x_wconf 84' lang='lat' dir='ltr'>viri</span> <span class='ocrx_word' id='word_1_169' title='bbox 903 2125 1062 2210; x_wconf 85' lang='lat' dir='ltr'>religiosi:</span> <span class='ocrx_word' id='word_1_170' title='bbox 1094 2136 1202 2190; x_wconf 90' lang='lat' dir='ltr'>utrum</span> <span class='ocrx_word' id='word_1_171' title='bbox 1233 2124 1358 2189; x_wconf 90' lang='lat' dir='ltr'>seilicet</span> <span class='ocrx_word' id='word_1_172' title='bbox 1388 2134 1474 2188; x_wconf 89' lang='lat' dir='ltr'>esset</span> <span class='ocrx_word' id='word_1_173' title='bbox 1503 2125 1537 2188; x_wconf 93' lang='lat' dir='ltr'>in</span> <span class='ocrx_word' id='word_1_174' title='bbox 1568 2147 1607 2188; x_wconf 89' lang='lat' dir='ltr'>ea</span> <span class='ocrx_word' id='word_1_175' title='bbox 1638 2147 1711 2210; x_wconf 88' lang='lat' dir='ltr'>spes</span> <span class='ocrx_word' id='word_1_176' title='bbox 1742 2122 1852 2210; x_wconf 87' lang='lat' dir='ltr'>aliqua</span> <span class='ocrx_word' id='word_1_177' title='bbox 1874 2135 1965 2188; x_wconf 84' lang='lat' dir='ltr'>certa</span> <span class='ocrx_word' id='word_1_178' title='bbox 1995 2123 2122 2204; x_wconf 88' lang='lat' dir='ltr'>salutis,</span> <span class='ocrx_word' id='word_1_179' title='bbox 2143 2148 2169 2187; x_wconf 83' lang='lat' dir='ltr'>rs</span> 
     </span>
     <span class='ocr_line' id='line_1_17' title="bbox 468 2229 2123 2317; baseline 0 -23"><span class='ocrx_word' id='word_1_180' title='bbox 468 2231 638 2317; x_wconf 88' lang='lat' dir='ltr'>presertim</span> <span class='ocrx_word' id='word_1_181' title='bbox 664 2231 762 2293; x_wconf 88' lang='lat' dir='ltr'>castis</span> <span class='ocrx_word' id='word_1_182' title='bbox 787 2229 925 2312; x_wconf 88' lang='lat' dir='ltr'>clericis,</span> <span class='ocrx_word' id='word_1_183' title='bbox 950 2230 1055 2317; x_wconf 89' lang='lat' dir='ltr'>qualis</span> <span class='ocrx_word' id='word_1_184' title='bbox 1079 2243 1156 2296; x_wconf 90' lang='lat' dir='ltr'>tunc</span> <span class='ocrx_word' id='word_1_185' title='bbox 1181 2254 1252 2296; x_wconf 86' lang='lat' dir='ltr'>esse</span> <span class='ocrx_word' id='word_1_186' title='bbox 1277 2231 1498 2313; x_wconf 86' lang='lat' dir='ltr'>decreveram,</span> <span class='ocrx_word' id='word_1_187' title='bbox 1528 2231 1606 2295; x_wconf 90' lang='lat' dir='ltr'>licet</span> <span class='ocrx_word' id='word_1_188' title='bbox 1636 2231 1742 2295; x_wconf 92' lang='lat' dir='ltr'>adhuc</span> <span class='ocrx_word' id='word_1_189' title='bbox 1770 2253 1844 2295; x_wconf 89' lang='lat' dir='ltr'>mea</span> <span class='ocrx_word' id='word_1_190' title='bbox 1867 2253 2009 2317; x_wconf 89' lang='lat' dir='ltr'>querens</span> <span class='ocrx_word' id='word_1_191' title='bbox 2033 2253 2123 2294; x_wconf 85' lang='lat' dir='ltr'>mea-</span> 
     </span>
     <span class='ocr_line' id='line_1_18' title="bbox 469 2337 2123 2426; baseline -0.001 -24"><span class='ocrx_word' id='word_1_192' title='bbox 469 2359 532 2424; x_wconf 90' lang='lat' dir='ltr'>que</span> <span class='ocrx_word' id='word_1_193' title='bbox 557 2337 695 2422; x_wconf 82' lang='lat' dir='ltr'>diligeus</span> <span class='ocrx_word' id='word_1_194' title='bbox 719 2360 834 2423; x_wconf 89' lang='lat' dir='ltr'>parum</span> <span class='ocrx_word' id='word_1_195' title='bbox 858 2340 1034 2424; x_wconf 89' lang='lat' dir='ltr'>potuissem</span> <span class='ocrx_word' id='word_1_196' title='bbox 1059 2361 1175 2425; x_wconf 88' lang='lat' dir='ltr'>sapere</span> <span class='ocrx_word' id='word_1_197' title='bbox 1200 2339 1375 2426; x_wconf 88' lang='lat' dir='ltr'>quicquam</span> <span class='ocrx_word' id='word_1_198' title='bbox 1406 2338 1446 2402; x_wconf 90' lang='lat' dir='ltr'>dc</span> <span class='ocrx_word' id='word_1_199' title='bbox 1470 2361 1549 2402; x_wconf 83' lang='lat' dir='ltr'>vera</span> <span class='ocrx_word' id='word_1_200' title='bbox 1579 2338 1748 2402; x_wconf 89' lang='lat' dir='ltr'>honestate</span> <span class='ocrx_word' id='word_1_201' title='bbox 1772 2360 1915 2424; x_wconf 85' lang='lat' dir='ltr'>veraque</span> <span class='ocrx_word' id='word_1_202' title='bbox 1944 2337 2123 2402; x_wconf 78' lang='lat' dir='ltr'>castitate?</span> 
     </span>
     <span class='ocr_line' id='line_1_19' title="bbox 469 2444 2123 2532; baseline -0.001 -23"><span class='ocrx_word' id='word_1_203' title='bbox 469 2445 542 2509; x_wconf 90' lang='lat' dir='ltr'>Nou</span> <span class='ocrx_word' id='word_1_204' title='bbox 573 2444 629 2508; x_wconf 93' lang='lat' dir='ltr'>diu</span> <span class='ocrx_word' id='word_1_205' title='bbox 660 2446 779 2530; x_wconf 91' lang='lat' dir='ltr'>quippe</span> <span class='ocrx_word' id='word_1_206' title='bbox 811 2444 1023 2528; x_wconf 88' lang='lat' dir='ltr'>attenderam,</span> <span class='ocrx_word' id='word_1_207' title='bbox 1048 2445 1136 2531; x_wconf 93' lang='lat' dir='ltr'>quod</span> <span class='ocrx_word' id='word_1_208' title='bbox 1160 2447 1197 2528; x_wconf 88' lang='lat' dir='ltr'>is,</span> <span class='ocrx_word' id='word_1_209' title='bbox 1223 2447 1278 2532; x_wconf 92' lang='lat' dir='ltr'>qui</span> <span class='ocrx_word' id='word_1_210' title='bbox 1303 2446 1349 2509; x_wconf 92' lang='lat' dir='ltr'>sie</span> <span class='ocrx_word' id='word_1_211' title='bbox 1374 2444 1759 2526; x_wconf 82' lang='lat' dir='ltr'>divisusest,ut1nodo</span> <span class='ocrx_word' id='word_1_212' title='bbox 1784 2446 1905 2530; x_wconf 84' lang='lat' dir='ltr'>cogitet</span> <span class='ocrx_word' id='word_1_213' title='bbox 1932 2466 2017 2531; x_wconf 87' lang='lat' dir='ltr'>quae</span> <span class='ocrx_word' id='word_1_214' title='bbox 2048 2455 2123 2508; x_wconf 92' lang='lat' dir='ltr'>sunt</span> 
     </span>
     <span class='ocr_line' id='line_1_20' title="bbox 469 2550 2122 2639; baseline 0 -23"><span class='ocrx_word' id='word_1_215' title='bbox 469 2551 613 2632; x_wconf 91' lang='lat' dir='ltr'>Domini,</span> <span class='ocrx_word' id='word_1_216' title='bbox 644 2551 740 2616; x_wconf 90' lang='lat' dir='ltr'>modo</span> <span class='ocrx_word' id='word_1_217' title='bbox 765 2574 849 2637; x_wconf 89' lang='lat' dir='ltr'>quae</span> <span class='ocrx_word' id='word_1_218' title='bbox 881 2563 956 2615; x_wconf 92' lang='lat' dir='ltr'>suut</span> <span class='ocrx_word' id='word_1_219' title='bbox 984 2552 1079 2616; x_wconf 90' lang='lat' dir='ltr'>huius</span> <span class='ocrx_word' id='word_1_220' title='bbox 1110 2551 1233 2633; x_wconf 90' lang='lat' dir='ltr'>mundi,</span> <span class='ocrx_word' id='word_1_221' title='bbox 1265 2551 1359 2615; x_wconf 89' lang='lat' dir='ltr'>modo</span> <span class='ocrx_word' id='word_1_222' title='bbox 1384 2551 1546 2637; x_wconf 89' lang='lat' dir='ltr'>quomodo</span> <span class='ocrx_word' id='word_1_223' title='bbox 1570 2550 1699 2637; x_wconf 88' lang='lat' dir='ltr'>placeat</span> <span class='ocrx_word' id='word_1_224' title='bbox 1721 2550 1805 2632; x_wconf 89' lang='lat' dir='ltr'>Deo,</span> <span class='ocrx_word' id='word_1_225' title='bbox 1836 2551 1932 2616; x_wconf 91' lang='lat' dir='ltr'>modo</span> <span class='ocrx_word' id='word_1_226' title='bbox 1957 2551 2122 2639; x_wconf 89' lang='lat' dir='ltr'>quomodo</span> 
     </span>
    </p>

    <p class='ocr_par' dir='ltr' id='par_1_6' title="bbox 299 2657 2167 3171">
     <span class='ocr_line' id='line_1_21' title="bbox 470 2657 2167 2744; baseline -0.001 -22"><span class='ocrx_word' id='word_1_227' title='bbox 470 2657 598 2744; x_wconf 89' lang='lat' dir='ltr'>placeat</span> <span class='ocrx_word' id='word_1_228' title='bbox 621 2658 697 2722; x_wconf 91' lang='lat' dir='ltr'>huic</span> <span class='ocrx_word' id='word_1_229' title='bbox 721 2658 841 2740; x_wconf 89' lang='lat' dir='ltr'>seculo,</span> <span class='ocrx_word' id='word_1_230' title='bbox 866 2681 980 2744; x_wconf 88' lang='lat' dir='ltr'>parum</span> <span class='ocrx_word' id='word_1_231' title='bbox 1005 2658 1103 2722; x_wconf 89' lang='lat' dir='ltr'>distat</span> <span class='ocrx_word' id='word_1_232' title='bbox 1127 2657 1168 2722; x_wconf 88' lang='lat' dir='ltr'>ab</span> <span class='ocrx_word' id='word_1_233' title='bbox 1192 2659 1322 2722; x_wconf 88' lang='lat' dir='ltr'>homine</span> <span class='ocrx_word' id='word_1_234' title='bbox 1346 2668 1494 2740; x_wconf 90' lang='lat' dir='ltr'>uxorato,</span> <span class='ocrx_word' id='word_1_235' title='bbox 1519 2660 1616 2722; x_wconf 91' lang='lat' dir='ltr'>immo</span> <span class='ocrx_word' id='word_1_236' title='bbox 1640 2657 1694 2722; x_wconf 93' lang='lat' dir='ltr'>illo</span> <span class='ocrx_word' id='word_1_237' title='bbox 1718 2659 1853 2723; x_wconf 85' lang='lat' dir='ltr'>inferior</span> <span class='ocrx_word' id='word_1_238' title='bbox 1869 2660 1990 2740; x_wconf 88' lang='lat' dir='ltr'>existit,</span> <span class='ocrx_word' id='word_1_239' title='bbox 2016 2659 2045 2722; x_wconf 89' lang='lat' dir='ltr'>si</span> <span class='ocrx_word' id='word_1_240' title='bbox 2067 2657 2122 2722; x_wconf 92' lang='lat' dir='ltr'>ille</span> <span class='ocrx_word' id='word_1_241' title='bbox 2141 2683 2167 2722; x_wconf 75' lang='lat' dir='ltr'>zo</span> 
     </span>
     <span class='ocr_line' id='line_1_22' title="bbox 299 2763 2122 2851; baseline -0.001 -21"><span class='ocrx_word' id='word_1_242' title='bbox 299 2789 450 2839; x_wconf 62' lang='lat' dir='ltr'>aeonum.</span> <span class='ocrx_word' id='word_1_243' title='bbox 469 2764 594 2830; x_wconf 89' lang='lat' dir='ltr'>habens</span> <span class='ocrx_word' id='word_1_244' title='bbox 610 2787 756 2846; x_wconf 90' lang='lat' dir='ltr'>uxorem,</span> <span class='ocrx_word' id='word_1_245' title='bbox 781 2775 935 2851; x_wconf 89' lang='lat' dir='ltr'>tanquam</span> <span class='ocrx_word' id='word_1_246' title='bbox 960 2787 1025 2828; x_wconf 91' lang='lat' dir='ltr'>uon</span> <span class='ocrx_word' id='word_1_247' title='bbox 1040 2763 1170 2846; x_wconf 88' lang='lat' dir='ltr'>habeat,</span> <span class='ocrx_word' id='word_1_248' title='bbox 1196 2765 1351 2830; x_wconf 89' lang='lat' dir='ltr'>sollicitus</span> <span class='ocrx_word' id='word_1_249' title='bbox 1369 2775 1426 2846; x_wconf 87' lang='lat' dir='ltr'>est,</span> <span class='ocrx_word' id='word_1_250' title='bbox 1452 2765 1612 2851; x_wconf 92' lang='lat' dir='ltr'>quomodo</span> <span class='ocrx_word' id='word_1_251' title='bbox 1637 2765 1734 2828; x_wconf 88' lang='lat' dir='ltr'>etiam</span> <span class='ocrx_word' id='word_1_252' title='bbox 1759 2767 1791 2828; x_wconf 92' lang='lat' dir='ltr'>in</span> <span class='ocrx_word' id='word_1_253' title='bbox 1807 2763 1959 2829; x_wconf 90' lang='lat' dir='ltr'>habendo</span> <span class='ocrx_word' id='word_1_254' title='bbox 1983 2788 2122 2830; x_wconf 91' lang='lat' dir='ltr'>uxorem</span> 
     </span>
     <span class='ocr_line' id='line_1_23' title="bbox 381 2870 2122 2958; baseline -0.002 -20"><span class='ocrx_word' id='word_1_255' title='bbox 381 2893 452 2938; x_wconf 64' lang='lat' dir='ltr'>*tas</span> <span class='ocrx_word' id='word_1_256' title='bbox 471 2871 614 2958; x_wconf 75' lang='lat' dir='ltr'>&#39;placeat</span> <span class='ocrx_word' id='word_1_257' title='bbox 637 2871 696 2936; x_wconf 89' lang='lat' dir='ltr'>soli</span> <span class='ocrx_word' id='word_1_258' title='bbox 719 2872 803 2936; x_wconf 88' lang='lat' dir='ltr'>Deo.</span> <span class='ocrx_word' id='word_1_259' title='bbox 851 2870 975 2934; x_wconf 88' lang='lat' dir='ltr'>Tamen</span> <span class='ocrx_word' id='word_1_260' title='bbox 1000 2871 1235 2957; x_wconf 89' lang='lat' dir='ltr'>qualiscunque</span> <span class='ocrx_word' id='word_1_261' title='bbox 1258 2883 1335 2936; x_wconf 88' lang='lat' dir='ltr'>tunc</span> <span class='ocrx_word' id='word_1_262' title='bbox 1360 2894 1459 2953; x_wconf 90' lang='lat' dir='ltr'>eram,</span> <span class='ocrx_word' id='word_1_263' title='bbox 1486 2870 1626 2936; x_wconf 89' lang='lat' dir='ltr'>libenter</span> <span class='ocrx_word' id='word_1_264' title='bbox 1649 2871 1814 2936; x_wconf 87' lang='lat' dir='ltr'>volueram</span> <span class='ocrx_word' id='word_1_265' title='bbox 1839 2872 1968 2954; x_wconf 86' lang='lat' dir='ltr'>salvari,</span> <span class='ocrx_word' id='word_1_266' title='bbox 1994 2872 2122 2936; x_wconf 89' lang='lat' dir='ltr'>etiamsi</span> 
     </span>
     <span class='ocr_line' id='line_1_24' title="bbox 470 2976 2122 3066; baseline 0 -24"><span class='ocrx_word' id='word_1_267' title='bbox 470 3001 556 3042; x_wconf 91' lang='lat' dir='ltr'>mors</span> <span class='ocrx_word' id='word_1_268' title='bbox 580 3001 631 3042; x_wconf 91' lang='lat' dir='ltr'>me</span> <span class='ocrx_word' id='word_1_269' title='bbox 655 2979 825 3057; x_wconf 89' lang='lat' dir='ltr'>inveniret,</span> <span class='ocrx_word' id='word_1_270' title='bbox 857 2977 933 3042; x_wconf 90' lang='lat' dir='ltr'>licet</span> <span class='ocrx_word' id='word_1_271' title='bbox 963 2978 1072 3042; x_wconf 89' lang='lat' dir='ltr'>altaris</span> <span class='ocrx_word' id='word_1_272' title='bbox 1102 2979 1284 3043; x_wconf 89' lang='lat' dir='ltr'>ministrum</span> <span class='ocrx_word' id='word_1_273' title='bbox 1314 2979 1347 3041; x_wconf 91' lang='lat' dir='ltr'>iu</span> <span class='ocrx_word' id='word_1_274' title='bbox 1378 2976 1491 3042; x_wconf 88' lang='lat' dir='ltr'>habitu</span> <span class='ocrx_word' id='word_1_275' title='bbox 1522 2978 1670 3043; x_wconf 87' lang='lat' dir='ltr'>seculari.</span> <span class='ocrx_word' id='word_1_276' title='bbox 1717 2979 1761 3042; x_wconf 90' lang='lat' dir='ltr'>At</span> <span class='ocrx_word' id='word_1_277' title='bbox 1784 2979 1837 3044; x_wconf 91' lang='lat' dir='ltr'>ille</span> <span class='ocrx_word' id='word_1_278' title='bbox 1861 2979 2006 3066; x_wconf 87' lang='lat' dir='ltr'>prefatus</span> <span class='ocrx_word' id='word_1_279' title='bbox 2030 2979 2122 3043; x_wconf 77' lang='lat' dir='ltr'>ltere·</span> 
     </span>
     <span class='ocr_line' id='line_1_25' title="bbox 470 3084 2122 3171; baseline -0.001 -21"><span class='ocrx_word' id='word_1_280' title='bbox 470 3087 559 3167; x_wconf 88' lang='lat' dir='ltr'>mita,</span> <span class='ocrx_word' id='word_1_281' title='bbox 584 3108 680 3171; x_wconf 88' lang='lat' dir='ltr'>quem</span> <span class='ocrx_word' id='word_1_282' title='bbox 705 3095 829 3149; x_wconf 89' lang='lat' dir='ltr'>astutus</span> <span class='ocrx_word' id='word_1_283' title='bbox 854 3084 1040 3171; x_wconf 89' lang='lat' dir='ltr'>explorator</span> <span class='ocrx_word' id='word_1_284' title='bbox 1063 3085 1139 3166; x_wconf 88' lang='lat' dir='ltr'>adii,</span> <span class='ocrx_word' id='word_1_285' title='bbox 1170 3085 1248 3148; x_wconf 89' lang='lat' dir='ltr'>talia</span> <span class='ocrx_word' id='word_1_286' title='bbox 1272 3096 1392 3149; x_wconf 87' lang='lat' dir='ltr'>ettam</span> <span class='ocrx_word' id='word_1_287' title='bbox 1423 3084 1590 3167; x_wconf 87' lang='lat' dir='ltr'>tenibilia,</span> <span class='ocrx_word' id='word_1_288' title='bbox 1622 3088 1720 3150; x_wconf 89' lang='lat' dir='ltr'>immo</span> <span class='ocrx_word' id='word_1_289' title='bbox 1744 3088 1897 3150; x_wconf 85' lang='lat' dir='ltr'>virtutem</span> <span class='ocrx_word' id='word_1_290' title='bbox 1927 3085 2122 3150; x_wconf 82' lang='lat' dir='ltr'>terribilium</span> 
     </span>
    </p>

    <p class='ocr_par' dir='ltr' id='par_1_7' title="bbox 294 3190 2167 3707">
     <span class='ocr_line' id='line_1_26' title="bbox 471 3190 2167 3279; baseline 0 -22"><span class='ocrx_word' id='word_1_291' title='bbox 471 3204 536 3257; x_wconf 88' lang='lat' dir='ltr'>tam</span> <span class='ocrx_word' id='word_1_292' title='bbox 560 3191 748 3256; x_wconf 89' lang='lat' dir='ltr'>terribiliter</span> <span class='ocrx_word' id='word_1_293' title='bbox 771 3191 849 3254; x_wconf 89' lang='lat' dir='ltr'>mihi</span> <span class='ocrx_word' id='word_1_294' title='bbox 874 3190 1003 3272; x_wconf 90' lang='lat' dir='ltr'>obiecit,</span> <span class='ocrx_word' id='word_1_295' title='bbox 1027 3202 1063 3255; x_wconf 93' lang='lat' dir='ltr'>ut</span> <span class='ocrx_word' id='word_1_296' title='bbox 1087 3193 1184 3255; x_wconf 88' lang='lat' dir='ltr'>etiam</span> <span class='ocrx_word' id='word_1_297' title='bbox 1208 3193 1278 3278; x_wconf 89' lang='lat' dir='ltr'>ipse</span> <span class='ocrx_word' id='word_1_298' title='bbox 1302 3191 1381 3258; x_wconf 88' lang='lat' dir='ltr'>nrihi</span> <span class='ocrx_word' id='word_1_299' title='bbox 1412 3215 1453 3255; x_wconf 88' lang='lat' dir='ltr'>ex</span> <span class='ocrx_word' id='word_1_300' title='bbox 1478 3192 1538 3257; x_wconf 93' lang='lat' dir='ltr'>hoc</span> <span class='ocrx_word' id='word_1_301' title='bbox 1569 3194 1602 3256; x_wconf 92' lang='lat' dir='ltr'>in</span> <span class='ocrx_word' id='word_1_302' title='bbox 1627 3193 1736 3257; x_wconf 90' lang='lat' dir='ltr'>odium</span> <span class='ocrx_word' id='word_1_303' title='bbox 1759 3195 1896 3257; x_wconf 86' lang='lat' dir='ltr'>venerit.</span> <span class='ocrx_word' id='word_1_304' title='bbox 1945 3193 2012 3258; x_wconf 86' lang='lat' dir='ltr'>Sed</span> <span class='ocrx_word' id='word_1_305' title='bbox 2035 3203 2122 3279; x_wconf 89' lang='lat' dir='ltr'>post·</span> <span class='ocrx_word' id='word_1_306' title='bbox 2140 3215 2167 3257; x_wconf 81' lang='lat' dir='ltr'>as</span> 
     </span>
     <span class='ocr_line' id='line_1_27' title="bbox 471 3296 2121 3384; baseline 0.001 -21"><span class='ocrx_word' id='word_1_307' title='bbox 471 3299 602 3364; x_wconf 90' lang='lat' dir='ltr'>modum</span> <span class='ocrx_word' id='word_1_308' title='bbox 625 3298 761 3384; x_wconf 86' lang='lat' dir='ltr'>digestis</span> <span class='ocrx_word' id='word_1_309' title='bbox 785 3320 869 3384; x_wconf 85' lang='lat' dir='ltr'>quae</span> <span class='ocrx_word' id='word_1_310' title='bbox 893 3296 934 3361; x_wconf 90' lang='lat' dir='ltr'>ab</span> <span class='ocrx_word' id='word_1_311' title='bbox 959 3321 997 3362; x_wconf 90' lang='lat' dir='ltr'>eo</span> <span class='ocrx_word' id='word_1_312' title='bbox 1022 3298 1200 3380; x_wconf 86' lang='lat' dir='ltr'>audieram,</span> <span class='ocrx_word' id='word_1_313' title='bbox 1216 3297 1273 3363; x_wconf 93' lang='lat' dir='ltr'>ubi</span> <span class='ocrx_word' id='word_1_314' title='bbox 1290 3309 1418 3364; x_wconf 88' lang='lat' dir='ltr'>sanctos</span> <span class='ocrx_word' id='word_1_315' title='bbox 1434 3309 1543 3384; x_wconf 87' lang='lat' dir='ltr'>patres</span> <span class='ocrx_word' id='word_1_316' title='bbox 1559 3299 1605 3363; x_wconf 96' lang='lat' dir='ltr'>illi</span> <span class='ocrx_word' id='word_1_317' title='bbox 1622 3300 1799 3364; x_wconf 89' lang='lat' dir='ltr'>concordes</span> <span class='ocrx_word' id='word_1_318' title='bbox 1817 3299 2121 3384; x_wconf 85' lang='lat' dir='ltr'>animadverteram,</span> 
     </span>
     <span class='ocr_line' id='line_1_28' title="bbox 470 3403 2123 3493; baseline -0.001 -22"><span class='ocrx_word' id='word_1_319' title='bbox 470 3417 625 3493; x_wconf 88' lang='lat' dir='ltr'>tauquam</span> <span class='ocrx_word' id='word_1_320' title='bbox 649 3407 799 3469; x_wconf 89' lang='lat' dir='ltr'>inventus</span> <span class='ocrx_word' id='word_1_321' title='bbox 823 3427 843 3468; x_wconf 87' lang='lat' dir='ltr'>a</span> <span class='ocrx_word' id='word_1_322' title='bbox 867 3403 1055 3468; x_wconf 89' lang='lat' dir='ltr'>custodibus</span> <span class='ocrx_word' id='word_1_323' title='bbox 1078 3427 1242 3468; x_wconf 89' lang='lat' dir='ltr'>murorum</span> <span class='ocrx_word' id='word_1_324' title='bbox 1267 3407 1360 3469; x_wconf 91' lang='lat' dir='ltr'>amisi</span> <span class='ocrx_word' id='word_1_325' title='bbox 1384 3405 1581 3470; x_wconf 89' lang='lat' dir='ltr'>defensionis</span> <span class='ocrx_word' id='word_1_326' title='bbox 1605 3417 1637 3470; x_wconf 91' lang='lat' dir='ltr'>et</span> <span class='ocrx_word' id='word_1_327' title='bbox 1661 3407 1910 3492; x_wconf 88' lang='lat' dir='ltr'>dispensationis</span> <span class='ocrx_word' id='word_1_328' title='bbox 1935 3407 2123 3470; x_wconf 88' lang='lat' dir='ltr'>affectatum</span> 
     </span>
     <span class='ocr_line' id='line_1_29' title="bbox 294 3510 2120 3599; baseline -0.001 -21"><span class='ocrx_word' id='word_1_329' title='bbox 294 3537 452 3586; x_wconf 69' lang='lat' dir='ltr'>onomast.</span> <span class='ocrx_word' id='word_1_330' title='bbox 471 3513 615 3599; x_wconf 89' lang='lat' dir='ltr'>pallium,</span> <span class='ocrx_word' id='word_1_331' title='bbox 647 3534 710 3598; x_wconf 92' lang='lat' dir='ltr'>quo</span> <span class='ocrx_word' id='word_1_332' title='bbox 740 3510 893 3597; x_wconf 89' lang='lat' dir='ltr'>palliatur</span> <span class='ocrx_word' id='word_1_333' title='bbox 917 3512 1091 3575; x_wconf 89' lang='lat' dir='ltr'>enormitas</span> <span class='ocrx_word' id='word_1_334' title='bbox 1122 3511 1294 3576; x_wconf 90' lang='lat' dir='ltr'>multorum</span> <span class='ocrx_word' id='word_1_335' title='bbox 1326 3535 1529 3578; x_wconf 85' lang='lat' dir='ltr'>excessuum.</span> <span class='ocrx_word' id='word_1_336' title='bbox 1577 3513 1670 3578; x_wconf 88' lang='lat' dir='ltr'>Tunc</span> <span class='ocrx_word' id='word_1_337' title='bbox 1694 3536 1714 3577; x_wconf 91' lang='lat' dir='ltr'>a</span> <span class='ocrx_word' id='word_1_338' title='bbox 1737 3512 1927 3578; x_wconf 89' lang='lat' dir='ltr'>custodibus</span> <span class='ocrx_word' id='word_1_339' title='bbox 1957 3536 2120 3578; x_wconf 91' lang='lat' dir='ltr'>murorum</span> 
     </span>
     <span class='ocr_line' id='line_1_30' title="bbox 472 3617 2122 3707; baseline -0.001 -23"><span class='ocrx_word' id='word_1_340' title='bbox 472 3642 645 3707; x_wconf 89' lang='lat' dir='ltr'>percussus</span> <span class='ocrx_word' id='word_1_341' title='bbox 670 3629 702 3682; x_wconf 88' lang='lat' dir='ltr'>et</span> <span class='ocrx_word' id='word_1_342' title='bbox 724 3617 913 3682; x_wconf 87' lang='lat' dir='ltr'>vulneratus</span> <span class='ocrx_word' id='word_1_343' title='bbox 938 3629 979 3701; x_wconf 89' lang='lat' dir='ltr'>et,</span> <span class='ocrx_word' id='word_1_344' title='bbox 1003 3629 1039 3682; x_wconf 92' lang='lat' dir='ltr'>ut</span> <span class='ocrx_word' id='word_1_345' title='bbox 1062 3617 1141 3700; x_wconf 92' lang='lat' dir='ltr'>dixi,</span> <span class='ocrx_word' id='word_1_346' title='bbox 1172 3618 1270 3705; x_wconf 89' lang='lat' dir='ltr'>pallio</span> <span class='ocrx_word' id='word_1_347' title='bbox 1301 3619 1451 3700; x_wconf 88' lang='lat' dir='ltr'>nudatus,</span> <span class='ocrx_word' id='word_1_348' title='bbox 1482 3643 1548 3684; x_wconf 90' lang='lat' dir='ltr'>non</span> <span class='ocrx_word' id='word_1_349' title='bbox 1571 3619 1686 3684; x_wconf 89' lang='lat' dir='ltr'>erubui</span> <span class='ocrx_word' id='word_1_350' title='bbox 1711 3643 1819 3685; x_wconf 86' lang='lat' dir='ltr'>coram</span> <span class='ocrx_word' id='word_1_351' title='bbox 1843 3621 1951 3685; x_wconf 90' lang='lat' dir='ltr'>multis</span> <span class='ocrx_word' id='word_1_352' title='bbox 1976 3621 2122 3686; x_wconf 86' lang='lat' dir='ltr'>confiteri</span> 
     </span>
    </p>

    <p class='ocr_par' dir='ltr' id='par_1_8' title="bbox 303 3725 2167 4241">
     <span class='ocr_line' id='line_1_31' title="bbox 473 3725 2167 3813; baseline -0.002 -20"><span class='ocrx_word' id='word_1_353' title='bbox 473 3739 505 3792; x_wconf 93' lang='lat' dir='ltr'>et</span> <span class='ocrx_word' id='word_1_354' title='bbox 529 3727 685 3812; x_wconf 87' lang='lat' dir='ltr'>conqueri</span> <span class='ocrx_word' id='word_1_355' title='bbox 714 3725 831 3812; x_wconf 87' lang='lat' dir='ltr'>prioris</span> <span class='ocrx_word' id='word_1_356' title='bbox 854 3727 941 3789; x_wconf 85' lang='lat' dir='ltr'>vitae</span> <span class='ocrx_word' id='word_1_357' title='bbox 972 3725 1174 3789; x_wconf 89' lang='lat' dir='ltr'>miserabiles</span> <span class='ocrx_word' id='word_1_358' title='bbox 1206 3749 1370 3806; x_wconf 87' lang='lat' dir='ltr'>excessus,</span> <span class='ocrx_word' id='word_1_359' title='bbox 1403 3737 1435 3790; x_wconf 91' lang='lat' dir='ltr'>et</span> <span class='ocrx_word' id='word_1_360' title='bbox 1463 3726 1548 3808; x_wconf 91' lang='lat' dir='ltr'>ideo,</span> <span class='ocrx_word' id='word_1_361' title='bbox 1576 3738 1611 3790; x_wconf 92' lang='lat' dir='ltr'>ut</span> <span class='ocrx_word' id='word_1_362' title='bbox 1634 3749 1738 3813; x_wconf 87' lang='lat' dir='ltr'>spere,</span> <span class='ocrx_word' id='word_1_363' title='bbox 1770 3728 2027 3792; x_wconf 89' lang='lat' dir='ltr'>misericordiam</span> <span class='ocrx_word' id='word_1_364' title='bbox 2052 3751 2122 3791; x_wconf 88' lang='lat' dir='ltr'>sum</span> <span class='ocrx_word' id='word_1_365' title='bbox 2141 3751 2167 3790; x_wconf 81' lang='lat' dir='ltr'>ro</span> 
     </span>
     <span class='ocr_line' id='line_1_32' title="bbox 473 3832 2122 3921; baseline -0.001 -23"><span class='ocrx_word' id='word_1_366' title='bbox 473 3844 666 3898; x_wconf 87' lang='lat' dir='ltr'>consecutus</span> <span class='ocrx_word' id='word_1_367' title='bbox 691 3832 810 3896; x_wconf 89' lang='lat' dir='ltr'>adhoc</span> <span class='ocrx_word' id='word_1_368' title='bbox 827 3832 973 3914; x_wconf 84' lang='lat' dir='ltr'>fortasse,</span> <span class='ocrx_word' id='word_1_369' title='bbox 991 3843 1026 3896; x_wconf 92' lang='lat' dir='ltr'>ut</span> <span class='ocrx_word' id='word_1_370' title='bbox 1042 3835 1292 3916; x_wconf 88' lang='lat' dir='ltr'>conversationi,</span> <span class='ocrx_word' id='word_1_371' title='bbox 1310 3833 1343 3896; x_wconf 92' lang='lat' dir='ltr'>in</span> <span class='ocrx_word' id='word_1_372' title='bbox 1360 3856 1425 3919; x_wconf 89' lang='lat' dir='ltr'>qua</span> <span class='ocrx_word' id='word_1_373' title='bbox 1440 3856 1524 3920; x_wconf 90' lang='lat' dir='ltr'>pene</span> <span class='ocrx_word' id='word_1_374' title='bbox 1540 3836 1711 3920; x_wconf 90' lang='lat' dir='ltr'>perieram,</span> <span class='ocrx_word' id='word_1_375' title='bbox 1729 3835 1859 3900; x_wconf 89' lang='lat' dir='ltr'>omuino</span> <span class='ocrx_word' id='word_1_376' title='bbox 1876 3837 1936 3899; x_wconf 89' lang='lat' dir='ltr'>sim</span> <span class='ocrx_word' id='word_1_377' title='bbox 1953 3837 2122 3921; x_wconf 87' lang='lat' dir='ltr'>oppositus</span> 
     </span>
     <span class='ocr_line' id='line_1_33' title="bbox 474 3938 2122 4028; baseline -0.001 -23"><span class='ocrx_word' id='word_1_378' title='bbox 474 3943 598 4028; x_wconf 89' lang='lat' dir='ltr'>simque</span> <span class='ocrx_word' id='word_1_379' title='bbox 615 3942 648 4003; x_wconf 90' lang='lat' dir='ltr'>in</span> <span class='ocrx_word' id='word_1_380' title='bbox 662 3940 847 4025; x_wconf 88' lang='lat' dir='ltr'>exemplum</span> <span class='ocrx_word' id='word_1_381' title='bbox 860 3941 984 4026; x_wconf 90' lang='lat' dir='ltr'>positus</span> <span class='ocrx_word' id='word_1_382' title='bbox 1001 3938 1042 4003; x_wconf 90' lang='lat' dir='ltr'>ab</span> <span class='ocrx_word' id='word_1_383' title='bbox 1059 3962 1098 4004; x_wconf 91' lang='lat' dir='ltr'>ea</span> <span class='ocrx_word' id='word_1_384' title='bbox 1114 3941 1261 4004; x_wconf 90' lang='lat' dir='ltr'>converti</span> <span class='ocrx_word' id='word_1_385' title='bbox 1272 3938 1467 4004; x_wconf 88' lang='lat' dir='ltr'>volentibus.</span> <span class='ocrx_word' id='word_1_386' title='bbox 1498 3940 1621 4005; x_wconf 84' lang='lat' dir='ltr'>Fidelis</span> <span class='ocrx_word' id='word_1_387' title='bbox 1635 3942 1721 4004; x_wconf 91' lang='lat' dir='ltr'>euim</span> <span class='ocrx_word' id='word_1_388' title='bbox 1738 3964 1843 4006; x_wconf 90' lang='lat' dir='ltr'>sermo</span> <span class='ocrx_word' id='word_1_389' title='bbox 1860 3951 1893 4005; x_wconf 91' lang='lat' dir='ltr'>et</span> <span class='ocrx_word' id='word_1_390' title='bbox 1904 3943 1992 4006; x_wconf 89' lang='lat' dir='ltr'>omni</span> <span class='ocrx_word' id='word_1_391' title='bbox 2007 3964 2122 4028; x_wconf 88' lang='lat' dir='ltr'>accep-</span> 
     </span>
     <span class='ocr_line' id='line_1_34' title="bbox 303 4045 2123 4134; baseline 0.001 -24"><span class='ocrx_word' id='word_1_392' title='bbox 303 4071 453 4121; x_wconf 76' lang='lat' dir='ltr'>1.nm.1‚15.</span> <span class='ocrx_word' id='word_1_393' title='bbox 473 4051 560 4113; x_wconf 90' lang='lat' dir='ltr'>tione</span> <span class='ocrx_word' id='word_1_394' title='bbox 578 4047 705 4132; x_wconf 82' lang='lat' dir='ltr'>dignus,</span> <span class='ocrx_word' id='word_1_395' title='bbox 723 4048 800 4132; x_wconf 90' lang='lat' dir='ltr'>quia</span> <span class='ocrx_word' id='word_1_396' title='bbox 817 4045 964 4110; x_wconf 79' lang='lat' dir='ltr'>Christus</span> <span class='ocrx_word' id='word_1_397' title='bbox 980 4046 1072 4110; x_wconf 88' lang='lat' dir='ltr'>lesus</span> <span class='ocrx_word' id='word_1_398' title='bbox 1088 4048 1227 4110; x_wconf 89' lang='lat' dir='ltr'>venitin</span> <span class='ocrx_word' id='word_1_399' title='bbox 1243 4048 1330 4111; x_wconf 89' lang='lat' dir='ltr'>hunc</span> <span class='ocrx_word' id='word_1_400' title='bbox 1346 4047 1502 4111; x_wconf 89' lang='lat' dir='ltr'>mundum</span> <span class='ocrx_word' id='word_1_401' title='bbox 1520 4060 1708 4134; x_wconf 88' lang='lat' dir='ltr'>peccatores</span> <span class='ocrx_word' id='word_1_402' title='bbox 1725 4048 1833 4112; x_wconf 89' lang='lat' dir='ltr'>salvos</span> <span class='ocrx_word' id='word_1_403' title='bbox 1848 4048 1967 4130; x_wconf 87' lang='lat' dir='ltr'>faeere,</span> <span class='ocrx_word' id='word_1_404' title='bbox 1986 4071 2123 4134; x_wconf 80' lang='lat' dir='ltr'>quorsun</span> 
     </span>
     <span class='ocr_line' id='line_1_35' title="bbox 473 4153 2122 4241; baseline 0.001 -23"><span class='ocrx_word' id='word_1_405' title='bbox 473 4157 596 4241; x_wconf 82' lang='lat' dir='ltr'>primus</span> <span class='ocrx_word' id='word_1_406' title='bbox 621 4166 652 4217; x_wconf 90' lang='lat' dir='ltr'>et</span> <span class='ocrx_word' id='word_1_407' title='bbox 675 4155 837 4217; x_wconf 89' lang='lat' dir='ltr'>maximus</span> <span class='ocrx_word' id='word_1_408' title='bbox 854 4175 914 4238; x_wconf 87' lang='lat' dir='ltr'>ego</span> <span class='ocrx_word' id='word_1_409' title='bbox 932 4176 1012 4234; x_wconf 90' lang='lat' dir='ltr'>sum,</span> <span class='ocrx_word' id='word_1_410' title='bbox 1030 4155 1085 4239; x_wconf 93' lang='lat' dir='ltr'>qui</span> <span class='ocrx_word' id='word_1_411' title='bbox 1102 4155 1200 4217; x_wconf 88' lang='lat' dir='ltr'>etiarn</span> <span class='ocrx_word' id='word_1_412' title='bbox 1217 4153 1409 4218; x_wconf 87' lang='lat' dir='ltr'>aecclesiam</span> <span class='ocrx_word' id='word_1_413' title='bbox 1426 4154 1491 4218; x_wconf 89' lang='lat' dir='ltr'>Dei</span> <span class='ocrx_word' id='word_1_414' title='bbox 1507 4167 1697 4240; x_wconf 87' lang='lat' dir='ltr'>persecutns</span> <span class='ocrx_word' id='word_1_415' title='bbox 1721 4177 1791 4219; x_wconf 91' lang='lat' dir='ltr'>sum</span> <span class='ocrx_word' id='word_1_416' title='bbox 1808 4155 1994 4241; x_wconf 85' lang='lat' dir='ltr'>aliquando,</span> <span class='ocrx_word' id='word_1_417' title='bbox 2011 4155 2122 4219; x_wconf 89' lang='lat' dir='ltr'>defen·</span> 
     </span>
    </p>

    <p class='ocr_par' dir='ltr' id='par_1_9' title="bbox 312 4259 2169 4774">
     <span class='ocr_line' id='line_1_36' title="bbox 473 4259 2169 4348; baseline -0.001 -23"><span class='ocrx_word' id='word_1_418' title='bbox 473 4262 554 4326; x_wconf 89' lang='lat' dir='ltr'>deus</span> <span class='ocrx_word' id='word_1_419' title='bbox 578 4261 664 4324; x_wconf 88' lang='lat' dir='ltr'>mala</span> <span class='ocrx_word' id='word_1_420' title='bbox 680 4261 774 4347; x_wconf 87' lang='lat' dir='ltr'>quasi</span> <span class='ocrx_word' id='word_1_421' title='bbox 797 4283 857 4346; x_wconf 88' lang='lat' dir='ltr'>per</span> <span class='ocrx_word' id='word_1_422' title='bbox 872 4259 1164 4345; x_wconf 68' lang='lat' dir='ltr'>dispensationum</span> <span class='ocrx_word' id='word_1_423' title='bbox 1190 4273 1285 4346; x_wconf 88' lang='lat' dir='ltr'>atque</span> <span class='ocrx_word' id='word_1_424' title='bbox 1303 4261 1376 4324; x_wconf 91' lang='lat' dir='ltr'>ideo</span> <span class='ocrx_word' id='word_1_425' title='bbox 1393 4261 1530 4325; x_wconf 85' lang='lat' dir='ltr'>fortasse</span> <span class='ocrx_word' id='word_1_426' title='bbox 1548 4263 1631 4326; x_wconf 90' lang='lat' dir='ltr'>iusto</span> <span class='ocrx_word' id='word_1_427' title='bbox 1647 4262 1713 4325; x_wconf 92' lang='lat' dir='ltr'>Dei</span> <span class='ocrx_word' id='word_1_428' title='bbox 1736 4261 1859 4326; x_wconf 91' lang='lat' dir='ltr'>iudicio</span> <span class='ocrx_word' id='word_1_429' title='bbox 1883 4264 1990 4348; x_wconf 91' lang='lat' dir='ltr'>patior</span> <span class='ocrx_word' id='word_1_430' title='bbox 2004 4262 2123 4326; x_wconf 90' lang='lat' dir='ltr'>multos</span> <span class='ocrx_word' id='word_1_431' title='bbox 2142 4285 2169 4324; x_wconf 84' lang='lat' dir='ltr'>as</span> 
     </span>
     <span class='ocr_line' id='line_1_37' title="bbox 381 4365 2122 4455; baseline 0.001 -24"><span class='ocrx_word' id='word_1_432' title='bbox 381 4392 454 4434; x_wconf 64' lang='lat' dir='ltr'>*rust</span> <span class='ocrx_word' id='word_1_433' title='bbox 474 4391 525 4431; x_wconf 88' lang='lat' dir='ltr'>me</span> <span class='ocrx_word' id='word_1_434' title='bbox 547 4380 779 4454; x_wconf 87' lang='lat' dir='ltr'>persequentes</span> <span class='ocrx_word' id='word_1_435' title='bbox 796 4368 889 4451; x_wconf 92' lang='lat' dir='ltr'>quasi</span> <span class='ocrx_word' id='word_1_436' title='bbox 912 4389 971 4452; x_wconf 89' lang='lat' dir='ltr'>per</span> <span class='ocrx_word' id='word_1_437' title='bbox 988 4365 1273 4451; x_wconf 88' lang='lat' dir='ltr'>dispensationem,</span> <span class='ocrx_word' id='word_1_438' title='bbox 1291 4370 1346 4454; x_wconf 92' lang='lat' dir='ltr'>qui</span> <span class='ocrx_word' id='word_1_439' title='bbox 1363 4367 1562 4432; x_wconf 89' lang='lat' dir='ltr'>arbitrantur</span> <span class='ocrx_word' id='word_1_440' title='bbox 1586 4367 1792 4455; x_wconf 74' lang='lat' dir='ltr'>*obsequium</span> <span class='ocrx_word' id='word_1_441' title='bbox 1817 4391 1851 4432; x_wconf 88' lang='lat' dir='ltr'>se</span> <span class='ocrx_word' id='word_1_442' title='bbox 1875 4381 2021 4455; x_wconf 86' lang='lat' dir='ltr'>prestare</span> <span class='ocrx_word' id='word_1_443' title='bbox 2038 4369 2122 4451; x_wconf 89' lang='lat' dir='ltr'>Deo,</span> 
     </span>
     <span class='ocr_line' id='line_1_38' title="bbox 312 4472 2123 4574; baseline 0.001 -36"><span class='ocrx_word' id='word_1_444' title='bbox 312 4472 454 4574; x_wconf 54' lang='lat' dir='ltr'>Tssfiss&#39;ffssqgj</span> <span class='ocrx_word' id='word_1_445' title='bbox 474 4476 503 4538; x_wconf 89' lang='lat' dir='ltr'>si</span> <span class='ocrx_word' id='word_1_446' title='bbox 525 4498 576 4538; x_wconf 91' lang='lat' dir='ltr'>me</span> <span class='ocrx_word' id='word_1_447' title='bbox 601 4484 661 4538; x_wconf 86' lang='lat' dir='ltr'>aut</span> <span class='ocrx_word' id='word_1_448' title='bbox 679 4473 874 4538; x_wconf 88' lang='lat' dir='ltr'>interficiant</span> <span class='ocrx_word' id='word_1_449' title='bbox 904 4484 959 4537; x_wconf 88' lang='lat' dir='ltr'>ant</span> <span class='ocrx_word' id='word_1_450' title='bbox 983 4473 1045 4537; x_wconf 88' lang='lat' dir='ltr'>alio</span> <span class='ocrx_word' id='word_1_451' title='bbox 1069 4473 1164 4536; x_wconf 90' lang='lat' dir='ltr'>modo</span> <span class='ocrx_word' id='word_1_452' title='bbox 1189 4472 1231 4537; x_wconf 88' lang='lat' dir='ltr'>ab</span> <span class='ocrx_word' id='word_1_453' title='bbox 1255 4474 1420 4538; x_wconf 89' lang='lat' dir='ltr'>hominum</span> <span class='ocrx_word' id='word_1_454' title='bbox 1442 4475 1530 4540; x_wconf 91' lang='lat' dir='ltr'>bona</span> <span class='ocrx_word' id='word_1_455' title='bbox 1552 4477 1706 4539; x_wconf 82' lang='lat' dir='ltr'>inemoria</span> <span class='ocrx_word' id='word_1_456' title='bbox 1735 4475 1858 4557; x_wconf 88' lang='lat' dir='ltr'>tollant,</span> <span class='ocrx_word' id='word_1_457' title='bbox 1889 4487 2047 4563; x_wconf 89' lang='lat' dir='ltr'>ponentes</span> <span class='ocrx_word' id='word_1_458' title='bbox 2071 4499 2123 4540; x_wconf 90' lang='lat' dir='ltr'>me</span> 
     </span>
     <span class='ocr_line' id='line_1_39' title="bbox 360 4579 2123 4670; baseline 0.002 -26"><span class='ocrx_word' id='word_1_459' title='bbox 360 4605 454 4654; x_wconf 65' lang='lat' dir='ltr'>rasa</span> <span class='ocrx_word' id='word_1_460' title='bbox 474 4582 508 4645; x_wconf 90' lang='lat' dir='ltr'>in</span> <span class='ocrx_word' id='word_1_461' title='bbox 532 4579 711 4645; x_wconf 86' lang='lat' dir='ltr'>tenebrosis</span> <span class='ocrx_word' id='word_1_462' title='bbox 735 4591 767 4644; x_wconf 93' lang='lat' dir='ltr'>et</span> <span class='ocrx_word' id='word_1_463' title='bbox 789 4581 824 4642; x_wconf 91' lang='lat' dir='ltr'>in</span> <span class='ocrx_word' id='word_1_464' title='bbox 844 4579 959 4643; x_wconf 90' lang='lat' dir='ltr'>umbra</span> <span class='ocrx_word' id='word_1_465' title='bbox 981 4581 1104 4661; x_wconf 89' lang='lat' dir='ltr'>mortis,</span> <span class='ocrx_word' id='word_1_466' title='bbox 1129 4590 1161 4644; x_wconf 90' lang='lat' dir='ltr'>ct</span> <span class='ocrx_word' id='word_1_467' title='bbox 1182 4580 1327 4644; x_wconf 90' lang='lat' dir='ltr'>dicentes</span> <span class='ocrx_word' id='word_1_468' title='bbox 1350 4583 1478 4645; x_wconf 87' lang='lat' dir='ltr'>animae</span> <span class='ocrx_word' id='word_1_469' title='bbox 1502 4605 1610 4646; x_wconf 87' lang='lat' dir='ltr'>meae:</span> <span class='ocrx_word' id='word_1_470' title='bbox 1635 4583 1708 4648; x_wconf 80' lang='lat' dir='ltr'>Nou</span> <span class='ocrx_word' id='word_1_471' title='bbox 1732 4598 1776 4649; x_wconf 83' lang='lat' dir='ltr'>ast</span> <span class='ocrx_word' id='word_1_472' title='bbox 1797 4586 1885 4648; x_wconf 81' lang='lat' dir='ltr'>salus</span> <span class='ocrx_word' id='word_1_473' title='bbox 1908 4587 1977 4670; x_wconf 78' lang='lat' dir='ltr'>ipsi</span> <span class='ocrx_word' id='word_1_474' title='bbox 1997 4588 2031 4649; x_wconf 81' lang='lat' dir='ltr'>iu</span> <span class='ocrx_word' id='word_1_475' title='bbox 2055 4584 2123 4648; x_wconf 82' lang='lat' dir='ltr'>Deo</span> 
     </span>
     <span class='ocr_line' id='line_1_40' title="bbox 474 4685 2122 4774; baseline 0.001 -21"><span class='ocrx_word' id='word_1_476' title='bbox 474 4692 550 4753; x_wconf 78' lang='lat' dir='ltr'>eius.</span> <span class='ocrx_word' id='word_1_477' title='bbox 587 4688 660 4751; x_wconf 89' lang='lat' dir='ltr'>Non</span> <span class='ocrx_word' id='word_1_478' title='bbox 675 4685 738 4750; x_wconf 91' lang='lat' dir='ltr'>illis</span> <span class='ocrx_word' id='word_1_479' title='bbox 754 4688 931 4772; x_wconf 88' lang='lat' dir='ltr'>imputetur</span> <span class='ocrx_word' id='word_1_480' title='bbox 946 4709 1007 4750; x_wconf 91' lang='lat' dir='ltr'>nec</span> <span class='ocrx_word' id='word_1_481' title='bbox 1024 4697 1184 4750; x_wconf 89' lang='lat' dir='ltr'>statuatur</span> <span class='ocrx_word' id='word_1_482' title='bbox 1199 4689 1245 4752; x_wconf 88' lang='lat' dir='ltr'>eis</span> <span class='ocrx_word' id='word_1_483' title='bbox 1261 4687 1322 4753; x_wconf 91' lang='lat' dir='ltr'>hoc</span> <span class='ocrx_word' id='word_1_484' title='bbox 1339 4688 1381 4752; x_wconf 90' lang='lat' dir='ltr'>ad</span> <span class='ocrx_word' id='word_1_485' title='bbox 1396 4701 1578 4774; x_wconf 89' lang='lat' dir='ltr'>peccatum.</span> <span class='ocrx_word' id='word_1_486' title='bbox 1615 4689 1728 4754; x_wconf 88' lang='lat' dir='ltr'>Sciant</span> <span class='ocrx_word' id='word_1_487' title='bbox 1750 4700 1860 4754; x_wconf 88' lang='lat' dir='ltr'>tamen</span> <span class='ocrx_word' id='word_1_488' title='bbox 1882 4713 1934 4754; x_wconf 90' lang='lat' dir='ltr'>me</span> <span class='ocrx_word' id='word_1_489' title='bbox 1958 4713 2023 4754; x_wconf 89' lang='lat' dir='ltr'>non</span> <span class='ocrx_word' id='word_1_490' title='bbox 2040 4690 2122 4754; x_wconf 88' lang='lat' dir='ltr'>adeo</span> 
     </span>
    </p>

    <p class='ocr_par' dir='ltr' id='par_1_10' title="bbox 296 4792 2170 5310">
     <span class='ocr_line' id='line_1_41' title="bbox 475 4792 2170 4884; baseline -0.001 -25"><span class='ocrx_word' id='word_1_491' title='bbox 475 4817 598 4876; x_wconf 88' lang='lat' dir='ltr'>cecum,</span> <span class='ocrx_word' id='word_1_492' title='bbox 622 4805 745 4857; x_wconf 90' lang='lat' dir='ltr'>utnon</span> <span class='ocrx_word' id='word_1_493' title='bbox 767 4792 898 4856; x_wconf 84' lang='lat' dir='ltr'>videam</span> <span class='ocrx_word' id='word_1_494' title='bbox 928 4792 992 4858; x_wconf 89' lang='lat' dir='ltr'>alia</span> <span class='ocrx_word' id='word_1_495' title='bbox 1015 4794 1151 4879; x_wconf 90' lang='lat' dir='ltr'>precipi,</span> <span class='ocrx_word' id='word_1_496' title='bbox 1182 4793 1246 4858; x_wconf 87' lang='lat' dir='ltr'>alia</span> <span class='ocrx_word' id='word_1_497' title='bbox 1271 4794 1404 4878; x_wconf 91' lang='lat' dir='ltr'>consuli,</span> <span class='ocrx_word' id='word_1_498' title='bbox 1437 4795 1501 4860; x_wconf 88' lang='lat' dir='ltr'>alia</span> <span class='ocrx_word' id='word_1_499' title='bbox 1523 4798 1676 4882; x_wconf 89' lang='lat' dir='ltr'>permitti,</span> <span class='ocrx_word' id='word_1_500' title='bbox 1701 4820 1785 4884; x_wconf 87' lang='lat' dir='ltr'>quae</span> <span class='ocrx_word' id='word_1_501' title='bbox 1810 4798 1918 4862; x_wconf 89' lang='lat' dir='ltr'>omnia</span> <span class='ocrx_word' id='word_1_502' title='bbox 1942 4808 2124 4883; x_wconf 84' lang='lat' dir='ltr'>congrth</span> <span class='ocrx_word' id='word_1_503' title='bbox 2141 4819 2170 4858; x_wconf 77' lang='lat' dir='ltr'>to</span> 
     </span>
     <span class='ocr_line' id='line_1_42' title="bbox 296 4899 2123 4986; baseline 0 -19"><span class='ocrx_word' id='word_1_504' title='bbox 296 4924 532 4977; x_wconf 74' lang='lat' dir='ltr'>et.1.cm.1s,t.suo</span> <span class='ocrx_word' id='word_1_505' title='bbox 556 4901 626 4966; x_wconf 90' lang='lat' dir='ltr'>loeo</span> <span class='ocrx_word' id='word_1_506' title='bbox 651 4911 683 4964; x_wconf 92' lang='lat' dir='ltr'>et</span> <span class='ocrx_word' id='word_1_507' title='bbox 705 4901 853 4985; x_wconf 89' lang='lat' dir='ltr'>tempori.</span> <span class='ocrx_word' id='word_1_508' title='bbox 890 4899 1067 4965; x_wconf 77' lang='lat' dir='ltr'>Consentio</span> <span class='ocrx_word' id='word_1_509' title='bbox 1091 4902 1189 4964; x_wconf 87' lang='lat' dir='ltr'>etiam</span> <span class='ocrx_word' id='word_1_510' title='bbox 1213 4903 1340 4966; x_wconf 85' lang='lat' dir='ltr'>caritati</span> <span class='ocrx_word' id='word_1_511' title='bbox 1364 4903 1473 4966; x_wconf 90' lang='lat' dir='ltr'>omnia</span> <span class='ocrx_word' id='word_1_512' title='bbox 1496 4903 1674 4986; x_wconf 88' lang='lat' dir='ltr'>sufferenti,</span> <span class='ocrx_word' id='word_1_513' title='bbox 1700 4905 1808 4967; x_wconf 90' lang='lat' dir='ltr'>omnia</span> <span class='ocrx_word' id='word_1_514' title='bbox 1831 4905 2013 4968; x_wconf 89' lang='lat' dir='ltr'>sustinenti.</span> <span class='ocrx_word' id='word_1_515' title='bbox 2056 4903 2123 4970; x_wconf 86' lang='lat' dir='ltr'>Sed</span> 
     </span>
     <span class='ocr_line' id='line_1_43' title="bbox 474 5006 2123 5093; baseline 0.002 -22"><span class='ocrx_word' id='word_1_516' title='bbox 474 5031 601 5072; x_wconf 91' lang='lat' dir='ltr'>rursum</span> <span class='ocrx_word' id='word_1_517' title='bbox 625 5008 791 5072; x_wconf 90' lang='lat' dir='ltr'>consentio</span> <span class='ocrx_word' id='word_1_518' title='bbox 820 5006 927 5070; x_wconf 89' lang='lat' dir='ltr'>eidem</span> <span class='ocrx_word' id='word_1_519' title='bbox 952 5007 1092 5093; x_wconf 88' lang='lat' dir='ltr'>quedam</span> <span class='ocrx_word' id='word_1_520' title='bbox 1123 5007 1279 5072; x_wconf 88' lang='lat' dir='ltr'>scandala</span> <span class='ocrx_word' id='word_1_521' title='bbox 1308 5032 1372 5073; x_wconf 92' lang='lat' dir='ltr'>non</span> <span class='ocrx_word' id='word_1_522' title='bbox 1403 5009 1579 5092; x_wconf 86' lang='lat' dir='ltr'>sufferenti,</span> <span class='ocrx_word' id='word_1_523' title='bbox 1611 5010 1669 5074; x_wconf 89' lang='lat' dir='ltr'>sed</span> <span class='ocrx_word' id='word_1_524' title='bbox 1699 5010 1889 5092; x_wconf 91' lang='lat' dir='ltr'>succidenti,</span> <span class='ocrx_word' id='word_1_525' title='bbox 1920 5033 1961 5074; x_wconf 91' lang='lat' dir='ltr'>ne</span> <span class='ocrx_word' id='word_1_526' title='bbox 1991 5011 2123 5075; x_wconf 89' lang='lat' dir='ltr'>inutiles</span> 
     </span>
     <span class='ocr_line' id='line_1_44' title="bbox 344 5113 2123 5204; baseline 0.001 -24"><span class='ocrx_word' id='word_1_527' title='bbox 344 5141 425 5189; x_wconf 65' lang='lat' dir='ltr'>uuas,</span> <span class='ocrx_word' id='word_1_528' title='bbox 434 5141 454 5178; x_wconf 89' lang='lat' dir='ltr'>s.</span> <span class='ocrx_word' id='word_1_529' title='bbox 475 5113 607 5178; x_wconf 89' lang='lat' dir='ltr'>arbores</span> <span class='ocrx_word' id='word_1_530' title='bbox 639 5115 735 5177; x_wconf 85' lang='lat' dir='ltr'>etiarn</span> <span class='ocrx_word' id='word_1_531' title='bbox 763 5123 882 5177; x_wconf 91' lang='lat' dir='ltr'>terram</span> <span class='ocrx_word' id='word_1_532' title='bbox 907 5125 1076 5199; x_wconf 88' lang='lat' dir='ltr'>occupent,</span> <span class='ocrx_word' id='word_1_533' title='bbox 1101 5137 1184 5200; x_wconf 88' lang='lat' dir='ltr'>quae</span> <span class='ocrx_word' id='word_1_534' title='bbox 1212 5137 1319 5201; x_wconf 89' lang='lat' dir='ltr'>neque</span> <span class='ocrx_word' id='word_1_535' title='bbox 1349 5116 1464 5201; x_wconf 88' lang='lat' dir='ltr'>dignos</span> <span class='ocrx_word' id='word_1_536' title='bbox 1487 5116 1611 5181; x_wconf 86' lang='lat' dir='ltr'>fructus</span> <span class='ocrx_word' id='word_1_537' title='bbox 1635 5118 1722 5181; x_wconf 84' lang='lat' dir='ltr'>vitae</span> <span class='ocrx_word' id='word_1_538' title='bbox 1746 5116 1852 5181; x_wconf 89' lang='lat' dir='ltr'>bonae</span> <span class='ocrx_word' id='word_1_539' title='bbox 1875 5139 1982 5204; x_wconf 87' lang='lat' dir='ltr'>neque</span> <span class='ocrx_word' id='word_1_540' title='bbox 2007 5117 2123 5203; x_wconf 86' lang='lat' dir='ltr'>dignos</span> 
     </span>
     <span class='ocr_line' id='line_1_45' title="bbox 473 5219 2123 5310; baseline 0.004 -27"><span class='ocrx_word' id='word_1_541' title='bbox 473 5243 532 5307; x_wconf 90' lang='lat' dir='ltr'>pro</span> <span class='ocrx_word' id='word_1_542' title='bbox 548 5221 617 5284; x_wconf 87' lang='lat' dir='ltr'>vita</span> <span class='ocrx_word' id='word_1_543' title='bbox 639 5219 725 5284; x_wconf 88' lang='lat' dir='ltr'>mala</span> <span class='ocrx_word' id='word_1_544' title='bbox 747 5221 945 5306; x_wconf 90' lang='lat' dir='ltr'>penitentiae</span> <span class='ocrx_word' id='word_1_545' title='bbox 968 5219 1090 5283; x_wconf 89' lang='lat' dir='ltr'>habent</span> <span class='ocrx_word' id='word_1_546' title='bbox 1113 5221 1246 5286; x_wconf 87' lang='lat' dir='ltr'>fructus.</span> <span class='ocrx_word' id='word_1_547' title='bbox 1283 5221 1375 5286; x_wconf 88' lang='lat' dir='ltr'>Siout</span> <span class='ocrx_word' id='word_1_548' title='bbox 1398 5223 1495 5286; x_wconf 89' lang='lat' dir='ltr'>eredo</span> <span class='ocrx_word' id='word_1_549' title='bbox 1511 5223 1650 5287; x_wconf 90' lang='lat' dir='ltr'>Paulum</span> <span class='ocrx_word' id='word_1_550' title='bbox 1674 5224 1855 5310; x_wconf 88' lang='lat' dir='ltr'>apostolum</span> <span class='ocrx_word' id='word_1_551' title='bbox 1879 5247 1939 5310; x_wconf 89' lang='lat' dir='ltr'>per</span> <span class='ocrx_word' id='word_1_552' title='bbox 1955 5225 2123 5289; x_wconf 86' lang='lat' dir='ltr'>caritatem</span> 
     </span>
    </p>

    <p class='ocr_par' dir='ltr' id='par_1_11' title="bbox 308 5327 2171 5735">
     <span class='ocr_line' id='line_1_46' title="bbox 308 5327 2171 5416; baseline -0.001 -21"><span class='ocrx_word' id='word_1_553' title='bbox 308 5354 454 5404; x_wconf 71' lang='lat' dir='ltr'>caonas</span> <span class='ocrx_word' id='word_1_554' title='bbox 474 5327 615 5414; x_wconf 90' lang='lat' dir='ltr'>quedam</span> <span class='ocrx_word' id='word_1_555' title='bbox 639 5328 839 5410; x_wconf 85' lang='lat' dir='ltr'>sustinuisse,</span> <span class='ocrx_word' id='word_1_556' title='bbox 864 5327 909 5391; x_wconf 87' lang='lat' dir='ltr'>ita</span> <span class='ocrx_word' id='word_1_557' title='bbox 932 5327 1098 5391; x_wconf 80' lang='lat' dir='ltr'>incudem</span> <span class='ocrx_word' id='word_1_558' title='bbox 1122 5328 1256 5392; x_wconf 88' lang='lat' dir='ltr'>caritate</span> <span class='ocrx_word' id='word_1_559' title='bbox 1281 5331 1348 5393; x_wconf 90' lang='lat' dir='ltr'>scio</span> <span class='ocrx_word' id='word_1_560' title='bbox 1372 5329 1503 5412; x_wconf 90' lang='lat' dir='ltr'>factum,</span> <span class='ocrx_word' id='word_1_561' title='bbox 1529 5330 1616 5416; x_wconf 90' lang='lat' dir='ltr'>quod</span> <span class='ocrx_word' id='word_1_562' title='bbox 1640 5329 1833 5416; x_wconf 87' lang='lat' dir='ltr'>quibusdam</span> <span class='ocrx_word' id='word_1_563' title='bbox 1858 5354 1920 5396; x_wconf 90' lang='lat' dir='ltr'>nec</span> <span class='ocrx_word' id='word_1_564' title='bbox 1944 5331 1987 5395; x_wconf 88' lang='lat' dir='ltr'>ad</span> <span class='ocrx_word' id='word_1_565' title='bbox 2009 5332 2122 5396; x_wconf 88' lang='lat' dir='ltr'>horam</span> <span class='ocrx_word' id='word_1_566' title='bbox 2141 5353 2171 5393; x_wconf 78' lang='lat' dir='ltr'>ts</span> 
     </span>
     <span class='ocr_line' id='line_1_47' title="bbox 474 5433 2124 5525; baseline 0.002 -26"><span class='ocrx_word' id='word_1_567' title='bbox 474 5436 581 5516; x_wconf 89' lang='lat' dir='ltr'>cessit,</span> <span class='ocrx_word' id='word_1_568' title='bbox 605 5444 641 5498; x_wconf 90' lang='lat' dir='ltr'>ut</span> <span class='ocrx_word' id='word_1_569' title='bbox 655 5435 776 5498; x_wconf 89' lang='lat' dir='ltr'>veritas</span> <span class='ocrx_word' id='word_1_570' title='bbox 801 5433 963 5520; x_wconf 84' lang='lat' dir='ltr'>euangelii</span> <span class='ocrx_word' id='word_1_571' title='bbox 986 5445 1192 5520; x_wconf 88' lang='lat' dir='ltr'>permaneret</span> <span class='ocrx_word' id='word_1_572' title='bbox 1216 5435 1304 5522; x_wconf 91' lang='lat' dir='ltr'>apud</span> <span class='ocrx_word' id='word_1_573' title='bbox 1326 5437 1442 5522; x_wconf 90' lang='lat' dir='ltr'>ipsum.</span> <span class='ocrx_word' id='word_1_574' title='bbox 1480 5436 1552 5516; x_wconf 80' lang='lat' dir='ltr'>Quo</span> <span class='ocrx_word' id='word_1_575' title='bbox 1570 5437 1655 5502; x_wconf 88' lang='lat' dir='ltr'>facto</span> <span class='ocrx_word' id='word_1_576' title='bbox 1673 5439 1751 5502; x_wconf 87' lang='lat' dir='ltr'>satis</span> <span class='ocrx_word' id='word_1_577' title='bbox 1768 5438 1889 5520; x_wconf 88' lang='lat' dir='ltr'>docuit,</span> <span class='ocrx_word' id='word_1_578' title='bbox 1907 5439 1994 5525; x_wconf 92' lang='lat' dir='ltr'>quod</span> <span class='ocrx_word' id='word_1_579' title='bbox 2010 5450 2124 5503; x_wconf 86' lang='lat' dir='ltr'>contra</span> 
     </span>
     <span class='ocr_line' id='line_1_48' title="bbox 473 5540 2122 5631; baseline 0.002 -26"><span class='ocrx_word' id='word_1_580' title='bbox 473 5543 644 5605; x_wconf 85' lang='lat' dir='ltr'>veritatem</span> <span class='ocrx_word' id='word_1_581' title='bbox 667 5540 801 5605; x_wconf 87' lang='lat' dir='ltr'>falsitati</span> <span class='ocrx_word' id='word_1_582' title='bbox 824 5564 885 5605; x_wconf 89' lang='lat' dir='ltr'>uec</span> <span class='ocrx_word' id='word_1_583' title='bbox 909 5541 951 5605; x_wconf 92' lang='lat' dir='ltr'>ad</span> <span class='ocrx_word' id='word_1_584' title='bbox 974 5542 1086 5605; x_wconf 88' lang='lat' dir='ltr'>horam</span> <span class='ocrx_word' id='word_1_585' title='bbox 1111 5541 1185 5605; x_wconf 90' lang='lat' dir='ltr'>cedi</span> <span class='ocrx_word' id='word_1_586' title='bbox 1209 5544 1372 5607; x_wconf 88' lang='lat' dir='ltr'>convenit.</span> <span class='ocrx_word' id='word_1_587' title='bbox 1407 5542 1459 5606; x_wconf 94' lang='lat' dir='ltr'>Illi</span> <span class='ocrx_word' id='word_1_588' title='bbox 1482 5553 1591 5608; x_wconf 90' lang='lat' dir='ltr'>tamen</span> <span class='ocrx_word' id='word_1_589' title='bbox 1614 5567 1790 5630; x_wconf 88' lang='lat' dir='ltr'>pravorum</span> <span class='ocrx_word' id='word_1_590' title='bbox 1813 5543 1943 5628; x_wconf 87' lang='lat' dir='ltr'>surculi,</span> <span class='ocrx_word' id='word_1_591' title='bbox 1969 5546 2025 5631; x_wconf 90' lang='lat' dir='ltr'>qui</span> <span class='ocrx_word' id='word_1_592' title='bbox 2047 5567 2122 5610; x_wconf 91' lang='lat' dir='ltr'>nee·</span> 
     </span>
     <span class='ocr_line' id='line_1_49' title="bbox 473 5647 2126 5735; baseline 0.003 -24"><span class='ocrx_word' id='word_1_593' title='bbox 473 5647 550 5711; x_wconf 91' lang='lat' dir='ltr'>dum</span> <span class='ocrx_word' id='word_1_594' title='bbox 574 5647 657 5712; x_wconf 85' lang='lat' dir='ltr'>falce</span> <span class='ocrx_word' id='word_1_595' title='bbox 682 5647 860 5735; x_wconf 89' lang='lat' dir='ltr'>apostolica</span> <span class='ocrx_word' id='word_1_596' title='bbox 888 5659 962 5712; x_wconf 89' lang='lat' dir='ltr'>sunt</span> <span class='ocrx_word' id='word_1_597' title='bbox 992 5649 1149 5735; x_wconf 89' lang='lat' dir='ltr'>amputati</span> <span class='ocrx_word' id='word_1_598' title='bbox 1179 5671 1240 5713; x_wconf 87' lang='lat' dir='ltr'>nec</span> <span class='ocrx_word' id='word_1_599' title='bbox 1264 5650 1474 5713; x_wconf 87' lang='lat' dir='ltr'>inveniuntur</span> <span class='ocrx_word' id='word_1_600' title='bbox 1503 5651 1538 5713; x_wconf 93' lang='lat' dir='ltr'>in</span> <span class='ocrx_word' id='word_1_601' title='bbox 1561 5652 1627 5715; x_wconf 90' lang='lat' dir='ltr'>suis</span> <span class='ocrx_word' id='word_1_602' title='bbox 1651 5651 1767 5716; x_wconf 85' lang='lat' dir='ltr'>officiis</span> <span class='ocrx_word' id='word_1_603' title='bbox 1791 5652 1965 5735; x_wconf 89' lang='lat' dir='ltr'>interdicti,</span> <span class='ocrx_word' id='word_1_604' title='bbox 1990 5662 2026 5716; x_wconf 92' lang='lat' dir='ltr'>ut</span> <span class='ocrx_word' id='word_1_605' title='bbox 2049 5661 2126 5716; x_wconf 90' lang='lat' dir='ltr'>sunt</span> 
     </span>
    </p>
   </div>
   <div class='ocr_carea' id='block_1_3' title="bbox 581 5809 726 5880">
    <p class='ocr_par' dir='ltr' id='par_1_12' title="bbox 581 5809 726 5880">
     <span class='ocr_line' id='line_1_50' title="bbox 581 5809 726 5880; baseline 0.007 -17"><span class='ocrx_word' id='word_1_606' title='bbox 581 5811 607 5876; x_wconf 82' lang='lat' dir='ltr'>a)</span> <span class='ocrx_word' id='word_1_607' title='bbox 629 5809 688 5880; x_wconf 86' lang='lat' dir='ltr'>pri⁹</span> <span class='ocrx_word' id='word_1_608' title='bbox 706 5833 726 5864; x_wconf 90' lang='grc' dir='ltr'>ο.</span> 
     </span>
    </p>
   </div>
   <div class='ocr_carea' id='block_1_4' title="bbox 0 0 2261 6388">
    <p class='ocr_par' dir='ltr' id='par_1_13' title="bbox 0 0 2261 6388">
     <span class='ocr_line' id='line_1_51' title="bbox 0 0 2261 6388; baseline 0 0"><span class='ocrx_word' id='word_1_609' title='bbox 0 0 2261 6388; x_wconf 95' lang='lat' dir='ltr'> </span> 
     </span>
    </p>
   </div>
  </div>
 </body>
</html>
