4568 6428
461 411 502 472 44
593 416 748 472 LIBELLI
771 416 937 472 Honoltu
961 387 1340 470 AUGUSTOUUNENSIS
1368 411 1610 470 PRESBYTERI
1635 415 1685 470 ET
1709 413 1976 471 SCHOLASTICI.

460 614 583 667 tantruu
615 604 649 665 in
676 613 843 689 assumpta
872 601 1014 666 humana
1043 602 1147 666 forma
1177 599 1339 688 apparuit,
1370 600 1630 688 applicabantur,
1662 613 1783 688 quanto
1814 603 1919 688 magis
1950 600 1991 665 ab
2023 603 2112 666 omni

461 721 612 774 contactu
635 709 807 773 mulierum
830 707 951 773 debent
975 731 1010 772 se
1034 709 1154 794 iugiter
1178 707 1390 790 ohservare²,
1422 709 1478 794 qni
1508 708 1571 794 ipsi
1595 707 1738 772 Domino
1762 708 1952 795 angelorum
1976 708 2112 772 cottidie

460 815 581 881 debent
605 815 917 903 appropinquare?l
961 815 1044 880 Item
1068 813 1220 900 legitur-¹³,
1246 815 1334 902 quod
1349 815 1461 879 David
1486 839 1505 878 a
1522 815 1600 880 Saul
1624 815 1772 900 fugiens⁰
1794 815 1846 878 et‘¹
1867 817 2012 878 esuriens
2036 839 2112 880 cum

461 926 526 988 suis
551 947 571 988 a
594 924 762 988 sacerdote
787 945 905 1010 panem
928 922 1133 987 sacerdotum
1157 945 1222 986 non
1247 924 1439 1008 accepisset,
1470 923 1532 986 nisi
1563 945 1597 986 se
1629 923 1718 1008 prius
1742 921 1849 986 triduo
1874 946 1893 986 a
1917 921 2112 1007 coniugibus

444 1029 655 1108 ,abstinuisse
686 1028 909 1116 respondisset
918 1035 939 1094 ².
987 1029 1022 1093 δί
1050 1028 1161 1093 David
1191 1030 1347 1093 esurienti
1378 1041 1449 1094 erat
1479 1029 1628 1093 illicitum
1658 1030 1747 1094 vesci
1779 1053 1862 1115 pane
1894 1028 2146 1106 sacerdoturn,s

460 1138 522 1200 nisi
547 1149 632 1200 esset
655 1136 795 1201 mundus
820 1135 861 1200 ab
885 1159 1020 1200 accessu
1044 1135 1225 1219 mulierum,
1252 1137 1321 1200 istis
1345 1135 1422 1200 licet
1445 1136 1605 1222 implicari
1630 1135 1781 1200 sordibus
1804 1137 2020 1216 meretricum,
2045 1159 2113 1200 non

460 1267 608 1326 uxorum,
633 1245 688 1330 qni
714 1243 845 1308 cottidie
870 1242 990 1307 debent
1013 1242 1123 1307 vesciss
1152 1266 1236 1328 pane
1261 1243 1477 1328 angelorum?
1512 1243 1596 1308 Item
1620 1242 1772 1328 legitur⁰,
1798 1242 1885 1330 quod
1910 1243 1980 1308 Oza
2004 1265 2112 1307 sacer·

460 1351 530 1433 dos,
561 1349 638 1414 dum
669 1361 836 1414 nutantem
865 1349 998 1414 archam
1028 1361 1139 1414 tenere
1164 1349 1276 1432 voluit,
1308 1373 1328 1414 a
1351 1350 1493 1415 Domino
1522 1349 1671 1414 occisus(i
1697 1351 1821 1414 interiit
1831 1355 1852 1413 ³.
1900 1348 1968 1413 Cur
1991 1348 2113 1414 occidit

460 1481 534 1522 eum
559 1456 730 1538 Dominus,
762 1457 789 1520 si
812 1456 915 1521 voluit
945 1457 1073 1541 operari
1105 1455 1225 1520 bonum
1256 1457 1363 1543 opus?
1411 1457 1481 1522 Oza
1512 1455 1657 1521 creditur
1688 1456 1743 1520 illa
1765 1455 1872 1520 ‘nocte
1904 1480 1978 1520 cum
2008 1479 2112 1520 uxore

460 1563 540 1628 esuar
566 1564 666 1628 fuisse
690 1575 723 1628 et
746 1563 801 1628 illa
824 1563 877 1627 die
901 1573 1015 1628 sarrcta
1037 1573 1172 1648 tangere
1199 1565 1257 1627 eis
1284 1587 1348 1628 non
1373 1563 1514 1628 licuisse.
1562 1562 1597 1628 Si
1622 1562 1675 1627 ille
1699 1564 1733 1627 in
1757 1585 1894 1649 corpore
1918 1564 2023 1649 periit,
2055 1564 2113 1649 qui
2135 1590 2160 1627 ιο

460 1671 600 1757 pollutus
624 1669 702 1735 illud
726 1693 785 1734 vas
809 1681 933 1740 tantum
957 1670 1099 1734 Domino
1124 1668 1313 1735 dedicatum
1346 1681 1480 1756 tangere
1505 1667 1738 1756 presumpsitl,
1770 1681 1892 1757 quanto
1922 1671 2026 1756 magis
2056 1671 2113 1733 isti

460 1780 492 1841 in
516 1779 625 1842 anima
648 1789 795 1863 pereunt,
828 1778 893 1864 qui,
925 1776 1074 1842 omnibus
1106 1776 1256 1842 sordibus
1280 1777 1495 1841 inmunditiae
1519 1776 1667 1858 involuti,
1699 1776 1789 1840 illum
1813 1789 2015 1841 contrectare
2039 1799 2111 1862 pre-

460 1896 598 1960 sumunt,
630 1885 663 1948 in
694 1886 785 1948 euius
816 1897 994 1970 conspectu
1023 1906 1085 1948 uec
1115 1884 1175 1972 celi
1208 1883 1321 1949 mundi
1352 1883 1476 1948 sunt‘l4
1520 1883 1603 1947 item
1634 1882 1787 1968 legitur¹,
1820 1882 1907 1970 quod
1931 1881 2047 1948 Nadab
2080 1895 2113 1947 et

459 1990 557 2073 Abin,
581 1991 637 2054 lilii
662 1991 784 2073 Aaron,
809 1990 850 2055 ab
873 1992 949 2076 igne
975 1991 1120 2055 devorati
1146 2001 1230 2072 sunt,
1256 1990 1332 2054 dum
1358 1992 1391 2054 in
1416 1991 1577 2054 sacrificio
1597 1989 1731 2054 Domini
1755 1992 1865 2076 ignem
1889 1989 2031 2055 alienum
2055 1989 2111 2054 ob·

460 2098 633 2162 tulerunta
681 2099 716 2163 Si
741 2099 882 2163 Domino
905 2097 1078 2176 voluerunt
1107 2098 1276 2162 incensum
1301 2098 1428 2180 offerre,
1459 2109 1518 2162 cur
1541 2097 1689 2162 devorati
1714 2109 1789 2162 sunt
1818 2096 1861 2162 ab
1884 2097 1986 2183 igne?
2034 2096 2110 2160 Ore·
2133 2122 2158 2160 rs

461 2205 581 2269 duntur
604 2216 636 2269 et
659 2205 705 2269 illi
729 2206 762 2268 in
785 2217 880 2268 nocte
905 2227 972 2268 rem
998 2228 1071 2268 cum
1095 2203 1305 2269 mulieribusl
1334 2204 1498 2286 habuisse,
1531 2215 1563 2268 et
1594 2203 1649 2268 illa
1673 2203 1726 2268 die
1750 2203 1813 2268 illis
1838 2205 2021 2268 ministrare
2046 2226 2110 2267 non

461 2312 584 2376 licitum
608 2312 718 2392 fuissc,
744 2325 777 2376 et
799 2311 873 2375 ideo
898 2311 1133 2398 inexemplum
1157 2311 1337 2375 futurorum
1363 2312 1569 2376 sacerdotum
1595 2334 1650 2374 eos
1675 2313 1707 2374 in
1732 2333 1868 2397 corpore
1893 2312 2039 2396 periisse.
2076 2309 2111 2375 Si

461 2419 531 2482 illos
562 2419 762 2505 consumpsit
791 2417 992 2496 incendium,
1024 2419 1079 2504 qui
1111 2417 1224 2504 polluti
1255 2417 1458 2482 obtulerunt¹
1491 2431 1615 2482 tantum
1647 2419 1830 2500 incensum,
1863 2417 1972 2504 quidm
2003 2429 2109 2504 putas,

461 2526 600 2611 qualiter
623 2535 699 2588 eos¹¹
727 2523 858 2589 flanrrna
887 2523 1055 2612 gehenme
1085 2523 1293 2606 absorbeat0,
1324 2526 1380 2610 qui
1412 2526 1546 2589 ordinm
1574 2525 1762 2610 angelorum
1793 2525 1900 2611 ipsum
1932 2525 2033 2610 patris
2063 2525 2110 2588 in·

461 2655 604 2712 (sensuro,
629 2630 794 2695 Christum
818 2631 952 2712 scilicet,
978 2630 1110 2695 cottidie
1135 2631 1250 2694 offerre
1275 2630 1425 2694 sordibus
1449 2631 1595 2696 inmundi
1620 2655 1684 2696 non
1708 2630 1897 2717 trepidant?
2130 2657 2157 2695 so

909 2811 961 2873 20.
1005 2809 1064 2873 De
1095 2809 1316 2895 gentilium
1348 2809 1657 2874 sacerdotibus.

568 2932 657 3013 Quid
680 2933 795 3018 loquor
818 2933 858 2997 de
883 2931 1107 2998 sacerdotibus
1132 2932 1251 2998 deditis
1276 2935 1396 2999 divinis
1421 2934 1571 3016 cultibus,
1597 2957 1670 2999 cum
1692 2933 1861 3020 gentilium
1884 2932 2011 2997 litterae
2035 2955 2110 2997 suos

461 3039 647 3104 sacerdotes
679 3063 697 3104 a
727 3038 916 3104 mulieribus
952 3040 1147 3104 abstinuisse
1182 3041 1328 3120 tradant,
1364 3041 1495 3128 quando
1530 3041 1636 3127 ydolis
1671 3040 1867 3104 immolaturi
1903 3040 2021 3104 erant?
2074 3040 2109 3104 δί

461 3148 680 3210 continentiae
711 3169 843 3232 operam
875 3145 1010 3228 dabant,
1047 3149 1102 3233 qui
1139 3146 1331 3212 demonibus
1365 3147 1610 3228 sacrificabant,
1647 3149 1716 3212 istis
1748 3147 1938 3212 conceditur
1970 3169 2004 3210 se
2036 3169 2109 3212 cum

360 3272 441 3317 nnn.
461 3252 649 3317 mulieribus
674 3254 896 3339 coinquinare,
913 3253 981 3340 'qui
1002 3255 1097 3316 vion
1119 3266 1245 3318 atvero
1262 3255 1346 3335 Deo,
1372 3257 1514 3318 omnium
1539 3255 1806 3336 sanetificatorir,
1831 3253 1963 3319 cottidie
1988 3253 2110 3318 debent
2129 3279 2155 3318 rs

461 3383 580 3444 agnum
610 3360 862 3442 immaculatum,
888 3358 1062 3438 Christum,
1092 3361 1286 3425 immolare?
1332 3362 1438 3447 lgitur
1468 3361 1648 3426 aecclesiae
1679 3361 1865 3426 sacerdotes
1893 3360 2014 3425 debent
2038 3383 2109 3425 esse

461 3468 673 3531 continentes.

965 3559 1018 3620 21.
1058 3557 1117 3620 De
1148 3557 1391 3622 sacerdotio
1423 3557 1594 3622 Christi.
1689 3625 1690 3628 ,

567 3681 720 3746 Veterem
744 3683 919 3746 cisternam
942 3681 1172 3768 relinquamus
1198 3682 1240 3746 ad
1263 3681 1386 3746 fluenta
1409 3683 1487 3746 novi
1510 3683 1608 3746 fontis
1625 3684 1803 3746 veniamus.
1840 3682 1933 3745 lesus
1950 3681 2109 3762 Christus,

461 3788 554 3852 Deus
577 3800 609 3852 et
632 3786 781 3852 dominus
805 3801 923 3870 noster,
949 3790 982 3852 in
1003 3811 1099 3875 quem
1123 3812 1235 3852 onrncs
1260 3789 1433 3871 credimus,
1459 3791 1547 3852 etin
1572 3805 1636 3875 quo
1661 3786 1750 3852 solos
1771 3789 1889 3852 salvari
1907 3788 2108 3868 confidimus,
2129 3813 2154 3852 ao

462 3896 516 3980 qui
548 3895 628 3980 legis
652 3895 913 3959 maledictionem
938 3895 1033 3958 solvit
1057 3906 1089 3959 et
1112 3897 1236 3980 gratiae
1261 3895 1522 3960 benedictionem
1548 3895 1691 3977 contulit,
1723 3896 1793 3981 ipsc
1822 3918 1965 3958 summus
1990 3909 2022 3959 et
2046 3896 2108 3981 pri-

461 4025 532 4064 mus
556 4000 708 4064 sacerdos
733 4001 922 4082 aecclesiae,
947 4016 982 4065 ut
1004 4001 1241 4066 demonstraret
1265 4002 1327 4066 sibi
1348 4005 1527 4067 servientes
1549 4000 1669 4065 debere
1694 4001 1833 4088 celibem
1853 4003 1954 4065 vitam
1979 4001 2108 4080 ducere,

461 4109 553 4170 nasci
575 4107 677 4171 voluit
701 4108 741 4171 de
766 4119 856 4172 casta
880 4110 1006 4193 virgine
1037 4121 1070 4172 et
1100 4110 1169 4194 ipse
1202 4109 1386 4194 exemplum
1419 4110 1576 4173 castitatis
1601 4108 1742 4172 vivendo
1771 4121 1803 4172 et
1826 4108 1974 4172 docendo
2005 4132 2108 4195 usque

313 4233 442 4284 tutatast.
460 4216 494 4277 in
510 4215 606 4276 linem
623 4215 709 4277 vitae
735 4214 863 4299 prebuit
887 4227 919 4278 et
943 4214 1003 4278 sibi
1029 4216 1152 4278 servire
1169 4216 1353 4280 volentibus
1371 4216 1470 4280 dixit:
1499 4217 1565 4294 Qui
1585 4218 1667 4280 irriti
1688 4219 1856 4297 rro'mstmt,
1881 4242 1928 4279 me
1950 4232 2108 4301 separatur,

461 4319 494 4383 id
511 4331 560 4382 est
575 4342 627 4382 me
644 4321 796 4401 imitetur,
822 4345 860 4384 ac
884 4323 911 4384 si
936 4333 1047 4406 aperte
1072 4321 1211 4385 diceret:
1238 4321 1283 4385 ‘Si
1300 4324 1351 4385 vis
1368 4322 1447 4386 mihi
1471 4323 1665 4402 ministrare,
1690 4343 1741 4384 me
1766 4333 1854 4386 caste
1872 4322 2014 4386 vivendo
2038 4323 2107 4386 imi·
2128 4346 2153 4385 so

461 4426 551 4490 tare’.
599 4425 634 4490 Si
657 4428 768 4510 genito
792 4426 832 4490 de
857 4429 1005 4491 castitate
1023 4440 1129 4491 castos
1154 4431 1307 4492 convenit
1330 4430 1524 4510 ministrare,
1550 4429 1674 4514 etipse
1699 4429 1919 4492 incestuosos⁸
1943 4429 2011 4493 odit
2034 4439 2066 4492 et
2090 4453 2109 4493 a

461 4556 518 4596 stro
543 4534 720 4597 ministerio
745 4535 881 4619 seponit,
912 4535 1011 4618 igitur
1035 4536 1148 4616 omnis,
1181 4536 1235 4621 qui
1259 4535 1408 4599 luxuriae
1433 4534 1583 4598 sordibus
1607 4557 1642 4598 se
1667 4536 1865 4621 coinquinat,
1891 4534 2019 4600 Christo
2043 4559 2108 4600 non

461 4640 630 4704 ministrat.
654 4665 655 4670 ¹

918 4731 969 4793 22.
1013 4730 1070 4792 De
1101 4731 1340 4794 ministerio
1372 4731 1647 4795 sacerdotum.

567 4853 718 4939 Denique
735 4853 891 4939 quamdiu
907 4855 1063 4940 quisquet
1086 4856 1140 4917 in¹¹
1161 4854 1355 4918 inmunditia
1372 4856 1463 4936 vivit,
1481 4853 1610 4918 Christo
1628 4854 1813 4918 nullomodo
1830 4856 1952 4918 servire
1977 4857 2105 4942 poterit.
2126 4881 2152 4919 so

460 4959 553 5024 Dicis
570 4982 663 5045 ergo:
690 4959 735 5024 ‘Si
753 4959 882 5025 Christo
898 4983 962 5024 non
980 4962 1134 5043 serviunt,
1159 4963 1215 5047 qui
1232 4973 1320 5025 caste
1338 4985 1402 5024 non
1419 4963 1544 5044 sdvunt,
1563 4963 1616 5025 eui
1633 4963 1788 5046 serviunt,
1806 4985 1879 5025 cum
1896 4963 1929 5024 in
1946 4962 2108 5026 aecclesia

567 5139 593 5203 a)
616 5159 725 5192 servare
745 5143 777 5192 B.
868 5141 896 5204 b)
918 5145 946 5192 in
966 5141 1036 5194 libro
1057 5161 1150 5208 regum
1169 5145 1229 5193 (ald.
1249 5144 1282 5193 B.
1375 5141 1400 5205 c)
1422 5146 1537 5210 fugisset
1556 5145 1588 5194 B.
1683 5141 1711 5204 d)
1733 5145 1798 5194 (leat
1817 5145 1849 5194 B.
1941 5141 1967 5206 e)
1989 5147 2016 5195 in
2038 5145 2106 5196 libro

460 5247 555 5296 regum
573 5231 680 5282 maan.
753 5227 773 5292 f)
794 5232 912 5282 siccati).
985 5229 1013 5297 g)
1036 5235 1062 5282 ei
1081 5241 1193 5297 tangere
1214 5233 1286 5283 [Μ’.
1360 5231 1388 5294 hl
1410 5234 1435 5284 in
1456 5235 1506 5283 lom
1524 5233 1622 5283 rosoc.
1695 5230 1715 5294 i)
1738 5235 1764 5282 in
1784 5233 1853 5283 libro
1868 5235 1980 5286 Numeri
1999 5235 2059 5285 odd.
2074 5235 2106 5284 B.

460 5321 488 5378 kl
511 5322 641 5371 risoribus
660 5321 694 5370 Ι).
763 5319 782 5378 Ι)
802 5321 853 5371 (dio
870 5329 1008 5372 atranaento
1025 5338 1146 5386 superarer.
1167 5323 1200 5370 A.
1266 5319 1302 5380 m)
1324 5324 1397 5386 quod
1418 5323 1451 5372 .l.
1516 5319 1543 5384 n)
1566 5339 1613 5372 eos
1634 5322 1753 5388 qualiter
1770 5341 1834 5372 corr.
1854 5341 1879 5388 q.
1893 5341 1916 5373 e.
1935 5324 2108 5389 asperseriptia

459 5410 547 5460 litteris
566 5427 582 5460 a
600 5419 623 5459 et
642 5411 658 5459 b
680 5411 712 5459 ,4,
785 5413 812 5466 o)
835 5411 982 5461 obsorbeat
1003 5413 1029 5460 (³.
1109 5407 1137 5476 p)
1159 5411 1271 5462 odorem
1291 5412 1330 5472 B;
1359 5413 1482 5462 ordinem
1499 5413 1525 5462 0.
1599 5407 1627 5476 q)
1650 5428 1704 5461 uno
1724 5411 1797 5461 stt).
1877 5411 1900 5473 r)
1921 5413 2052 5463 salvatori
2074 5415 2106 5462 ,4.
2125 5423 2151 5461 ts

459 5503 482 5558 s)
503 5493 692 5549 incestluosos
711 5499 822 5549 radenda
839 5499 945 5549 cenarit
963 5501 1134 5550 incestuosos
1154 5501 1187 5549 ,4.
1262 5497 1282 5561 t)
1304 5501 1369 5550 ‹loest
1384 5501 1410 5550 (Ἰ,
1485 5501 1513 5560 ιι)
1534 5518 1654 5565 sraperaer.
1676 5503 1708 5550 xl.

568 5661 597 5730 1)
623 5661 671 5734 Os.
697 5661 794 5719 Iruroc.
819 5663 843 5718 Ι.
868 5682 911 5737 ep.
936 5662 976 5732 II,
1002 5683 1024 5718 e.
1051 5662 1068 5716 9
1102 5659 1218 5735 (Leonis
1242 5663 1298 5719 ΙΙΙ.
1323 5684 1389 5740 opp.
1415 5666 1457 5721 ed.
1482 5663 1626 5720 Ballerini
1648 5664 1704 5735 III,
1731 5663 1811 5735 204;
1841 5664 1928 5738 Jaffri
1948 5684 1993 5721 nr.
2019 5661 2105 5739 288).

461 5769 490 5836 2>
519 5769 545 5824 l.
571 5770 641 5844 Ilcy.
668 5768 748 5838 21,1
768 5789 809 5844 sq.
903 5769 932 5839 3)
959 5769 987 5824 2.
1005 5770 1076 5846 Rep.
1095 5770 1215 5844 atq.
1309 5771 1339 5842 4)
1367 5771 1415 5844 Cf.
1440 5772 1489 5829 Iob
1509 5773 1557 5842 15,
1575 5772 1623 5827 lt.
1717 5771 1747 5841 5)
1773 5771 1861 5828 Leuit.
1883 5771 2024 5848 10,lsq.
