4410 6406
430 357 494 420 294
722 361 902 418 GERHOHI
928 361 1160 418 PRAEPOSITI
1183 361 1592 418 REICHERSBERGENSIS
1616 361 1783 424 LIBELLI.

332 574 409 622 nna
838 553 868 612 6.
904 549 963 612 De
989 547 1151 613 duabus
1175 547 1355 613 navibus
1380 547 1677 634 apostolorum.

537 676 638 740 Navis
662 676 750 738 Petri
775 673 912 760 apostoli
937 673 1015 736 ordo
1040 673 1119 737 cleri
1142 673 1329 759 apostolicis
1354 667 1535 759 disciplinis
1559 672 1724 744 informati
1747 695 1812 735 non
1836 673 2023 756 incongrue
2048 670 2093 732 in-

261 805 409 852 anescat.
428 783 593 868 telligitur.
641 781 744 845 Navis
768 791 878 845 autem
895 779 1060 860 Iohannis,
1086 781 1141 865 qui
1165 802 1264 864 super
1287 791 1401 866 pectus
1418 780 1552 843 Domini
1576 778 1736 860 recubuit,
1761 790 1836 865 apte
1861 788 1956 842 notat
1979 799 2094 840 mona·

430 890 563 954 chorum
588 889 812 973 religiosorum
837 888 980 972 quietem
1003 895 1160 966 sanctam,
1185 885 1225 950 de
1251 909 1315 972 qua
1339 909 1571 973 nonnunquam
1595 887 1642 949 sic
1667 886 1854 956 excitantur
1876 895 1910 948 et
1941 885 1975 946 in
2002 881 2094 946 adiu·

319 1017 410 1066 ‘utta
429 997 545 1061 terium
574 996 652 1059 cleri
678 1005 845 1074 vocantur,
876 1004 911 1057 ut
941 992 1111 1079 pulchrum
1144 992 1321 1057 exhibeant
1352 991 1573 1079 spectaculum
1598 993 1687 1058 Petri
1712 1001 1744 1056 et
1767 991 1924 1056 lobannis
1951 989 2126 1074 *Iosephs

430 1115 462 1166 et
485 1102 656 1166 Beniamin
681 1123 752 1164 sesc
776 1101 918 1163 invicem
942 1099 1083 1164 fraterne
1108 1100 1285 1163 amantium
1310 1109 1342 1163 et
1365 1099 1589 1164 adiuuantium
1612 1100 1647 1162 in
1671 1098 1766 1166 domo
1790 1097 1890 1162 Iacob
1917 1097 2005 1160 filios
2033 1096 2095 1158 aa·

430 1208 531 1273 chelis
562 1208 735 1294 plurimum
767 1205 941 1290 diligentis.
988 1205 1120 1269 Fratres
1151 1207 1237 1282 enim
1269 1209 1369 1271 ceteri
1400 1208 1469 1272 sive
1493 1207 1573 1270 Liae
1602 1207 1671 1269 sive
1696 1205 1885 1274 ancillarum
1911 1203 1982 1284 filii,
2017 1203 2096 1266 licet

430 1315 532 1378 incliti
557 1326 588 1378 et
611 1313 776 1378 benedicti
804 1314 911 1376 minus
934 1313 1144 1376 inveniuntur
1168 1335 1187 1375 a
1211 1324 1302 1398 patre
1327 1313 1447 1394 dilecti,
1479 1314 1621 1378 maxime
1645 1311 1818 1393 Rubenite,
1850 1311 1928 1375 licet
1953 1332 2095 1374 numero

430 1420 531 1502 multi,
557 1431 666 1484 tamen
689 1421 804 1484 merito
828 1421 988 1483 inminuti.
1034 1419 1230 1484 Emnlantur
1248 1421 1334 1484 enim
1358 1419 1440 1484 filios
1464 1419 1583 1505 Ioseph
1608 1441 1756 1486 erescere
1781 1441 1855 1482 cum
1879 1419 1930 1481 sui
1957 1427 1993 1481 ut
2020 1417 2095 1479 esti-

429 1538 518 1591 mant
548 1526 714 1613 aliquanta
744 1526 967 1590 diminutione.
1014 1524 1098 1589 Nam
1123 1547 1196 1589 cum
1220 1548 1305 1612 pene
1329 1528 1563 1612 occupaverint
1585 1519 1651 1590 una
1675 1549 1748 1594 crim
1772 1524 1951 1612 prebendis
1977 1546 2095 1587 omnes
2116 1549 2140 1583 m

430 1632 574 1720 plebales
606 1633 783 1697 aecclesias
815 1632 1028 1696 conducticiis
1060 1632 1279 1698 conmittendo
1311 1657 1366 1697 eas
1397 1635 1431 1697 in
1462 1644 1529 1700 tota
1553 1631 1732 1698 Germania
1762 1643 1794 1696 et
1825 1631 1946 1712 Gallia,
1979 1629 2096 1694 dolent

430 1739 542 1804 saltem
575 1739 637 1803 sibi
668 1762 724 1803 eas
755 1763 826 1804 esse
858 1738 1039 1825 subreptas,
1065 1761 1146 1825 quas
1169 1739 1283 1803 vident
1313 1751 1345 1804 et
1374 1740 1522 1806 invident
1553 1738 1699 1804 cenobiis
1722 1738 1882 1824 religiosis
1907 1736 2094 1824 episcopali

430 1848 641 1911 concessione
667 1845 872 1911 subtitulatas
897 1846 948 1910 vel
973 1848 1173 1910 commissas.
1221 1845 1346 1921 Nonne,
1377 1847 1538 1933 inquiunt,
1570 1848 1654 1910 sicut
1684 1845 1835 1912 monachi
1862 1857 1894 1908 et
1919 1843 2094 1928 regulares

430 1955 576 2018 canonici
609 1953 730 2016 habent
760 1952 905 2039 plebales
936 1953 1122 2032 aecclesias,
1153 1953 1199 2016 ita
1223 1964 1255 2017 et
1277 1977 1336 2016 nos
1359 1955 1436 2018 item
1461 1953 1621 2034 canonici,
1652 1951 1728 2016 licet
1756 1950 1931 2028 seculares,
1965 1949 2093 2014 habere

429 2083 599 2146 possumus
629 2083 695 2141 eas,
720 2059 806 2146 quod
831 2059 857 2123 si
881 2059 975 2124 nobis
1006 2083 1070 2123 non
1100 2059 1186 2138 licet,
1217 2061 1329 2146 utique
1361 2083 1421 2124 nec
1452 2059 1525 2140 illis,
1557 2070 1592 2123 ut
1622 2081 1817 2150 unaqueque
1849 2058 2003 2130 ecelesia,
2039 2058 2091 2120 cui
2114 2081 2137 2118 u

428 2166 566 2231 facultas
590 2167 743 2252 suppetit,
768 2167 934 2252 proprium
958 2165 1079 2230 habeat
1103 2165 1332 2230 sacerdotem?

1084 2384 1112 2444 7.
1149 2381 1207 2444 De
1231 2378 1425 2444 Rachele.

297 2496 408 2578 ¹aaut.
536 2505 606 2569 Hee
632 2505 778 2569 dicentes
803 2516 835 2569 et
859 2504 1060 2591 spiritalibus
1084 2507 1163 2568 viris
1187 2506 1364 2568 avariciam
1390 2504 1497 2589 'quasi
1523 2503 1629 2567 scelus
1652 2501 1832 2588 ydolatriae
1864 2503 2086 2588 inpingentes,

428 2635 492 2676 non
517 2611 698 2675 adtendunt
722 2612 972 2698 pulcritudinem
997 2635 1054 2675 seu
1078 2611 1280 2676 latitudinem
1297 2612 1564 2675 vestimentorum
1580 2608 1817 2698 pulcherrimae
1833 2609 1999 2691 Rachelis,
2019 2611 2085 2695 qui-

268 2718 488 2784 ee11.31.:n.bus
513 2729 667 2804 teguntur
690 2720 752 2782 ista
776 2719 1021 2782 aecclesiastica
1044 2717 1206 2782 beneficia
1227 2717 1371 2782 cenobiis
1390 2717 1517 2796 collata,
1543 2717 1627 2780 sicut
1650 2715 1705 2778 illa
1721 2717 1803 2782 texit
1825 2715 1914 2779 idola
1931 2716 1972 2780 de
1990 2715 2085 2780 domo
2106 2742 2132 2777 a)

430 2825 545 2890 Laban
576 2838 734 2912 surrepta.
782 2825 934 2910 Denique
965 2823 1123 2888 babemus
1154 2824 1326 2910 privilegia
1357 2823 1444 2887 sedis
1468 2823 1677 2909 apostolicae,
1702 2834 1737 2886 ut
1762 2822 1918 2908 quicquid
1943 2846 1986 2886 ex
2011 2846 2083 2886 con-

430 2934 577 2996 cessione
601 2933 789 3019 pontificum
814 2931 866 2995 vel
891 2931 1065 2995 donatione
1096 2932 1279 3016 principum
1312 2953 1369 2992 seu
1396 2931 1451 3016 pia
1474 2928 1638 2992 oblatione
1662 2928 1806 2992 fidelium
1831 2930 1914 2992 iuste
1939 2930 2082 3015 posside-

428 3061 510 3120 mus,
542 3040 734 3103 anctoritate
766 3036 946 3124 apostolica
976 3051 1155 3116 teneamus,
1186 3038 1271 3100 inter
1299 3058 1383 3121 quae
1414 3037 1604 3101 nominatim
1634 3035 1827 3121 aliquotiens
1858 3038 2084 3121 exprimuntur

429 3145 619 3227 aecclesiae,
651 3145 796 3231 capellae
827 3168 865 3208 ac
898 3145 1055 3208 decimae.
1102 3143 1217 3207 Nonne
1249 3144 1294 3206 sic
1327 3141 1472 3205 scribens
1504 3142 1642 3206 ecclesia
1667 3142 1813 3205 Romana
1844 3144 1937 3227 quasi
1962 3144 2081 3207 llaclrel

430 3253 571 3315 formosa
595 3252 753 3338 expandit
777 3274 810 3314 se
836 3274 934 3337 super
958 3252 1179 3336 possessiones
1208 3248 1427 3330 cenobiorum,
1452 3259 1575 3312 utnon
1599 3250 1692 3335 quasi
1721 3249 1875 3326 avaricia,
1908 3250 1967 3313 scd
1992 3252 2080 3335 qrrasi
2103 3275 2129 3312 25

430 3358 616 3423 benedictio
647 3357 832 3422 iudicentur
863 3381 925 3443 que
958 3356 1042 3420 illius
1074 3357 1265 3420 auctoritate
1297 3379 1335 3420 ac
1366 3355 1566 3440 benignitate
1591 3378 1610 3419 a
1634 3354 1833 3441 spiritalibus
1865 3356 2079 3441 possidentur.

430 3465 664 3529 Verumtamen
688 3487 748 3528 nec
773 3465 851 3550 ipsis
875 3464 954 3526 viris
978 3463 1137 3549 religiosis
1161 3462 1223 3526 boc
1247 3461 1345 3526 licere
1370 3461 1589 3541 concedimus,
1614 3473 1649 3525 ut
1676 3463 1709 3524 in
1734 3462 1881 3525 ecclesiis
1907 3485 2019 3526 eorum
2044 3465 2081 3525 sit

430 3572 653 3636 conducticius
677 3571 731 3634 vel
760 3572 906 3634 minister
933 3553 1083 3634 ¹absolute
1116 3569 1293 3650 ordinatus,
1318 3567 1462 3654 qualibet
1486 3591 1569 3653 vage
1602 3567 1857 3632 discurrentibus
1881 3582 1914 3633 et
1938 3591 1973 3633 se
1997 3593 2080 3633 nunc

429 3679 482 3742 hic
513 3701 599 3741 nunc
628 3678 693 3741 illic
723 3677 991 3763 prostituentibus
1016 3678 1094 3742 heu!
1126 3677 1222 3763 plena
1246 3686 1295 3738 cst
1319 3674 1496 3740 Germania
1521 3687 1552 3738 et
1577 3673 1695 3738 Gallia.
1744 3675 1811 3761 Ipsi
1835 3699 1914 3741 vero
1939 3675 2081 3760 religiosi

298 3811 411 3857 ruam
429 3787 493 3849 viri
516 3808 590 3848 suas
607 3785 763 3848 ccclesias
784 3795 839 3848 aut
855 3807 914 3870 per
930 3786 1120 3868 semetipsos
1137 3793 1260 3868 regant,
1286 3781 1403 3862 sobrie,
1428 3782 1522 3860 iuste,
1547 3783 1601 3867 pie
1618 3783 1759 3845 vivendo
1784 3795 1816 3846 et
1839 3783 1995 3868 populum
2021 3783 2127 3846 sibiae

431 3893 638 3956 commissum
669 3893 702 3953 in
726 3891 867 3977 idipsum
892 3889 1031 3953 fideliter
1056 3889 1244 3970 erudiendo,
1272 3899 1328 3952 aaut
1352 3887 1530 3951 secundum
1555 3910 1697 3951 cranoncs
1722 3888 1927 3954 obedientiae
1960 3889 2080 3953 stabili-

430 4009 529 4062 tatem
553 3999 688 4083 exigant
711 3996 753 4060 ab
777 3997 837 4076 his,
863 4019 944 4082 quos
968 3997 1002 4059 in
1026 3994 1221 4059 adiutorium
1245 3997 1293 4058 sui
1323 3995 1364 4058 ad
1389 3994 1567 4078 regendum
1592 3996 1746 4080 populum
1770 3996 1882 4059 volunt
1905 4019 2080 4062 assumere.

319 4131 410 4178 aaa.
430 4128 481 4186 ne,
506 4106 533 4168 si
556 4103 672 4168 ovibus
696 4104 853 4188 neglectis
877 4103 986 4166 lanam
1011 4113 1042 4166 et
1065 4102 1115 4166 lac
1141 4102 1329 4188 '‘accipiunt,
1355 4124 1419 4164 non
1444 4100 1503 4164 sub
1523 4113 1614 4164 veste
1633 4101 1830 4164 Rachelinae
1854 4103 2081 4188 pulcritudinis

298 4236 410 4285 apuam.
430 4212 506 4275 tecti
532 4210 573 4274 ab
598 4212 752 4291 avaricia,
778 4233 861 4296 quae
887 4208 1117 4274 estidolorum
1148 4211 1296 4290 servitus,
1326 4219 1531 4288 excusentur,
1564 4207 1622 4271 sed
1653 4220 1817 4294 tamquam
1850 4208 1988 4273 idolatra
2020 4212 2081 4295 ipsi

431 4339 513 4402 eque
537 4327 573 4380 ut
596 4317 760 4380 seculares
785 4318 934 4380 canonici
958 4316 1183 4402 dampnentur,
1208 4318 1305 4378 inmro
1331 4317 1428 4378 etiam
1453 4325 1541 4377 tanto
1558 4314 1620 4378 illis
1638 4314 1781 4378 deterius
1798 4329 1942 4401 pereant,
1960 4330 2081 4402 quanto
2101 4341 2126 4380 aa

431 4424 573 4509 speciem
598 4424 728 4508 pietatis
752 4423 909 4486 habentes
934 4435 966 4486 et
983 4423 1134 4485 virtutem
1159 4423 1227 4483 eius
1252 4421 1453 4506 abnegantes
1471 4421 1711 4507 dampnabilius
1728 4436 1875 4508 peccant.
1912 4423 1978 4487 Ubi
1996 4425 2080 4487 enim

252 4556 410 4604 nasaniae.
431 4530 533 4593 salute
558 4531 740 4594 animarum
756 4530 906 4616 neglecta
922 4528 991 4593 sola
1007 4540 1183 4615 querantur
1199 4526 1290 4590 luera
1313 4541 1451 4602 terrena,
1477 4527 1532 4606 ibi,
1557 4529 1687 4613 quando
1712 4528 1879 4593 habundat
1902 4531 2081 4616 iniquitatis

265 4663 411 4711 1.Cor.13,5.
430 4638 576 4700 avaricia
599 4636 765 4722 querentis
790 4659 852 4721 que
877 4659 936 4700 sua
959 4645 1042 4717 sunt,
1072 4634 1261 4718 refrigescet
1285 4636 1402 4697 caritas
1428 4633 1514 4722 [non]
1542 4658 1682 4721 querens
1706 4659 1769 4721 que
1794 4659 1852 4700 sua
1876 4647 1959 4700 sunt.
2010 4637 2081 4718 Qus

430 4767 504 4807 cum
529 4766 571 4806 ex
595 4765 633 4806 co
653 4742 849 4825 dinoscatur,
868 4742 954 4829 quod
971 4743 1155 4806 communia
1170 4741 1320 4826 propriis,
1344 4764 1409 4805 non
1425 4744 1558 4828 propria
1574 4741 1799 4806 communibus
1816 4746 1992 4829 anteponit,
2017 4768 2081 4808 non

426 4850 530 4914 ⁴habet
553 4849 659 4915 locum
687 4850 807 4913 inillis
832 4847 1149 4933 congregationibus,
1174 4846 1230 4910 ubi
1255 4871 1366 4910 omncs
1391 4860 1530 4933 querunt
1553 4870 1616 4934 que
1642 4871 1701 4911 sua
1725 4861 1808 4930 sunt,
1840 4851 1972 4936 propria
1996 4874 2081 4914 com-
2099 4876 2126 4913 so

429 4956 592 5038 munibus,
623 4980 689 5021 non
719 4956 902 5020 communia
932 4955 1071 5040 propriis
1103 4953 1341 5039 anteponendo,
1373 4955 1469 5016 immo
1494 4965 1525 5017 et
1550 4956 1576 5016 si
1601 4978 1665 5040 qua
1695 4955 1762 5019 illic
1786 4956 1938 5020 videntur
1960 4958 2081 5021 incom-

427 5065 541 5127 munia
563 5064 597 5127 in
621 5066 764 5149 privatas
790 5061 963 5125 abusiones
989 5059 1208 5124 distrahendo.
1257 5060 1360 5125 Sicsic
1385 5059 1588 5125 inordinate'¹
1613 5062 1799 5126 viventibus
1822 5085 1929 5148 neque
1955 5064 2081 5128 clericis

429 5192 536 5255 neque
561 5169 727 5234 monachis
752 5167 907 5232 ecclesias
923 5168 977 5231 vel
994 5169 1215 5232 ecclesiastiea
1231 5167 1317 5231 bona
1341 5166 1554 5249 defendimus,
1579 5169 1655 5254 quia
1679 5169 1798 5233 talibus
1823 5172 1971 5256 congruit
1995 5171 2082 5257 quod

251 5303 410 5352 mantuanis.
427 5275 562 5346 Iudaeis
586 5276 746 5340 Dominus
771 5274 865 5339 dicit:
898 5275 974 5338 Ideo
998 5277 1163 5362 ecferetur
1186 5303 1206 5339 o
1230 5278 1316 5340 vebis
1341 5301 1466 5362 rcpruan
1491 5290 1519 5339 ct
1542 5277 1670 5340 deibiensi·
1690 5281 1778 5364 periti
1791 5279 1937 5363 facienti
1950 5281 2082 5366 'frustras

430 5387 506 5450 atus,
555 5383 636 5447 ltem
660 5391 792 5467 questus
816 5382 945 5467 iniquos
970 5389 1002 5443 et
1026 5391 1135 5466 turpes
1157 5403 1222 5444 non
1246 5379 1355 5466 aliquo
1378 5380 1539 5446 velamine
1567 5381 1734 5468 religionis
1759 5383 1991 5464 defendendos,
2023 5385 2082 5448 sed
2100 5411 2126 5447 rs

431 5499 597 5576 tamquam
613 5488 796 5551 idolatriam
814 5486 978 5551 cavendos
995 5485 1176 5550 iudicamus
1193 5496 1224 5549 et
1240 5486 1330 5550 velut
1349 5487 1583 5552 inmundiciam
1600 5489 1820 5575 repudiamus,
1838 5492 1914 5576 quia
1930 5489 1986 5554 ubi
2004 5489 2079 5553 talia

538 5723 563 5784 a)
587 5741 620 5773 na
639 5741 759 5788 uipereor.
778 5741 798 5772 c.
