<?xml version="1.0" encoding="UTF-8"?>
<!DOCTYPE html PUBLIC "-//W3C//DTD XHTML 1.0 Transitional//EN"
    "http://www.w3.org/TR/xhtml1/DTD/xhtml1-transitional.dtd">
<html xmlns="http://www.w3.org/1999/xhtml" xml:lang="en" lang="en">
 <head>
  <title>
</title>
<meta http-equiv="Content-Type" content="text/html;charset=utf-8" />
  <meta name='ocr-system' content='tesseract 3.04.00' />
  <meta name='ocr-capabilities' content='ocr_page ocr_carea ocr_par ocr_line ocrx_word'/>
</head>
<body>
  <div class='ocr_page' id='page_1' title='image "./monumentagerman00unkngoog_0195.png"; bbox 0 0 4478 6396; ppageno 0'>
   <div class='ocr_carea' id='block_1_1' title="bbox 688 396 1818 460">
    <p class='ocr_par' dir='ltr' id='par_1_1' title="bbox 688 396 1818 460">
     <span class='ocr_line' id='line_1_1' title="bbox 688 396 1818 460; baseline 0.002 -3"><span class='ocrx_word' id='word_1_1' title='bbox 688 401 926 459; x_wconf 86' lang='lat' dir='ltr'>OPUSCULUM</span> <span class='ocrx_word' id='word_1_2' title='bbox 948 403 1001 457; x_wconf 84' lang='lat' dir='ltr'>DE</span> <span class='ocrx_word' id='word_1_3' title='bbox 1025 401 1198 458; x_wconf 79' lang='lat' dir='ltr'>EDIFIClO</span> <span class='ocrx_word' id='word_1_4' title='bbox 1222 403 1302 460; x_wconf 86' lang='lat' dir='ltr'><strong>DEI.</strong></span> <span class='ocrx_word' id='word_1_5' title='bbox 1757 396 1818 460; x_wconf 88' lang='lat'>185</span> 
     </span>
    </p>
   </div>
   <div class='ocr_carea' id='block_1_2' title="bbox 168 529 1997 689">
    <p class='ocr_par' dir='ltr' id='par_1_2' title="bbox 168 529 1997 689">
     <span class='ocr_line' id='line_1_2' title="bbox 1900 529 1929 570; baseline 0.069 -3"><span class='ocrx_word' id='word_1_6' title='bbox 1900 529 1929 570; x_wconf 81' lang='lat' dir='ltr'>cf.</span> 
     </span>
     <span class='ocr_line' id='line_1_3' title="bbox 168 582 1997 689; baseline 0.002 -38"><span class='ocrx_word' id='word_1_7' title='bbox 168 585 433 652; x_wconf 88' lang='lat' dir='ltr'>elemosinatores</span> <span class='ocrx_word' id='word_1_8' title='bbox 456 599 550 674; x_wconf 87' lang='lat' dir='ltr'>porta</span> <span class='ocrx_word' id='word_1_9' title='bbox 570 587 765 675; x_wconf 89' lang='lat' dir='ltr'>sterquilinii</span> <span class='ocrx_word' id='word_1_10' title='bbox 788 611 847 674; x_wconf 92' lang='lat' dir='ltr'>per</span> <span class='ocrx_word' id='word_1_11' title='bbox 863 585 1048 675; x_wconf 86' lang='lat' dir='ltr'>exemplum</span> <span class='ocrx_word' id='word_1_12' title='bbox 1065 589 1187 653; x_wconf 91' lang='lat' dir='ltr'>Zachei</span> <span class='ocrx_word' id='word_1_13' title='bbox 1211 611 1251 654; x_wconf 89' lang='lat' dir='ltr'>ac</span> <span class='ocrx_word' id='word_1_14' title='bbox 1267 612 1344 675; x_wconf 83' lang='lat' dir='ltr'>sepe</span> <span class='ocrx_word' id='word_1_15' title='bbox 1362 589 1456 654; x_wconf 74' lang='lat' dir='ltr'>*dicti</span> <span class='ocrx_word' id='word_1_16' title='bbox 1472 590 1681 654; x_wconf 84' lang='lat' dir='ltr'>centurionis.</span> <span class='ocrx_word' id='word_1_17' title='bbox 1716 591 1818 655; x_wconf 92' lang='lat' dir='ltr'>Porro</span> <span class='ocrx_word' id='word_1_18' title='bbox 1837 582 1997 689; x_wconf 52' lang='grc' dir='ltr'>Ῑῆἱζζθὲξῇξξ·</span> 
     </span>
    </p>
   </div>
   <div class='ocr_carea' id='block_1_3' title="bbox 121 688 1995 1953">
    <p class='ocr_par' dir='ltr' id='par_1_3' title="bbox 121 688 1995 1953">
     <span class='ocr_line' id='line_1_4' title="bbox 167 688 1911 784; baseline 0.002 -27"><span class='ocrx_word' id='word_1_19' title='bbox 167 693 266 758; x_wconf 88' lang='lat' dir='ltr'>fontis</span> <span class='ocrx_word' id='word_1_20' title='bbox 289 705 384 781; x_wconf 88' lang='lat' dir='ltr'>porta</span> <span class='ocrx_word' id='word_1_21' title='bbox 407 693 615 759; x_wconf 88' lang='lat' dir='ltr'>reedificetur</span> <span class='ocrx_word' id='word_1_22' title='bbox 629 717 696 780; x_wconf 53' lang='lat' dir='ltr'>‚per</span> <span class='ocrx_word' id='word_1_23' title='bbox 719 695 882 782; x_wconf 87' lang='lat' dir='ltr'>regularia</span> <span class='ocrx_word' id='word_1_24' title='bbox 905 696 1137 760; x_wconf 89' lang='lat' dir='ltr'>canonicorum</span> <span class='ocrx_word' id='word_1_25' title='bbox 1160 695 1311 778; x_wconf 89' lang='lat' dir='ltr'>claustra,</span> <span class='ocrx_word' id='word_1_26' title='bbox 1340 697 1373 760; x_wconf 92' lang='lat' dir='ltr'>in</span> <span class='ocrx_word' id='word_1_27' title='bbox 1396 695 1514 782; x_wconf 88' lang='lat' dir='ltr'>quibus</span> <span class='ocrx_word' id='word_1_28' title='bbox 1537 695 1627 761; x_wconf 89' lang='lat' dir='ltr'>nulla</span> <span class='ocrx_word' id='word_1_29' title='bbox 1651 707 1700 761; x_wconf 90' lang='lat' dir='ltr'>est</span> <span class='ocrx_word' id='word_1_30' title='bbox 1723 719 1818 784; x_wconf 90' lang='lat' dir='ltr'>quar·</span> <span class='ocrx_word' id='word_1_31' title='bbox 1837 688 1911 732; x_wconf 70' lang='lat'>&#39;¹¹²⁰&#39;</span> 
     </span>
     <span class='ocr_line' id='line_1_5' title="bbox 167 800 1816 888; baseline 0.002 -24"><span class='ocrx_word' id='word_1_32' title='bbox 167 802 247 865; x_wconf 90' lang='lat' dir='ltr'>tatio</span> <span class='ocrx_word' id='word_1_33' title='bbox 271 800 439 882; x_wconf 81' lang='lat' dir='ltr'>facienda3</span> <span class='ocrx_word' id='word_1_34' title='bbox 471 801 529 865; x_wconf 89' lang='lat' dir='ltr'>sed</span> <span class='ocrx_word' id='word_1_35' title='bbox 553 803 671 882; x_wconf 88' lang='lat' dir='ltr'>omnia,</span> <span class='ocrx_word' id='word_1_36' title='bbox 702 813 798 888; x_wconf 89' lang='lat' dir='ltr'>prout</span> <span class='ocrx_word' id='word_1_37' title='bbox 822 803 939 888; x_wconf 90' lang='lat' dir='ltr'>cuique</span> <span class='ocrx_word' id='word_1_38' title='bbox 963 825 1044 888; x_wconf 90' lang='lat' dir='ltr'>opus</span> <span class='ocrx_word' id='word_1_39' title='bbox 1068 803 1138 884; x_wconf 87' lang='lat' dir='ltr'>erit,</span> <span class='ocrx_word' id='word_1_40' title='bbox 1163 802 1381 888; x_wconf 90' lang='lat' dir='ltr'>apostolorum</span> <span class='ocrx_word' id='word_1_41' title='bbox 1406 803 1556 888; x_wconf 88' lang='lat' dir='ltr'>exemplo</span> <span class='ocrx_word' id='word_1_42' title='bbox 1581 801 1816 886; x_wconf 91' lang='lat' dir='ltr'>distribuenda,</span> 
     </span>
     <span class='ocr_line' id='line_1_6' title="bbox 168 907 1995 995; baseline 0.005 -25"><span class='ocrx_word' id='word_1_43' title='bbox 168 917 200 970; x_wconf 91' lang='lat' dir='ltr'>et</span> <span class='ocrx_word' id='word_1_44' title='bbox 231 929 293 994; x_wconf 90' lang='lat' dir='ltr'>que</span> <span class='ocrx_word' id='word_1_45' title='bbox 324 907 544 993; x_wconf 81' lang='lat' dir='ltr'>superfuerint</span> <span class='ocrx_word' id='word_1_46' title='bbox 573 910 666 972; x_wconf 89' lang='lat' dir='ltr'>iuxta</span> <span class='ocrx_word' id='word_1_47' title='bbox 695 908 885 972; x_wconf 87' lang='lat' dir='ltr'>mandatum</span> <span class='ocrx_word' id='word_1_48' title='bbox 915 908 1141 994; x_wconf 88' lang='lat' dir='ltr'>euangelicum</span> <span class='ocrx_word' id='word_1_49' title='bbox 1171 908 1371 995; x_wconf 89' lang='lat' dir='ltr'>pauperibus</span> <span class='ocrx_word' id='word_1_50' title='bbox 1401 908 1584 973; x_wconf 88' lang='lat' dir='ltr'>tribuenda.</span> <span class='ocrx_word' id='word_1_51' title='bbox 1630 911 1733 974; x_wconf 90' lang='lat' dir='ltr'>Porro</span> <span class='ocrx_word' id='word_1_52' title='bbox 1760 908 1818 974; x_wconf 91' lang='lat' dir='ltr'>nbi</span> <span class='ocrx_word' id='word_1_53' title='bbox 1837 939 1995 988; x_wconf 60' lang='lat' dir='ltr'>uacarent.</span> 
     </span>
     <span class='ocr_line' id='line_1_7' title="bbox 135 1014 1816 1102; baseline 0.003 -26"><span class='ocrx_word' id='word_1_54' title='bbox 135 1015 346 1078; x_wconf 87' lang='lat' dir='ltr'>scommunis</span> <span class='ocrx_word' id='word_1_55' title='bbox 369 1015 439 1078; x_wconf 88' lang='lat' dir='ltr'>vita</span> <span class='ocrx_word' id='word_1_56' title='bbox 461 1037 526 1078; x_wconf 90' lang='lat' dir='ltr'>non</span> <span class='ocrx_word' id='word_1_57' title='bbox 551 1027 708 1094; x_wconf 90' lang='lat' dir='ltr'>servatur,</span> <span class='ocrx_word' id='word_1_58' title='bbox 740 1025 912 1079; x_wconf 89' lang='lat' dir='ltr'>serventur</span> <span class='ocrx_word' id='word_1_59' title='bbox 934 1015 1048 1080; x_wconf 88' lang='lat' dir='ltr'>saltem</span> <span class='ocrx_word' id='word_1_60' title='bbox 1072 1014 1242 1102; x_wconf 81' lang='lat' dir='ltr'>synodalia</span> <span class='ocrx_word' id='word_1_61' title='bbox 1265 1026 1394 1102; x_wconf 89' lang='lat' dir='ltr'>patrum</span> <span class='ocrx_word' id='word_1_62' title='bbox 1425 1027 1562 1099; x_wconf 85' lang='lat' dir='ltr'>statuta;</span> <span class='ocrx_word' id='word_1_63' title='bbox 1593 1026 1638 1098; x_wconf 89' lang='lat' dir='ltr'>ut,</span> <span class='ocrx_word' id='word_1_64' title='bbox 1670 1017 1754 1081; x_wconf 89' lang='lat' dir='ltr'>sicut</span> <span class='ocrx_word' id='word_1_65' title='bbox 1783 1017 1816 1081; x_wconf 90' lang='lat' dir='ltr'>in</span> 
     </span>
     <span class='ocr_line' id='line_1_8' title="bbox 168 1119 1816 1209; baseline 0.002 -26"><span class='ocrx_word' id='word_1_66' title='bbox 168 1143 362 1207; x_wconf 87' lang='lat' dir='ltr'>unaquaque</span> <span class='ocrx_word' id='word_1_67' title='bbox 393 1119 580 1207; x_wconf 87' lang='lat' dir='ltr'>baptismali</span> <span class='ocrx_word' id='word_1_68' title='bbox 611 1120 770 1186; x_wconf 89' lang='lat' dir='ltr'>aecclesia</span> <span class='ocrx_word' id='word_1_69' title='bbox 801 1121 872 1186; x_wconf 92' lang='lat' dir='ltr'>fons</span> <span class='ocrx_word' id='word_1_70' title='bbox 895 1120 1049 1208; x_wconf 80' lang='lat' dir='ltr'>baptismi</span> <span class='ocrx_word' id='word_1_71' title='bbox 1072 1121 1224 1208; x_wconf 90' lang='lat' dir='ltr'>purificat</span> <span class='ocrx_word' id='word_1_72' title='bbox 1247 1121 1417 1186; x_wconf 88' lang='lat' dir='ltr'>credentes</span> <span class='ocrx_word' id='word_1_73' title='bbox 1440 1145 1500 1208; x_wconf 90' lang='lat' dir='ltr'>per</span> <span class='ocrx_word' id='word_1_74' title='bbox 1521 1121 1720 1187; x_wconf 84' lang='lat' dir='ltr'>invisibilem</span> <span class='ocrx_word' id='word_1_75' title='bbox 1744 1145 1816 1209; x_wconf 87' lang='lat' dir='ltr'>gra·</span> 
     </span>
     <span class='ocr_line' id='line_1_9' title="bbox 167 1227 1817 1315; baseline 0.002 -25"><span class='ocrx_word' id='word_1_76' title='bbox 167 1227 255 1307; x_wconf 88' lang='lat' dir='ltr'>tiam,</span> <span class='ocrx_word' id='word_1_77' title='bbox 279 1228 374 1312; x_wconf 88' lang='lat' dir='ltr'>quasi</span> <span class='ocrx_word' id='word_1_78' title='bbox 396 1249 456 1313; x_wconf 88' lang='lat' dir='ltr'>per</span> <span class='ocrx_word' id='word_1_79' title='bbox 479 1249 596 1314; x_wconf 89' lang='lat' dir='ltr'>aquam</span> <span class='ocrx_word' id='word_1_80' title='bbox 622 1228 792 1292; x_wconf 90' lang='lat' dir='ltr'>mundam:</span> <span class='ocrx_word' id='word_1_81' title='bbox 824 1229 871 1292; x_wconf 91' lang='lat' dir='ltr'>sic</span> <span class='ocrx_word' id='word_1_82' title='bbox 902 1228 1101 1293; x_wconf 87' lang='lat' dir='ltr'>decimarum</span> <span class='ocrx_word' id='word_1_83' title='bbox 1131 1231 1236 1314; x_wconf 91' lang='lat' dir='ltr'>portio</span> <span class='ocrx_word' id='word_1_84' title='bbox 1268 1239 1385 1315; x_wconf 87' lang='lat' dir='ltr'>quarta</span> <span class='ocrx_word' id='word_1_85' title='bbox 1411 1251 1500 1293; x_wconf 91' lang='lat' dir='ltr'>more</span> <span class='ocrx_word' id='word_1_86' title='bbox 1524 1228 1622 1293; x_wconf 89' lang='lat' dir='ltr'>fontis</span> <span class='ocrx_word' id='word_1_87' title='bbox 1644 1229 1755 1315; x_wconf 88' lang='lat' dir='ltr'>iugem</span> <span class='ocrx_word' id='word_1_88' title='bbox 1778 1251 1817 1294; x_wconf 89' lang='lat' dir='ltr'>ac</span> 
     </span>
     <span class='ocr_line' id='line_1_10' title="bbox 167 1331 1815 1422; baseline 0.002 -25"><span class='ocrx_word' id='word_1_89' title='bbox 167 1331 320 1397; x_wconf 89' lang='lat' dir='ltr'>mundam</span> <span class='ocrx_word' id='word_1_90' title='bbox 349 1333 560 1398; x_wconf 89' lang='lat' dir='ltr'>refectionem</span> <span class='ocrx_word' id='word_1_91' title='bbox 591 1333 733 1421; x_wconf 85' lang='lat' dir='ltr'>prebens</span> <span class='ocrx_word' id='word_1_92' title='bbox 765 1334 948 1399; x_wconf 82' lang='lat' dir='ltr'>consoletur</span> <span class='ocrx_word' id='word_1_93' title='bbox 977 1335 1161 1420; x_wconf 86' lang='lat' dir='ltr'>indigentes</span> <span class='ocrx_word' id='word_1_94' title='bbox 1191 1357 1250 1422; x_wconf 88' lang='lat' dir='ltr'>per</span> <span class='ocrx_word' id='word_1_95' title='bbox 1280 1334 1443 1421; x_wconf 89' lang='lat' dir='ltr'>quandam</span> <span class='ocrx_word' id='word_1_96' title='bbox 1472 1333 1635 1399; x_wconf 89' lang='lat' dir='ltr'>visibilem</span> <span class='ocrx_word' id='word_1_97' title='bbox 1666 1337 1815 1421; x_wconf 87' lang='lat' dir='ltr'>gratiam,</span> 
     </span>
     <span class='ocr_line' id='line_1_11' title="bbox 166 1439 1817 1529; baseline 0.004 -27"><span class='ocrx_word' id='word_1_98' title='bbox 166 1441 267 1525; x_wconf 87' lang='lat' dir='ltr'>gratis</span> <span class='ocrx_word' id='word_1_99' title='bbox 297 1441 410 1526; x_wconf 90' lang='lat' dir='ltr'>utique</span> <span class='ocrx_word' id='word_1_100' title='bbox 434 1439 542 1504; x_wconf 90' lang='lat' dir='ltr'>viduis</span> <span class='ocrx_word' id='word_1_101' title='bbox 573 1463 612 1506; x_wconf 89' lang='lat' dir='ltr'>ac</span> <span class='ocrx_word' id='word_1_102' title='bbox 643 1443 760 1505; x_wconf 89' lang='lat' dir='ltr'>ceteris</span> <span class='ocrx_word' id='word_1_103' title='bbox 790 1440 1013 1527; x_wconf 84' lang='lat' dir='ltr'>indigentibus</span> <span class='ocrx_word' id='word_1_104' title='bbox 1044 1439 1273 1506; x_wconf 83' lang='lat' dir='ltr'>exhibendam.</span> <span class='ocrx_word' id='word_1_105' title='bbox 1320 1442 1414 1506; x_wconf 89' lang='lat' dir='ltr'>Haec</span> <span class='ocrx_word' id='word_1_106' title='bbox 1445 1441 1622 1505; x_wconf 89' lang='lat' dir='ltr'>elemosina</span> <span class='ocrx_word' id='word_1_107' title='bbox 1651 1453 1701 1507; x_wconf 90' lang='lat' dir='ltr'>est</span> <span class='ocrx_word' id='word_1_108' title='bbox 1730 1459 1817 1529; x_wconf 87' lang='lat' dir='ltr'>aqua</span> 
     </span>
     <span class='ocr_line' id='line_1_12' title="bbox 121 1547 1816 1635; baseline 0.002 -26"><span class='ocrx_word' id='word_1_109' title='bbox 121 1572 148 1609; x_wconf 84' lang='lat'>10</span> <span class='ocrx_word' id='word_1_110' title='bbox 166 1547 263 1610; x_wconf 91' lang='lat' dir='ltr'>fontis</span> <span class='ocrx_word' id='word_1_111' title='bbox 286 1547 511 1629; x_wconf 88' lang='lat' dir='ltr'>mundissima,</span> <span class='ocrx_word' id='word_1_112' title='bbox 536 1549 701 1634; x_wconf 89' lang='lat' dir='ltr'>quianon</span> <span class='ocrx_word' id='word_1_113' title='bbox 726 1548 766 1612; x_wconf 90' lang='lat' dir='ltr'>de</span> <span class='ocrx_word' id='word_1_114' title='bbox 790 1570 975 1612; x_wconf 82' lang='lat' dir='ltr'>mammona</span> <span class='ocrx_word' id='word_1_115' title='bbox 1004 1548 1195 1633; x_wconf 88' lang='lat' dir='ltr'>iniqnitatis,</span> <span class='ocrx_word' id='word_1_116' title='bbox 1227 1547 1285 1612; x_wconf 87' lang='lat' dir='ltr'>sed</span> <span class='ocrx_word' id='word_1_117' title='bbox 1309 1547 1349 1612; x_wconf 91' lang='lat' dir='ltr'>de</span> <span class='ocrx_word' id='word_1_118' title='bbox 1373 1548 1480 1633; x_wconf 88' lang='lat' dir='ltr'>gratia</span> <span class='ocrx_word' id='word_1_119' title='bbox 1503 1549 1656 1634; x_wconf 85' lang='lat' dir='ltr'>equitatis</span> <span class='ocrx_word' id='word_1_120' title='bbox 1680 1551 1816 1635; x_wconf 89' lang='lat' dir='ltr'>porrigi-</span> 
     </span>
     <span class='ocr_line' id='line_1_13' title="bbox 166 1653 1977 1741; baseline 0.001 -25"><span class='ocrx_word' id='word_1_121' title='bbox 166 1665 227 1717; x_wconf 90' lang='lat' dir='ltr'>tur.</span> <span class='ocrx_word' id='word_1_122' title='bbox 272 1653 328 1718; x_wconf 93' lang='lat' dir='ltr'>Ad</span> <span class='ocrx_word' id='word_1_123' title='bbox 357 1654 442 1719; x_wconf 88' lang='lat' dir='ltr'>hanc</span> <span class='ocrx_word' id='word_1_124' title='bbox 473 1654 682 1719; x_wconf 84' lang='lat' dir='ltr'>elemosinam</span> <span class='ocrx_word' id='word_1_125' title='bbox 707 1654 806 1718; x_wconf 92' lang='lat' dir='ltr'>vidua</span> <span class='ocrx_word' id='word_1_126' title='bbox 836 1653 957 1718; x_wconf 91' lang='lat' dir='ltr'>bonum</span> <span class='ocrx_word' id='word_1_127' title='bbox 987 1655 1207 1718; x_wconf 89' lang='lat' dir='ltr'>testimonium</span> <span class='ocrx_word' id='word_1_128' title='bbox 1234 1653 1368 1735; x_wconf 88' lang='lat' dir='ltr'>habens,</span> <span class='ocrx_word' id='word_1_129' title='bbox 1393 1676 1455 1741; x_wconf 92' lang='lat' dir='ltr'>que</span> <span class='ocrx_word' id='word_1_130' title='bbox 1480 1677 1558 1719; x_wconf 90' lang='lat' dir='ltr'>vere</span> <span class='ocrx_word' id='word_1_131' title='bbox 1582 1655 1682 1720; x_wconf 87' lang='lat' dir='ltr'>vidua</span> <span class='ocrx_word' id='word_1_132' title='bbox 1706 1667 1739 1720; x_wconf 88' lang='lat' dir='ltr'>et</span> <span class='ocrx_word' id='word_1_133' title='bbox 1761 1656 1816 1720; x_wconf 91' lang='lat' dir='ltr'>de·</span> <span class='ocrx_word' id='word_1_134' title='bbox 1836 1676 1977 1726; x_wconf 58' lang='lat' dir='ltr'>immas.</span> 
     </span>
     <span class='ocr_line' id='line_1_14' title="bbox 166 1759 1817 1848; baseline 0.003 -26"><span class='ocrx_word' id='word_1_135' title='bbox 166 1760 269 1824; x_wconf 90' lang='lat' dir='ltr'>solata</span> <span class='ocrx_word' id='word_1_136' title='bbox 292 1771 352 1842; x_wconf 89' lang='lat' dir='ltr'>est,</span> <span class='ocrx_word' id='word_1_137' title='bbox 377 1760 459 1826; x_wconf 89' lang='lat' dir='ltr'>ultro</span> <span class='ocrx_word' id='word_1_138' title='bbox 484 1772 533 1825; x_wconf 88' lang='lat' dir='ltr'>est</span> <span class='ocrx_word' id='word_1_139' title='bbox 556 1761 732 1848; x_wconf 86' lang='lat' dir='ltr'>querenda,</span> <span class='ocrx_word' id='word_1_140' title='bbox 758 1773 789 1825; x_wconf 89' lang='lat' dir='ltr'>et</span> <span class='ocrx_word' id='word_1_141' title='bbox 812 1763 904 1826; x_wconf 88' lang='lat' dir='ltr'>iuxta</span> <span class='ocrx_word' id='word_1_142' title='bbox 927 1760 1107 1825; x_wconf 83' lang='lat' dir='ltr'>doctrinam</span> <span class='ocrx_word' id='word_1_143' title='bbox 1130 1759 1225 1824; x_wconf 89' lang='lat' dir='ltr'>Pauli</span> <span class='ocrx_word' id='word_1_144' title='bbox 1248 1760 1409 1846; x_wconf 88' lang='lat' dir='ltr'>eligenda,</span> <span class='ocrx_word' id='word_1_145' title='bbox 1433 1762 1511 1847; x_wconf 91' lang='lat' dir='ltr'>quia</span> <span class='ocrx_word' id='word_1_146' title='bbox 1533 1761 1615 1825; x_wconf 91' lang='lat' dir='ltr'>haee</span> <span class='ocrx_word' id='word_1_147' title='bbox 1639 1762 1817 1827; x_wconf 84' lang='lat' dir='ltr'>elemosina</span> 
     </span>
     <span class='ocr_line' id='line_1_15' title="bbox 164 1865 1450 1953; baseline 0.002 -23"><span class='ocrx_word' id='word_1_148' title='bbox 164 1866 243 1930; x_wconf 92' lang='lat' dir='ltr'>nulli</span> <span class='ocrx_word' id='word_1_149' title='bbox 267 1879 317 1931; x_wconf 88' lang='lat' dir='ltr'>est</span> <span class='ocrx_word' id='word_1_150' title='bbox 340 1867 524 1947; x_wconf 90' lang='lat' dir='ltr'>vendenda,</span> <span class='ocrx_word' id='word_1_151' title='bbox 547 1868 627 1932; x_wconf 89' lang='lat' dir='ltr'>nulli</span> <span class='ocrx_word' id='word_1_152' title='bbox 651 1868 796 1953; x_wconf 87' lang='lat' dir='ltr'>spoliatis</span> <span class='ocrx_word' id='word_1_153' title='bbox 820 1867 928 1932; x_wconf 91' lang='lat' dir='ltr'>viduis</span> <span class='ocrx_word' id='word_1_154' title='bbox 952 1878 985 1931; x_wconf 90' lang='lat' dir='ltr'>et</span> <span class='ocrx_word' id='word_1_155' title='bbox 1007 1865 1229 1953; x_wconf 86' lang='lat' dir='ltr'>indigentibus</span> <span class='ocrx_word' id='word_1_156' title='bbox 1253 1865 1450 1932; x_wconf 84' lang='lat' dir='ltr'>exhibenda.</span> 
     </span>
    </p>
   </div>
   <div class='ocr_carea' id='block_1_4' title="bbox 64 1990 1940 3359">
    <p class='ocr_par' dir='ltr' id='par_1_4' title="bbox 64 1990 1940 3359">
     <span class='ocr_line' id='line_1_16' title="bbox 274 1990 1815 2079; baseline 0 -23"><span class='ocrx_word' id='word_1_157' title='bbox 274 1995 346 2056; x_wconf 84' lang='lat'>142.</span> <span class='ocrx_word' id='word_1_158' title='bbox 382 1992 498 2056; x_wconf 90' lang='lat' dir='ltr'>Patres</span> <span class='ocrx_word' id='word_1_159' title='bbox 515 1994 600 2057; x_wconf 93' lang='lat' dir='ltr'>enim</span> <span class='ocrx_word' id='word_1_160' title='bbox 618 1994 752 2079; x_wconf 87' lang='lat' dir='ltr'>antiqui,</span> <span class='ocrx_word' id='word_1_161' title='bbox 778 1994 877 2079; x_wconf 88' lang='lat' dir='ltr'>patris</span> <span class='ocrx_word' id='word_1_162' title='bbox 894 1992 1112 2079; x_wconf 87' lang='lat' dir='ltr'>orphanorum</span> <span class='ocrx_word' id='word_1_163' title='bbox 1136 2002 1168 2056; x_wconf 89' lang='lat' dir='ltr'>et</span> <span class='ocrx_word' id='word_1_164' title='bbox 1191 1990 1308 2056; x_wconf 88' lang='lat' dir='ltr'>iudicis</span> <span class='ocrx_word' id='word_1_165' title='bbox 1324 1991 1499 2056; x_wconf 90' lang='lat' dir='ltr'>viduarum</span> <span class='ocrx_word' id='word_1_166' title='bbox 1515 1991 1691 2057; x_wconf 81' lang='lat' dir='ltr'>familiares</span> <span class='ocrx_word' id='word_1_167' title='bbox 1707 1994 1815 2076; x_wconf 91' lang='lat' dir='ltr'>amici,</span> 
     </span>
     <span class='ocr_line' id='line_1_17' title="bbox 119 2098 1814 2186; baseline 0.001 -24"><span class='ocrx_word' id='word_1_168' title='bbox 119 2125 146 2163; x_wconf 80' lang='lat' dir='ltr'>rs</span> <span class='ocrx_word' id='word_1_169' title='bbox 165 2109 261 2184; x_wconf 88' lang='lat' dir='ltr'>atque</span> <span class='ocrx_word' id='word_1_170' title='bbox 285 2098 359 2163; x_wconf 91' lang='lat' dir='ltr'>ideo</span> <span class='ocrx_word' id='word_1_171' title='bbox 384 2100 472 2163; x_wconf 90' lang='lat' dir='ltr'>circa</span> <span class='ocrx_word' id='word_1_172' title='bbox 488 2099 603 2164; x_wconf 90' lang='lat' dir='ltr'>viduas</span> <span class='ocrx_word' id='word_1_173' title='bbox 625 2110 657 2164; x_wconf 91' lang='lat' dir='ltr'>et</span> <span class='ocrx_word' id='word_1_174' title='bbox 672 2100 834 2186; x_wconf 87' lang='lat' dir='ltr'>orphanos</span> <span class='ocrx_word' id='word_1_175' title='bbox 851 2098 946 2164; x_wconf 85' lang='lat' dir='ltr'>valde</span> <span class='ocrx_word' id='word_1_176' title='bbox 971 2098 1109 2181; x_wconf 88' lang='lat' dir='ltr'>solliciti,</span> <span class='ocrx_word' id='word_1_177' title='bbox 1134 2121 1200 2162; x_wconf 91' lang='lat' dir='ltr'>non</span> <span class='ocrx_word' id='word_1_178' title='bbox 1215 2099 1262 2163; x_wconf 89' lang='lat' dir='ltr'>ita</span> <span class='ocrx_word' id='word_1_179' title='bbox 1278 2098 1318 2162; x_wconf 92' lang='lat' dir='ltr'>de</span> <span class='ocrx_word' id='word_1_180' title='bbox 1335 2100 1483 2184; x_wconf 86' lang='lat' dir='ltr'>portione</span> <span class='ocrx_word' id='word_1_181' title='bbox 1500 2120 1680 2185; x_wconf 88' lang='lat' dir='ltr'>pauperum</span> <span class='ocrx_word' id='word_1_182' title='bbox 1696 2099 1814 2164; x_wconf 90' lang='lat' dir='ltr'>milites</span> 
     </span>
     <span class='ocr_line' id='line_1_18' title="bbox 165 2204 1813 2293; baseline 0.001 -24"><span class='ocrx_word' id='word_1_183' title='bbox 165 2205 359 2287; x_wconf 87' lang='lat' dir='ltr'>ditaverunt,</span> <span class='ocrx_word' id='word_1_184' title='bbox 385 2206 468 2270; x_wconf 84' lang='lat' dir='ltr'>sicut</span> <span class='ocrx_word' id='word_1_185' title='bbox 483 2205 608 2270; x_wconf 89' lang='lat' dir='ltr'>faciunt</span> <span class='ocrx_word' id='word_1_186' title='bbox 623 2206 770 2270; x_wconf 90' lang='lat' dir='ltr'>moderni</span> <span class='ocrx_word' id='word_1_187' title='bbox 787 2206 920 2293; x_wconf 91' lang='lat' dir='ltr'>quidam</span> <span class='ocrx_word' id='word_1_188' title='bbox 937 2207 1092 2292; x_wconf 92' lang='lat' dir='ltr'>episcopi.</span> <span class='ocrx_word' id='word_1_189' title='bbox 1128 2205 1207 2270; x_wconf 92' lang='lat' dir='ltr'>Ideo</span> <span class='ocrx_word' id='word_1_190' title='bbox 1231 2204 1278 2269; x_wconf 93' lang='lat' dir='ltr'>illi</span> <span class='ocrx_word' id='word_1_191' title='bbox 1301 2205 1342 2269; x_wconf 91' lang='lat' dir='ltr'>de</span> <span class='ocrx_word' id='word_1_192' title='bbox 1359 2205 1420 2270; x_wconf 91' lang='lat' dir='ltr'>hac</span> <span class='ocrx_word' id='word_1_193' title='bbox 1436 2207 1505 2270; x_wconf 89' lang='lat' dir='ltr'>vita</span> <span class='ocrx_word' id='word_1_194' title='bbox 1521 2206 1711 2271; x_wconf 89' lang='lat' dir='ltr'>recedentes</span> <span class='ocrx_word' id='word_1_195' title='bbox 1727 2217 1813 2270; x_wconf 87' lang='lat' dir='ltr'>tran-</span> 
     </span>
     <span class='ocr_line' id='line_1_19' title="bbox 164 2310 1916 2399; baseline 0.001 -23"><span class='ocrx_word' id='word_1_196' title='bbox 164 2310 355 2398; x_wconf 89' lang='lat' dir='ltr'>quillitatem</span> <span class='ocrx_word' id='word_1_197' title='bbox 372 2323 404 2376; x_wconf 91' lang='lat' dir='ltr'>et</span> <span class='ocrx_word' id='word_1_198' title='bbox 419 2314 565 2399; x_wconf 88' lang='lat' dir='ltr'>requiem</span> <span class='ocrx_word' id='word_1_199' title='bbox 581 2313 668 2399; x_wconf 90' lang='lat' dir='ltr'>apud</span> <span class='ocrx_word' id='word_1_200' title='bbox 684 2313 823 2377; x_wconf 90' lang='lat' dir='ltr'>eundem</span> <span class='ocrx_word' id='word_1_201' title='bbox 839 2324 964 2399; x_wconf 90' lang='lat' dir='ltr'>patrem</span> <span class='ocrx_word' id='word_1_202' title='bbox 980 2313 1185 2395; x_wconf 90' lang='lat' dir='ltr'>invenerunt,</span> <span class='ocrx_word' id='word_1_203' title='bbox 1210 2313 1302 2376; x_wconf 89' lang='lat' dir='ltr'>cuius</span> <span class='ocrx_word' id='word_1_204' title='bbox 1325 2312 1399 2376; x_wconf 88' lang='lat' dir='ltr'>filiis</span> <span class='ocrx_word' id='word_1_205' title='bbox 1423 2313 1458 2377; x_wconf 92' lang='lat' dir='ltr'>in</span> <span class='ocrx_word' id='word_1_206' title='bbox 1481 2313 1544 2377; x_wconf 88' lang='lat' dir='ltr'>hac</span> <span class='ocrx_word' id='word_1_207' title='bbox 1562 2313 1710 2399; x_wconf 88' lang='lat' dir='ltr'>portione</span> <span class='ocrx_word' id='word_1_208' title='bbox 1727 2313 1813 2378; x_wconf 91' lang='lat' dir='ltr'>frau-</span> <span class='ocrx_word' id='word_1_209' title='bbox 1915 2383 1916 2386; x_wconf 8' lang='grc' dir='ltr'><strong>Ἴ</strong></span> 
     </span>
     <span class='ocr_line' id='line_1_20' title="bbox 164 2417 1813 2506; baseline 0.001 -24"><span class='ocrx_word' id='word_1_210' title='bbox 164 2418 238 2482; x_wconf 91' lang='lat' dir='ltr'>dem</span> <span class='ocrx_word' id='word_1_211' title='bbox 254 2417 375 2483; x_wconf 88' lang='lat' dir='ltr'>nullam</span> <span class='ocrx_word' id='word_1_212' title='bbox 399 2419 557 2483; x_wconf 86' lang='lat' dir='ltr'>fecerunt.</span> <span class='ocrx_word' id='word_1_213' title='bbox 594 2420 652 2483; x_wconf 90' lang='lat' dir='ltr'>Isti</span> <span class='ocrx_word' id='word_1_214' title='bbox 677 2431 785 2483; x_wconf 89' lang='lat' dir='ltr'>autem</span> <span class='ocrx_word' id='word_1_215' title='bbox 808 2443 914 2506; x_wconf 89' lang='lat' dir='ltr'>neque</span> <span class='ocrx_word' id='word_1_216' title='bbox 939 2419 991 2483; x_wconf 86' lang='lat' dir='ltr'>hie</span> <span class='ocrx_word' id='word_1_217' title='bbox 1014 2441 1130 2505; x_wconf 90' lang='lat' dir='ltr'>pacem</span> <span class='ocrx_word' id='word_1_218' title='bbox 1153 2420 1239 2482; x_wconf 89' lang='lat' dir='ltr'>inter</span> <span class='ocrx_word' id='word_1_219' title='bbox 1261 2418 1379 2483; x_wconf 88' lang='lat' dir='ltr'>milites</span> <span class='ocrx_word' id='word_1_220' title='bbox 1399 2417 1486 2483; x_wconf 91' lang='lat' dir='ltr'>bona</span> <span class='ocrx_word' id='word_1_221' title='bbox 1508 2418 1688 2485; x_wconf 78' lang='lat' dir='ltr'>aecclesiae</span> <span class='ocrx_word' id='word_1_222' title='bbox 1710 2420 1813 2506; x_wconf 89' lang='lat' dir='ltr'>possi-</span> 
     </span>
     <span class='ocr_line' id='line_1_21' title="bbox 163 2524 1813 2613; baseline 0.002 -24"><span class='ocrx_word' id='word_1_223' title='bbox 163 2525 278 2589; x_wconf 87' lang='lat' dir='ltr'>dentes</span> <span class='ocrx_word' id='word_1_224' title='bbox 290 2524 422 2608; x_wconf 87' lang='lat' dir='ltr'>habent,</span> <span class='ocrx_word' id='word_1_225' title='bbox 435 2549 542 2613; x_wconf 89' lang='lat' dir='ltr'>neque</span> <span class='ocrx_word' id='word_1_226' title='bbox 559 2527 647 2612; x_wconf 86' lang='lat' dir='ltr'>apud</span> <span class='ocrx_word' id='word_1_227' title='bbox 660 2539 785 2612; x_wconf 89' lang='lat' dir='ltr'>patrem</span> <span class='ocrx_word' id='word_1_228' title='bbox 799 2526 1017 2613; x_wconf 87' lang='lat' dir='ltr'>orphanorum</span> <span class='ocrx_word' id='word_1_229' title='bbox 1033 2537 1065 2590; x_wconf 90' lang='lat' dir='ltr'>ct</span> <span class='ocrx_word' id='word_1_230' title='bbox 1079 2525 1223 2590; x_wconf 90' lang='lat' dir='ltr'>iudicem</span> <span class='ocrx_word' id='word_1_231' title='bbox 1235 2525 1408 2590; x_wconf 90' lang='lat' dir='ltr'>viduarum</span> <span class='ocrx_word' id='word_1_232' title='bbox 1420 2527 1559 2611; x_wconf 71' lang='lat' dir='ltr'>gratim</span> <span class='ocrx_word' id='word_1_233' title='bbox 1571 2548 1630 2612; x_wconf 90' lang='lat' dir='ltr'>per</span> <span class='ocrx_word' id='word_1_234' title='bbox 1640 2526 1813 2592; x_wconf 88' lang='lat' dir='ltr'>militarem</span> 
     </span>
     <span class='ocr_line' id='line_1_22' title="bbox 117 2631 1813 2719; baseline -0.001 -22"><span class='ocrx_word' id='word_1_235' title='bbox 117 2659 144 2697; x_wconf 78' lang='lat' dir='ltr'>so</span> <span class='ocrx_word' id='word_1_236' title='bbox 162 2655 294 2696; x_wconf 89' lang='lat' dir='ltr'>manum</span> <span class='ocrx_word' id='word_1_237' title='bbox 317 2633 493 2697; x_wconf 76' lang='lat' dir='ltr'>invenient.</span> <span class='ocrx_word' id='word_1_238' title='bbox 540 2632 571 2696; x_wconf 93' lang='lat' dir='ltr'><strong>A</strong></span> <span class='ocrx_word' id='word_1_239' title='bbox 594 2632 751 2697; x_wconf 89' lang='lat' dir='ltr'>militibus</span> <span class='ocrx_word' id='word_1_240' title='bbox 776 2634 862 2696; x_wconf 90' lang='lat' dir='ltr'>enim</span> <span class='ocrx_word' id='word_1_241' title='bbox 886 2655 972 2696; x_wconf 91' lang='lat' dir='ltr'>nunc</span> <span class='ocrx_word' id='word_1_242' title='bbox 997 2631 1201 2718; x_wconf 82' lang='lat' dir='ltr'>affliguntur3</span> <span class='ocrx_word' id='word_1_243' title='bbox 1226 2634 1260 2696; x_wconf 93' lang='lat' dir='ltr'>in</span> <span class='ocrx_word' id='word_1_244' title='bbox 1284 2643 1430 2697; x_wconf 87' lang='lat' dir='ltr'>extremo</span> <span class='ocrx_word' id='word_1_245' title='bbox 1455 2643 1563 2697; x_wconf 89' lang='lat' dir='ltr'>autem</span> <span class='ocrx_word' id='word_1_246' title='bbox 1581 2633 1730 2697; x_wconf 88' lang='lat' dir='ltr'>examine</span> <span class='ocrx_word' id='word_1_247' title='bbox 1753 2656 1813 2719; x_wconf 89' lang='lat' dir='ltr'>pro</span> 
     </span>
     <span class='ocr_line' id='line_1_23' title="bbox 161 2737 1812 2826; baseline 0.001 -24"><span class='ocrx_word' id='word_1_248' title='bbox 161 2738 335 2803; x_wconf 90' lang='lat' dir='ltr'>viduarum</span> <span class='ocrx_word' id='word_1_249' title='bbox 360 2762 399 2803; x_wconf 90' lang='lat' dir='ltr'>ac</span> <span class='ocrx_word' id='word_1_250' title='bbox 423 2739 640 2826; x_wconf 89' lang='lat' dir='ltr'>orphanorum</span> <span class='ocrx_word' id='word_1_251' title='bbox 657 2739 857 2804; x_wconf 87' lang='lat' dir='ltr'>desolatione</span> <span class='ocrx_word' id='word_1_252' title='bbox 882 2762 993 2803; x_wconf 88' lang='lat' dir='ltr'>omnes</span> <span class='ocrx_word' id='word_1_253' title='bbox 1014 2740 1137 2824; x_wconf 87' lang='lat' dir='ltr'>pariter</span> <span class='ocrx_word' id='word_1_254' title='bbox 1152 2737 1385 2804; x_wconf 89' lang='lat' dir='ltr'>turbabuntur:</span> <span class='ocrx_word' id='word_1_255' title='bbox 1411 2740 1467 2825; x_wconf 94' lang='lat' dir='ltr'>qui</span> <span class='ocrx_word' id='word_1_256' title='bbox 1483 2739 1602 2822; x_wconf 87' lang='lat' dir='ltr'>dand0,</span> <span class='ocrx_word' id='word_1_257' title='bbox 1625 2738 1812 2826; x_wconf 90' lang='lat' dir='ltr'>prestando,</span> 
     </span>
     <span class='ocr_line' id='line_1_24' title="bbox 162 2837 1813 2932; baseline 0.001 -23"><span class='ocrx_word' id='word_1_258' title='bbox 162 2846 356 2931; x_wconf 87' lang='lat' dir='ltr'>accipiendo</span> <span class='ocrx_word' id='word_1_259' title='bbox 388 2847 570 2932; x_wconf 87' lang='lat' dir='ltr'>portionem</span> <span class='ocrx_word' id='word_1_260' title='bbox 605 2869 801 2932; x_wconf 89' lang='lat' dir='ltr'>pauperum,</span> <span class='ocrx_word' id='word_1_261' title='bbox 834 2847 1071 2910; x_wconf 85' lang='lat' dir='ltr'>convineuntur</span> <span class='ocrx_word' id='word_1_262' title='bbox 1101 2844 1291 2931; x_wconf 85' lang='lat' dir='ltr'>spoliatores</span> <span class='ocrx_word' id='word_1_263' title='bbox 1323 2837 1445 2910; x_wconf 89' lang='lat' dir='ltr'>eorum.</span> <span class='ocrx_word' id='word_1_264' title='bbox 1492 2844 1734 2930; x_wconf 88' lang='lat' dir='ltr'>Turbabuntur,</span> <span class='ocrx_word' id='word_1_265' title='bbox 1766 2848 1813 2911; x_wconf 91' lang='lat' dir='ltr'>in-</span> 
     </span>
     <span class='ocr_line' id='line_1_25' title="bbox 64 2951 1940 3039; baseline 0.005 -23"><span class='ocrx_word' id='word_1_266' title='bbox 64 3031 65 3036; x_wconf 11' lang='lat'><em>*</em></span> <span class='ocrx_word' id='word_1_267' title='bbox 162 2975 277 3038; x_wconf 81' lang='lat' dir='ltr'>quam3</span> <span class='ocrx_word' id='word_1_268' title='bbox 314 2952 372 3016; x_wconf 88' lang='lat' dir='ltr'>sed</span> <span class='ocrx_word' id='word_1_269' title='bbox 402 2975 589 3039; x_wconf 88' lang='lat' dir='ltr'>queramus,</span> <span class='ocrx_word' id='word_1_270' title='bbox 620 2953 707 3017; x_wconf 91' lang='lat' dir='ltr'>unde</span> <span class='ocrx_word' id='word_1_271' title='bbox 738 2951 934 3016; x_wconf 82' lang='lat' dir='ltr'>turbentur?</span> <span class='ocrx_word' id='word_1_272' title='bbox 980 2951 1102 3038; x_wconf 86' lang='lat' dir='ltr'>Utique</span> <span class='ocrx_word' id='word_1_273' title='bbox 1137 2975 1157 3016; x_wconf 88' lang='lat' dir='ltr'>a</span> <span class='ocrx_word' id='word_1_274' title='bbox 1187 2952 1272 3017; x_wconf 87' lang='lat' dir='ltr'>facie</span> <span class='ocrx_word' id='word_1_275' title='bbox 1303 2953 1383 3016; x_wconf 88' lang='lat' dir='ltr'>eius.</span> <span class='ocrx_word' id='word_1_276' title='bbox 1431 2951 1532 3016; x_wconf 87' lang='lat' dir='ltr'>Cuius</span> <span class='ocrx_word' id='word_1_277' title='bbox 1564 2953 1659 3017; x_wconf 80' lang='lat' dir='ltr'>eius?</span> <span class='ocrx_word' id='word_1_278' title='bbox 1705 2954 1814 3019; x_wconf 81' lang='lat' dir='ltr'>Patr-is</span> <span class='ocrx_word' id='word_1_279' title='bbox 1832 2985 1940 3034; x_wconf 63' lang='lat' dir='ltr'>rasas.</span> 
     </span>
     <span class='ocr_line' id='line_1_26' title="bbox 163 3058 1812 3146; baseline 0.001 -23"><span class='ocrx_word' id='word_1_280' title='bbox 163 3061 375 3146; x_wconf 73' lang='lat' dir='ltr'>orphanorum</span> <span class='ocrx_word' id='word_1_281' title='bbox 400 3075 428 3125; x_wconf 83' lang='lat' dir='ltr'>et</span> <span class='ocrx_word' id='word_1_282' title='bbox 450 3061 569 3126; x_wconf 81' lang='lat' dir='ltr'>iudicis</span> <span class='ocrx_word' id='word_1_283' title='bbox 593 3061 771 3125; x_wconf 81' lang='lat' dir='ltr'>vidnoram.</span> <span class='ocrx_word' id='word_1_284' title='bbox 820 3060 913 3123; x_wconf 83' lang='lat' dir='ltr'>Tunc</span> <span class='ocrx_word' id='word_1_285' title='bbox 944 3081 1050 3145; x_wconf 89' lang='lat' dir='ltr'>neque</span> <span class='ocrx_word' id='word_1_286' title='bbox 1080 3058 1173 3122; x_wconf 90' lang='lat' dir='ltr'>miles</span> <span class='ocrx_word' id='word_1_287' title='bbox 1203 3060 1321 3145; x_wconf 89' lang='lat' dir='ltr'>poterit</span> <span class='ocrx_word' id='word_1_288' title='bbox 1352 3060 1541 3145; x_wconf 89' lang='lat' dir='ltr'>episcopum</span> <span class='ocrx_word' id='word_1_289' title='bbox 1568 3059 1677 3145; x_wconf 91' lang='lat' dir='ltr'>gladio</span> <span class='ocrx_word' id='word_1_290' title='bbox 1702 3060 1812 3140; x_wconf 84' lang='lat' dir='ltr'>defen-</span> 
     </span>
     <span class='ocr_line' id='line_1_27' title="bbox 116 3165 1812 3253; baseline 0.001 -22"><span class='ocrx_word' id='word_1_291' title='bbox 116 3191 143 3231; x_wconf 78' lang='lat' dir='ltr'>rs</span> <span class='ocrx_word' id='word_1_292' title='bbox 163 3165 242 3230; x_wconf 88' lang='lat' dir='ltr'>dere</span> <span class='ocrx_word' id='word_1_293' title='bbox 272 3188 377 3253; x_wconf 89' lang='lat' dir='ltr'>neque</span> <span class='ocrx_word' id='word_1_294' title='bbox 409 3167 581 3252; x_wconf 90' lang='lat' dir='ltr'>episcopus</span> <span class='ocrx_word' id='word_1_295' title='bbox 611 3167 746 3230; x_wconf 90' lang='lat' dir='ltr'>militem</span> <span class='ocrx_word' id='word_1_296' title='bbox 777 3188 946 3247; x_wconf 86' lang='lat' dir='ltr'>excusare,</span> <span class='ocrx_word' id='word_1_297' title='bbox 978 3177 1134 3251; x_wconf 87' lang='lat' dir='ltr'>querente</span> <span class='ocrx_word' id='word_1_298' title='bbox 1164 3167 1225 3229; x_wconf 89' lang='lat' dir='ltr'>isto</span> <span class='ocrx_word' id='word_1_299' title='bbox 1256 3165 1364 3230; x_wconf 89' lang='lat' dir='ltr'>iudice</span> <span class='ocrx_word' id='word_1_300' title='bbox 1388 3165 1570 3248; x_wconf 88' lang='lat' dir='ltr'>viduarum,</span> <span class='ocrx_word' id='word_1_301' title='bbox 1602 3189 1660 3231; x_wconf 89' lang='lat' dir='ltr'>cur</span> <span class='ocrx_word' id='word_1_302' title='bbox 1682 3167 1735 3231; x_wconf 90' lang='lat' dir='ltr'>vel</span> <span class='ocrx_word' id='word_1_303' title='bbox 1758 3167 1812 3232; x_wconf 91' lang='lat' dir='ltr'>ille</span> 
     </span>
     <span class='ocr_line' id='line_1_28' title="bbox 163 3271 1282 3359; baseline -0.002 -23"><span class='ocrx_word' id='word_1_304' title='bbox 163 3273 342 3358; x_wconf 88' lang='lat' dir='ltr'>prestiterit</span> <span class='ocrx_word' id='word_1_305' title='bbox 365 3273 417 3337; x_wconf 93' lang='lat' dir='ltr'>vel</span> <span class='ocrx_word' id='word_1_306' title='bbox 440 3275 501 3337; x_wconf 89' lang='lat' dir='ltr'>iste</span> <span class='ocrx_word' id='word_1_307' title='bbox 527 3275 692 3358; x_wconf 88' lang='lat' dir='ltr'>acceperit</span> <span class='ocrx_word' id='word_1_308' title='bbox 714 3271 801 3337; x_wconf 88' lang='lat' dir='ltr'>bona</span> <span class='ocrx_word' id='word_1_309' title='bbox 824 3295 1005 3359; x_wconf 88' lang='lat' dir='ltr'>pauperum</span> <span class='ocrx_word' id='word_1_310' title='bbox 1029 3283 1061 3336; x_wconf 88' lang='lat' dir='ltr'>et</span> <span class='ocrx_word' id='word_1_311' title='bbox 1083 3271 1282 3335; x_wconf 86' lang='lat' dir='ltr'>viduamm?</span> 
     </span>
    </p>
   </div>
   <div class='ocr_carea' id='block_1_5' title="bbox 118 3395 1910 4438">
    <p class='ocr_par' dir='ltr' id='par_1_5' title="bbox 274 3395 1910 3483">
     <span class='ocr_line' id='line_1_29' title="bbox 274 3395 1910 3483; baseline 0.001 -23"><span class='ocrx_word' id='word_1_312' title='bbox 274 3400 345 3461; x_wconf 83' lang='lat'>143.</span> <span class='ocrx_word' id='word_1_313' title='bbox 382 3395 570 3483; x_wconf 85' lang='lat' dir='ltr'>Gregorius,</span> <span class='ocrx_word' id='word_1_314' title='bbox 594 3398 763 3478; x_wconf 88' lang='lat' dir='ltr'>Martinus,</span> <span class='ocrx_word' id='word_1_315' title='bbox 788 3395 992 3478; x_wconf 85' lang='lat' dir='ltr'>Ambrosius,</span> <span class='ocrx_word' id='word_1_316' title='bbox 1016 3396 1218 3482; x_wconf 87' lang='lat' dir='ltr'>Augustinus</span> <span class='ocrx_word' id='word_1_317' title='bbox 1247 3418 1313 3461; x_wconf 91' lang='lat' dir='ltr'>non</span> <span class='ocrx_word' id='word_1_318' title='bbox 1338 3395 1517 3460; x_wconf 77' lang='lat' dir='ltr'>‘timebunt</span> <span class='ocrx_word' id='word_1_319' title='bbox 1545 3397 1626 3462; x_wconf 91' lang='lat' dir='ltr'>illud</span> <span class='ocrx_word' id='word_1_320' title='bbox 1654 3397 1812 3462; x_wconf 88' lang='lat' dir='ltr'>iudicium</span> <span class='ocrx_word' id='word_1_321' title='bbox 1831 3422 1910 3466; x_wconf 85' lang='lat' dir='ltr'>·r.ro.</span> 
     </span>
    </p>

    <p class='ocr_par' dir='ltr' id='par_1_6' title="bbox 163 3501 1813 3696">
     <span class='ocr_line' id='line_1_30' title="bbox 163 3501 1811 3590; baseline 0.001 -23"><span class='ocrx_word' id='word_1_322' title='bbox 163 3505 265 3589; x_wconf 89' lang='lat' dir='ltr'>patris</span> <span class='ocrx_word' id='word_1_323' title='bbox 289 3504 506 3590; x_wconf 90' lang='lat' dir='ltr'>orphanorum</span> <span class='ocrx_word' id='word_1_324' title='bbox 531 3516 562 3568; x_wconf 91' lang='lat' dir='ltr'>et</span> <span class='ocrx_word' id='word_1_325' title='bbox 585 3503 702 3568; x_wconf 91' lang='lat' dir='ltr'>iudicis</span> <span class='ocrx_word' id='word_1_326' title='bbox 718 3504 899 3585; x_wconf 87' lang='lat' dir='ltr'>viduarum,</span> <span class='ocrx_word' id='word_1_327' title='bbox 925 3505 1002 3590; x_wconf 92' lang='lat' dir='ltr'>quia</span> <span class='ocrx_word' id='word_1_328' title='bbox 1025 3504 1163 3588; x_wconf 86' lang='lat' dir='ltr'>gratiam</span> <span class='ocrx_word' id='word_1_329' title='bbox 1186 3501 1353 3566; x_wconf 90' lang='lat' dir='ltr'>habebunt</span> <span class='ocrx_word' id='word_1_330' title='bbox 1375 3525 1556 3588; x_wconf 88' lang='lat' dir='ltr'>pauperum</span> <span class='ocrx_word' id='word_1_331' title='bbox 1580 3515 1612 3567; x_wconf 90' lang='lat' dir='ltr'>ct</span> <span class='ocrx_word' id='word_1_332' title='bbox 1630 3502 1811 3568; x_wconf 88' lang='lat' dir='ltr'>viduarum.</span> 
     </span>
     <span class='ocr_line' id='line_1_31' title="bbox 164 3608 1813 3696; baseline 0.001 -23"><span class='ocrx_word' id='word_1_333' title='bbox 164 3610 234 3674; x_wconf 88' lang='lat' dir='ltr'>Nec</span> <span class='ocrx_word' id='word_1_334' title='bbox 264 3611 470 3675; x_wconf 89' lang='lat' dir='ltr'>invenientur</span> <span class='ocrx_word' id='word_1_335' title='bbox 499 3608 545 3674; x_wconf 94' lang='lat' dir='ltr'>ibi</span> <span class='ocrx_word' id='word_1_336' title='bbox 576 3610 723 3674; x_wconf 89' lang='lat' dir='ltr'>fraudem</span> <span class='ocrx_word' id='word_1_337' title='bbox 754 3611 872 3675; x_wconf 89' lang='lat' dir='ltr'>fecisse</span> <span class='ocrx_word' id='word_1_338' title='bbox 903 3609 944 3674; x_wconf 92' lang='lat' dir='ltr'>de</span> <span class='ocrx_word' id='word_1_339' title='bbox 971 3632 1152 3696; x_wconf 88' lang='lat' dir='ltr'>pauperum</span> <span class='ocrx_word' id='word_1_340' title='bbox 1182 3611 1340 3695; x_wconf 90' lang='lat' dir='ltr'>portione,</span> <span class='ocrx_word' id='word_1_341' title='bbox 1365 3631 1462 3695; x_wconf 89' lang='lat' dir='ltr'>quam</span> <span class='ocrx_word' id='word_1_342' title='bbox 1486 3632 1545 3696; x_wconf 91' lang='lat' dir='ltr'>pro</span> <span class='ocrx_word' id='word_1_343' title='bbox 1568 3609 1724 3674; x_wconf 88' lang='lat' dir='ltr'>militibus</span> <span class='ocrx_word' id='word_1_344' title='bbox 1747 3633 1813 3674; x_wconf 91' lang='lat' dir='ltr'>non</span> 
     </span>
    </p>

    <p class='ocr_par' dir='ltr' id='par_1_7' title="bbox 118 3716 1815 4229">
     <span class='ocr_line' id='line_1_32' title="bbox 118 3716 1812 3804; baseline -0.001 -22"><span class='ocrx_word' id='word_1_345' title='bbox 118 3744 145 3782; x_wconf 81' lang='lat' dir='ltr'>so</span> <span class='ocrx_word' id='word_1_346' title='bbox 165 3717 401 3801; x_wconf 87' lang='lat' dir='ltr'>diminuerunt;</span> <span class='ocrx_word' id='word_1_347' title='bbox 426 3716 484 3781; x_wconf 90' lang='lat' dir='ltr'>sed</span> <span class='ocrx_word' id='word_1_348' title='bbox 506 3740 610 3804; x_wconf 90' lang='lat' dir='ltr'>usque</span> <span class='ocrx_word' id='word_1_349' title='bbox 634 3717 716 3781; x_wconf 89' lang='lat' dir='ltr'>adeo</span> <span class='ocrx_word' id='word_1_350' title='bbox 741 3718 838 3782; x_wconf 89' lang='lat' dir='ltr'>etiam</span> <span class='ocrx_word' id='word_1_351' title='bbox 864 3717 904 3781; x_wconf 94' lang='lat' dir='ltr'>de</span> <span class='ocrx_word' id='word_1_352' title='bbox 928 3716 988 3799; x_wconf 91' lang='lat' dir='ltr'>his,</span> <span class='ocrx_word' id='word_1_353' title='bbox 1013 3739 1097 3803; x_wconf 88' lang='lat' dir='ltr'>quae</span> <span class='ocrx_word' id='word_1_354' title='bbox 1121 3726 1278 3801; x_wconf 85' lang='lat' dir='ltr'>angustae</span> <span class='ocrx_word' id='word_1_355' title='bbox 1302 3716 1490 3780; x_wconf 82' lang='lat' dir='ltr'>necessitati</span> <span class='ocrx_word' id='word_1_356' title='bbox 1514 3739 1626 3780; x_wconf 91' lang='lat' dir='ltr'>eorum</span> <span class='ocrx_word' id='word_1_357' title='bbox 1642 3739 1812 3803; x_wconf 86' lang='lat' dir='ltr'>superesse</span> 
     </span>
     <span class='ocr_line' id='line_1_33' title="bbox 164 3823 1812 3910; baseline -0.001 -22"><span class='ocrx_word' id='word_1_358' title='bbox 164 3834 325 3910; x_wconf 88' lang='lat' dir='ltr'>poterant,</span> <span class='ocrx_word' id='word_1_359' title='bbox 349 3847 468 3910; x_wconf 89' lang='lat' dir='ltr'>augere</span> <span class='ocrx_word' id='word_1_360' title='bbox 493 3823 695 3905; x_wconf 90' lang='lat' dir='ltr'>studuerunt,</span> <span class='ocrx_word' id='word_1_361' title='bbox 720 3835 755 3887; x_wconf 88' lang='lat' dir='ltr'>ut</span> <span class='ocrx_word' id='word_1_362' title='bbox 778 3835 911 3910; x_wconf 90' lang='lat' dir='ltr'>propter</span> <span class='ocrx_word' id='word_1_363' title='bbox 934 3823 1070 3887; x_wconf 89' lang='lat' dir='ltr'>aliorum</span> <span class='ocrx_word' id='word_1_364' title='bbox 1086 3831 1311 3908; x_wconf 86' lang='lat' dir='ltr'>paupertatem</span> <span class='ocrx_word' id='word_1_365' title='bbox 1336 3823 1556 3886; x_wconf 89' lang='lat' dir='ltr'>necessariam</span> <span class='ocrx_word' id='word_1_366' title='bbox 1578 3824 1641 3909; x_wconf 89' lang='lat' dir='ltr'>ipsi</span> <span class='ocrx_word' id='word_1_367' title='bbox 1664 3834 1812 3909; x_wconf 90' lang='lat' dir='ltr'>pateren-</span> 
     </span>
     <span class='ocr_line' id='line_1_34' title="bbox 165 3930 1815 4018; baseline 0.002 -25"><span class='ocrx_word' id='word_1_368' title='bbox 165 3943 217 3993; x_wconf 87' lang='lat' dir='ltr'>tur</span> <span class='ocrx_word' id='word_1_369' title='bbox 250 3943 476 4016; x_wconf 80' lang='lat' dir='ltr'>paupertatem</span> <span class='ocrx_word' id='word_1_370' title='bbox 505 3931 731 3995; x_wconf 89' lang='lat' dir='ltr'>voluntariam.</span> <span class='ocrx_word' id='word_1_371' title='bbox 790 3930 869 3994; x_wconf 89' lang='lat' dir='ltr'>Ideo</span> <span class='ocrx_word' id='word_1_372' title='bbox 904 3952 969 3993; x_wconf 91' lang='lat' dir='ltr'>non</span> <span class='ocrx_word' id='word_1_373' title='bbox 1004 3931 1210 3995; x_wconf 80' lang='lat' dir='ltr'>tnrbabuntur</span> <span class='ocrx_word' id='word_1_374' title='bbox 1239 3956 1259 3993; x_wconf 85' lang='lat' dir='ltr'>a</span> <span class='ocrx_word' id='word_1_375' title='bbox 1282 3931 1377 4018; x_wconf 81' lang='lat' dir='ltr'>socie</span> <span class='ocrx_word' id='word_1_376' title='bbox 1400 3933 1510 4016; x_wconf 80' lang='lat' dir='ltr'>patris</span> <span class='ocrx_word' id='word_1_377' title='bbox 1544 3932 1755 4016; x_wconf 79' lang='lat' dir='ltr'>orphanorum</span> <span class='ocrx_word' id='word_1_378' title='bbox 1786 3946 1815 3996; x_wconf 87' lang='lat' dir='ltr'>et</span> 
     </span>
     <span class='ocr_line' id='line_1_35' title="bbox 167 4035 1812 4123; baseline -0.001 -21"><span class='ocrx_word' id='word_1_379' title='bbox 167 4038 285 4102; x_wconf 79' lang='lat' dir='ltr'>iudicis</span> <span class='ocrx_word' id='word_1_380' title='bbox 316 4039 495 4118; x_wconf 80' lang='lat' dir='ltr'>viduarum,</span> <span class='ocrx_word' id='word_1_381' title='bbox 525 4038 583 4102; x_wconf 92' lang='lat' dir='ltr'>sed</span> <span class='ocrx_word' id='word_1_382' title='bbox 611 4061 685 4102; x_wconf 87' lang='lat' dir='ltr'>curn</span> <span class='ocrx_word' id='word_1_383' title='bbox 710 4061 747 4102; x_wconf 93' lang='lat' dir='ltr'>eo</span> <span class='ocrx_word' id='word_1_384' title='bbox 772 4035 973 4101; x_wconf 85' lang='lat' dir='ltr'>exercebunt</span> <span class='ocrx_word' id='word_1_385' title='bbox 1002 4036 1160 4101; x_wconf 91' lang='lat' dir='ltr'>iudicium</span> <span class='ocrx_word' id='word_1_386' title='bbox 1183 4045 1296 4100; x_wconf 89' lang='lat' dir='ltr'>contra</span> <span class='ocrx_word' id='word_1_387' title='bbox 1319 4059 1527 4123; x_wconf 87' lang='lat' dir='ltr'>oppressores</span> <span class='ocrx_word' id='word_1_388' title='bbox 1552 4059 1672 4101; x_wconf 90' lang='lat' dir='ltr'>eorum.</span> <span class='ocrx_word' id='word_1_389' title='bbox 1719 4037 1812 4101; x_wconf 89' lang='lat' dir='ltr'>Tunc</span> 
     </span>
     <span class='ocr_line' id='line_1_36' title="bbox 165 4142 1814 4229; baseline 0.001 -23"><span class='ocrx_word' id='word_1_390' title='bbox 165 4144 199 4206; x_wconf 90' lang='lat' dir='ltr'>in</span> <span class='ocrx_word' id='word_1_391' title='bbox 222 4155 312 4208; x_wconf 88' lang='lat' dir='ltr'>tanto</span> <span class='ocrx_word' id='word_1_392' title='bbox 336 4143 524 4229; x_wconf 87' lang='lat' dir='ltr'>angelorum</span> <span class='ocrx_word' id='word_1_393' title='bbox 548 4155 580 4208; x_wconf 88' lang='lat' dir='ltr'>et</span> <span class='ocrx_word' id='word_1_394' title='bbox 604 4155 790 4208; x_wconf 90' lang='lat' dir='ltr'>sanctorum</span> <span class='ocrx_word' id='word_1_395' title='bbox 815 4154 929 4207; x_wconf 89' lang='lat' dir='ltr'>senatu</span> <span class='ocrx_word' id='word_1_396' title='bbox 952 4142 1195 4207; x_wconf 87' lang='lat' dir='ltr'>testamentales</span> <span class='ocrx_word' id='word_1_397' title='bbox 1219 4142 1349 4206; x_wconf 90' lang='lat' dir='ltr'>tabulae</span> <span class='ocrx_word' id='word_1_398' title='bbox 1374 4142 1414 4206; x_wconf 89' lang='lat' dir='ltr'>de</span> <span class='ocrx_word' id='word_1_399' title='bbox 1439 4142 1560 4209; x_wconf 87' lang='lat' dir='ltr'>Christi</span> <span class='ocrx_word' id='word_1_400' title='bbox 1590 4143 1769 4208; x_wconf 89' lang='lat' dir='ltr'>hereditate</span> <span class='ocrx_word' id='word_1_401' title='bbox 1794 4167 1814 4207; x_wconf 91' lang='lat' dir='ltr'>a</span> 
     </span>
    </p>

    <p class='ocr_par' dir='ltr' id='par_1_8' title="bbox 119 4248 1812 4438">
     <span class='ocr_line' id='line_1_37' title="bbox 119 4248 1812 4336; baseline -0.001 -20"><span class='ocrx_word' id='word_1_402' title='bbox 119 4276 147 4316; x_wconf 77' lang='lat' dir='ltr'>as</span> <span class='ocrx_word' id='word_1_403' title='bbox 165 4249 312 4335; x_wconf 89' lang='lat' dir='ltr'>patribus</span> <span class='ocrx_word' id='word_1_404' title='bbox 337 4251 540 4336; x_wconf 81' lang='lat' dir='ltr'>conscriptae</span> <span class='ocrx_word' id='word_1_405' title='bbox 557 4250 777 4336; x_wconf 88' lang='lat' dir='ltr'>proferentur:</span> <span class='ocrx_word' id='word_1_406' title='bbox 801 4251 836 4312; x_wconf 91' lang='lat' dir='ltr'>in</span> <span class='ocrx_word' id='word_1_407' title='bbox 853 4249 971 4335; x_wconf 89' lang='lat' dir='ltr'>quibus</span> <span class='ocrx_word' id='word_1_408' title='bbox 988 4271 1109 4330; x_wconf 88' lang='lat' dir='ltr'>omnes,</span> <span class='ocrx_word' id='word_1_409' title='bbox 1135 4249 1190 4335; x_wconf 92' lang='lat' dir='ltr'>qui</span> <span class='ocrx_word' id='word_1_410' title='bbox 1213 4248 1385 4313; x_wconf 86' lang='lat' dir='ltr'>facultates</span> <span class='ocrx_word' id='word_1_411' title='bbox 1410 4249 1669 4314; x_wconf 86' lang='lat' dir='ltr'>aecclesiasticas</span> <span class='ocrx_word' id='word_1_412' title='bbox 1693 4249 1812 4316; x_wconf 92' lang='lat' dir='ltr'>inordi-</span> 
     </span>
     <span class='ocr_line' id='line_1_38' title="bbox 165 4358 681 4438; baseline 0 -18"><span class='ocrx_word' id='word_1_413' title='bbox 165 4369 240 4434; x_wconf 88' lang='lat' dir='ltr'>nate</span> <span class='ocrx_word' id='word_1_414' title='bbox 264 4367 414 4438; x_wconf 89' lang='lat' dir='ltr'>tractant,</span> <span class='ocrx_word' id='word_1_415' title='bbox 438 4358 681 4421; x_wconf 83' lang='lat' dir='ltr'>convincentur.</span> 
     </span>
    </p>
   </div>
   <div class='ocr_carea' id='block_1_6' title="bbox 121 4479 1814 4974">
    <p class='ocr_par' dir='ltr' id='par_1_9' title="bbox 165 4479 1813 4783">
     <span class='ocr_line' id='line_1_39' title="bbox 276 4479 1812 4567; baseline 0 -22"><span class='ocrx_word' id='word_1_416' title='bbox 276 4485 348 4545; x_wconf 90' lang='grc'><strong>144.</strong></span> <span class='ocrx_word' id='word_1_417' title='bbox 385 4481 420 4546; x_wconf 92' lang='lat' dir='ltr'>Si</span> <span class='ocrx_word' id='word_1_418' title='bbox 444 4483 528 4545; x_wconf 91' lang='lat' dir='ltr'>enim</span> <span class='ocrx_word' id='word_1_419' title='bbox 553 4481 691 4545; x_wconf 89' lang='lat' dir='ltr'>hominis</span> <span class='ocrx_word' id='word_1_420' title='bbox 715 4492 908 4544; x_wconf 88' lang='lat' dir='ltr'>testamento</span> <span class='ocrx_word' id='word_1_421' title='bbox 927 4503 1022 4544; x_wconf 92' lang='lat' dir='ltr'>nemo</span> <span class='ocrx_word' id='word_1_422' title='bbox 1040 4479 1128 4544; x_wconf 91' lang='lat' dir='ltr'>aliud</span> <span class='ocrx_word' id='word_1_423' title='bbox 1144 4480 1397 4567; x_wconf 88' lang='lat' dir='ltr'>superordinans</span> <span class='ocrx_word' id='word_1_424' title='bbox 1414 4480 1525 4545; x_wconf 89' lang='lat' dir='ltr'>evadit</span> <span class='ocrx_word' id='word_1_425' title='bbox 1547 4481 1713 4563; x_wconf 87' lang='lat' dir='ltr'>iudicium,</span> <span class='ocrx_word' id='word_1_426' title='bbox 1739 4505 1812 4545; x_wconf 92' lang='lat' dir='ltr'>cum</span> 
     </span>
     <span class='ocr_line' id='line_1_40' title="bbox 166 4586 1813 4674; baseline -0.001 -22"><span class='ocrx_word' id='word_1_427' title='bbox 166 4587 207 4652; x_wconf 89' lang='lat' dir='ltr'>ab</span> <span class='ocrx_word' id='word_1_428' title='bbox 225 4611 273 4670; x_wconf 89' lang='lat' dir='ltr'>ec,</span> <span class='ocrx_word' id='word_1_429' title='bbox 291 4589 345 4653; x_wconf 90' lang='lat' dir='ltr'>cui</span> <span class='ocrx_word' id='word_1_430' title='bbox 360 4598 496 4653; x_wconf 87' lang='lat' dir='ltr'>testator</span> <span class='ocrx_word' id='word_1_431' title='bbox 510 4588 609 4670; x_wconf 91' lang='lat' dir='ltr'>favet,</span> <span class='ocrx_word' id='word_1_432' title='bbox 635 4586 722 4674; x_wconf 89' lang='lat' dir='ltr'>apud</span> <span class='ocrx_word' id='word_1_433' title='bbox 745 4586 886 4651; x_wconf 90' lang='lat' dir='ltr'>iudicem</span> <span class='ocrx_word' id='word_1_434' title='bbox 902 4587 1000 4652; x_wconf 89' lang='lat' dir='ltr'>fuerit</span> <span class='ocrx_word' id='word_1_435' title='bbox 1015 4587 1288 4673; x_wconf 60' lang='lat' dir='ltr'>proclamatum:</span> <span class='ocrx_word' id='word_1_436' title='bbox 1314 4587 1475 4673; x_wconf 88' lang='lat' dir='ltr'>quomodo</span> <span class='ocrx_word' id='word_1_437' title='bbox 1493 4586 1633 4652; x_wconf 90' lang='lat' dir='ltr'>evadent</span> <span class='ocrx_word' id='word_1_438' title='bbox 1655 4588 1813 4653; x_wconf 88' lang='lat' dir='ltr'>iudicium</span> 
     </span>
     <span class='ocr_line' id='line_1_41' title="bbox 165 4693 1812 4783; baseline -0.001 -23"><span class='ocrx_word' id='word_1_439' title='bbox 165 4707 317 4783; x_wconf 89' lang='lat' dir='ltr'>presente</span> <span class='ocrx_word' id='word_1_440' title='bbox 341 4707 456 4759; x_wconf 90' lang='lat' dir='ltr'>senatu</span> <span class='ocrx_word' id='word_1_441' title='bbox 479 4708 673 4776; x_wconf 89' lang='lat' dir='ltr'>sanctorum,</span> <span class='ocrx_word' id='word_1_442' title='bbox 696 4717 833 4781; x_wconf 90' lang='lat' dir='ltr'>quorum</span> <span class='ocrx_word' id='word_1_443' title='bbox 850 4693 1027 4758; x_wconf 88' lang='lat' dir='ltr'>decretalia</span> <span class='ocrx_word' id='word_1_444' title='bbox 1043 4695 1217 4758; x_wconf 86' lang='lat' dir='ltr'>constituta</span> <span class='ocrx_word' id='word_1_445' title='bbox 1232 4693 1447 4776; x_wconf 90' lang='lat' dir='ltr'>violaverunt,</span> <span class='ocrx_word' id='word_1_446' title='bbox 1472 4693 1550 4758; x_wconf 91' lang='lat' dir='ltr'>dum</span> <span class='ocrx_word' id='word_1_447' title='bbox 1572 4693 1621 4758; x_wconf 88' lang='lat' dir='ltr'>his</span> <span class='ocrx_word' id='word_1_448' title='bbox 1644 4693 1812 4780; x_wconf 86' lang='lat' dir='ltr'>neglectis,</span> 
     </span>
    </p>

    <p class='ocr_par' dir='ltr' id='par_1_10' title="bbox 121 4800 1814 4974">
     <span class='ocr_line' id='line_1_42' title="bbox 121 4800 1814 4889; baseline -0.002 -22"><span class='ocrx_word' id='word_1_449' title='bbox 121 4828 149 4867; x_wconf 74' lang='lat' dir='ltr'>ao</span> <span class='ocrx_word' id='word_1_450' title='bbox 167 4825 229 4889; x_wconf 90' lang='lat' dir='ltr'>que</span> <span class='ocrx_word' id='word_1_451' title='bbox 255 4802 295 4866; x_wconf 92' lang='lat' dir='ltr'>de</span> <span class='ocrx_word' id='word_1_452' title='bbox 320 4800 442 4867; x_wconf 88' lang='lat' dir='ltr'>Christi</span> <span class='ocrx_word' id='word_1_453' title='bbox 471 4801 651 4865; x_wconf 89' lang='lat' dir='ltr'>hereditate</span> <span class='ocrx_word' id='word_1_454' title='bbox 676 4802 861 4887; x_wconf 89' lang='lat' dir='ltr'>conscripta</span> <span class='ocrx_word' id='word_1_455' title='bbox 889 4812 972 4882; x_wconf 89' lang='lat' dir='ltr'>sunt,</span> <span class='ocrx_word' id='word_1_456' title='bbox 1003 4823 1105 4864; x_wconf 90' lang='lat' dir='ltr'>novas</span> <span class='ocrx_word' id='word_1_457' title='bbox 1136 4801 1364 4886; x_wconf 88' lang='lat' dir='ltr'>usurpationes</span> <span class='ocrx_word' id='word_1_458' title='bbox 1395 4809 1451 4863; x_wconf 91' lang='lat' dir='ltr'>aut</span> <span class='ocrx_word' id='word_1_459' title='bbox 1479 4800 1729 4864; x_wconf 88' lang='lat' dir='ltr'>introduxerunt</span> <span class='ocrx_word' id='word_1_460' title='bbox 1758 4811 1814 4864; x_wconf 90' lang='lat' dir='ltr'>aut</span> 
     </span>
     <span class='ocr_line' id='line_1_43' title="bbox 165 4907 761 4974; baseline 0 -3"><span class='ocrx_word' id='word_1_461' title='bbox 165 4909 367 4974; x_wconf 89' lang='lat' dir='ltr'>introductas</span> <span class='ocrx_word' id='word_1_462' title='bbox 390 4932 456 4973; x_wconf 91' lang='lat' dir='ltr'>non</span> <span class='ocrx_word' id='word_1_463' title='bbox 480 4907 761 4972; x_wconf 77' lang='lat' dir='ltr'>emendaverunt?</span> 
     </span>
    </p>
   </div>
   <div class='ocr_carea' id='block_1_7' title="bbox 167 5012 1813 5312">
    <p class='ocr_par' dir='ltr' id='par_1_11' title="bbox 167 5012 1813 5312">
     <span class='ocr_line' id='line_1_44' title="bbox 273 5012 1813 5103; baseline -0.001 -23"><span class='ocrx_word' id='word_1_464' title='bbox 273 5016 401 5080; x_wconf 89' lang='lat' dir='ltr'>Paucos</span> <span class='ocrx_word' id='word_1_465' title='bbox 425 5016 511 5079; x_wconf 90' lang='lat' dir='ltr'>enim</span> <span class='ocrx_word' id='word_1_466' title='bbox 527 5015 685 5097; x_wconf 89' lang='lat' dir='ltr'>videmus,</span> <span class='ocrx_word' id='word_1_467' title='bbox 710 5018 766 5103; x_wconf 92' lang='lat' dir='ltr'>qui</span> <span class='ocrx_word' id='word_1_468' title='bbox 791 5015 831 5081; x_wconf 92' lang='lat' dir='ltr'>de</span> <span class='ocrx_word' id='word_1_469' title='bbox 855 5013 1013 5080; x_wconf 90' lang='lat' dir='ltr'>reditibus</span> <span class='ocrx_word' id='word_1_470' title='bbox 1038 5013 1270 5078; x_wconf 88' lang='lat' dir='ltr'>aecclesiarum</span> <span class='ocrx_word' id='word_1_471' title='bbox 1291 5035 1494 5077; x_wconf 88' lang='lat' dir='ltr'>communem</span> <span class='ocrx_word' id='word_1_472' title='bbox 1511 5014 1611 5077; x_wconf 87' lang='lat' dir='ltr'>vitam</span> <span class='ocrx_word' id='word_1_473' title='bbox 1634 5015 1667 5077; x_wconf 92' lang='lat' dir='ltr'>in</span> <span class='ocrx_word' id='word_1_474' title='bbox 1691 5012 1813 5100; x_wconf 89' lang='lat' dir='ltr'>baptis-</span> 
     </span>
     <span class='ocr_line' id='line_1_45' title="bbox 167 5119 1813 5208; baseline -0.001 -22"><span class='ocrx_word' id='word_1_475' title='bbox 167 5121 306 5186; x_wconf 91' lang='lat' dir='ltr'>malibus</span> <span class='ocrx_word' id='word_1_476' title='bbox 330 5122 498 5186; x_wconf 91' lang='lat' dir='ltr'>aecclesiis</span> <span class='ocrx_word' id='word_1_477' title='bbox 517 5121 659 5203; x_wconf 86' lang='lat' dir='ltr'>foveant,</span> <span class='ocrx_word' id='word_1_478' title='bbox 684 5133 739 5186; x_wconf 89' lang='lat' dir='ltr'>aut</span> <span class='ocrx_word' id='word_1_479' title='bbox 762 5123 880 5186; x_wconf 86' lang='lat' dir='ltr'>exinde</span> <span class='ocrx_word' id='word_1_480' title='bbox 897 5123 995 5186; x_wconf 77' lang='lat' dir='ltr'>[IH0r</span> <span class='ocrx_word' id='word_1_481' title='bbox 1012 5133 1121 5208; x_wconf 89' lang='lat' dir='ltr'>partes</span> <span class='ocrx_word' id='word_1_482' title='bbox 1145 5120 1178 5182; x_wconf 92' lang='lat' dir='ltr'>in</span> <span class='ocrx_word' id='word_1_483' title='bbox 1200 5119 1335 5204; x_wconf 90' lang='lat' dir='ltr'>singulis</span> <span class='ocrx_word' id='word_1_484' title='bbox 1360 5121 1452 5183; x_wconf 90' lang='lat' dir='ltr'>annis</span> <span class='ocrx_word' id='word_1_485' title='bbox 1476 5120 1598 5183; x_wconf 89' lang='lat' dir='ltr'>faciant</span> <span class='ocrx_word' id='word_1_486' title='bbox 1621 5130 1718 5206; x_wconf 90' lang='lat' dir='ltr'>atque</span> <span class='ocrx_word' id='word_1_487' title='bbox 1741 5120 1813 5184; x_wconf 89' lang='lat' dir='ltr'>illas</span> 
     </span>
     <span class='ocr_line' id='line_1_46' title="bbox 167 5225 1812 5312; baseline 0 -20"><span class='ocrx_word' id='word_1_488' title='bbox 167 5231 258 5292; x_wconf 84' lang='lat' dir='ltr'>iuxta</span> <span class='ocrx_word' id='word_1_489' title='bbox 282 5239 401 5292; x_wconf 89' lang='lat' dir='ltr'>statuta</span> <span class='ocrx_word' id='word_1_490' title='bbox 424 5251 584 5292; x_wconf 89' lang='lat' dir='ltr'>canonum</span> <span class='ocrx_word' id='word_1_491' title='bbox 602 5227 806 5292; x_wconf 89' lang='lat' dir='ltr'>distribuant.</span> <span class='ocrx_word' id='word_1_492' title='bbox 843 5227 1010 5306; x_wconf 78' lang='lat' dir='ltr'>Quasdam</span> <span class='ocrx_word' id='word_1_493' title='bbox 1027 5227 1121 5291; x_wconf 89' lang='lat' dir='ltr'>villas</span> <span class='ocrx_word' id='word_1_494' title='bbox 1146 5227 1319 5312; x_wconf 89' lang='lat' dir='ltr'>episcopus</span> <span class='ocrx_word' id='word_1_495' title='bbox 1343 5227 1497 5312; x_wconf 89' lang='lat' dir='ltr'>possidet,</span> <span class='ocrx_word' id='word_1_496' title='bbox 1522 5225 1679 5312; x_wconf 88' lang='lat' dir='ltr'>quasdam</span> <span class='ocrx_word' id='word_1_497' title='bbox 1703 5226 1812 5311; x_wconf 83' lang='lat' dir='ltr'>milcs3</span> 
     </span>
    </p>
   </div>
   <div class='ocr_carea' id='block_1_8' title="bbox 121 5373 1890 5564">
    <p class='ocr_par' dir='ltr' id='par_1_12' title="bbox 121 5373 1890 5564">
     <span class='ocr_line' id='line_1_47' title="bbox 121 5373 1890 5453; baseline 0 -16"><span class='ocrx_word' id='word_1_498' title='bbox 121 5397 148 5436; x_wconf 76' lang='lat' dir='ltr'>to</span> <span class='ocrx_word' id='word_1_499' title='bbox 273 5383 342 5437; x_wconf 87' lang='lat' dir='ltr'>Vita</span> <span class='ocrx_word' id='word_1_500' title='bbox 365 5380 394 5436; x_wconf 89' lang='lat' dir='ltr'>S.</span> <span class='ocrx_word' id='word_1_501' title='bbox 412 5381 543 5452; x_wconf 81' lang='lat' dir='ltr'>Gregorii</span> <span class='ocrx_word' id='word_1_502' title='bbox 565 5381 636 5434; x_wconf 91' lang='lat' dir='ltr'>libro</span> <span class='ocrx_word' id='word_1_503' title='bbox 660 5379 697 5446; x_wconf 87' lang='lat'>11,</span> <span class='ocrx_word' id='word_1_504' title='bbox 722 5397 784 5450; x_wconf 86' lang='lat' dir='ltr'>cap.</span> <span class='ocrx_word' id='word_1_505' title='bbox 806 5373 895 5433; x_wconf 87' lang='lat' dir='ltr'>LV¹:</span> <span class='ocrx_word' id='word_1_506' title='bbox 923 5375 1054 5440; x_wconf 82' lang='lat' dir='ltr'>Qualiter</span> <span class='ocrx_word' id='word_1_507' title='bbox 1075 5398 1145 5435; x_wconf 81' lang='lat' dir='ltr'>sane</span> <span class='ocrx_word' id='word_1_508' title='bbox 1170 5375 1328 5453; x_wconf 69' lang='lat' dir='ltr'>Greqorim</span> <span class='ocrx_word' id='word_1_509' title='bbox 1345 5397 1402 5452; x_wconf 84' lang='lat' dir='ltr'>per</span> <span class='ocrx_word' id='word_1_510' title='bbox 1419 5385 1624 5452; x_wconf 80' lang='lat' dir='ltr'>procuratores</span> <span class='ocrx_word' id='word_1_511' title='bbox 1646 5408 1690 5417; x_wconf 86' lang='lat'>—</span> <span class='ocrx_word' id='word_1_512' title='bbox 1711 5408 1756 5417; x_wconf 90' lang='lat'>—</span> <span class='ocrx_word' id='word_1_513' title='bbox 1780 5379 1815 5436; x_wconf 74' lang='lat' dir='ltr'>da</span> <span class='ocrx_word' id='word_1_514' title='bbox 1832 5398 1890 5440; x_wconf 76' lang='lat' dir='ltr'>avo.</span> 
     </span>
     <span class='ocr_line' id='line_1_48' title="bbox 161 5486 618 5564; baseline -0.007 -20"><span class='ocrx_word' id='word_1_515' title='bbox 161 5487 266 5564; x_wconf 86' lang='lat' dir='ltr'>paucis</span> <span class='ocrx_word' id='word_1_516' title='bbox 289 5488 359 5544; x_wconf 82' lang='lat' dir='ltr'>haec</span> <span class='ocrx_word' id='word_1_517' title='bbox 375 5488 482 5559; x_wconf 80' lang='lat' dir='ltr'>facere</span> <span class='ocrx_word' id='word_1_518' title='bbox 505 5486 618 5542; x_wconf 74' lang='lat' dir='ltr'>curasti</span> 
     </span>
    </p>
   </div>
   <div class='ocr_carea' id='block_1_9' title="bbox 274 5624 697 5692">
    <p class='ocr_par' dir='ltr' id='par_1_13' title="bbox 274 5624 697 5692">
     <span class='ocr_line' id='line_1_49' title="bbox 274 5624 697 5692; baseline -0.002 -17"><span class='ocrx_word' id='word_1_519' title='bbox 274 5625 301 5688; x_wconf 87' lang='lat' dir='ltr'>a)</span> <span class='ocrx_word' id='word_1_520' title='bbox 323 5624 504 5692; x_wconf 86' lang='lat' dir='ltr'>proclamavit</span> <span class='ocrx_word' id='word_1_521' title='bbox 522 5643 557 5686; x_wconf 86' lang='lat' dir='ltr'>c.;</span> <span class='ocrx_word' id='word_1_522' title='bbox 577 5641 621 5674; x_wconf 68' lang='lat' dir='ltr'>eris.</span> <span class='ocrx_word' id='word_1_523' title='bbox 642 5624 697 5674; x_wconf 78' lang='lat' dir='ltr'>Pez.</span> 
     </span>
    </p>
   </div>
   <div class='ocr_carea' id='block_1_10' title="bbox 237 5751 629 5927">
    <p class='ocr_par' dir='ltr' id='par_1_14' title="bbox 237 5751 629 5927">
     <span class='ocr_line' id='line_1_50' title="bbox 277 5751 629 5829; baseline -0.003 -20"><span class='ocrx_word' id='word_1_524' title='bbox 277 5753 306 5824; x_wconf 91' lang='lat' dir='ltr'>l)</span> <span class='ocrx_word' id='word_1_525' title='bbox 332 5751 405 5829; x_wconf 82' lang='lat' dir='ltr'>Opp.</span> <span class='ocrx_word' id='word_1_526' title='bbox 430 5753 484 5822; x_wconf 89' lang='lat' dir='ltr'>IV,</span> <span class='ocrx_word' id='word_1_527' title='bbox 509 5752 629 5810; x_wconf 76' lang='lat' dir='ltr'>cotto.</span> 
     </span>
     <span class='ocr_line' id='line_1_51' title="bbox 237 5873 553 5927; baseline -0.009 0"><span class='ocrx_word' id='word_1_528' title='bbox 237 5874 338 5927; x_wconf 88' lang='lat' dir='ltr'>Libelli</span> <span class='ocrx_word' id='word_1_529' title='bbox 357 5875 391 5926; x_wconf 86' lang='lat' dir='ltr'>dc</span> <span class='ocrx_word' id='word_1_530' title='bbox 410 5873 467 5926; x_wconf 89' lang='lat' dir='ltr'>lite.</span> <span class='ocrx_word' id='word_1_531' title='bbox 498 5875 553 5925; x_wconf 92' lang='lat'>111.</span> 
     </span>
    </p>
   </div>
   <div class='ocr_carea' id='block_1_11' title="bbox 0 0 2244 6388">
    <p class='ocr_par' dir='ltr' id='par_1_15' title="bbox 0 0 2244 6388">
     <span class='ocr_line' id='line_1_52' title="bbox 0 0 2244 6388; baseline 0 0"><span class='ocrx_word' id='word_1_532' title='bbox 0 0 2244 6388; x_wconf 95' lang='lat' dir='ltr'> </span> 
     </span>
    </p>
   </div>
  </div>
 </body>
</html>
