4396 6390
458 382 522 445 496
752 389 931 446 GERHOHI
955 389 1189 444 PRAEPOSITI
1212 387 1620 444 REICHERSBERGENSIS
1644 387 1809 443 LIBELLI.

456 576 500 640 Et
515 576 592 662 quia
607 575 719 640 divina
742 576 848 661 gratia
871 585 1026 662 operante
1045 575 1150 640 factus
1168 588 1217 640 cst
1241 577 1300 640 iste
1317 577 1450 656 fructus,
1475 575 1547 661 ipsa
1564 597 1691 661 quoquc
1708 573 1886 638 adiuvante
1903 595 1964 660 per
1979 597 2032 639 nos
2046 581 2091 644 erit

456 682 709 764 conservandus,
734 691 769 746 ut
792 693 931 746 maneat.
966 682 1096 747 Revera
1119 683 1293 747 incuriam
1316 683 1411 746 istam
1428 693 1587 746 venerunt
1604 681 1736 767 quidam
1760 680 1801 745 de
1826 680 1958 768 clericis
1982 681 2038 746 illis
2051 684 2091 749 de-

455 790 568 876 positis
585 799 618 852 et
629 788 801 853 voluerunt
813 787 959 854 obtinere
973 789 1091 866 officia,
1105 791 1161 876 qni
1177 789 1285 869 etium,
1303 789 1386 852 sicut
1401 789 1512 868 fertur,
1530 789 1657 852 mentiti
1674 799 1748 851 sunt
1763 811 1784 851 a
1799 786 1895 852 nobis
1909 787 2093 856 discedentes

455 895 543 983 apud
562 897 685 960 curiam
701 896 786 960 hanc
803 894 1007 981 displicuisse
1024 897 1165 982 rigorem
1185 907 1298 960 eontra
1314 897 1401 981 ipsos
1421 894 1577 960 habiturn.
1608 894 1673 960 Sed
1689 906 1852 959 noverunt
1867 894 1987 958 fratres
2002 901 2094 980 nostri,

455 1003 511 1088 qui
534 1013 701 1088 presentes
726 1014 800 1068 sunt
823 1013 855 1066 et
878 1005 912 1066 in
929 1026 1065 1090 quorum
1082 1004 1245 1089 presentia
1269 1002 1357 1068 idern
1373 1001 1492 1088 repulsi
1516 1001 1656 1082 fuerunt,
1681 1001 1768 1089 quod
1791 1001 1893 1088 legati
1918 1004 2117 1070 sententiam

454 1110 488 1174 in
505 1131 560 1173 eos
585 1121 745 1174 eteorum
771 1109 892 1173 similes
916 1121 1019 1174 ratam
1044 1121 1075 1174 et
1091 1121 1216 1196 gratam
1233 1111 1395 1174 tenuimus
1419 1119 1451 1172 et
1474 1120 1631 1190 tenemus,
1657 1131 1761 1196 neque
1779 1131 1798 1172 a
1814 1121 1929 1173 tenore
1948 1131 2096 1176 sacrorum

313 1233 438 1293 rasam:
455 1239 615 1280 canonum
639 1218 672 1279 in
695 1215 815 1280 talibus
839 1215 1040 1280 recedemus,
1081 1215 1176 1281 Unde
1197 1217 1281 1280 scias
1304 1227 1340 1280 tu
1364 1227 1396 1280 et
1419 1238 1478 1303 per
1501 1226 1532 1280 te
1557 1217 1663 1280 sciant
1686 1215 1740 1280 alii
1764 1217 1902 1280 interra
1919 1215 2096 1300 Teutonici,

455 1323 542 1409 quod
565 1324 700 1388 mentita
723 1333 772 1386 est
795 1323 949 1409 iniquitas
974 1322 1036 1387 sibi
1060 1322 1243 1388 dicentibus
1268 1323 1331 1387 illis
1356 1323 1420 1387 alia
1444 1345 1540 1410 quam
1566 1345 1649 1409 qnae
1673 1346 1693 1386 a
1715 1322 1809 1387 nobis
1834 1321 1984 1386 audisti’.

560 1429 632 1494 Hec
649 1429 771 1494 idcirco
788 1453 873 1494 nunc
890 1429 1034 1494 breviter
1053 1429 1275 1494 interserendo
1293 1431 1553 1510 commemorari,
1572 1441 1606 1494 ut
1622 1432 1728 1494 minus
1744 1428 1914 1494 dubitetur
1930 1451 2002 1494 esse
2018 1453 2097 1494 veras

454 1538 649 1626 assertiones
673 1546 799 1601 nostras
816 1549 928 1602 contra
945 1537 1180 1601 sacrificatores
1203 1536 1333 1602 illicitos
1357 1547 1390 1601 ct
1412 1537 1601 1602 interdictos
1619 1539 1716 1602 etiam
1733 1538 1795 1623 ipsi
1812 1537 1925 1601 curiae
1947 1536 2097 1601 Romanae
2111 1563 2176 1602 ar

324 1671 435 1720 naras.
455 1641 711 1708 abhominabiles
740 1655 772 1707 et
795 1642 951 1724 abiectos,
983 1655 1093 1730 utpote
1118 1643 1339 1709 sacrificantes
1363 1667 1428 1709 non
1452 1645 1485 1708 in
1508 1655 1616 1711 monte
1641 1657 1763 1724 sancto,
1796 1643 1912 1707 sedin
1938 1643 2023 1707 valle
2046 1641 2099 1708 Ge·

453 1749 594 1830 hennon,
619 1751 702 1814 sicut
726 1773 824 1836 supra
849 1761 999 1836 exparte
1020 1751 1277 1837 perstrinximus,
1302 1750 1357 1815 ubi
1374 1750 1601 1816 conventicula
1618 1774 1729 1816 eorum
1745 1750 1939 1837 poliandriis
1957 1750 2100 1814 assimila·

453 1858 570 1938 simus,
590 1858 688 1921 immo
708 1856 750 1921 ab
769 1859 841 1943 ipso
858 1857 1000 1921 Domino
1021 1879 1079 1943 per
1094 1857 1284 1942 prophetam
1300 1857 1473 1922 Ieremiam
1498 1858 1675 1922 assimilata
1698 1855 1910 1922 ostendimus.
1938 1905 1945 1920 .
1972 1906 1978 1920 .
2005 1906 2012 1919 .
2038 1906 2044 1920 .
2068 1907 2100 1920 ..

1019 2125 1076 2188 IN
1093 2125 1253 2188 PSALM
1255 2125 1324 2189 IIII
1341 2125 1539 2189 LXXVIII.

376 2277 434 2318 ern.
561 2248 690 2313 Psalmo
706 2249 879 2313 LXXVII.
898 2248 1028 2336 expleto
1049 2271 1198 2336 sequens,
1215 2248 1368 2314 videlicet
1383 2249 1573 2313 LXXVIII.
1591 2261 1676 2314 esset
1693 2248 1918 2334 exponendam,
1944 2250 2008 2312 nisi
2025 2249 2106 2335 quod

332 2384 436 2432 ronna.
455 2359 520 2421 iarn
543 2379 608 2420 nox
632 2355 687 2420 illa
710 2357 866 2434 imminet,
891 2358 924 2420 in
945 2379 1009 2443 qua
1032 2379 1127 2420 nemo
1152 2369 1258 2442 potest
1282 2357 1420 2442 operari.
1469 2355 1559 2420 Saltu
1584 2379 1660 2442 ergo
1684 2356 1771 2420 facto
1795 2354 1915 2420 abhinc
1941 2378 2045 2442 usque
2070 2355 2107 2420 ad

455 2463 615 2551 psalmum
628 2464 840 2527 centesimum
854 2463 981 2544 XVIII,
996 2485 1091 2549 quern
1109 2463 1256 2542 antehac,
1274 2474 1369 2549 prout
1383 2463 1456 2527 Deo
1471 2463 1602 2527 favente
1620 2464 1792 2549 potuimus,
1807 2464 2021 2549 exposuimus
2037 2485 2106 2527 con·

320 2597 366 2638 cor.
376 2600 394 2646 1,
406 2599 436 2640 1³.
456 2569 610 2634 tinuando
628 2580 704 2634 tunc
724 2571 961 2656 expositionem
977 2592 1080 2655 usque
1104 2569 1138 2632 in
1154 2569 1250 2633 finem
1268 2569 1422 2656 psalterii,
1447 2568 1506 2632 sed
1528 2593 1614 2634 nunc
1639 2570 1826 2633 imminente
1843 2580 2006 2656 potestate
2024 2583 2107 2634 tene·

456 2675 586 2740 brarum
610 2677 757 2762 cogimur
788 2699 917 2741 cessare
943 2674 984 2740 ab
1008 2678 1222 2763 expositione.
1270 2675 1336 2741 Sed
1367 2698 1406 2740 ne
1437 2675 1561 2740 medios
1591 2675 1732 2762 psalmos
1764 2677 1902 2740 intactos
1935 2678 2107 2763 preterisse
2124 2702 2146 2740 n

455 2783 626 2848 videamur
640 2805 700 2869 per
715 2782 957 2869 negligentiam,
976 2806 1016 2847 en
1033 2781 1198 2846 reddimus
1216 2805 1357 2846 cansam.
1394 2783 1555 2869 Spiritalis
1571 2782 1752 2847 Antiochus
1771 2784 1835 2846 iam
1853 2789 2001 2868 regnatl,
2020 2785 2108 2847 cuius

454 2890 615 2954 tirannica
630 2889 785 2954 violentia
809 2891 855 2954 sic
879 2889 1018 2954 ecclesia
1041 2891 1243 2976 opprimitur,
1269 2892 1313 2954 sic
1330 2889 1484 2975 templum
1502 2889 1566 2953 Dei
1582 2889 1721 2953 violatur
1744 2902 1777 2953 et
1799 2889 1991 2976 profanatur
2013 2900 2108 2976 atque

454 2995 608 3083 polluitur
629 2997 877 3081 ingravescente
901 2997 997 3060 nimis
1021 2995 1165 3082 periculo
1183 2997 1353 3077 scismatis,
1371 3007 1405 3059 ut
1421 3019 1540 3082 magna
1557 2998 1598 3060 sit
1616 2997 1752 3061 materia
1769 2995 1908 3061 canendi
1925 2996 1979 3060 rel
1996 2999 2109 3083 pocius

454 3103 651 3168 lamentandi
676 3114 708 3167 et
731 3101 830 3167 flendi
854 3102 1033 3168 secundum
1049 3102 1151 3167 verba
1172 3103 1267 3167 huius
1283 3102 1414 3189 psalmi:
1440 3103 1538 3182 Deras,
1564 3119 1710 3168 vetarunt
1728 3120 1832 3192 pernes
1856 3108 1889 3169 in
1906 3105 2108 3169 hereditatem

327 3237 435 3287 aaran
454 3226 551 3291 tuom,
573 3212 760 3297 polluerunt
789 3213 936 3296 templum
966 3226 1105 3274 sertatum
1136 3225 1229 3274 terrim.
1277 3209 1361 3274 Nam
1391 3233 1451 3295 per
1474 3224 1597 3296 gentes,
1628 3210 1736 3275 idest
1766 3211 1912 3274 homines
1944 3209 2109 3296 gentiliter
2125 3235 2147 3273 a

454 3318 612 3398 viventes,
643 3339 761 3380 nomen
784 3316 850 3380 Dei
879 3315 1132 3402 blasphematur,
1157 3316 1234 3380 dum
1258 3315 1375 3381 talibus
1400 3329 1449 3381 est
1479 3316 1617 3380 liberum
1646 3318 1679 3381 in
1703 3317 1823 3403 templo
1847 3317 1912 3381 Dei
1941 3317 2108 3403 negociari

290 3425 434 3518 Μξζῦξξβν
455 3435 486 3488 et
502 3425 591 3487 circa
613 3423 769 3509 templum
784 3423 850 3486 Dei
874 3424 1018 3503 scortari,
1044 3425 1128 3487 sicut
1151 3424 1185 3486 in
1209 3421 1323 3487 diebus
1340 3423 1593 3488 Machabeorurn
1616 3423 1754 3508 legimus
1779 3425 1927 3488 evenisse
1944 3423 2107 3488 Antiocho

361 3560 433 3598 aaa.
454 3529 615 3594 vendente
641 3530 864 3595 sacerdocium
888 3531 992 3616 primo
1019 3529 1138 3609 Iasoni,
1164 3529 1282 3593 deinde
1309 3528 1458 3594 Menelao
1489 3541 1586 3616 atque
1612 3529 1800 3594 mulieribus
1823 3529 2000 3617 impudicis
2025 3531 2106 3595 ultro

366 3666 394 3708 n.
403 3667 434 3708 12.
454 3660 488 3701 se
511 3636 735 3722 ingerentibus
765 3636 836 3701 loco
868 3648 979 3701 sancto
1005 3647 1036 3700 et
1060 3637 1188 3722 optimis
1220 3633 1418 3723 epheborum
1449 3638 1482 3700 in
1512 3636 1722 3722 lupanaribus
1753 3639 1877 3723 positis.
1924 3638 2023 3702 Hanc
2054 3638 2105 3702 de-

454 3744 644 3809 solationem
668 3742 838 3830 deplorare
862 3743 992 3807 ridetur
1014 3743 1136 3828 Asaph,
1162 3743 1212 3806 cui
1238 3742 1416 3808 attitulatur
1439 3743 1491 3807 hic
1516 3742 1669 3829 psalmus.
1715 3742 1826 3807 Habet
1848 3745 1936 3808 enim
1960 3745 2104 3809 titulum:
2122 3769 2145 3808 n

453 3851 599 3916 Prolatus
623 3851 743 3937 Asapb.
799 3849 865 3915 Sed
894 3850 998 3914 eidem
1022 3848 1145 3936 Asaph,
1177 3848 1211 3912 id
1238 3861 1288 3914 est
1318 3851 1561 3936 congregationi
1593 3849 1743 3936 psallenti
1754 3855 1775 3932 ²,
1806 3852 1839 3914 in
1869 3851 1968 3916 finem
1999 3853 2105 3938 potius

454 3958 603 4042 congruit
625 3957 796 4021 lamentari
819 3957 903 4020 hanc
927 3955 1135 4020 desolationis
1156 3955 1462 4036 abhominationem,
1480 3979 1575 4043 quam
1593 3979 1652 4020 nos
1675 3959 1740 4021 iarn
1763 3957 1828 4021 fine
1851 3957 1966 4022 mundi
1990 3981 2104 4044 appro-

452 4065 630 4150 pinquante
654 4062 803 4128 videmus
834 4065 1013 4144 imminere,
1046 4062 1182 4149 spiritali
1205 4062 1366 4128 Aritiocho
1391 4074 1545 4148 regnante
1570 4087 1608 4128 ac
1633 4063 1788 4150 ternplum
1812 4063 1877 4128 Dei
1901 4065 2104 4150 profanante,

453 4170 548 4235 nullis
571 4170 625 4234 vel
648 4172 761 4256 paucis
781 4169 1036 4234 Machabeorum
1060 4168 1217 4233 similibus
1242 4168 1287 4232 illi
1310 4169 1545 4253 resistentibus,
1570 4169 1814 4235 arescentibus*
1839 4170 2025 4236 hominibus
2048 4195 2104 4258 pre

453 4279 566 4341 timore
591 4289 623 4342 et
647 4278 874 4363 expectatione
905 4276 1072 4358 malorum,
1098 4298 1160 4362 que
1185 4278 1414 4362 supervenient
1438 4278 1589 4341 universo
1614 4276 1694 4342 orbi.
1742 4277 1905 4364 Scriptum
1938 4290 1987 4344 est
2020 4281 2103 4344 enirn
2123 4303 2147 4344 n

302 4413 432 4462 raas-a.
453 4384 487 4447 in
509 4382 591 4448 libro
616 4382 886 4448 Machabeorum:
911 4384 1054 4448 Pessima
1077 4398 1178 4447 auteur
1203 4398 1230 4447 et
1253 4387 1409 4448 italicensis
1429 4387 1540 4472 prour's
1563 4387 1717 4450 anulorum.
1741 4401 1809 4450 erat
1833 4389 1982 4452 incursic.
2020 4387 2103 4451 Nom

355 4519 433 4560 aaa.
453 4493 599 4577 templum
624 4490 792 4556 trecenteni
816 4506 844 4555 et
867 4493 1140 4556 corneseationibue
1158 4497 1239 4555 ‘erat
1250 4493 1379 4576 plenam¹
1396 4506 1424 4554 et
1437 4494 1639 4555 scortantium
1656 4518 1722 4556 curn
1748 4495 1974 4572 areretricibae,
1997 4519 2104 4558 sacra-

452 4601 552 4684 tisque
576 4598 685 4662 edibus
708 4599 855 4662 arctiores
878 4622 909 4662 se
934 4599 1015 4662 ultro
1039 4599 1220 4684 ingerebant
1242 4599 1475 4684 introferentes
1499 4622 1534 4662 ea
1559 4623 1617 4683 que
1640 4623 1701 4662 non
1718 4599 1837 4663 licebat.
1873 4599 1987 4664 Altare
2012 4603 2104 4665 etiam

445 4706 577 4790 plenum
594 4719 662 4768 erat
683 4705 809 4770 illicitis
832 4729 890 4790 que
915 4705 1034 4790 lapibus
1043 4705 1302 4790 prohibebantur.
1340 4703 1447 4790 Neque
1464 4719 1562 4767 arttcrn
1579 4706 1708 4769 sabbata
1725 4706 1988 4788 custodiebantur,
2008 4731 2105 4792 neque

453 4811 521 4876 dies
543 4812 728 4898 sollempnes
744 4813 855 4897 patrii
874 4812 1090 4890 cernebantur,
1114 4835 1168 4875 nec
1191 4812 1379 4897 sirripb'citer
1401 4836 1432 4876 ee
1457 4813 1621 4897 pruisquam
1647 4811 1777 4876 Iudeurn
1803 4837 1867 4877 ease
1891 4815 2102 4900 corifitcbatur.
2123 4838 2150 4876 ro

451 4916 524 4980 Hec
548 4917 665 4999 omnia,
697 4918 724 4981 si
748 4918 854 4980 ocium
878 4927 964 4980 esset
994 4915 1036 4980 ad
1061 4915 1302 5002 exponendum,
1332 4927 1550 5003 tempestuoso
1582 4917 1656 4982 huic
1686 4919 1823 5004 tempori
1851 4919 1929 4982 satis
1952 4929 2105 5004 poterant

452 5025 607 5110 coaptari,
638 5023 700 5087 nisi
731 5023 818 5109 quod
848 5023 950 5106 malis,
976 5046 1038 5109 que
1066 5032 1143 5087 tunc
1174 5046 1233 5108 per
1254 5023 1453 5088 Antiochum
1482 5023 1568 5088 facta
1599 5035 1682 5106 sunt,
1714 5025 1809 5110 longe
1840 5026 2106 5112 superexcellunt

451 5129 545 5212 mala,
571 5152 633 5216 que
656 5131 690 5193 in
707 5129 826 5216 templo
842 5130 917 5211 Dei,
935 5130 1022 5216 quod
1039 5139 1087 5194 est
1111 5129 1279 5210 aecclesia,
1303 5153 1389 5194 nunc
1405 5130 1495 5210 fiunt,
1520 5132 1689 5217 profanato
1714 5133 1897 5196 sanctuario
1915 5132 1981 5197 Dei
1997 5133 2103 5198 multi·

450 5235 547 5300 nroda
570 5236 678 5322 legum
695 5246 842 5300 veterum
859 5247 890 5300 et
906 5259 1062 5300 novarum
1079 5237 1335 5320 transgressione
1360 5247 1456 5324 atque
1482 5237 1743 5302 abhominatione
1765 5237 1986 5320 desolationis,
2004 5263 2102 5326 quam

451 5342 660 5408 considerans
684 5341 807 5428 Asaph,
836 5341 870 5407 id
894 5354 943 5407 est
967 5343 1176 5428 congregatio
1200 5341 1314 5422 fidelis,
1340 5344 1517 5408 exclamat:
1543 5345 1640 5426 Deris,
1664 5361 1811 5410 venerumt
1830 5361 1935 5432 pentes
1959 5351 1991 5412 in
2016 5349 2102 5413 bere·
2121 5371 2147 5411 a

451 5451 577 5516 ditatura
608 5466 707 5532 tuem,
739 5453 921 5538 polluerunt
950 5452 1094 5537 teniplurn
1126 5465 1265 5514 sarrcturn
1296 5465 1378 5514 tuum
1416 5462 1447 5513 et
1477 5460 1595 5515 cetera.
1651 5450 1776 5532 Quibus
1806 5452 1901 5517 malis
1932 5455 2010 5541 quia
2041 5477 2101 5540 ego

557 5613 583 5676 a)
606 5632 643 5666 ar.
663 5615 688 5665 h.
707 5633 786 5664 mareu
806 5615 922 5672 Gerbohi,
942 5622 970 5662 ut
988 5614 1092 5672 nidena,
1112 5631 1175 5664 corr.
1194 5631 1224 5664 ee
1242 5621 1392 5666 certatores
1410 5632 1431 5665 c.
1504 5613 1531 5675 b)
1555 5615 1663 5667 luxuria
1681 5634 1701 5666 c.

560 5741 589 5816 1)
614 5741 663 5815 Cf.
689 5743 781 5817 Epist.
806 5742 847 5798 ad
869 5741 1040 5810 cardinales,
1064 5761 1154 5818 supra
1176 5762 1209 5817 p.
1229 5741 1301 5798 407.
1406 5742 1436 5814 2)
1464 5741 1511 5814 Cf.
1537 5743 1657 5802 Hieron.
1683 5745 1717 5801 de
1739 5765 1813 5802 nora.
1839 5745 1998 5816 Hebraicis,
2026 5745 2098 5823 opp.

451 5851 493 5907 ed.
514 5849 672 5907 Vallensium
691 5848 747 5919 III,
773 5850 822 5906 col.
842 5849 899 5904 tl:
926 5865 1111 5920 congregans.
