4410 6406
671 417 673 422 ·
734 393 850 448 LIBER
873 395 925 448 DE
950 393 1184 450 SIMONIACIS.
1721 387 1782 451 251

127 580 266 645 sideat‘l
311 581 415 645 Immo
439 582 466 644 si
490 603 634 666 congrua
657 579 755 644 rebus
779 583 911 646 nomina
940 583 1100 667 ponimus,
1131 605 1196 646 non
1221 582 1470 668 ⁸symoniacum,
1502 581 1561 646 sed
1591 581 1786 668 sacrilegum
1805 605 1880 650 *rau

126 686 221 752 hunc
244 688 342 752 talem
366 687 514 767 dicimus,
539 688 616 774 quia
639 686 781 751 tollendo
805 710 933 753 sacrum
958 688 998 753 dc
1023 700 1149 770 sacro⁸,
1174 712 1244 753 rem
1267 688 1555 771 aecclesiasticam,
1573 699 1729 775 quantum
1752 690 1786 752 in

128 816 169 858 se
194 805 253 876 est,
283 794 363 859 facit
392 794 594 858 seculareml'
618 805 650 858 et
672 817 738 858 non
762 794 1039 859 aecclesiasticam
1063 797 1214 860 existere.
1260 795 1354 859 Istud
1383 795 1590 881 sacrilegium
1620 795 1713 861 laicis
1738 807 1786 860 cst

129 900 369 987 imputandum,
394 903 449 988 qui
472 923 525 965 res
548 900 800 966 aecclesiasticis
824 900 1169 966 amministrationibus
1201 900 1328 966 debitas
1358 901 1527 988 possident
1557 925 1616 989 per
1639 902 1785 968 seculare

93 1006 326 1095 sobsequium
354 1006 473 1073 talibus
496 1006 594 1072 rebus
618 1006 810 1072 indebitum.
856 1008 909 1072 De
933 1009 994 1073 hoc
1018 1009 1190 1094 sacrilegio
1213 1020 1366 1074 notantur
1390 1009 1466 1074 laici
1489 1010 1690 1074 decimarum
1712 1032 1786 1095 pos·
1854 991 1855 994 Ἴ

132 1137 279 1178 sessores
304 1127 337 1178 et
358 1115 504 1201 episcopi
534 1114 722 1178 earumdem
753 1114 955 1179 decimarum
981 1115 1120 1180 idtronei
1152 1117 1385 1181 concessores*
1417 1115 1489 1205 [nec
1517 1126 1627 1181 tamen
1657 1118 1690 1180 in
1714 1117 1786 1203 ipsa

133 1220 191 1284 tali
214 1221 414 1286 decimarum
439 1222 659 1302 concessione,
684 1244 782 1307 quam
806 1222 897 1286 laicis
921 1221 1053 1304 faciunt,
1079 1224 1225 1310 episcopi
1256 1224 1438 1309 symoniam
1470 1223 1683 1304 committunt,
1709 1224 1786 1310 quia

133 1351 206 1392 cum
231 1329 312 1415 ipsis
336 1327 471 1392 decimis
494 1327 616 1392 nullam
640 1328 818 1413 spiritalem
849 1330 1171 1394 amministrationem
1195 1328 1258 1393 illis
1282 1331 1463 1416 iniungunt,
1496 1329 1554 1394 sed
1578 1329 1785 1394 manifestum

133 1435 351 1521 sacrilegium,
375 1447 409 1498 ut
433 1435 511 1499 saris
540 1432 736 1498 arbitramur
765 1437 914 1521 superius
946 1435 1210 1518 demonstratum,
1236 1437 1314 1522 quia
1337 1436 1492 1501 videlicet
1519 1459 1587 1500 rem
1611 1436 1785 1502 aecclesia·

84 1568 113 1604 ro
132 1543 258 1618 sticam,
284 1542 498 1627 quantumin
521 1542 600 1627 ipsis
625 1553 683 1622 est,
708 1541 831 1606 faciunt
854 1565 919 1606 non
944 1542 1231 1607 aecclesiasticam.
1267 1541 1421 1607 Urbanus
1444 1565 1532 1629 papa
1555 1543 1581 1607 I.
1606 1553 1639 1607 et
1661 1553 1786 1629 martyr

131 1650 164 1712 in
189 1651 256 1712 suis
282 1646 500 1714 decretalibus
524 1648 587 1712 tale
612 1649 819 1735 sacrilegium
844 1649 954 1735 culpat
977 1650 1022 1713 ita
1045 1649 1158 1712 dicens
1182 1649 1266 1713 inter
1289 1655 1438 1713 cerera1:
1468 1650 1541 1737 Ipse
1569 1675 1620 1716 res
1636 1651 1784 1738 fidelium

131 1759 304 1821 oblationes
334 1757 546 1842 appellantur,
578 1759 653 1841 qaia
678 1756 815 1820 Domino
844 1759 1026 1842 offerantur.
1074 1756 1148 1820 Noa
1179 1781 1250 1843 erpo
1281 1757 1390 1821 debeat
1418 1760 1452 1822 in
1476 1759 1559 1822 aiios
1589 1782 1664 1822 usus
1692 1783 1785 1843 quam

131 1865 379 1928 aer-clesrbsticas
409 1878 437 1927 et
466 1864 708 1927 christianarum
726 1865 874 1950 fratrem
898 1865 948 1927 aei
970 1864 1178 1950 iadiperttium
1208 1867 1353 1928 coerrerti.
1402 1863 1443 1929 Si
1464 1867 1535 1949 quis
1558 1879 1671 1945 autem,
1702 1865 1788 1949 quod

131 1973 224 2050 absit,
248 1995 335 2034 seces
358 1973 464 2057 eyerit,
489 1971 603 2050 rideat,
627 1995 664 2033 ne
689 1970 920 2034 damnationem
935 1970 1062 2034 Ananis
1079 1975 1114 2034 'et
1136 1969 1274 2057 Sapbira
1294 1973 1456 2057 percipiat
1478 1987 1506 2035 et
1528 1996 1600 2035 reas
1622 1973 1789 2059 sacrilepii

89 2100 113 2139 u
132 2079 307 2166 efficiatur.
354 2076 418 2140 Hic
442 2098 521 2140 sane
536 2075 719 2161 intelligere
735 2099 906 2163 possumus
930 2099 986 2140 eos
1011 2075 1050 2140 de
1076 2075 1248 2161 sacrilegio
1272 2077 1389 2156 notari,
1414 2077 1469 2163 qui
1493 2099 1545 2141 res
1569 2076 1785 2141 aecclesiasti-

131 2203 200 2256 cas,
217 2195 374 2269 quantum
398 2184 478 2268 ipsis
502 2194 561 2264 est,
585 2183 710 2247 faciunt
731 2205 797 2247 non
821 2182 1091 2248 aecclesiasticas.
1128 2180 1282 2247 Urbanus
1306 2193 1416 2247 autern
1431 2206 1517 2270 papa
1533 2183 1576 2248 H.
1602 2182 1643 2248 de
1666 2181 1785 2248 talibus

132 2291 200 2374 egit
212 2289 252 2378 Ἲς
278 2290 373 2376 Ipse⁸
395 2315 467 2354 *aera
490 2315 541 2354 res
563 2292 762 2378 sinpalaram
782 2291 1009 2376 parochiarum
1034 2293 1067 2354 io
1092 2291 1210 2354 ditione
1233 2294 1461 2377 episcoporum,
1485 2294 1544 2377 qai
1565 2292 1666 2355 iocum
1689 2305 1788 2355 terrent

132 2399 357 2482 apostalae-am,
388 2411 477 2461 erant
506 2412 535 2461 et
562 2412 634 2461 sant
662 2421 759 2482 usqae
786 2397 889 2461 odlec
920 2412 947 2461 et
962 2399 1091 2486 futuris
1118 2422 1240 2483 semper
1263 2413 1353 2462 erant
1381 2399 1581 2484 temporibus,
1613 2399 1787 2483 exquibus

132 2507 278 2590 episcopi
298 2519 326 2568 et
333 2504 449 2591 fideles
466 2503 696 2590 dispensatores
711 2528 817 2567 aarum
833 2528 1021 2567 communem
1039 2507 1135 2568 vitam
1153 2505 1262 2591 depere
1285 2507 1457 2569 volantibus
1479 2508 1661 2569 mr'oistrare
1677 2518 1786 2568 arrecta

87 2635 114 2674 ao
132 2614 313 2676 necessaria
338 2611 454 2690 debe-nt,
478 2625 578 2697 prout
607 2612 719 2674 melias
740 2613 912 2696 patuerint,
944 2625 978 2673 at
999 2635 1086 2674 aemo
1110 2613 1145 2674 ire
1168 2614 1214 2675 eis
1237 2635 1327 2698 aperis
1350 2614 1537 2676 inveniatur.
1585 2611 1681 2697 Ipse⁴
1704 2613 1786 2675 enim

132 2744 184 2781 res
199 2719 349 2804 ⁸fidelium
382 2719 553 2782 oblationes
582 2718 795 2804 appellantur,
826 2720 902 2802 quia
927 2717 1065 2780 Domino
1092 2720 1274 2803 offerantur.
1322 2717 1395 2781 Non
1419 2742 1491 2805 erpo
1516 2719 1625 2782 debeat
1647 2721 1682 2782 ia
1704 2718 1787 2782 aiios

134 2851 209 2888 usses
232 2849 327 2910 quam
350 2827 596 2890 aecclesiasticos
619 2839 647 2889 et
661 2825 880 2911 predictorum
904 2825 1146 2889 christianorum
1164 2827 1313 2913 fratrum
1336 2827 1387 2890 ael
1408 2826 1615 2912 iadipentiam
1639 2827 1786 2904 converti,

134 2934 211 3017 qaia
235 2946 306 2996 aeta
329 2932 557 3020 sarrtfideiiem
582 2947 610 2996 et
617 2934 732 3018 precia
749 2946 952 3018 peccatoram
975 2947 1067 3017 atqua
1089 2931 1323 3018 adpredictam
1344 2956 1422 3018 opas
1445 2931 1631 3017 sapiendam
1649 2931 1786 2997 Domina

134 3038 258 3102 tradite.
308 3039 349 3103 Si
369 3042 441 3125 qais
464 3054 575 3118 autem,
607 3039 692 3124 qaod
720 3039 823 3103 absit!
849 3063 936 3103 secas
960 3041 1066 3125 aperit,
1097 3039 1212 3119 rideat,
1242 3063 1280 3102 aa
1311 3038 1564 3125 dampnationem
1588 3037 1737 3102 Arsaniae
1759 3052 1788 3102 et

89 3169 116 3207 ss
135 3144 295 3230 Sopbirae
304 3149 478 3232 percipiat,
502 3161 623 3210 atreus
646 3147 812 3232 sacrileyii
833 3147 1006 3232 efficiatur,
1029 3148 1111 3210 sicat
1133 3147 1346 3233 illiseceraet
1368 3148 1427 3230 qai
1440 3147 1555 3231 precia
1564 3145 1784 3230 predictarum

134 3277 241 3315 rerum
257 3253 470 3340 fraudabant.
519 3253 568 3317 De
592 3254 705 3337 quibus
729 3255 761 3316 in
782 3253 937 3338 predictis
960 3253 1074 3339 lepitar
1097 3253 1307 3338 apostolarum
1331 3252 1470 3316 actibus:
1493 3251 1568 3314 ‘Vir
1591 3265 1690 3314 samm
1716 3253 1784 3336 qai·
1804 3273 1881 3322 mas,
1889 3273 1962 3312 1-11.

135 3359 209 3422 darn
233 3362 358 3423 eramiae
380 3359 542 3424 Ananias'
566 3374 594 3424 et
616 3374 726 3438 cetera,
758 3383 853 3444 usqae
876 3360 995 3446 ‘factus
1017 3373 1062 3422 est
1083 3361 1176 3422 timor
1199 3383 1331 3445 rnapnas
1354 3361 1388 3422 ia
1412 3381 1515 3421 omues
1537 3359 1597 3442 pei
1617 3358 1788 3421 audierant

135 3466 214 3530 bec'.
270 3465 373 3546 Haec,
401 3467 543 3554 fratres,
574 3466 667 3530 ‘ualde
698 3466 837 3530 currenda
867 3480 939 3530 seut
968 3479 997 3529 at
1025 3464 1177 3544 timenda,
1214 3467 1290 3549 qaia
1320 3488 1371 3528 res
1402 3465 1570 3528 aecclesiae
1600 3487 1663 3527 aaa
1693 3466 1789 3548 quas-i

134 3576 298 3659 propriae,
328 3573 385 3638 sed
413 3587 446 3636 at
475 3597 648 3637 commrmes
671 3587 700 3638 et
722 3572 859 3637 Dorniao
890 3573 1011 3636 oblatae
1041 3595 1108 3634 cam
1140 3595 1259 3634 summo
1282 3573 1391 3634 timore
1414 3595 1475 3634 aaa
1506 3573 1561 3633 ia⁰
1586 3571 1668 3634 aiios
1692 3593 1785 3655 qaam

89 3704 117 3742 so
128 3680 280 3766 prefatas
312 3705 385 3743 usas
415 3695 487 3744 sam
507 3681 651 3767 fideliter
682 3679 892 3765 dispensanda
897 3729 906 3759 ,
937 3703 975 3742 ne
1004 3679 1172 3764 sacrileyii
1197 3691 1317 3742 reatem
1349 3680 1514 3740 tammam
1543 3678 1602 3762 qai
1629 3701 1682 3740 eas
1711 3676 1786 3740 inde

136 3787 329 3866 abstrabunt,
360 3788 417 3851 abi
444 3787 580 3851 traditae
610 3800 690 3867 seat,
721 3800 757 3866 et,
789 3786 874 3871 quod
888 3788 985 3871 peius
1015 3798 1068 3865 est,
1098 3784 1264 3848 anathema
1280 3785 1374 3870 flavet,
1406 3785 1466 3847 etsi
1492 3807 1555 3847 aaa
1584 3807 1723 3868 corpora,
1755 3797 1788 3846 ut

136 3892 284 3957 Ancarius
314 3908 343 3958 et
372 3892 515 3980 Sopbira
540 3894 703 3981 fecerent,
739 3895 797 3977 qui
828 3894 946 3956 mortui
977 3891 1168 3970 ceciderant,
1203 3893 1312 3954 artiora
1347 3904 1463 3970 tamea,
1498 3914 1578 3975 quae
1607 3892 1713 3976 potiar
1743 3903 1788 3953 ast

137 4023 276 4085 corpore,
306 4013 428 4064 mortae
452 4015 481 4064 et
502 4002 641 4064 alienata
665 4025 684 4063 a
708 4001 861 4063 ‹tonsortia
878 3999 1028 4085 fidel-ium
1052 3997 1168 4061 ‹eadam
1190 4011 1218 4061 et
1240 3999 1274 4061 ie
1290 3996 1495 4084 profundum
1525 3998 1651 4060 baratri
1677 3997 1786 4060 laban·

137 4120 196 4169 tur.
235 4105 414 4192 Hucusque
437 4104 547 4170 verbis
564 4104 691 4169 Urbani
714 4127 798 4191 pape
822 4105 917 4190 primi
941 4103 1081 4168 sufficiat
1103 4101 1197 4167 nobis
1221 4123 1439 4188 exaggerasse
1463 4102 1587 4166 crimen
1610 4099 1784 4186 sacrilegii,

91 4237 119 4277 ss
137 4211 225 4298 quod
256 4213 290 4275 in
312 4210 522 4277 distractione
554 4234 661 4276 rerum
691 4210 1007 4276 aecclesiasticarum
1033 4210 1238 4274 committunt
1261 4209 1417 4294 episcopi,
1441 4209 1498 4295 qui
1521 4229 1728 4294 nequaquam
1751 4208 1786 4270 in

57 4390 60 4396 ,
137 4317 250 4382 illicita
273 4318 472 4384 decimarum
496 4320 716 4400 concessione,
746 4339 843 4404 quam
872 4317 966 4381 laicis
996 4317 1129 4399 faciunt,
1161 4317 1342 4402 symoniam
1374 4316 1587 4396 committunt,
1612 4315 1688 4400 quia
1712 4337 1786 4378 cum

137 4424 200 4488 illis
239 4426 374 4490 decimis
411 4425 533 4489 nullam
572 4425 751 4512 spiritalem
790 4425 1111 4488 amministrationem
1150 4422 1213 4486 illis
1252 4423 1441 4507 iniungant,
1481 4421 1541 4486 sed
1578 4421 1785 4485 manifestum

138 4532 355 4618 sacrilegium,
378 4543 415 4596 ut
438 4534 515 4597 satis
540 4530 737 4596 arbitramur
767 4532 915 4616 superius
945 4530 1210 4611 demonstratum,
1235 4530 1312 4615 quia
1335 4529 1490 4594 videlicet
1519 4551 1589 4593 rem
1613 4527 1786 4592 aecclesia-

138 4639 263 4720 sticam,
288 4639 499 4724 quantumin
523 4640 602 4725 ipsis
626 4649 685 4720 est,
715 4639 840 4702 faciunt
869 4660 933 4700 non
964 4636 1251 4701 aecclesiasticam.
1298 4634 1451 4700 Urbanus
1482 4645 1590 4700 antem
1620 4657 1708 4721 papa
1738 4657 1785 4698 se-

85 4772 120 4810 so
140 4746 267 4810 cundus
290 4746 330 4810 de
353 4744 472 4810 talibus
496 4747 599 4832 egitr:
633 4745 698 4824 Qui
719 4747 796 4810 dant
818 4747 868 4809 rei
882 4745 1049 4830 possideat
1070 4769 1120 4808 res
1143 4745 1391 4808 aecclesiasticas
1414 4758 1447 4806 at
1468 4743 1726 4822 aecclesiasticas,
1751 4742 1789 4805 id

138 4867 183 4918 est
206 4855 316 4942 officia
339 4854 391 4917 trel
411 4856 586 4918 ministerio
609 4854 785 4939 spiritrmii,
816 4851 1076 4937 quemadmodum
1100 4875 1213 4937 corpas
1236 4853 1371 4929 animae,
1396 4852 1585 4928 cortirmctus,
1609 4873 1689 4934 quas
1713 4849 1786 4913 dum

254 5011 280 5090 Ι”)
306 5025 384 5076 Verba
405 5039 459 5077 nec
483 5028 578 5076 tamen
601 5051 644 5059 -
668 5021 772 5076 talibus
797 5021 856 5092 egit
878 5025 928 5074 dee.
948 5027 973 5075 2.
989 5027 1013 5084 3,
1033 5024 1076 5090 qui
1091 5032 1148 5088 post
1171 5037 1351 5074 concessores
1365 5031 1490 5088 perqaat:
1514 5018 1593 5072 iuxta
1615 5017 1685 5071 illud
1707 5017 1786 5072 beati

299 5128 407 5184 Urbani
430 5146 505 5200 pape
531 5135 560 5183 et
583 5129 729 5200 martyris:

247 5281 274 5346 a)
297 5284 331 5336 de
349 5301 428 5336 sacro
449 5284 637 5335 ecclesiastica
657 5286 681 5334 2.
701 5286 725 5334 3.
798 5281 827 5345 b)
849 5282 985 5334 secularis
1005 5289 1032 5333 et
1051 5298 1105 5333 non
1125 5281 1314 5332 ecclesiastica
1334 5283 1358 5332 2.
1378 5284 1402 5332 3.
1475 5277 1501 5341 c)
1522 5280 1588 5330 deest
1607 5283 1631 5330 2.

94 5447 121 5485 se
249 5427 279 5504 1)
300 5429 410 5487 Urbani
432 5431 509 5506 epist.
534 5430 558 5500 I,
584 5450 606 5486 c.
625 5428 655 5500 4,
680 5429 834 5486 Hiascbius
850 5429 981 5504 p.144,·
1005 5429 1046 5500 cs.
1062 5427 1164 5487 Corum.
1190 5427 1277 5503 inps.
1292 5427 1343 5497 64,
1369 5425 1480 5482 0124.
1517 5425 1787 5498 idemlocusirrsre

140 5539 158 5594 l.
177 5535 326 5593 20-25.
352 5536 480 5606 iteratur,
505 5557 561 5612 qua
585 5537 619 5593 de
642 5556 729 5593 causa
752 5537 845 5592 altera
868 5535 1029 5593 recensione
1051 5535 1167 5592 antimus
1183 5555 1241 5592 esse
1263 5535 1380 5591 videtur.
1451 5531 1483 5607 2)
1506 5532 1593 5589 Immo
1615 5531 1786 5602 UrbanusI,

140 5653 171 5700 ut
192 5645 211 5700 l.
230 5642 280 5700 34.
305 5652 379 5700 recte
401 5644 552 5701 indicetur.
645 5641 676 5712 3)
703 5641 836 5718 Epistl,
862 5662 884 5698 c.
911 5643 939 5712 3,
965 5642 1118 5699 Isznscbias
1135 5661 1170 5717 p.
1191 5642 1270 5710 144,·
1294 5641 1334 5713 cs.
1354 5638 1456 5698 Oomot.
1481 5640 1510 5696 ire
1530 5659 1576 5714 ps.
1595 5639 1646 5708 64,
1671 5659 1694 5695 c.
1715 5638 1786 5708 124,

143 5750 240 5828 Mipne
266 5750 337 5822 194,
362 5752 413 5807 eol.
438 5750 490 5806 83.
582 5749 614 5820 4>
640 5749 670 5809 O.
696 5748 725 5806 4.
818 5747 849 5818 5)
873 5748 941 5806 Non
962 5749 1065 5806 inveni.
1156 5787 1159 5794 ,

1521 5867 1572 5918 32*
