<?xml version="1.0" encoding="UTF-8"?>
<!DOCTYPE html PUBLIC "-//W3C//DTD XHTML 1.0 Transitional//EN"
    "http://www.w3.org/TR/xhtml1/DTD/xhtml1-transitional.dtd">
<html xmlns="http://www.w3.org/1999/xhtml" xml:lang="en" lang="en">
 <head>
  <title>
</title>
<meta http-equiv="Content-Type" content="text/html;charset=utf-8" />
  <meta name='ocr-system' content='tesseract 3.04.00' />
  <meta name='ocr-capabilities' content='ocr_page ocr_carea ocr_par ocr_line ocrx_word'/>
</head>
<body>
  <div class='ocr_page' id='page_1' title='image "./monumentagerman00unkngoog_0114.png"; bbox 0 0 4544 6420; ppageno 0'>
   <div class='ocr_carea' id='block_1_1' title="bbox 488 451 1791 514">
    <p class='ocr_par' dir='ltr' id='par_1_1' title="bbox 488 451 1791 514">
     <span class='ocr_line' id='line_1_1' title="bbox 488 451 1791 514; baseline 0.001 -2"><span class='ocrx_word' id='word_1_1' title='bbox 488 457 662 514; x_wconf 75' lang='lat' dir='ltr'>ARNULFI</span> <span class='ocrx_word' id='word_1_2' title='bbox 686 453 884 512; x_wconf 72' lang='lat' dir='ltr'><strong>Satsrsuffls</strong></span> <span class='ocrx_word' id='word_1_3' title='bbox 909 455 1197 510; x_wconf 73' lang='lat' dir='ltr'>ARCHIIHACONI</span> <span class='ocrx_word' id='word_1_4' title='bbox 1221 456 1445 512; x_wconf 81' lang='lat' dir='ltr'>INVECTIVA.</span> <span class='ocrx_word' id='word_1_5' title='bbox 1729 451 1791 513; x_wconf 85' lang='lat'><strong>103</strong></span> 
     </span>
    </p>
   </div>
   <div class='ocr_carea' id='block_1_2' title="bbox 100 641 1794 3188">
    <p class='ocr_par' dir='ltr' id='par_1_2' title="bbox 144 641 1791 729">
     <span class='ocr_line' id='line_1_2' title="bbox 144 641 1791 729; baseline -0.001 -19"><span class='ocrx_word' id='word_1_6' title='bbox 144 646 297 724; x_wconf 88' lang='lat' dir='ltr'><strong>deterius,</strong></span> <span class='ocrx_word' id='word_1_7' title='bbox 323 646 466 710; x_wconf 76' lang='lat' dir='ltr'>dedecus</span> <span class='ocrx_word' id='word_1_8' title='bbox 491 645 676 722; x_wconf 86' lang='lat' dir='ltr'><strong>affuturum,</strong></span> <span class='ocrx_word' id='word_1_9' title='bbox 701 646 728 707; x_wconf 88' lang='lat' dir='ltr'><strong>si</strong></span> <span class='ocrx_word' id='word_1_10' title='bbox 752 666 827 729; x_wconf 90' lang='lat' dir='ltr'><strong>pars</strong></span> <span class='ocrx_word' id='word_1_11' title='bbox 847 643 949 706; x_wconf 88' lang='lat' dir='ltr'><strong>altera</strong></span> <span class='ocrx_word' id='word_1_12' title='bbox 965 643 1164 728; x_wconf 77' lang='lat' dir='ltr'><strong>prevalerct3</strong></span> <span class='ocrx_word' id='word_1_13' title='bbox 1189 642 1268 706; x_wconf 87' lang='lat' dir='ltr'><strong>nihil</strong></span> <span class='ocrx_word' id='word_1_14' title='bbox 1286 666 1356 707; x_wconf 90' lang='lat' dir='ltr'><strong>esse</strong></span> <span class='ocrx_word' id='word_1_15' title='bbox 1374 641 1610 729; x_wconf 80' lang='lat' dir='ltr'><strong>importabilius</strong></span> <span class='ocrx_word' id='word_1_16' title='bbox 1627 643 1791 728; x_wconf 77' lang='lat' dir='ltr'><strong>indigente</strong></span> 
     </span>
    </p>

    <p class='ocr_par' dir='ltr' id='par_1_3' title="bbox 144 748 1792 838">
     <span class='ocr_line' id='line_1_3' title="bbox 144 748 1792 838; baseline -0.001 -22"><span class='ocrx_word' id='word_1_17' title='bbox 144 754 300 832; x_wconf 84' lang='lat' dir='ltr'><strong>Romano,</strong></span> <span class='ocrx_word' id='word_1_18' title='bbox 332 753 392 816; x_wconf 88' lang='lat' dir='ltr'><strong>sub</strong></span> <span class='ocrx_word' id='word_1_19' title='bbox 417 754 508 816; x_wconf 90' lang='lat' dir='ltr'><strong>euius</strong></span> <span class='ocrx_word' id='word_1_20' title='bbox 534 753 577 814; x_wconf 87' lang='lat' dir='ltr'><strong>sis</strong></span> <span class='ocrx_word' id='word_1_21' title='bbox 601 749 735 814; x_wconf 89' lang='lat' dir='ltr'><strong>arbitrio</strong></span> <span class='ocrx_word' id='word_1_22' title='bbox 760 752 969 831; x_wconf 81' lang='lat' dir='ltr'><strong>constitutus3</strong></span> <span class='ocrx_word' id='word_1_23' title='bbox 1001 748 1219 813; x_wconf 77' lang='lat' dir='ltr'><strong>dissimularet</strong></span> <span class='ocrx_word' id='word_1_24' title='bbox 1246 751 1345 834; x_wconf 86' lang='lat' dir='ltr'><strong>igitur</strong></span> <span class='ocrx_word' id='word_1_25' title='bbox 1369 760 1400 813; x_wconf 91' lang='lat' dir='ltr'><strong>et</strong></span> <span class='ocrx_word' id='word_1_26' title='bbox 1424 773 1530 814; x_wconf 90' lang='lat' dir='ltr'><strong>rerum</strong></span> <span class='ocrx_word' id='word_1_27' title='bbox 1556 753 1662 814; x_wconf 87' lang='lat' dir='ltr'><strong>exitus</strong></span> <span class='ocrx_word' id='word_1_28' title='bbox 1686 753 1792 838; x_wconf 88' lang='lat' dir='ltr'><strong>potius</strong></span> 
     </span>
    </p>

    <p class='ocr_par' dir='ltr' id='par_1_4' title="bbox 144 855 1792 946">
     <span class='ocr_line' id='line_1_4' title="bbox 144 855 1792 946; baseline -0.001 -23"><span class='ocrx_word' id='word_1_29' title='bbox 144 871 344 946; x_wconf 87' lang='lat' dir='ltr'><strong>expectaret,</strong></span> <span class='ocrx_word' id='word_1_30' title='bbox 369 882 466 945; x_wconf 88' lang='lat' dir='ltr'><strong>quam</strong></span> <span class='ocrx_word' id='word_1_31' title='bbox 491 881 563 922; x_wconf 88' lang='lat' dir='ltr'><strong>sera</strong></span> <span class='ocrx_word' id='word_1_32' title='bbox 587 859 778 944; x_wconf 82' lang='lat' dir='ltr'><strong>precipitem</strong></span> <span class='ocrx_word' id='word_1_33' title='bbox 803 857 995 920; x_wconf 88' lang='lat' dir='ltr'><strong>sententiam</strong></span> <span class='ocrx_word' id='word_1_34' title='bbox 1019 857 1198 942; x_wconf 88' lang='lat' dir='ltr'><strong>penitentia</strong></span> <span class='ocrx_word' id='word_1_35' title='bbox 1222 855 1453 942; x_wconf 58' lang='lat' dir='ltr'><strong>subsequutum</strong></span> <span class='ocrx_word' id='word_1_36' title='bbox 1478 856 1587 920; x_wconf 89' lang='lat' dir='ltr'><strong>utilius</strong></span> <span class='ocrx_word' id='word_1_37' title='bbox 1612 859 1698 921; x_wconf 89' lang='lat' dir='ltr'><strong>enim</strong></span> <span class='ocrx_word' id='word_1_38' title='bbox 1721 881 1792 922; x_wconf 89' lang='lat' dir='ltr'><strong>esse</strong></span> 
     </span>
    </p>

    <p class='ocr_par' dir='ltr' id='par_1_5' title="bbox 112 962 1791 1138">
     <span class='ocr_line' id='line_1_5' title="bbox 144 962 1791 1053; baseline -0.001 -24"><span class='ocrx_word' id='word_1_39' title='bbox 144 969 214 1032; x_wconf 87' lang='lat' dir='ltr'><strong>sine</strong></span> <span class='ocrx_word' id='word_1_40' title='bbox 239 966 410 1053; x_wconf 90' lang='lat' dir='ltr'><strong>dispendio</strong></span> <span class='ocrx_word' id='word_1_41' title='bbox 435 965 599 1029; x_wconf 87' lang='lat' dir='ltr'><strong>declinare</strong></span> <span class='ocrx_word' id='word_1_42' title='bbox 624 964 779 1050; x_wconf 83' lang='lat' dir='ltr'><strong>pericula,</strong></span> <span class='ocrx_word' id='word_1_43' title='bbox 810 987 907 1050; x_wconf 89' lang='lat' dir='ltr'><strong>quum</strong></span> <span class='ocrx_word' id='word_1_44' title='bbox 939 985 1011 1026; x_wconf 90' lang='lat' dir='ltr'><strong>cum</strong></span> <span class='ocrx_word' id='word_1_45' title='bbox 1040 964 1132 1048; x_wconf 84' lang='lat' dir='ltr'><strong>gravi</strong></span> <span class='ocrx_word' id='word_1_46' title='bbox 1156 962 1326 1048; x_wconf 89' lang='lat' dir='ltr'><strong>dispendio</strong></span> <span class='ocrx_word' id='word_1_47' title='bbox 1351 965 1429 1050; x_wconf 89' lang='lat' dir='ltr'><strong>ipsis</strong></span> <span class='ocrx_word' id='word_1_48' title='bbox 1453 963 1536 1027; x_wconf 89' lang='lat' dir='ltr'><strong>ultro</strong></span> <span class='ocrx_word' id='word_1_49' title='bbox 1560 964 1713 1049; x_wconf 75' lang='lat' dir='ltr'><strong>perierdis</strong></span> <span class='ocrx_word' id='word_1_50' title='bbox 1738 964 1791 1028; x_wconf 94' lang='lat' dir='ltr'><strong>ob-</strong></span> 
     </span>
     <span class='ocr_line' id='line_1_6' title="bbox 112 1075 245 1138; baseline 0.015 -3"><span class='ocrx_word' id='word_1_51' title='bbox 112 1075 245 1138; x_wconf 88' lang='lat' dir='ltr'><strong>sviare.</strong></span> 
     </span>
    </p>

    <p class='ocr_par' dir='ltr' id='par_1_6' title="bbox 144 1177 1792 1584">
     <span class='ocr_line' id='line_1_7' title="bbox 250 1177 1792 1266; baseline -0.002 -22"><span class='ocrx_word' id='word_1_52' title='bbox 250 1181 396 1266; x_wconf 82' lang='lat' dir='ltr'><strong>Agnovit</strong></span> <span class='ocrx_word' id='word_1_53' title='bbox 427 1203 486 1243; x_wconf 84' lang='lat' dir='ltr'><strong>rex</strong></span> <span class='ocrx_word' id='word_1_54' title='bbox 517 1181 647 1264; x_wconf 89' lang='lat' dir='ltr'><strong>sapiens</strong></span> <span class='ocrx_word' id='word_1_55' title='bbox 678 1178 831 1242; x_wconf 83' lang='lat' dir='ltr'><strong>latentem</strong></span> <span class='ocrx_word' id='word_1_56' title='bbox 861 1179 894 1240; x_wconf 92' lang='lat' dir='ltr'><strong>in</strong></span> <span class='ocrx_word' id='word_1_57' title='bbox 926 1200 1073 1240; x_wconf 88' lang='lat' dir='ltr'><strong>sermone</strong></span> <span class='ocrx_word' id='word_1_58' title='bbox 1105 1178 1263 1264; x_wconf 89' lang='lat' dir='ltr'><strong>serpentis</strong></span> <span class='ocrx_word' id='word_1_59' title='bbox 1295 1179 1447 1241; x_wconf 87' lang='lat' dir='ltr'><strong>astutiam</strong></span> <span class='ocrx_word' id='word_1_60' title='bbox 1478 1191 1509 1242; x_wconf 93' lang='lat' dir='ltr'><strong>et</strong></span> <span class='ocrx_word' id='word_1_61' title='bbox 1540 1201 1701 1242; x_wconf 87' lang='lat' dir='ltr'><strong>venenum</strong></span> <span class='ocrx_word' id='word_1_62' title='bbox 1732 1177 1792 1242; x_wconf 92' lang='lat' dir='ltr'><strong>sub</strong></span> 
     </span>
     <span class='ocr_line' id='line_1_8' title="bbox 144 1283 1792 1372; baseline -0.001 -21"><span class='ocrx_word' id='word_1_63' title='bbox 144 1286 239 1351; x_wconf 88' lang='lat' dir='ltr'><strong>rnelle</strong></span> <span class='ocrx_word' id='word_1_64' title='bbox 263 1287 476 1362; x_wconf 89' lang='lat' dir='ltr'><strong>reconditum,</strong></span> <span class='ocrx_word' id='word_1_65' title='bbox 502 1287 600 1372; x_wconf 75' lang='lat' dir='ltr'><strong>quia.*²</strong></span> <span class='ocrx_word' id='word_1_66' title='bbox 625 1284 749 1349; x_wconf 88' lang='lat' dir='ltr'><strong>scilicet</strong></span> <span class='ocrx_word' id='word_1_67' title='bbox 773 1286 835 1348; x_wconf 91' lang='lat' dir='ltr'><strong>ista</strong></span> <span class='ocrx_word' id='word_1_68' title='bbox 857 1307 921 1348; x_wconf 90' lang='lat' dir='ltr'><strong>non</strong></span> <span class='ocrx_word' id='word_1_69' title='bbox 946 1283 1031 1347; x_wconf 89' lang='lat' dir='ltr'><strong>bona</strong></span> <span class='ocrx_word' id='word_1_70' title='bbox 1055 1283 1119 1346; x_wconf 88' lang='lat' dir='ltr'><strong>fido</strong></span> <span class='ocrx_word' id='word_1_71' title='bbox 1144 1283 1339 1348; x_wconf 88' lang='lat' dir='ltr'><strong>consulentis</strong></span> <span class='ocrx_word' id='word_1_72' title='bbox 1360 1285 1467 1348; x_wconf 90' lang='lat' dir='ltr'><strong>animo</strong></span> <span class='ocrx_word' id='word_1_73' title='bbox 1483 1284 1709 1366; x_wconf 89' lang='lat' dir='ltr'><strong>mandaveras,</strong></span> <span class='ocrx_word' id='word_1_74' title='bbox 1734 1285 1792 1349; x_wconf 88' lang='lat' dir='ltr'><strong>sed</strong></span> 
     </span>
     <span class='ocr_line' id='line_1_9' title="bbox 145 1390 1791 1478; baseline -0.001 -21"><span class='ocrx_word' id='word_1_75' title='bbox 145 1393 297 1476; x_wconf 87' lang='lat' dir='ltr'><strong>fallentis,</strong></span> <span class='ocrx_word' id='word_1_76' title='bbox 321 1406 366 1471; x_wconf 85' lang='lat' dir='ltr'><strong>ut,</strong></span> <span class='ocrx_word' id='word_1_77' title='bbox 391 1393 509 1457; x_wconf 84' lang='lat' dir='ltr'><strong>donrno</strong></span> <span class='ocrx_word' id='word_1_78' title='bbox 533 1415 619 1478; x_wconf 87' lang='lat' dir='ltr'><strong>papa</strong></span> <span class='ocrx_word' id='word_1_79' title='bbox 642 1394 732 1478; x_wconf 90' lang='lat' dir='ltr'><strong>prius</strong></span> <span class='ocrx_word' id='word_1_80' title='bbox 758 1390 903 1477; x_wconf 88' lang='lat' dir='ltr'><strong>qualibet</strong></span> <span class='ocrx_word' id='word_1_81' title='bbox 925 1403 993 1454; x_wconf 92' lang='lat' dir='ltr'><strong>arte</strong></span> <span class='ocrx_word' id='word_1_82' title='bbox 1017 1390 1241 1455; x_wconf 83' lang='lat' dir='ltr'><strong>fraudulenter</strong></span> <span class='ocrx_word' id='word_1_83' title='bbox 1264 1391 1407 1468; x_wconf 85' lang='lat' dir='ltr'><strong>excluso,</strong></span> <span class='ocrx_word' id='word_1_84' title='bbox 1434 1391 1489 1455; x_wconf 84' lang='lat' dir='ltr'><strong>‘ad</strong></span> <span class='ocrx_word' id='word_1_85' title='bbox 1513 1392 1710 1477; x_wconf 88' lang='lat' dir='ltr'><strong>loquendum</strong></span> <span class='ocrx_word' id='word_1_86' title='bbox 1733 1415 1791 1478; x_wconf 90' lang='lat' dir='ltr'><strong>pro</strong></span> 
     </span>
     <span class='ocr_line' id='line_1_10' title="bbox 146 1496 1792 1584; baseline -0.002 -19"><span class='ocrx_word' id='word_1_87' title='bbox 146 1503 242 1565; x_wconf 90' lang='lat' dir='ltr'><strong>Petro</strong></span> <span class='ocrx_word' id='word_1_88' title='bbox 274 1499 333 1565; x_wconf 89' lang='lat' dir='ltr'><strong>tibi</strong></span> <span class='ocrx_word' id='word_1_89' title='bbox 365 1500 563 1564; x_wconf 83' lang='lat' dir='ltr'><strong>commodior</strong></span> <span class='ocrx_word' id='word_1_90' title='bbox 592 1499 697 1563; x_wconf 89' lang='lat' dir='ltr'><strong>aditus</strong></span> <span class='ocrx_word' id='word_1_91' title='bbox 729 1511 911 1584; x_wconf 83' lang='lat' dir='ltr'><strong>appareret.</strong></span> <span class='ocrx_word' id='word_1_92' title='bbox 959 1498 1101 1562; x_wconf 81' lang='lat' dir='ltr'><strong>Facilius</strong></span> <span class='ocrx_word' id='word_1_93' title='bbox 1132 1499 1217 1560; x_wconf 90' lang='lat' dir='ltr'><strong>enim</strong></span> <span class='ocrx_word' id='word_1_94' title='bbox 1249 1497 1312 1561; x_wconf 64' lang='lat' dir='ltr'><strong>adl&#39;</strong></span> <span class='ocrx_word' id='word_1_95' title='bbox 1344 1496 1519 1561; x_wconf 90' lang='lat' dir='ltr'><strong>favendum</strong></span> <span class='ocrx_word' id='word_1_96' title='bbox 1550 1501 1633 1583; x_wconf 90' lang='lat' dir='ltr'><strong>parti</strong></span> <span class='ocrx_word' id='word_1_97' title='bbox 1663 1510 1792 1563; x_wconf 87' lang='lat' dir='ltr'><strong>nostrae</strong></span> 
     </span>
    </p>

    <p class='ocr_par' dir='ltr' id='par_1_7' title="bbox 100 1604 1793 2120">
     <span class='ocr_line' id='line_1_11' title="bbox 100 1604 1790 1691; baseline -0.002 -20"><span class='ocrx_word' id='word_1_98' title='bbox 100 1633 125 1671; x_wconf 85' lang='lat' dir='ltr'><strong>ro</strong></span> <span class='ocrx_word' id='word_1_99' title='bbox 144 1629 267 1671; x_wconf 86' lang='lat' dir='ltr'><strong>vacuos</strong></span> <span class='ocrx_word' id='word_1_100' title='bbox 284 1607 496 1671; x_wconf 78' lang='lat' dir='ltr'><strong>vendicamus</strong></span> <span class='ocrx_word' id='word_1_101' title='bbox 520 1607 664 1686; x_wconf 83' lang='lat' dir='ltr'><strong>affectus,</strong></span> <span class='ocrx_word' id='word_1_102' title='bbox 690 1629 786 1691; x_wconf 87' lang='lat' dir='ltr'><strong>quarn</strong></span> <span class='ocrx_word' id='word_1_103' title='bbox 812 1605 922 1668; x_wconf 86' lang='lat' dir='ltr'><strong>favore</strong></span> <span class='ocrx_word' id='word_1_104' title='bbox 947 1605 1012 1668; x_wconf 90' lang='lat' dir='ltr'><strong>iam</strong></span> <span class='ocrx_word' id='word_1_105' title='bbox 1035 1605 1137 1690; x_wconf 89' lang='lat' dir='ltr'><strong>partis</strong></span> <span class='ocrx_word' id='word_1_106' title='bbox 1162 1604 1293 1668; x_wconf 86' lang='lat' dir='ltr'><strong>alterius</strong></span> <span class='ocrx_word' id='word_1_107' title='bbox 1318 1615 1503 1690; x_wconf 86' lang='lat' dir='ltr'><strong>occupatos.</strong></span> <span class='ocrx_word' id='word_1_108' title='bbox 1550 1605 1609 1668; x_wconf 81' lang='lat' dir='ltr'><strong>Ille</strong></span> <span class='ocrx_word' id='word_1_109' title='bbox 1625 1629 1704 1670; x_wconf 89' lang='lat' dir='ltr'><strong>vcro</strong></span> <span class='ocrx_word' id='word_1_110' title='bbox 1728 1629 1790 1669; x_wconf 88' lang='lat' dir='ltr'><strong>non</strong></span> 
     </span>
     <span class='ocr_line' id='line_1_12' title="bbox 144 1710 1792 1794; baseline -0.001 -16"><span class='ocrx_word' id='word_1_111' title='bbox 144 1713 424 1790; x_wconf 87' lang='lat' dir='ltr'><strong>dissinudandum,</strong></span> <span class='ocrx_word' id='word_1_112' title='bbox 449 1713 516 1794; x_wconf 85' lang='lat' dir='ltr'><strong>sed,</strong></span> <span class='ocrx_word' id='word_1_113' title='bbox 541 1711 718 1776; x_wconf 89' lang='lat' dir='ltr'><strong>laborantis</strong></span> <span class='ocrx_word' id='word_1_114' title='bbox 742 1712 902 1775; x_wconf 88' lang='lat' dir='ltr'><strong>eeclesiae</strong></span> <span class='ocrx_word' id='word_1_115' title='bbox 919 1710 1166 1775; x_wconf 84' lang='lat' dir='ltr'><strong>necessitatibus</strong></span> <span class='ocrx_word' id='word_1_116' title='bbox 1184 1710 1312 1774; x_wconf 90' lang='lat' dir='ltr'><strong>adiutor</strong></span> <span class='ocrx_word' id='word_1_117' title='bbox 1326 1710 1502 1792; x_wconf 91' lang='lat' dir='ltr'><strong>ultroneus,</strong></span> <span class='ocrx_word' id='word_1_118' title='bbox 1527 1711 1666 1776; x_wconf 88' lang='lat' dir='ltr'><strong>credidit</strong></span> <span class='ocrx_word' id='word_1_119' title='bbox 1682 1735 1792 1776; x_wconf 88' lang='lat' dir='ltr'><strong>occur-</strong></span> 
     </span>
     <span class='ocr_line' id='line_1_13' title="bbox 144 1816 1793 1906; baseline -0.001 -22"><span class='ocrx_word' id='word_1_120' title='bbox 144 1822 281 1885; x_wconf 88' lang='lat' dir='ltr'><strong>rendum</strong></span> <span class='ocrx_word' id='word_1_121' title='bbox 293 1826 313 1902; x_wconf 84' lang='lat'><strong>¹,</strong></span> <span class='ocrx_word' id='word_1_122' title='bbox 345 1843 385 1884; x_wconf 91' lang='lat' dir='ltr'><strong>ne</strong></span> <span class='ocrx_word' id='word_1_123' title='bbox 410 1821 620 1906; x_wconf 82' lang='lat' dir='ltr'><strong>persuasione</strong></span> <span class='ocrx_word' id='word_1_124' title='bbox 645 1833 700 1883; x_wconf 89' lang='lat' dir='ltr'><strong>tua</strong></span> <span class='ocrx_word' id='word_1_125' title='bbox 724 1818 918 1905; x_wconf 89' lang='lat' dir='ltr'><strong>probaretur</strong></span> <span class='ocrx_word' id='word_1_126' title='bbox 941 1817 1138 1903; x_wconf 75' lang='lat' dir='ltr'><strong>acephalus⁰</strong></span> <span class='ocrx_word' id='word_1_127' title='bbox 1164 1829 1196 1881; x_wconf 90' lang='lat' dir='ltr'><strong>et</strong></span> <span class='ocrx_word' id='word_1_128' title='bbox 1220 1816 1261 1880; x_wconf 90' lang='lat' dir='ltr'><strong>ab</strong></span> <span class='ocrx_word' id='word_1_129' title='bbox 1286 1817 1440 1881; x_wconf 85' lang='lat' dir='ltr'><strong>uberibus</strong></span> <span class='ocrx_word' id='word_1_130' title='bbox 1464 1820 1575 1882; x_wconf 88' lang='lat' dir='ltr'><strong>matris</strong></span> <span class='ocrx_word' id='word_1_131' title='bbox 1600 1841 1677 1882; x_wconf 88' lang='lat' dir='ltr'><strong>suae</strong></span> <span class='ocrx_word' id='word_1_132' title='bbox 1701 1818 1793 1883; x_wconf 87' lang='lat' dir='ltr'><strong>fieret</strong></span> 
     </span>
     <span class='ocr_line' id='line_1_14' title="bbox 145 1925 1792 2010; baseline -0.001 -20"><span class='ocrx_word' id='word_1_133' title='bbox 145 1928 271 1992; x_wconf 86' lang='lat' dir='ltr'><strong>alienus</strong></span> <span class='ocrx_word' id='word_1_134' title='bbox 295 1951 353 1991; x_wconf 82' lang='lat' dir='ltr'><strong>rex</strong></span> <span class='ocrx_word' id='word_1_135' title='bbox 377 1928 550 2006; x_wconf 84' lang='lat' dir='ltr'><strong>maximus,</strong></span> <span class='ocrx_word' id='word_1_136' title='bbox 575 1928 666 1992; x_wconf 91' lang='lat' dir='ltr'><strong>euius</strong></span> <span class='ocrx_word' id='word_1_137' title='bbox 691 1925 733 1990; x_wconf 90' lang='lat' dir='ltr'><strong>ad</strong></span> <span class='ocrx_word' id='word_1_138' title='bbox 757 1926 912 1990; x_wconf 88' lang='lat' dir='ltr'><strong>iustitiam</strong></span> <span class='ocrx_word' id='word_1_139' title='bbox 929 1947 1039 1988; x_wconf 87' lang='lat' dir='ltr'><strong>omnes</strong></span> <span class='ocrx_word' id='word_1_140' title='bbox 1056 1925 1124 1987; x_wconf 90' lang='lat' dir='ltr'><strong>fere</strong></span> <span class='ocrx_word' id='word_1_141' title='bbox 1142 1926 1305 2010; x_wconf 86' lang='lat' dir='ltr'><strong>principes</strong></span> <span class='ocrx_word' id='word_1_142' title='bbox 1322 1926 1500 1988; x_wconf 85' lang='lat' dir='ltr'><strong>invitantur</strong></span> <span class='ocrx_word' id='word_1_143' title='bbox 1516 1925 1676 2010; x_wconf 85' lang='lat' dir='ltr'><strong>exemplo,</strong></span> <span class='ocrx_word' id='word_1_144' title='bbox 1701 1926 1792 1990; x_wconf 90' lang='lat' dir='ltr'><strong>cuius</strong></span> 
     </span>
     <span class='ocr_line' id='line_1_15' title="bbox 144 2032 1792 2120; baseline -0.001 -22"><span class='ocrx_word' id='word_1_145' title='bbox 144 2037 177 2098; x_wconf 91' lang='lat' dir='ltr'><strong>in</strong></span> <span class='ocrx_word' id='word_1_146' title='bbox 203 2057 364 2120; x_wconf 89' lang='lat' dir='ltr'><strong>pauperes</strong></span> <span class='ocrx_word' id='word_1_147' title='bbox 387 2034 652 2108; x_wconf 84' lang='lat' dir='ltr'><strong>munificentiam,</strong></span> <span class='ocrx_word' id='word_1_148' title='bbox 685 2032 912 2096; x_wconf 88' lang='lat' dir='ltr'><strong>liberalitatem</strong></span> <span class='ocrx_word' id='word_1_149' title='bbox 940 2033 973 2094; x_wconf 93' lang='lat' dir='ltr'><strong>in</strong></span> <span class='ocrx_word' id='word_1_150' title='bbox 998 2054 1109 2094; x_wconf 86' lang='lat' dir='ltr'><strong>ornnes</strong></span> <span class='ocrx_word' id='word_1_151' title='bbox 1134 2033 1242 2094; x_wconf 89' lang='lat' dir='ltr'><strong>cuncti</strong></span> <span class='ocrx_word' id='word_1_152' title='bbox 1266 2054 1360 2117; x_wconf 88' lang='lat' dir='ltr'><strong>reges</strong></span> <span class='ocrx_word' id='word_1_153' title='bbox 1384 2033 1494 2095; x_wconf 90' lang='lat' dir='ltr'><strong>mirari</strong></span> <span class='ocrx_word' id='word_1_154' title='bbox 1517 2044 1652 2118; x_wconf 89' lang='lat' dir='ltr'><strong>possunt</strong></span> <span class='ocrx_word' id='word_1_155' title='bbox 1675 2034 1792 2119; x_wconf 90' lang='lat' dir='ltr'><strong>potius,</strong></span> 
     </span>
    </p>

    <p class='ocr_par' dir='ltr' id='par_1_8' title="bbox 100 2136 1793 2335">
     <span class='ocr_line' id='line_1_16' title="bbox 100 2136 1793 2227; baseline -0.001 -23"><span class='ocrx_word' id='word_1_156' title='bbox 100 2167 126 2204; x_wconf 75' lang='lat' dir='ltr'><strong>is</strong></span> <span class='ocrx_word' id='word_1_157' title='bbox 145 2136 275 2227; x_wconf 62' lang='lat' dir='ltr'><strong>quaml</strong></span> <span class='ocrx_word' id='word_1_158' title='bbox 290 2142 390 2205; x_wconf 87' lang='lat' dir='ltr'><strong>velint</strong></span> <span class='ocrx_word' id='word_1_159' title='bbox 414 2151 470 2204; x_wconf 89' lang='lat' dir='ltr'><strong>aut</strong></span> <span class='ocrx_word' id='word_1_160' title='bbox 485 2140 615 2204; x_wconf 87' lang='lat' dir='ltr'><strong>valcant</strong></span> <span class='ocrx_word' id='word_1_161' title='bbox 639 2141 774 2218; x_wconf 71' lang='lat' dir='ltr'><strong>imitari,</strong></span> <span class='ocrx_word' id='word_1_162' title='bbox 800 2140 891 2202; x_wconf 83' lang='lat' dir='ltr'><strong>errius</strong></span> <span class='ocrx_word' id='word_1_163' title='bbox 916 2139 1109 2224; x_wconf 85' lang='lat' dir='ltr'><strong>sapientiam</strong></span> <span class='ocrx_word' id='word_1_164' title='bbox 1134 2162 1269 2223; x_wconf 86' lang='lat' dir='ltr'><strong>regnum</strong></span> <span class='ocrx_word' id='word_1_165' title='bbox 1293 2139 1395 2224; x_wconf 89' lang='lat' dir='ltr'><strong>ipsius</strong></span> <span class='ocrx_word' id='word_1_166' title='bbox 1419 2149 1450 2202; x_wconf 88' lang='lat' dir='ltr'><strong>et</strong></span> <span class='ocrx_word' id='word_1_167' title='bbox 1475 2139 1620 2220; x_wconf 89' lang='lat' dir='ltr'><strong>ducatus,</strong></span> <span class='ocrx_word' id='word_1_168' title='bbox 1646 2141 1706 2203; x_wconf 89' lang='lat' dir='ltr'><strong>etsi</strong></span> <span class='ocrx_word' id='word_1_169' title='bbox 1730 2140 1793 2203; x_wconf 89' lang='lat' dir='ltr'><strong>late</strong></span> 
     </span>
     <span class='ocr_line' id='line_1_17' title="bbox 145 2245 1568 2335; baseline -0.003 -23"><span class='ocrx_word' id='word_1_170' title='bbox 145 2251 299 2335; x_wconf 88' lang='lat' dir='ltr'><strong>spatiosa,</strong></span> <span class='ocrx_word' id='word_1_171' title='bbox 323 2271 388 2311; x_wconf 92' lang='lat' dir='ltr'><strong>non</strong></span> <span class='ocrx_word' id='word_1_172' title='bbox 413 2249 588 2328; x_wconf 89' lang='lat' dir='ltr'><strong>continent,</strong></span> <span class='ocrx_word' id='word_1_173' title='bbox 614 2246 672 2310; x_wconf 90' lang='lat' dir='ltr'><strong>sed</strong></span> <span class='ocrx_word' id='word_1_174' title='bbox 697 2246 737 2309; x_wconf 86' lang='lat' dir='ltr'><strong>ad</strong></span> <span class='ocrx_word' id='word_1_175' title='bbox 762 2247 988 2310; x_wconf 88' lang='lat' dir='ltr'><strong>circumiectas</strong></span> <span class='ocrx_word' id='word_1_176' title='bbox 1012 2245 1193 2309; x_wconf 88' lang='lat' dir='ltr'><strong>refunditur</strong></span> <span class='ocrx_word' id='word_1_177' title='bbox 1216 2245 1359 2334; x_wconf 90' lang='lat' dir='ltr'><strong>undique</strong></span> <span class='ocrx_word' id='word_1_178' title='bbox 1383 2257 1568 2332; x_wconf 85' lang='lat' dir='ltr'><strong>potestates.</strong></span> 
     </span>
    </p>

    <p class='ocr_par' dir='ltr' id='par_1_9' title="bbox 146 2351 1793 2654">
     <span class='ocr_line' id='line_1_18' title="bbox 254 2351 1793 2439; baseline -0.002 -20"><span class='ocrx_word' id='word_1_179' title='bbox 254 2354 336 2419; x_wconf 81' lang='lat' dir='ltr'><strong>Cum</strong></span> <span class='ocrx_word' id='word_1_180' title='bbox 360 2367 478 2434; x_wconf 86' lang='lat' dir='ltr'><strong>autern,</strong></span> <span class='ocrx_word' id='word_1_181' title='bbox 504 2351 654 2434; x_wconf 81' lang='lat' dir='ltr'><strong>Girarde,</strong></span> <span class='ocrx_word' id='word_1_182' title='bbox 679 2351 812 2437; x_wconf 89' lang='lat' dir='ltr'><strong>regibus</strong></span> <span class='ocrx_word' id='word_1_183' title='bbox 828 2353 1050 2437; x_wconf 89' lang='lat' dir='ltr'><strong>Hispanorum</strong></span> <span class='ocrx_word' id='word_1_184' title='bbox 1060 2359 1104 2395; x_wconf 57' lang='grc' dir='ltr'><em>Μ</em></span> <span class='ocrx_word' id='word_1_185' title='bbox 1119 2353 1437 2438; x_wconf 78' lang='lat' dir='ltr'><strong>Britannorurnquer</strong></span> <span class='ocrx_word' id='word_1_186' title='bbox 1453 2351 1654 2439; x_wconf 91' lang='lat' dir='ltr'><strong>principibus</strong></span> <span class='ocrx_word' id='word_1_187' title='bbox 1679 2353 1793 2416; x_wconf 88' lang='lat' dir='ltr'><strong>eadem</strong></span> 
     </span>
     <span class='ocr_line' id='line_1_19' title="bbox 146 2457 1792 2547; baseline -0.001 -23"><span class='ocrx_word' id='word_1_188' title='bbox 146 2461 351 2547; x_wconf 84' lang='lat' dir='ltr'><strong>suggerendo</strong></span> <span class='ocrx_word' id='word_1_189' title='bbox 382 2459 585 2541; x_wconf 79' lang='lat' dir='ltr'><strong>mandasses,</strong></span> <span class='ocrx_word' id='word_1_190' title='bbox 618 2471 650 2524; x_wconf 90' lang='lat' dir='ltr'><strong>et</strong></span> <span class='ocrx_word' id='word_1_191' title='bbox 680 2470 827 2545; x_wconf 89' lang='lat' dir='ltr'><strong>speratos</strong></span> <span class='ocrx_word' id='word_1_192' title='bbox 857 2459 980 2523; x_wconf 87' lang='lat' dir='ltr'><strong>fructus</strong></span> <span class='ocrx_word' id='word_1_193' title='bbox 1012 2461 1206 2523; x_wconf 88' lang='lat' dir='ltr'><strong>concinnata</strong></span> <span class='ocrx_word' id='word_1_194' title='bbox 1237 2457 1296 2522; x_wconf 92' lang='lat' dir='ltr'><strong>tibi</strong></span> <span class='ocrx_word' id='word_1_195' title='bbox 1328 2459 1500 2523; x_wconf 88' lang='lat' dir='ltr'><strong>mendacia</strong></span> <span class='ocrx_word' id='word_1_196' title='bbox 1530 2483 1595 2523; x_wconf 92' lang='lat' dir='ltr'><strong>non</strong></span> <span class='ocrx_word' id='word_1_197' title='bbox 1626 2460 1792 2539; x_wconf 80' lang='lat' dir='ltr'><strong>referrent,</strong></span> 
     </span>
     <span class='ocr_line' id='line_1_20' title="bbox 146 2563 1793 2654; baseline -0.001 -22"><span class='ocrx_word' id='word_1_198' title='bbox 146 2570 262 2654; x_wconf 88' lang='lat' dir='ltr'><strong>cepisti</strong></span> <span class='ocrx_word' id='word_1_199' title='bbox 287 2568 486 2631; x_wconf 89' lang='lat' dir='ltr'><strong>dementiore</strong></span> <span class='ocrx_word' id='word_1_200' title='bbox 510 2568 644 2630; x_wconf 88' lang='lat' dir='ltr'><strong>vesania</strong></span> <span class='ocrx_word' id='word_1_201' title='bbox 675 2566 759 2630; x_wconf 90' lang='lat' dir='ltr'><strong>infra</strong></span> <span class='ocrx_word' id='word_1_202' title='bbox 787 2565 981 2630; x_wconf 90' lang='lat' dir='ltr'><strong>domesticos</strong></span> <span class='ocrx_word' id='word_1_203' title='bbox 1010 2567 1151 2652; x_wconf 88' lang='lat' dir='ltr'><strong>parietes</strong></span> <span class='ocrx_word' id='word_1_204' title='bbox 1176 2563 1406 2646; x_wconf 70' lang='lat' dir='ltr'><strong>debaccharis,</strong></span> <span class='ocrx_word' id='word_1_205' title='bbox 1430 2567 1671 2631; x_wconf 87' lang='lat' dir='ltr'><strong>Pictaviensem</strong></span> <span class='ocrx_word' id='word_1_206' title='bbox 1696 2569 1793 2631; x_wconf 91' lang='lat' dir='ltr'><strong>comi·</strong></span> 
     </span>
    </p>

    <p class='ocr_par' dir='ltr' id='par_1_10' title="bbox 101 2671 1794 2974">
     <span class='ocr_line' id='line_1_21' title="bbox 101 2671 1793 2760; baseline -0.001 -21"><span class='ocrx_word' id='word_1_207' title='bbox 101 2701 127 2739; x_wconf 75' lang='lat' dir='ltr'><strong>aa</strong></span> <span class='ocrx_word' id='word_1_208' title='bbox 145 2680 235 2739; x_wconf 76' lang='lat' dir='ltr'><strong>tem³</strong></span> <span class='ocrx_word' id='word_1_209' title='bbox 257 2676 393 2739; x_wconf 88' lang='lat' dir='ltr'><strong>nactush</strong></span> <span class='ocrx_word' id='word_1_210' title='bbox 419 2675 536 2737; x_wconf 90' lang='lat' dir='ltr'><strong>erroris</strong></span> <span class='ocrx_word' id='word_1_211' title='bbox 560 2675 684 2737; x_wconf 88' lang='lat' dir='ltr'><strong>socium</strong></span> <span class='ocrx_word' id='word_1_212' title='bbox 709 2685 740 2736; x_wconf 90' lang='lat' dir='ltr'><strong>et</strong></span> <span class='ocrx_word' id='word_1_213' title='bbox 764 2674 923 2736; x_wconf 88' lang='lat' dir='ltr'><strong>scismatis</strong></span> <span class='ocrx_word' id='word_1_214' title='bbox 948 2671 1138 2753; x_wconf 88' lang='lat' dir='ltr'><strong>adiutorem,</strong></span> <span class='ocrx_word' id='word_1_215' title='bbox 1164 2695 1259 2758; x_wconf 90' lang='lat' dir='ltr'><strong>quem</strong></span> <span class='ocrx_word' id='word_1_216' title='bbox 1284 2673 1381 2736; x_wconf 88' lang='lat' dir='ltr'><strong>etiarn</strong></span> <span class='ocrx_word' id='word_1_217' title='bbox 1397 2674 1613 2738; x_wconf 89' lang='lat' dir='ltr'><strong>Pictaviensis</strong></span> <span class='ocrx_word' id='word_1_218' title='bbox 1638 2675 1793 2760; x_wconf 86' lang='lat' dir='ltr'><strong>episcopi,</strong></span> 
     </span>
     <span class='ocr_line' id='line_1_22' title="bbox 147 2779 1794 2867; baseline -0.001 -22"><span class='ocrx_word' id='word_1_219' title='bbox 147 2781 316 2846; x_wconf 87' lang='lat' dir='ltr'><strong>catholiei¹</strong></span> <span class='ocrx_word' id='word_1_220' title='bbox 344 2782 462 2860; x_wconf 79' lang='lat' dir='ltr'><strong>senis⁴,</strong></span> <span class='ocrx_word' id='word_1_221' title='bbox 487 2793 605 2865; x_wconf 90' lang='lat' dir='ltr'><strong>negata</strong></span> <span class='ocrx_word' id='word_1_222' title='bbox 629 2779 788 2866; x_wconf 90' lang='lat' dir='ltr'><strong>depositio</strong></span> <span class='ocrx_word' id='word_1_223' title='bbox 814 2793 846 2843; x_wconf 89' lang='lat' dir='ltr'><strong>et</strong></span> <span class='ocrx_word' id='word_1_224' title='bbox 870 2791 982 2844; x_wconf 90' lang='lat' dir='ltr'><strong>contra</strong></span> <span class='ocrx_word' id='word_1_225' title='bbox 1006 2780 1240 2843; x_wconf 88' lang='lat' dir='ltr'><strong>sacratissimos</strong></span> <span class='ocrx_word' id='word_1_226' title='bbox 1265 2801 1406 2843; x_wconf 89' lang='lat' dir='ltr'><strong>canones</strong></span> <span class='ocrx_word' id='word_1_227' title='bbox 1430 2803 1494 2843; x_wconf 92' lang='lat' dir='ltr'><strong>non</strong></span> <span class='ocrx_word' id='word_1_228' title='bbox 1512 2780 1666 2844; x_wconf 86' lang='lat' dir='ltr'><strong>exaudita</strong></span> <span class='ocrx_word' id='word_1_229' title='bbox 1681 2782 1794 2867; x_wconf 91' lang='lat' dir='ltr'><strong>petitio</strong></span> 
     </span>
     <span class='ocr_line' id='line_1_23' title="bbox 147 2887 1021 2974; baseline -0.002 -23"><span class='ocrx_word' id='word_1_230' title='bbox 147 2889 349 2974; x_wconf 89' lang='lat' dir='ltr'><strong>indignatum</strong></span> <span class='ocrx_word' id='word_1_231' title='bbox 373 2889 495 2974; x_wconf 87' lang='lat' dir='ltr'><strong>pariter</strong></span> <span class='ocrx_word' id='word_1_232' title='bbox 518 2910 537 2950; x_wconf 88' lang='lat' dir='ltr'><strong>a</strong></span> <span class='ocrx_word' id='word_1_233' title='bbox 561 2887 722 2952; x_wconf 88' lang='lat' dir='ltr'><strong>catholica</strong></span> <span class='ocrx_word' id='word_1_234' title='bbox 745 2887 863 2973; x_wconf 90' lang='lat' dir='ltr'><strong>repulit</strong></span> <span class='ocrx_word' id='word_1_235' title='bbox 888 2887 1021 2950; x_wconf 91' lang='lat' dir='ltr'><strong>unitate.</strong></span> 
     </span>
    </p>

    <p class='ocr_par' dir='ltr' id='par_1_11' title="bbox 147 2992 1794 3188">
     <span class='ocr_line' id='line_1_24' title="bbox 253 2992 1794 3081; baseline 0.001 -23"><span class='ocrx_word' id='word_1_236' title='bbox 253 2996 346 3060; x_wconf 90' lang='lat' dir='ltr'><strong>Haec</strong></span> <span class='ocrx_word' id='word_1_237' title='bbox 372 2999 468 3076; x_wconf 65' lang='lat' dir='ltr'><strong>&#39;sunt</strong></span> <span class='ocrx_word' id='word_1_238' title='bbox 495 2993 644 3074; x_wconf 84' lang='lat' dir='ltr'><strong>Girarde,</strong></span> <span class='ocrx_word' id='word_1_239' title='bbox 677 3017 760 3080; x_wconf 87' lang='lat' dir='ltr'><strong>quae</strong></span> <span class='ocrx_word' id='word_1_240' title='bbox 789 3017 847 3080; x_wconf 89' lang='lat' dir='ltr'><strong>pro</strong></span> <span class='ocrx_word' id='word_1_241' title='bbox 877 2993 1016 3057; x_wconf 90' lang='lat' dir='ltr'><strong>ccclesia</strong></span> <span class='ocrx_word' id='word_1_242' title='bbox 1040 2993 1252 3062; x_wconf 89' lang='lat' dir='ltr'><strong>etadversus</strong></span> <span class='ocrx_word' id='word_1_243' title='bbox 1277 2992 1449 3058; x_wconf 89' lang='lat' dir='ltr'><strong>eeclesiam</strong></span> <span class='ocrx_word' id='word_1_244' title='bbox 1474 2992 1533 3057; x_wconf 91' lang='lat' dir='ltr'><strong>sub</strong></span> <span class='ocrx_word' id='word_1_245' title='bbox 1558 2995 1648 3058; x_wconf 90' lang='lat' dir='ltr'><strong>initio</strong></span> <span class='ocrx_word' id='word_1_246' title='bbox 1673 3005 1794 3081; x_wconf 89' lang='lat' dir='ltr'><strong>tempe-</strong></span> 
     </span>
     <span class='ocr_line' id='line_1_25' title="bbox 147 3099 1794 3188; baseline 0 -22"><span class='ocrx_word' id='word_1_247' title='bbox 147 3105 237 3166; x_wconf 88' lang='lat' dir='ltr'><strong>statis</strong></span> <span class='ocrx_word' id='word_1_248' title='bbox 262 3102 373 3188; x_wconf 71' lang='lat' dir='ltr'><strong>egisti,</strong></span> <span class='ocrx_word' id='word_1_249' title='bbox 399 3125 483 3188; x_wconf 90' lang='lat' dir='ltr'><strong>quae</strong></span> <span class='ocrx_word' id='word_1_250' title='bbox 507 3102 583 3166; x_wconf 92' lang='lat' dir='ltr'><strong>licet</strong></span> <span class='ocrx_word' id='word_1_251' title='bbox 606 3102 679 3165; x_wconf 93' lang='lat' dir='ltr'><strong>rudi</strong></span> <span class='ocrx_word' id='word_1_252' title='bbox 703 3101 838 3166; x_wconf 85' lang='lat' dir='ltr'><strong>forsitan</strong></span> <span class='ocrx_word' id='word_1_253' title='bbox 862 3113 893 3165; x_wconf 91' lang='lat' dir='ltr'><strong>et</strong></span> <span class='ocrx_word' id='word_1_254' title='bbox 917 3099 1037 3164; x_wconf 89' lang='lat' dir='ltr'><strong>inculto</strong></span> <span class='ocrx_word' id='word_1_255' title='bbox 1054 3123 1202 3164; x_wconf 79' lang='lat' dir='ltr'><strong>sannone</strong></span> <span class='ocrx_word' id='word_1_256' title='bbox 1219 3101 1429 3182; x_wconf 77' lang='lat' dir='ltr'><strong>narraverim,</strong></span> <span class='ocrx_word' id='word_1_257' title='bbox 1454 3100 1555 3164; x_wconf 90' lang='lat' dir='ltr'><strong>solam</strong></span> <span class='ocrx_word' id='word_1_258' title='bbox 1572 3101 1685 3164; x_wconf 89' lang='lat' dir='ltr'><strong>saltem</strong></span> <span class='ocrx_word' id='word_1_259' title='bbox 1703 3105 1794 3188; x_wconf 90' lang='lat' dir='ltr'><strong>sequi</strong></span> 
     </span>
    </p>
   </div>
   <div class='ocr_carea' id='block_1_3' title="bbox 101 3201 1794 3935">
    <p class='ocr_par' dir='ltr' id='par_1_12' title="bbox 101 3201 1794 3722">
     <span class='ocr_line' id='line_1_26' title="bbox 101 3201 1794 3295; baseline 0.001 -23"><span class='ocrx_word' id='word_1_260' title='bbox 101 3233 128 3272; x_wconf 77' lang='lat' dir='ltr'><strong>ss</strong></span> <span class='ocrx_word' id='word_1_261' title='bbox 147 3211 237 3295; x_wconf 90' lang='lat' dir='ltr'><strong>potui</strong></span> <span class='ocrx_word' id='word_1_262' title='bbox 260 3211 441 3272; x_wconf 88' lang='lat' dir='ltr'><strong>veritatem.</strong></span> <span class='ocrx_word' id='word_1_263' title='bbox 488 3209 576 3272; x_wconf 84' lang='lat' dir='ltr'><strong>Nihil</strong></span> <span class='ocrx_word' id='word_1_264' title='bbox 608 3210 693 3272; x_wconf 91' lang='lat' dir='ltr'><strong>enirn</strong></span> <span class='ocrx_word' id='word_1_265' title='bbox 725 3210 851 3294; x_wconf 84' lang='lat' dir='ltr'><strong>scripsi,</strong></span> <span class='ocrx_word' id='word_1_266' title='bbox 883 3207 970 3294; x_wconf 91' lang='lat' dir='ltr'><strong>quod</strong></span> <span class='ocrx_word' id='word_1_267' title='bbox 997 3230 1062 3270; x_wconf 87' lang='lat' dir='ltr'><strong>non</strong></span> <span class='ocrx_word' id='word_1_268' title='bbox 1086 3207 1138 3271; x_wconf 89' lang='lat' dir='ltr'><strong>vel</strong></span> <span class='ocrx_word' id='word_1_269' title='bbox 1162 3209 1231 3293; x_wconf 87' lang='lat' dir='ltr'><strong>ipse</strong></span> <span class='ocrx_word' id='word_1_270' title='bbox 1257 3201 1465 3292; x_wconf 84' lang='lat' dir='ltr'><strong>cognoverim</strong></span> <span class='ocrx_word' id='word_1_271' title='bbox 1489 3207 1542 3271; x_wconf 90' lang='lat' dir='ltr'><strong>vel</strong></span> <span class='ocrx_word' id='word_1_272' title='bbox 1566 3220 1698 3272; x_wconf 90' lang='lat' dir='ltr'><strong>auctore</strong></span> <span class='ocrx_word' id='word_1_273' title='bbox 1722 3232 1794 3294; x_wconf 93' lang='lat' dir='ltr'><strong>pro-</strong></span> 
     </span>
     <span class='ocr_line' id='line_1_27' title="bbox 147 3313 1794 3401; baseline 0.001 -22"><span class='ocrx_word' id='word_1_274' title='bbox 147 3315 247 3380; x_wconf 88' lang='lat' dir='ltr'><strong>babili</strong></span> <span class='ocrx_word' id='word_1_275' title='bbox 271 3339 336 3379; x_wconf 92' lang='lat' dir='ltr'><strong>non</strong></span> <span class='ocrx_word' id='word_1_276' title='bbox 359 3314 524 3395; x_wconf 89' lang='lat' dir='ltr'><strong>haberem,</strong></span> <span class='ocrx_word' id='word_1_277' title='bbox 548 3315 601 3379; x_wconf 91' lang='lat' dir='ltr'><strong>vel</strong></span> <span class='ocrx_word' id='word_1_278' title='bbox 625 3315 712 3401; x_wconf 93' lang='lat' dir='ltr'><strong>quod</strong></span> <span class='ocrx_word' id='word_1_279' title='bbox 736 3315 849 3379; x_wconf 89' lang='lat' dir='ltr'><strong>saltem</strong></span> <span class='ocrx_word' id='word_1_280' title='bbox 873 3315 960 3378; x_wconf 89' lang='lat' dir='ltr'><strong>fama</strong></span> <span class='ocrx_word' id='word_1_281' title='bbox 983 3313 1115 3399; x_wconf 89' lang='lat' dir='ltr'><strong>publica</strong></span> <span class='ocrx_word' id='word_1_282' title='bbox 1138 3337 1202 3378; x_wconf 93' lang='lat' dir='ltr'><strong>non</strong></span> <span class='ocrx_word' id='word_1_283' title='bbox 1219 3314 1367 3394; x_wconf 86' lang='lat' dir='ltr'><strong>affirmet,</strong></span> <span class='ocrx_word' id='word_1_284' title='bbox 1392 3325 1427 3376; x_wconf 92' lang='lat' dir='ltr'><strong>ut</strong></span> <span class='ocrx_word' id='word_1_285' title='bbox 1449 3313 1585 3399; x_wconf 89' lang='lat' dir='ltr'><strong>proinde</strong></span> <span class='ocrx_word' id='word_1_286' title='bbox 1609 3337 1672 3378; x_wconf 91' lang='lat' dir='ltr'><strong>non</strong></span> <span class='ocrx_word' id='word_1_287' title='bbox 1688 3317 1794 3380; x_wconf 89' lang='lat' dir='ltr'><strong>minus</strong></span> 
     </span>
     <span class='ocr_line' id='line_1_28' title="bbox 147 3419 1793 3508; baseline 0 -22"><span class='ocrx_word' id='word_1_288' title='bbox 147 3423 219 3486; x_wconf 90' lang='lat' dir='ltr'><strong>aliis</strong></span> <span class='ocrx_word' id='word_1_289' title='bbox 242 3420 410 3508; x_wconf 86' lang='lat' dir='ltr'><strong>probabile</strong></span> <span class='ocrx_word' id='word_1_290' title='bbox 434 3421 594 3504; x_wconf 88' lang='lat' dir='ltr'><strong>videatur,</strong></span> <span class='ocrx_word' id='word_1_291' title='bbox 626 3445 699 3487; x_wconf 89' lang='lat' dir='ltr'><strong>curn</strong></span> <span class='ocrx_word' id='word_1_292' title='bbox 723 3423 785 3508; x_wconf 92' lang='lat' dir='ltr'><strong>ipsi</strong></span> <span class='ocrx_word' id='word_1_293' title='bbox 810 3430 858 3484; x_wconf 91' lang='lat' dir='ltr'><strong>tot</strong></span> <span class='ocrx_word' id='word_1_294' title='bbox 881 3421 1065 3485; x_wconf 89' lang='lat' dir='ltr'><strong>testimonia</strong></span> <span class='ocrx_word' id='word_1_295' title='bbox 1093 3421 1311 3506; x_wconf 86' lang='lat' dir='ltr'><strong>suffragentur</strong></span> <span class='ocrx_word' id='word_1_296' title='bbox 1334 3419 1376 3483; x_wconf 89' lang='lat' dir='ltr'><strong>ad</strong></span> <span class='ocrx_word' id='word_1_297' title='bbox 1399 3419 1506 3484; x_wconf 86' lang='lat' dir='ltr'><strong>tidem.</strong></span> <span class='ocrx_word' id='word_1_298' title='bbox 1553 3421 1624 3484; x_wconf 86' lang='lat' dir='ltr'><strong>Iam</strong></span> <span class='ocrx_word' id='word_1_299' title='bbox 1647 3445 1735 3503; x_wconf 91' lang='lat' dir='ltr'><strong>vero,</strong></span> <span class='ocrx_word' id='word_1_300' title='bbox 1767 3423 1793 3486; x_wconf 91' lang='lat' dir='ltr'><strong>si</strong></span> 
     </span>
     <span class='ocr_line' id='line_1_29' title="bbox 147 3526 1793 3615; baseline 0 -23"><span class='ocrx_word' id='word_1_301' title='bbox 147 3541 235 3593; x_wconf 87' lang='lat' dir='ltr'><strong>recte</strong></span> <span class='ocrx_word' id='word_1_302' title='bbox 266 3531 451 3615; x_wconf 90' lang='lat' dir='ltr'><strong>propositae</strong></span> <span class='ocrx_word' id='word_1_303' title='bbox 482 3530 664 3615; x_wconf 89' lang='lat' dir='ltr'><strong>partitionis</strong></span> <span class='ocrx_word' id='word_1_304' title='bbox 695 3526 842 3591; x_wconf 88' lang='lat' dir='ltr'><strong>membra</strong></span> <span class='ocrx_word' id='word_1_305' title='bbox 872 3527 1035 3613; x_wconf 89' lang='lat' dir='ltr'><strong>recolligo,</strong></span> <span class='ocrx_word' id='word_1_306' title='bbox 1068 3527 1135 3590; x_wconf 90' lang='lat' dir='ltr'><strong>sola</strong></span> <span class='ocrx_word' id='word_1_307' title='bbox 1165 3528 1244 3590; x_wconf 89' lang='lat' dir='ltr'><strong>mihi</strong></span> <span class='ocrx_word' id='word_1_308' title='bbox 1274 3528 1432 3614; x_wconf 88' lang='lat' dir='ltr'><strong>propositi</strong></span> <span class='ocrx_word' id='word_1_309' title='bbox 1458 3528 1524 3591; x_wconf 88' lang='lat' dir='ltr'><strong>mei</strong></span> <span class='ocrx_word' id='word_1_310' title='bbox 1548 3539 1695 3612; x_wconf 86' lang='lat' dir='ltr'><strong>superest</strong></span> <span class='ocrx_word' id='word_1_311' title='bbox 1718 3551 1793 3614; x_wconf 91' lang='lat' dir='ltr'><strong>pars</strong></span> 
     </span>
     <span class='ocr_line' id='line_1_30' title="bbox 148 3617 1793 3722; baseline -0.001 -23"><span class='ocrx_word' id='word_1_312' title='bbox 148 3617 303 3716; x_wconf 83' lang='lat' dir='ltr'><strong>extrema,</strong></span> <span class='ocrx_word' id='word_1_313' title='bbox 335 3637 368 3699; x_wconf 90' lang='lat' dir='ltr'><strong>in</strong></span> <span class='ocrx_word' id='word_1_314' title='bbox 393 3659 466 3722; x_wconf 85' lang='lat' dir='ltr'><strong>qua,</strong></span> <span class='ocrx_word' id='word_1_315' title='bbox 499 3635 616 3721; x_wconf 92' lang='lat' dir='ltr'><strong>quibus</strong></span> <span class='ocrx_word' id='word_1_316' title='bbox 644 3635 816 3698; x_wconf 89' lang='lat' dir='ltr'><strong>ecclesiam</strong></span> <span class='ocrx_word' id='word_1_317' title='bbox 840 3635 904 3698; x_wconf 91' lang='lat' dir='ltr'><strong>Dei</strong></span> <span class='ocrx_word' id='word_1_318' title='bbox 934 3633 1089 3698; x_wconf 88' lang='lat' dir='ltr'><strong>molestiis</strong></span> <span class='ocrx_word' id='word_1_319' title='bbox 1113 3657 1234 3708; x_wconf 77' lang='lat' dir='ltr'><strong>vexare</strong></span> <span class='ocrx_word' id='word_1_320' title='bbox 1259 3633 1390 3720; x_wconf 89' lang='lat' dir='ltr'><strong>quidem</strong></span> <span class='ocrx_word' id='word_1_321' title='bbox 1415 3645 1447 3698; x_wconf 90' lang='lat' dir='ltr'><strong>et</strong></span> <span class='ocrx_word' id='word_1_322' title='bbox 1470 3636 1620 3720; x_wconf 89' lang='lat' dir='ltr'><strong>persequi</strong></span> <span class='ocrx_word' id='word_1_323' title='bbox 1651 3657 1715 3698; x_wconf 90' lang='lat' dir='ltr'><strong>non</strong></span> <span class='ocrx_word' id='word_1_324' title='bbox 1740 3635 1793 3698; x_wconf 92' lang='lat' dir='ltr'><strong>de·</strong></span> 
     </span>
    </p>

    <p class='ocr_par' dir='ltr' id='par_1_13' title="bbox 101 3741 1792 3935">
     <span class='ocr_line' id='line_1_31' title="bbox 101 3741 1792 3828; baseline -0.001 -22"><span class='ocrx_word' id='word_1_325' title='bbox 101 3769 128 3806; x_wconf 77' lang='lat' dir='ltr'><strong>ao</strong></span> <span class='ocrx_word' id='word_1_326' title='bbox 148 3745 244 3824; x_wconf 88' lang='lat' dir='ltr'><strong>sistis,</strong></span> <span class='ocrx_word' id='word_1_327' title='bbox 269 3765 310 3806; x_wconf 86' lang='lat' dir='ltr'><strong>ex</strong></span> <span class='ocrx_word' id='word_1_328' title='bbox 334 3753 426 3828; x_wconf 90' lang='lat' dir='ltr'><strong>parte</strong></span> <span class='ocrx_word' id='word_1_329' title='bbox 450 3741 626 3806; x_wconf 90' lang='lat' dir='ltr'><strong>dicendum</strong></span> <span class='ocrx_word' id='word_1_330' title='bbox 651 3754 708 3805; x_wconf 90' lang='lat' dir='ltr'><strong>est.</strong></span> <span class='ocrx_word' id='word_1_331' title='bbox 757 3741 791 3806; x_wconf 84' lang='lat' dir='ltr'><strong>Si</strong></span> <span class='ocrx_word' id='word_1_332' title='bbox 816 3743 888 3828; x_wconf 89' lang='lat' dir='ltr'><strong>quis</strong></span> <span class='ocrx_word' id='word_1_333' title='bbox 913 3743 998 3804; x_wconf 90' lang='lat' dir='ltr'><strong>enim</strong></span> <span class='ocrx_word' id='word_1_334' title='bbox 1022 3741 1121 3805; x_wconf 88' lang='lat' dir='ltr'><strong>vellet</strong></span> <span class='ocrx_word' id='word_1_335' title='bbox 1145 3755 1263 3804; x_wconf 87' lang='lat' dir='ltr'><strong>cuncta</strong></span> <span class='ocrx_word' id='word_1_336' title='bbox 1285 3763 1428 3818; x_wconf 87' lang='lat' dir='ltr'><strong>narrare,</strong></span> <span class='ocrx_word' id='word_1_337' title='bbox 1460 3763 1521 3804; x_wconf 90' lang='lat' dir='ltr'><strong>nec</strong></span> <span class='ocrx_word' id='word_1_338' title='bbox 1550 3741 1592 3804; x_wconf 91' lang='lat' dir='ltr'><strong>ad</strong></span> <span class='ocrx_word' id='word_1_339' title='bbox 1620 3741 1792 3806; x_wconf 90' lang='lat' dir='ltr'><strong>dicendum</strong></span> 
     </span>
     <span class='ocr_line' id='line_1_32' title="bbox 148 3847 1003 3935; baseline -0.002 -23"><span class='ocrx_word' id='word_1_340' title='bbox 148 3850 258 3935; x_wconf 86' lang='lat' dir='ltr'><strong>lingua</strong></span> <span class='ocrx_word' id='word_1_341' title='bbox 282 3849 444 3913; x_wconf 89' lang='lat' dir='ltr'><strong>sufficeret</strong></span> <span class='ocrx_word' id='word_1_342' title='bbox 467 3871 528 3913; x_wconf 90' lang='lat' dir='ltr'><strong>nee</strong></span> <span class='ocrx_word' id='word_1_343' title='bbox 552 3849 696 3913; x_wconf 86' lang='lat' dir='ltr'><strong>calamus</strong></span> <span class='ocrx_word' id='word_1_344' title='bbox 720 3847 761 3912; x_wconf 90' lang='lat' dir='ltr'><strong>ad</strong></span> <span class='ocrx_word' id='word_1_345' title='bbox 786 3847 1003 3912; x_wconf 86' lang='lat' dir='ltr'><strong>scribendum.</strong></span> 
     </span>
    </p>
   </div>
   <div class='ocr_carea' id='block_1_4' title="bbox 105 3971 1793 5021">
    <p class='ocr_par' dir='ltr' id='par_1_14' title="bbox 147 3971 1793 4274">
     <span class='ocr_line' id='line_1_33' title="bbox 258 3971 1793 4060; baseline 0 -22"><span class='ocrx_word' id='word_1_346' title='bbox 258 3977 285 4038; x_wconf 78' lang='lat'><strong>7.</strong></span> <span class='ocrx_word' id='word_1_347' title='bbox 326 3973 485 4060; x_wconf 78' lang='lat' dir='ltr'><strong>Suscepto</strong></span> <span class='ocrx_word' id='word_1_348' title='bbox 508 3975 608 4059; x_wconf 88' lang='lat' dir='ltr'><strong>igitur</strong></span> <span class='ocrx_word' id='word_1_349' title='bbox 622 3974 712 4037; x_wconf 89' lang='lat' dir='ltr'><strong>Petri</strong></span> <span class='ocrx_word' id='word_1_350' title='bbox 728 3973 847 4037; x_wconf 87' lang='lat' dir='ltr'><strong>Leonis</strong></span> <span class='ocrx_word' id='word_1_351' title='bbox 873 3972 1018 4058; x_wconf 89' lang='lat' dir='ltr'><strong>epistola,</strong></span> <span class='ocrx_word' id='word_1_352' title='bbox 1044 3973 1158 4058; x_wconf 90' lang='lat' dir='ltr'><strong>cepisti</strong></span> <span class='ocrx_word' id='word_1_353' title='bbox 1183 3995 1241 4058; x_wconf 89' lang='lat' dir='ltr'><strong>per</strong></span> <span class='ocrx_word' id='word_1_354' title='bbox 1264 3972 1344 4035; x_wconf 88' lang='lat' dir='ltr'><strong>fines</strong></span> <span class='ocrx_word' id='word_1_355' title='bbox 1361 3971 1558 4058; x_wconf 82' lang='lat' dir='ltr'><strong>Aquitaniae</strong></span> <span class='ocrx_word' id='word_1_356' title='bbox 1583 3971 1793 4038; x_wconf 88' lang='lat' dir='ltr'><strong>discurrendo</strong></span> 
     </span>
     <span class='ocr_line' id='line_1_34' title="bbox 147 4078 1792 4168; baseline 0.001 -24"><span class='ocrx_word' id='word_1_357' title='bbox 147 4083 303 4168; x_wconf 87' lang='lat' dir='ltr'><strong>pristinae</strong></span> <span class='ocrx_word' id='word_1_358' title='bbox 327 4080 541 4167; x_wconf 87' lang='lat' dir='ltr'><strong>predicationi</strong></span> <span class='ocrx_word' id='word_1_359' title='bbox 565 4092 640 4144; x_wconf 88' lang='lat' dir='ltr'><strong>tuae</strong></span> <span class='ocrx_word' id='word_1_360' title='bbox 664 4080 834 4166; x_wconf 89' lang='lat' dir='ltr'><strong>predicare</strong></span> <span class='ocrx_word' id='word_1_361' title='bbox 860 4081 1038 4144; x_wconf 89' lang='lat' dir='ltr'><strong>contraria:</strong></span> <span class='ocrx_word' id='word_1_362' title='bbox 1063 4080 1196 4142; x_wconf 88' lang='lat' dir='ltr'><strong>Petrum</strong></span> <span class='ocrx_word' id='word_1_363' title='bbox 1213 4078 1338 4143; x_wconf 89' lang='lat' dir='ltr'><strong>seilicet</strong></span> <span class='ocrx_word' id='word_1_364' title='bbox 1353 4079 1473 4142; x_wconf 87' lang='lat' dir='ltr'><strong>Leonis</strong></span> <span class='ocrx_word' id='word_1_365' title='bbox 1489 4079 1640 4144; x_wconf 88' lang='lat' dir='ltr'><strong>Anaclcti</strong></span> <span class='ocrx_word' id='word_1_366' title='bbox 1663 4083 1792 4145; x_wconf 91' lang='lat' dir='ltr'><strong>nomine</strong></span> 
     </span>
     <span class='ocr_line' id='line_1_35' title="bbox 149 4185 1792 4274; baseline 0 -23"><span class='ocrx_word' id='word_1_367' title='bbox 149 4187 222 4274; x_wconf 84' lang='lat' dir='ltr'><strong>(sed</strong></span> <span class='ocrx_word' id='word_1_368' title='bbox 245 4190 353 4252; x_wconf 89' lang='lat' dir='ltr'><strong>verius</strong></span> <span class='ocrx_word' id='word_1_369' title='bbox 376 4187 589 4274; x_wconf 69' lang='lat' dir='ltr'><strong>antichristill</strong></span> <span class='ocrx_word' id='word_1_370' title='bbox 613 4209 734 4273; x_wconf 86' lang='lat' dir='ltr'><strong>papam</strong></span> <span class='ocrx_word' id='word_1_371' title='bbox 750 4209 832 4267; x_wconf 87' lang='lat' dir='ltr'><strong>esse,</strong></span> <span class='ocrx_word' id='word_1_372' title='bbox 857 4188 949 4251; x_wconf 90' lang='lat' dir='ltr'><strong>cuius</strong></span> <span class='ocrx_word' id='word_1_373' title='bbox 973 4185 1103 4273; x_wconf 90' lang='lat' dir='ltr'><strong>quidem</strong></span> <span class='ocrx_word' id='word_1_374' title='bbox 1129 4185 1344 4272; x_wconf 88' lang='lat' dir='ltr'><strong>apostolatum</strong></span> <span class='ocrx_word' id='word_1_375' title='bbox 1361 4185 1454 4249; x_wconf 87' lang='lat' dir='ltr'><strong>sodes</strong></span> <span class='ocrx_word' id='word_1_376' title='bbox 1471 4187 1682 4272; x_wconf 85' lang='lat' dir='ltr'><strong>principalis⁵</strong></span> <span class='ocrx_word' id='word_1_377' title='bbox 1706 4190 1792 4253; x_wconf 87' lang='lat' dir='ltr'><strong>exci-</strong></span> 
     </span>
    </p>

    <p class='ocr_par' dir='ltr' id='par_1_15' title="bbox 105 4292 1793 5021">
     <span class='ocr_line' id='line_1_36' title="bbox 105 4292 1792 4382; baseline 0 -24"><span class='ocrx_word' id='word_1_378' title='bbox 105 4319 131 4357; x_wconf 74' lang='lat' dir='ltr'><strong>se</strong></span> <span class='ocrx_word' id='word_1_379' title='bbox 149 4307 240 4382; x_wconf 89' lang='lat' dir='ltr'><strong>peret</strong></span> <span class='ocrx_word' id='word_1_380' title='bbox 263 4308 296 4358; x_wconf 93' lang='lat' dir='ltr'><strong>et</strong></span> <span class='ocrx_word' id='word_1_381' title='bbox 318 4296 415 4358; x_wconf 89' lang='lat' dir='ltr'><strong>totius</strong></span> <span class='ocrx_word' id='word_1_382' title='bbox 440 4296 580 4358; x_wconf 89' lang='lat' dir='ltr'><strong>civitatis</strong></span> <span class='ocrx_word' id='word_1_383' title='bbox 605 4293 792 4358; x_wconf 89' lang='lat' dir='ltr'><strong>obedientia</strong></span> <span class='ocrx_word' id='word_1_384' title='bbox 816 4293 1030 4357; x_wconf 88' lang='lat' dir='ltr'><strong>confirmaret.</strong></span> <span class='ocrx_word' id='word_1_385' title='bbox 1077 4292 1223 4356; x_wconf 82' lang='lat' dir='ltr'><strong>Alterum</strong></span> <span class='ocrx_word' id='word_1_386' title='bbox 1256 4294 1386 4356; x_wconf 85' lang='lat' dir='ltr'><strong>civitate</strong></span> <span class='ocrx_word' id='word_1_387' title='bbox 1417 4292 1545 4379; x_wconf 87' lang='lat' dir='ltr'><strong>pulsum</strong></span> <span class='ocrx_word' id='word_1_388' title='bbox 1576 4317 1649 4358; x_wconf 89' lang='lat' dir='ltr'><strong>cum</strong></span> <span class='ocrx_word' id='word_1_389' title='bbox 1679 4297 1792 4380; x_wconf 91' lang='lat' dir='ltr'><strong>paucis</strong></span> 
     </span>
     <span class='ocr_line' id='line_1_37' title="bbox 150 4399 1792 4486; baseline 0.001 -21"><span class='ocrx_word' id='word_1_390' title='bbox 150 4401 328 4465; x_wconf 91' lang='lat' dir='ltr'><strong>fautoribus</strong></span> <span class='ocrx_word' id='word_1_391' title='bbox 358 4402 426 4464; x_wconf 89' lang='lat' dir='ltr'><strong>sine</strong></span> <span class='ocrx_word' id='word_1_392' title='bbox 453 4407 556 4464; x_wconf 79' lang='lat' dir='ltr'><strong>*certa</strong></span> <span class='ocrx_word' id='word_1_393' title='bbox 586 4401 663 4464; x_wconf 90' lang='lat' dir='ltr'><strong>sede</strong></span> <span class='ocrx_word' id='word_1_394' title='bbox 688 4410 871 4484; x_wconf 88' lang='lat' dir='ltr'><strong>vagantem,</strong></span> <span class='ocrx_word' id='word_1_395' title='bbox 904 4413 1102 4464; x_wconf 89' lang='lat' dir='ltr'><strong>avertentem</strong></span> <span class='ocrx_word' id='word_1_396' title='bbox 1133 4400 1268 4486; x_wconf 89' lang='lat' dir='ltr'><strong>populos</strong></span> <span class='ocrx_word' id='word_1_397' title='bbox 1293 4412 1324 4463; x_wconf 92' lang='lat' dir='ltr'><strong>et</strong></span> <span class='ocrx_word' id='word_1_398' title='bbox 1348 4399 1389 4463; x_wconf 87' lang='lat' dir='ltr'><strong>ab</strong></span> <span class='ocrx_word' id='word_1_399' title='bbox 1414 4399 1554 4464; x_wconf 89' lang='lat' dir='ltr'><strong>ecclesia</strong></span> <span class='ocrx_word' id='word_1_400' title='bbox 1577 4415 1792 4486; x_wconf 88' lang='lat' dir='ltr'><strong>separantem,</strong></span> 
     </span>
     <span class='ocr_line' id='line_1_38' title="bbox 150 4505 1793 4595; baseline 0.001 -24"><span class='ocrx_word' id='word_1_401' title='bbox 150 4531 246 4595; x_wconf 89' lang='lat' dir='ltr'><strong>quem</strong></span> <span class='ocrx_word' id='word_1_402' title='bbox 270 4529 330 4571; x_wconf 90' lang='lat' dir='ltr'><strong>nee</strong></span> <span class='ocrx_word' id='word_1_403' title='bbox 355 4507 510 4572; x_wconf 89' lang='lat' dir='ltr'><strong>cathedra</strong></span> <span class='ocrx_word' id='word_1_404' title='bbox 532 4507 762 4571; x_wconf 88' lang='lat' dir='ltr'><strong>Lateranensis</strong></span> <span class='ocrx_word' id='word_1_405' title='bbox 792 4519 993 4592; x_wconf 83' lang='lat' dir='ltr'><strong>agnosceret,</strong></span> <span class='ocrx_word' id='word_1_406' title='bbox 1025 4530 1086 4570; x_wconf 89' lang='lat' dir='ltr'><strong>nec</strong></span> <span class='ocrx_word' id='word_1_407' title='bbox 1111 4508 1141 4569; x_wconf 90' lang='lat' dir='ltr'><strong>ei</strong></span> <span class='ocrx_word' id='word_1_408' title='bbox 1165 4505 1358 4592; x_wconf 88' lang='lat' dir='ltr'><strong>obsequium</strong></span> <span class='ocrx_word' id='word_1_409' title='bbox 1382 4507 1527 4570; x_wconf 87' lang='lat' dir='ltr'><strong>Romana</strong></span> <span class='ocrx_word' id='word_1_410' title='bbox 1558 4508 1672 4571; x_wconf 89' lang='lat' dir='ltr'><strong>civitas</strong></span> <span class='ocrx_word' id='word_1_411' title='bbox 1704 4509 1793 4573; x_wconf 89' lang='lat' dir='ltr'><strong>exhi-</strong></span> 
     </span>
     <span class='ocr_line' id='line_1_39' title="bbox 137 4612 1792 4701; baseline 0.001 -23"><span class='ocrx_word' id='word_1_412' title='bbox 137 4614 251 4688; x_wconf 85' lang='lat' dir='ltr'><strong>beret.</strong></span> <span class='ocrx_word' id='word_1_413' title='bbox 299 4615 404 4696; x_wconf 75' lang='lat' dir='ltr'><strong>Quem</strong></span> <span class='ocrx_word' id='word_1_414' title='bbox 435 4637 554 4700; x_wconf 88' lang='lat' dir='ltr'><strong>papam</strong></span> <span class='ocrx_word' id='word_1_415' title='bbox 584 4614 718 4678; x_wconf 90' lang='lat' dir='ltr'><strong>credere</strong></span> <span class='ocrx_word' id='word_1_416' title='bbox 750 4615 862 4677; x_wconf 88' lang='lat' dir='ltr'><strong>similis</strong></span> <span class='ocrx_word' id='word_1_417' title='bbox 894 4614 1034 4677; x_wconf 80' lang='lat' dir='ltr'><strong>anteatia</strong></span> <span class='ocrx_word' id='word_1_418' title='bbox 1064 4612 1247 4694; x_wconf 85' lang='lat' dir='ltr'><strong>videbatur,</strong></span> <span class='ocrx_word' id='word_1_419' title='bbox 1278 4627 1313 4677; x_wconf 92' lang='lat' dir='ltr'><strong>ut</strong></span> <span class='ocrx_word' id='word_1_420' title='bbox 1344 4614 1370 4675; x_wconf 88' lang='lat' dir='ltr'><strong>si</strong></span> <span class='ocrx_word' id='word_1_421' title='bbox 1402 4615 1473 4698; x_wconf 91' lang='lat' dir='ltr'><strong>quis</strong></span> <span class='ocrx_word' id='word_1_422' title='bbox 1505 4625 1668 4678; x_wconf 89' lang='lat' dir='ltr'><strong>carentem</strong></span> <span class='ocrx_word' id='word_1_423' title='bbox 1692 4639 1792 4701; x_wconf 91' lang='lat' dir='ltr'><strong>regno</strong></span> 
     </span>
     <span class='ocr_line' id='line_1_40' title="bbox 150 4719 1791 4807; baseline 0.001 -22"><span class='ocrx_word' id='word_1_424' title='bbox 150 4744 259 4807; x_wconf 87' lang='lat' dir='ltr'><strong>regern</strong></span> <span class='ocrx_word' id='word_1_425' title='bbox 278 4721 396 4803; x_wconf 87' lang='lat' dir='ltr'><strong>dicere,</strong></span> <span class='ocrx_word' id='word_1_426' title='bbox 414 4722 602 4785; x_wconf 90' lang='lat' dir='ltr'><strong>destitutum</strong></span> <span class='ocrx_word' id='word_1_427' title='bbox 618 4722 803 4806; x_wconf 89' lang='lat' dir='ltr'><strong>principatu</strong></span> <span class='ocrx_word' id='word_1_428' title='bbox 818 4721 998 4806; x_wconf 89' lang='lat' dir='ltr'><strong>principem</strong></span> <span class='ocrx_word' id='word_1_429' title='bbox 1016 4719 1205 4806; x_wconf 78' lang='lat' dir='ltr'><strong>appellarek</strong></span> <span class='ocrx_word' id='word_1_430' title='bbox 1220 4720 1367 4783; x_wconf 89' lang='lat' dir='ltr'><strong>voluerit.</strong></span> <span class='ocrx_word' id='word_1_431' title='bbox 1404 4719 1506 4800; x_wconf 79' lang='lat' dir='ltr'><strong>Quasi</strong></span> <span class='ocrx_word' id='word_1_432' title='bbox 1522 4719 1628 4802; x_wconf 87' lang='lat' dir='ltr'><strong>mode,</strong></span> <span class='ocrx_word' id='word_1_433' title='bbox 1643 4720 1791 4802; x_wconf 85' lang='lat' dir='ltr'><strong>Girarde‚</strong></span> 
     </span>
     <span class='ocr_line' id='line_1_41' title="bbox 105 4825 1792 4914; baseline 0.002 -24"><span class='ocrx_word' id='word_1_434' title='bbox 105 4853 131 4890; x_wconf 73' lang='lat' dir='ltr'><strong>to</strong></span> <span class='ocrx_word' id='word_1_435' title='bbox 149 4829 290 4892; x_wconf 88' lang='lat' dir='ltr'><strong>iustitiae</strong></span> <span class='ocrx_word' id='word_1_436' title='bbox 307 4827 378 4892; x_wconf 87' lang='lat' dir='ltr'><strong>loca</strong></span> <span class='ocrx_word' id='word_1_437' title='bbox 394 4828 607 4914; x_wconf 91' lang='lat' dir='ltr'><strong>preiudicent,</strong></span> <span class='ocrx_word' id='word_1_438' title='bbox 632 4841 664 4891; x_wconf 91' lang='lat' dir='ltr'><strong>ct</strong></span> <span class='ocrx_word' id='word_1_439' title='bbox 687 4828 736 4891; x_wconf 91' lang='lat' dir='ltr'><strong>ius</strong></span> <span class='ocrx_word' id='word_1_440' title='bbox 753 4827 919 4913; x_wconf 89' lang='lat' dir='ltr'><strong>dignitatis</strong></span> <span class='ocrx_word' id='word_1_441' title='bbox 935 4828 1074 4912; x_wconf 90' lang='lat' dir='ltr'><strong>perimat</strong></span> <span class='ocrx_word' id='word_1_442' title='bbox 1094 4825 1178 4889; x_wconf 91' lang='lat' dir='ltr'><strong>illius</strong></span> <span class='ocrx_word' id='word_1_443' title='bbox 1196 4827 1336 4890; x_wconf 90' lang='lat' dir='ltr'><strong>civitatis</strong></span> <span class='ocrx_word' id='word_1_444' title='bbox 1353 4848 1513 4912; x_wconf 89' lang='lat' dir='ltr'><strong>egressus,</strong></span> <span class='ocrx_word' id='word_1_445' title='bbox 1539 4837 1571 4890; x_wconf 91' lang='lat' dir='ltr'><strong>et</strong></span> <span class='ocrx_word' id='word_1_446' title='bbox 1586 4827 1674 4892; x_wconf 89' lang='lat' dir='ltr'><strong>velut</strong></span> <span class='ocrx_word' id='word_1_447' title='bbox 1694 4829 1792 4892; x_wconf 90' lang='lat' dir='ltr'><strong>solius</strong></span> 
     </span>
     <span class='ocr_line' id='line_1_42' title="bbox 150 4932 1792 5021; baseline 0.001 -23"><span class='ocrx_word' id='word_1_448' title='bbox 150 4935 261 5021; x_wconf 92' lang='lat' dir='ltr'><strong>populi</strong></span> <span class='ocrx_word' id='word_1_449' title='bbox 275 4935 412 5000; x_wconf 87' lang='lat' dir='ltr'><strong>Romani</strong></span> <span class='ocrx_word' id='word_1_450' title='bbox 436 4935 528 4998; x_wconf 89' lang='lat' dir='ltr'><strong>favor</strong></span> <span class='ocrx_word' id='word_1_451' title='bbox 544 4934 693 4999; x_wconf 88' lang='lat' dir='ltr'><strong>omnibus</strong></span> <span class='ocrx_word' id='word_1_452' title='bbox 718 4935 785 4998; x_wconf 89' lang='lat' dir='ltr'><strong>fere</strong></span> <span class='ocrx_word' id='word_1_453' title='bbox 802 4934 928 5021; x_wconf 90' lang='lat' dir='ltr'><strong>populis</strong></span> <span class='ocrx_word' id='word_1_454' title='bbox 955 4932 1072 4997; x_wconf 89' lang='lat' dir='ltr'><strong>debeat</strong></span> <span class='ocrx_word' id='word_1_455' title='bbox 1096 4932 1264 4997; x_wconf 86' lang='lat' dir='ltr'><strong>anteferri!</strong></span> <span class='ocrx_word' id='word_1_456' title='bbox 1313 4932 1478 5019; x_wconf 90' lang='lat' dir='ltr'><strong>Numquid</strong></span> <span class='ocrx_word' id='word_1_457' title='bbox 1502 4935 1587 4997; x_wconf 89' lang='lat' dir='ltr'><strong>enim</strong></span> <span class='ocrx_word' id='word_1_458' title='bbox 1611 4936 1681 5020; x_wconf 88' lang='lat' dir='ltr'><strong>ipse</strong></span> <span class='ocrx_word' id='word_1_459' title='bbox 1697 4935 1792 5000; x_wconf 88' lang='lat' dir='ltr'><strong>Late-</strong></span> 
     </span>
    </p>
   </div>
   <div class='ocr_carea' id='block_1_5' title="bbox 150 5132 1791 5291">
    <p class='ocr_par' dir='ltr' id='par_1_16' title="bbox 150 5132 1791 5291">
     <span class='ocr_line' id='line_1_43' title="bbox 257 5132 1791 5200; baseline -0.001 -14"><span class='ocrx_word' id='word_1_460' title='bbox 257 5141 283 5197; x_wconf 73' lang='grc' dir='ltr'><strong>η)</strong></span> <span class='ocrx_word' id='word_1_461' title='bbox 304 5147 327 5198; x_wconf 79' lang='lat' dir='ltr'><strong>qt</strong></span> <span class='ocrx_word' id='word_1_462' title='bbox 348 5155 367 5186; x_wconf 85' lang='lat' dir='ltr'><strong>c.</strong></span> <span class='ocrx_word' id='word_1_463' title='bbox 458 5135 486 5192; x_wconf 78' lang='lat' dir='ltr'><strong>bl</strong></span> <span class='ocrx_word' id='word_1_464' title='bbox 509 5137 597 5186; x_wconf 87' lang='lat' dir='ltr'><strong>abl.</strong></span> <span class='ocrx_word' id='word_1_465' title='bbox 680 5133 705 5194; x_wconf 83' lang='lat' dir='ltr'><strong>c)</strong></span> <span class='ocrx_word' id='word_1_466' title='bbox 728 5136 839 5200; x_wconf 89' lang='lat' dir='ltr'><strong>acceph.</strong></span> <span class='ocrx_word' id='word_1_467' title='bbox 858 5153 878 5184; x_wconf 85' lang='lat' dir='ltr'><strong>c.</strong></span> <span class='ocrx_word' id='word_1_468' title='bbox 969 5133 997 5194; x_wconf 90' lang='lat' dir='ltr'><strong>d)</strong></span> <span class='ocrx_word' id='word_1_469' title='bbox 1020 5151 1100 5198; x_wconf 85' lang='lat' dir='ltr'><strong>qrrem</strong></span> <span class='ocrx_word' id='word_1_470' title='bbox 1119 5153 1139 5183; x_wconf 88' lang='lat' dir='ltr'><strong>c.</strong></span> <span class='ocrx_word' id='word_1_471' title='bbox 1225 5132 1250 5192; x_wconf 81' lang='lat' dir='ltr'><strong>c)</strong></span> <span class='ocrx_word' id='word_1_472' title='bbox 1271 5136 1361 5200; x_wconf 82' lang='lat' dir='ltr'><strong>ispe.</strong></span> <span class='ocrx_word' id='word_1_473' title='bbox 1445 5133 1466 5195; x_wconf 92' lang='lat' dir='ltr'><strong>f)</strong></span> <span class='ocrx_word' id='word_1_474' title='bbox 1489 5136 1753 5200; x_wconf 87' lang='lat' dir='ltr'><strong>Brintannorumque</strong></span> <span class='ocrx_word' id='word_1_475' title='bbox 1772 5154 1791 5185; x_wconf 83' lang='lat' dir='ltr'><strong>c.</strong></span> 
     </span>
     <span class='ocr_line' id='line_1_44' title="bbox 150 5221 1331 5291; baseline -0.003 -15"><span class='ocrx_word' id='word_1_476' title='bbox 150 5225 178 5291; x_wconf 84' lang='lat' dir='ltr'><strong>g)</strong></span> <span class='ocrx_word' id='word_1_477' title='bbox 201 5226 347 5276; x_wconf 83' lang='lat' dir='ltr'><strong>debachari</strong></span> <span class='ocrx_word' id='word_1_478' title='bbox 365 5243 385 5276; x_wconf 84' lang='lat' dir='ltr'><strong>c.</strong></span> <span class='ocrx_word' id='word_1_479' title='bbox 459 5223 486 5286; x_wconf 87' lang='lat' dir='ltr'><strong>lr)</strong></span> <span class='ocrx_word' id='word_1_480' title='bbox 508 5235 624 5275; x_wconf 84' lang='lat' dir='ltr'><strong>nanetus</strong></span> <span class='ocrx_word' id='word_1_481' title='bbox 645 5226 678 5276; x_wconf 85' lang='grc' dir='ltr'><strong>Ι).</strong></span> <span class='ocrx_word' id='word_1_482' title='bbox 752 5223 771 5283; x_wconf 83' lang='grc' dir='ltr'><strong>ἰ)</strong></span> <span class='ocrx_word' id='word_1_483' title='bbox 794 5224 930 5274; x_wconf 87' lang='lat' dir='ltr'><strong>catlroloci</strong></span> <span class='ocrx_word' id='word_1_484' title='bbox 948 5243 968 5274; x_wconf 87' lang='lat' dir='ltr'><strong>c.</strong></span> <span class='ocrx_word' id='word_1_485' title='bbox 1042 5221 1071 5282; x_wconf 85' lang='lat' dir='ltr'><strong>k)</strong></span> <span class='ocrx_word' id='word_1_486' title='bbox 1093 5223 1212 5273; x_wconf 86' lang='lat' dir='ltr'><strong>voluerit</strong></span> <span class='ocrx_word' id='word_1_487' title='bbox 1231 5241 1293 5289; x_wconf 86' lang='lat' dir='ltr'><strong>app.</strong></span> <span class='ocrx_word' id='word_1_488' title='bbox 1311 5242 1331 5274; x_wconf 89' lang='lat' dir='ltr'><strong>c.</strong></span> 
     </span>
    </p>
   </div>
   <div class='ocr_carea' id='block_1_6' title="bbox 103 5387 1791 5889">
    <p class='ocr_par' dir='ltr' id='par_1_17' title="bbox 260 5387 1791 5465">
     <span class='ocr_line' id='line_1_45' title="bbox 260 5387 1791 5465; baseline -0.001 -21"><span class='ocrx_word' id='word_1_489' title='bbox 260 5391 287 5456; x_wconf 84' lang='lat' dir='ltr'><strong>l)</strong></span> <span class='ocrx_word' id='word_1_490' title='bbox 312 5390 454 5446; x_wconf 76' lang='lat' dir='ltr'><strong>Hearicus</strong></span> <span class='ocrx_word' id='word_1_491' title='bbox 470 5389 509 5459; x_wconf 89' lang='lat' dir='ltr'><strong>II,</strong></span> <span class='ocrx_word' id='word_1_492' title='bbox 534 5409 587 5446; x_wconf 74' lang='lat' dir='ltr'><strong>rece</strong></span> <span class='ocrx_word' id='word_1_493' title='bbox 603 5389 732 5465; x_wconf 70' lang='lat' dir='ltr'><strong>duplice.</strong></span> <span class='ocrx_word' id='word_1_494' title='bbox 758 5409 817 5444; x_wconf 74' lang='lat' dir='ltr'><strong>mirer</strong></span> <span class='ocrx_word' id='word_1_495' title='bbox 829 5389 952 5463; x_wconf 73' lang='lat' dir='ltr'><strong>priorum</strong></span> <span class='ocrx_word' id='word_1_496' title='bbox 977 5388 1006 5444; x_wconf 85' lang='lat' dir='ltr'><strong>in</strong></span> <span class='ocrx_word' id='word_1_497' title='bbox 1023 5388 1275 5462; x_wconf 76' lang='lat' dir='ltr'><strong>Arzuclctipartem</strong></span> <span class='ocrx_word' id='word_1_498' title='bbox 1293 5387 1461 5456; x_wconf 81' lang='lat' dir='ltr'><strong>inclinasset,</strong></span> <span class='ocrx_word' id='word_1_499' title='bbox 1487 5387 1791 5444; x_wconf 62' lang='lat' dir='ltr'><strong>etelstanum.</strong></span> 
     </span>
    </p>

    <p class='ocr_par' dir='ltr' id='par_1_18' title="bbox 103 5475 1790 5572">
     <span class='ocr_line' id='line_1_46' title="bbox 103 5475 1790 5572; baseline 0.002 -24"><span class='ocrx_word' id='word_1_500' title='bbox 103 5511 130 5548; x_wconf 73' lang='lat' dir='ltr'><strong>ae</strong></span> <span class='ocrx_word' id='word_1_501' title='bbox 150 5495 312 5552; x_wconf 78' lang='lat' dir='ltr'><strong>Innocentio</strong></span> <span class='ocrx_word' id='word_1_502' title='bbox 328 5496 367 5551; x_wconf 87' lang='lat' dir='ltr'><strong>II.</strong></span> <span class='ocrx_word' id='word_1_503' title='bbox 387 5515 487 5572; x_wconf 80' lang='lat' dir='ltr'><strong>popae</strong></span> <span class='ocrx_word' id='word_1_504' title='bbox 505 5494 656 5552; x_wconf 83' lang='lat' dir='ltr'><strong>Caraotunr</strong></span> <span class='ocrx_word' id='word_1_505' title='bbox 681 5475 804 5551; x_wconf 77' lang='lat' dir='ltr'><strong>occurrit</strong></span> <span class='ocrx_word' id='word_1_506' title='bbox 826 5495 936 5570; x_wconf 75' lang='lat' dir='ltr'><strong>eiusque</strong></span> <span class='ocrx_word' id='word_1_507' title='bbox 959 5495 986 5550; x_wconf 83' lang='lat' dir='ltr'><strong>ia</strong></span> <span class='ocrx_word' id='word_1_508' title='bbox 1006 5503 1109 5569; x_wconf 73' lang='lat' dir='ltr'><strong>partas</strong></span> <span class='ocrx_word' id='word_1_509' title='bbox 1132 5503 1325 5570; x_wconf 69' lang='lat' dir='ltr'><strong>transgressus</strong></span> <span class='ocrx_word' id='word_1_510' title='bbox 1349 5503 1404 5562; x_wconf 80' lang='lat' dir='ltr'><strong>cst,·</strong></span> <span class='ocrx_word' id='word_1_511' title='bbox 1429 5494 1468 5564; x_wconf 85' lang='lat' dir='ltr'><strong>cf.</strong></span> <span class='ocrx_word' id='word_1_512' title='bbox 1489 5493 1593 5551; x_wconf 70' lang='lat' dir='ltr'><strong>Cicron.</strong></span> <span class='ocrx_word' id='word_1_513' title='bbox 1613 5494 1711 5551; x_wconf 57' lang='lat' dir='ltr'><strong>ilfaur.</strong></span> <span class='ocrx_word' id='word_1_514' title='bbox 1737 5495 1790 5551; x_wconf 79' lang='lat' dir='ltr'><strong>SS.</strong></span> 
     </span>
    </p>

    <p class='ocr_par' dir='ltr' id='par_1_19' title="bbox 150 5599 1791 5678">
     <span class='ocr_line' id='line_1_47' title="bbox 150 5599 1791 5678; baseline -0.001 -20"><span class='ocrx_word' id='word_1_515' title='bbox 150 5603 213 5658; x_wconf 83' lang='lat' dir='ltr'><strong>XX</strong></span> <span class='ocrx_word' id='word_1_516' title='bbox 218 5602 263 5670; x_wconf 73' lang='lat' dir='ltr'><strong>VJ,</strong></span> <span class='ocrx_word' id='word_1_517' title='bbox 289 5604 347 5668; x_wconf 83' lang='lat'><strong>41;</strong></span> <span class='ocrx_word' id='word_1_518' title='bbox 373 5601 484 5677; x_wconf 78' lang='lat' dir='ltr'><strong>Supcre&#39;i</strong></span> <span class='ocrx_word' id='word_1_519' title='bbox 503 5602 548 5658; x_wconf 77' lang='lat' dir='ltr'><strong>eit.</strong></span> <span class='ocrx_word' id='word_1_520' title='bbox 568 5603 640 5658; x_wconf 71' lang='lat' dir='ltr'><strong>Iar-(l.</strong></span> <span class='ocrx_word' id='word_1_521' title='bbox 666 5602 729 5658; x_wconf 82' lang='lat' dir='ltr'><strong>ibid.</strong></span> <span class='ocrx_word' id='word_1_522' title='bbox 751 5623 781 5678; x_wconf 82' lang='lat' dir='ltr'><strong>p.</strong></span> <span class='ocrx_word' id='word_1_523' title='bbox 801 5603 860 5670; x_wconf 79' lang='lat'><strong>58,-</strong></span> <span class='ocrx_word' id='word_1_524' title='bbox 886 5601 1013 5658; x_wconf 80' lang='lat' dir='ltr'><strong>Ernaldi</strong></span> <span class='ocrx_word' id='word_1_525' title='bbox 1036 5603 1080 5657; x_wconf 86' lang='lat' dir='ltr'><strong>rit.</strong></span> <span class='ocrx_word' id='word_1_526' title='bbox 1097 5623 1119 5657; x_wconf 84' lang='lat' dir='ltr'><strong>s.</strong></span> <span class='ocrx_word' id='word_1_527' title='bbox 1139 5601 1287 5656; x_wconf 83' lang='lat' dir='ltr'><strong>Beraardi</strong></span> <span class='ocrx_word' id='word_1_528' title='bbox 1309 5600 1349 5670; x_wconf 88' lang='lat' dir='ltr'><strong>II,</strong></span> <span class='ocrx_word' id='word_1_529' title='bbox 1369 5599 1396 5669; x_wconf 79' lang='grc'><strong>2,</strong></span> <span class='ocrx_word' id='word_1_530' title='bbox 1422 5600 1486 5656; x_wconf 82' lang='lat' dir='ltr'><strong>ibid.</strong></span> <span class='ocrx_word' id='word_1_531' title='bbox 1503 5621 1537 5676; x_wconf 80' lang='lat' dir='ltr'><strong>p.</strong></span> <span class='ocrx_word' id='word_1_532' title='bbox 1554 5599 1626 5657; x_wconf 89' lang='lat'>101.</span> <span class='ocrx_word' id='word_1_533' title='bbox 1697 5601 1726 5670; x_wconf 82' lang='lat'><strong>2)</strong></span> <span class='ocrx_word' id='word_1_534' title='bbox 1745 5601 1791 5656; x_wconf 76' lang='lat' dir='ltr'><strong>Az-</strong></span> 
     </span>
    </p>

    <p class='ocr_par' dir='ltr' id='par_1_20' title="bbox 142 5705 1791 5889">
     <span class='ocr_line' id='line_1_48' title="bbox 142 5705 1791 5785; baseline 0 -21"><span class='ocrx_word' id='word_1_535' title='bbox 142 5709 243 5779; x_wconf 82' lang='lat' dir='ltr'><strong>sonso.</strong></span> <span class='ocrx_word' id='word_1_536' title='bbox 274 5709 335 5784; x_wconf 66' lang='lat' dir='ltr'><strong>regri</strong></span> <span class='ocrx_word' id='word_1_537' title='bbox 357 5707 506 5765; x_wconf 75' lang='lat' dir='ltr'><strong>Nuceriae</strong></span> <span class='ocrx_word' id='word_1_538' title='bbox 535 5717 560 5766; x_wconf 84' lang='lat' dir='ltr'><strong>et</strong></span> <span class='ocrx_word' id='word_1_539' title='bbox 582 5709 754 5785; x_wconf 76' lang='lat' dir='ltr'><strong>Araprmiae,</strong></span> <span class='ocrx_word' id='word_1_540' title='bbox 784 5709 888 5765; x_wconf 79' lang='lat' dir='ltr'><strong>scilicet</strong></span> <span class='ocrx_word' id='word_1_541' title='bbox 917 5718 942 5764; x_wconf 87' lang='lat' dir='ltr'><strong>ct</strong></span> <span class='ocrx_word' id='word_1_542' title='bbox 964 5709 1095 5779; x_wconf 59' lang='lat' dir='ltr'><strong>Alfrnrso,</strong></span> <span class='ocrx_word' id='word_1_543' title='bbox 1128 5707 1188 5782; x_wconf 73' lang='lat' dir='ltr'><strong>regi</strong></span> <span class='ocrx_word' id='word_1_544' title='bbox 1212 5705 1353 5764; x_wconf 67' lang='lat' dir='ltr'><strong>Clastidium</strong></span> <span class='ocrx_word' id='word_1_545' title='bbox 1491 5707 1521 5776; x_wconf 83' lang='lat'><strong>3)</strong></span> <span class='ocrx_word' id='word_1_546' title='bbox 1548 5705 1714 5765; x_wconf 79' lang='lat' dir='ltr'><strong>Grtilelmum</strong></span> <span class='ocrx_word' id='word_1_547' title='bbox 1738 5708 1791 5764; x_wconf 72' lang='lat' dir='ltr'><strong>IX.</strong></span> 
     </span>
     <span class='ocr_line' id='line_1_49' title="bbox 149 5811 1007 5889; baseline 0.001 -20"><span class='ocrx_word' id='word_1_548' title='bbox 149 5816 180 5876; x_wconf 77' lang='grc'><strong>4)</strong></span> <span class='ocrx_word' id='word_1_549' title='bbox 207 5813 338 5872; x_wconf 82' lang='lat' dir='ltr'><strong>Guilelrai</strong></span> <span class='ocrx_word' id='word_1_550' title='bbox 360 5816 400 5871; x_wconf 86' lang='lat' dir='ltr'><strong>II.</strong></span> <span class='ocrx_word' id='word_1_551' title='bbox 426 5811 685 5889; x_wconf 66' lang='lat' dir='ltr'><strong>(tres-1140).</strong></span> <span class='ocrx_word' id='word_1_552' title='bbox 778 5817 809 5884; x_wconf 63' lang='lat'><strong>5)</strong></span> <span class='ocrx_word' id='word_1_553' title='bbox 836 5817 880 5872; x_wconf 77' lang='lat' dir='ltr'><strong>Sc.</strong></span> <span class='ocrx_word' id='word_1_554' title='bbox 906 5816 1007 5870; x_wconf 73' lang='lat' dir='ltr'><strong>Itonia</strong></span> 
     </span>
    </p>
   </div>
   <div class='ocr_carea' id='block_1_7' title="bbox 0 0 2277 6420">
    <p class='ocr_par' dir='ltr' id='par_1_21' title="bbox 0 0 2277 6420">
     <span class='ocr_line' id='line_1_50' title="bbox 0 0 2277 6420; baseline 0 0"><span class='ocrx_word' id='word_1_555' title='bbox 0 0 2277 6420; x_wconf 95' lang='lat' dir='ltr'><strong> </strong></span> 
     </span>
    </p>
   </div>
  </div>
 </body>
</html>
