4386 6390
472 339 536 402 532
678 343 878 400 DIALOGUS
902 345 955 399 DE
978 340 1245 399 PONTIFICATU
1270 341 1448 398 Saserna
1474 343 1666 398 ROMANAE
1690 339 1918 428 Eccasslsa.

471 533 550 596 ritas
574 542 632 613 est,
657 541 692 595 ut
715 533 779 595 sint
803 531 970 612 electores,
994 552 1130 616 quorum
1155 530 1289 594 interest
1312 528 1441 615 eligere.
1487 528 1649 611 Libertas,
1681 538 1716 593 ut
1740 527 1881 614 qualiter
1905 531 2050 612 convenit,
2067 535 2090 597 11

472 648 530 722 001,
554 648 590 702 01
613 639 682 702 0100
705 639 874 702 coactione
899 646 931 700 et
954 647 1051 700 metu.
1403 645 1405 650 '

578 745 735 810 Victor.
774 743 823 808 Nc
848 742 954 807 inutili
978 745 1184 808 contentione
1215 754 1342 830 tempus
1372 753 1571 825 1010100,-
1602 741 1815 806 illud1enim
1839 739 1896 806 abi
1922 756 2101 810 sacramento

472 851 635 916 calumnia
670 860 800 915 arcetur
830 849 969 914 inhiberi
1006 849 1195 932 dinoscitur,
1231 872 1271 913 ne
1302 849 1456 930 yidelicet
1490 859 1591 914 causa
1624 848 1789 937 afferenda
1824 871 1916 935 more
1951 849 2100 935 quisquam

471 957 560 1022 litem
595 956 761 1045 protrahat
795 980 855 1022 nec
891 956 1110 1022 calumniandi
1145 957 1253 1021 animo
1284 957 1458 1042 quicquam
1485 945 1587 1038 dicat,
1623 955 1680 1020 sed
1716 955 1899 1020 estimando
1934 977 1969 1018 se
2003 953 2108 1020 bonaur
2167 959 2178 997 1

472 1087 604 1128 causam
629 1063 761 1146 babere,
786 1074 818 1128 et
841 1065 918 1150 quia
941 1062 1028 1127 bona
1051 1086 1085 1126 sc
1110 1063 1157 1126 uti
1180 1064 1334 1127 instantia
1349 1073 1450 1149 putat,
1475 1103 1518 1110 —
1542 1062 1686 1127 concedo
1710 1062 1751 1126 de
1775 1062 1847 1126 hoc.
1884 1061 2023 1147 Reliqua
2042 1085 2105 1126 vero

472 1173 518 1236 ita
541 1170 685 1253 admitto,
709 1181 745 1234 ut
769 1171 833 1234 sint
856 1191 920 1234 non
944 1170 1037 1255 quasi
1062 1169 1101 1234 de
1126 1168 1307 1234 substantia
1330 1171 1387 1251 rei,
1419 1169 1476 1234 sed
1501 1168 1541 1232 dc
1565 1191 1698 1233 numero
1721 1166 1958 1252 accidentium,
1991 1169 2108 1232 comites

473 1279 546 1360 sint,
571 1301 636 1342 non
659 1276 829 1364 preduccs
877 1277 1045 1342 Ducendus
1069 1292 1113 1340 est
1135 1280 1217 1341 caim
1235 1279 1385 1364 populas,
1409 1301 1470 1340 non
1493 1276 1697 1362 sequendasi.

367 1408 452 1450 unm.
579 1384 834 1449 Alexander.
873 1383 958 1448 *Ubi
989 1393 1037 1447 est
1067 1405 1144 1468 ergo
1175 1382 1288 1468 regula
1318 1383 1548 1471 ecclesiastica,
1580 1405 1644 1470 que
1675 1383 1758 1446 siti:
1790 1383 1893 1446 illailla
1924 1384 2008 1446 ratio
2037 1385 2113 1463 siml,

473 1507 506 1557 ut
528 1496 609 1557 inter
633 1495 794 1579 episcopos
818 1493 1000 1572 habeantur,
1024 1493 1083 1576 qai
1103 1515 1157 1554 nec
1180 1493 1219 1554 ab
1243 1491 1463 1577 ecclesiasticis
1484 1505 1555 1554 sunt
1576 1491 1674 1570 electi,
1699 1515 1753 1554 nec
1771 1515 1791 1554 a
1801 1490 1952 1575 plebibus
1975 1491 2115 1574 expetiti?

472 1599 569 1664 Unde
594 1597 776 1662 Celcstiuus
806 1601 931 1683 papa4:
967 1597 1058 1662 Cleri
1080 1599 1244 1683 plebisque
1272 1621 1436 1661 consensus
1466 1611 1494 1661 et
1524 1596 1714 1661 desiderium
1744 1598 1936 1682 requiratur.
1985 1594 2028 1658 Et
2056 1595 2116 1658 Leo

472 1707 633 1792 primum:
666 1706 742 1770 Vota
766 1707 893 1786 ciuium,
917 1706 1092 1768 testimonia
1109 1705 1315 1790 populorum,
1345 1705 1564 1767 bonoratorum
1594 1705 1774 1784 arbitrium,
1804 1703 1912 1767 electio
1939 1703 2118 1766 clericorum

473 1815 507 1877 in
531 1813 784 1877 ordinationibus
807 1811 1001 1876 sacerdotum
1025 1813 1259 1875 constituantur.
1305 1809 1349 1874 Et
1371 1797 1492 1873 infra't:
1517 1810 1579 1874 Per
1596 1835 1710 1897 pacem
1733 1824 1761 1874 ct
1784 1813 1915 1895 quietem
1939 1809 2120 1886 sacerdotes,

473 1921 532 2006 qai
544 1920 662 2007 futuri
680 1933 761 1998 suat,
781 1918 986 2004 postulentur.
1039 1916 1192 1982 Tenentur
1215 1918 1403 2004 subscriptio
1434 1918 1629 1996 clericorum,
1660 1917 1881 1981 bonoratorum
1906 1917 2120 1994 testimonium,

474 2026 599 2090 ordinis
622 2034 808 2090 corruentes·
832 2039 861 2088 et
875 2027 991 2112 plebis.
2138 2053 2157 2088 t

582 2131 738 2196 Victor.
776 2131 848 2216 Ego
873 2131 1082 2194 contentiosis
1108 2127 1362 2211 defensionibus,
1380 2139 1414 2193 ut
1436 2129 1581 2216 profatus
1605 2151 1686 2211 sum,
1710 2130 1743 2192 in
1768 2128 1828 2193 hac
1852 2139 1945 2214 parte
1970 2129 2018 2191 uti
2041 2127 2121 2210 nolo,

473 2239 584 2322 fretus,
616 2237 704 2324 quod
728 2237 843 2302 electio
867 2259 941 2301 mes
965 2237 1043 2302 cleri
1067 2237 1260 2300 auctoritate
1285 2235 1424 2318 suffulta,
1456 2236 1617 2322 peticione
1648 2235 1760 2322 populi
1782 2234 1956 2321 postulata,
1989 2234 2122 2299 honora·

473 2356 579 2410 torum
610 2346 802 2426 testimonio,
832 2367 992 2408 consensu
1021 2343 1225 2429 imperatoris
1255 2365 1314 2429 per
1344 2365 1418 2408 suos
1448 2342 1573 2428 legatos
1604 2340 1761 2426 adhibito,
1793 2342 1987 2408 confirmata
2018 2355 2067 2407 cst
2094 2355 2124 2406 et

473 2451 633 2517 roborata.

580 2557 833 2623 Alexander.
872 2557 1004 2639 Mirum,
1036 2558 1063 2620 si
1093 2567 1124 2620 te
1155 2579 1219 2620 non
1249 2555 1351 2643 pudet
1380 2554 1505 2638 dicere,
1534 2579 1597 2644 que
1627 2555 1709 2620 falsa
1739 2565 1852 2644 patent
1883 2568 1915 2620 01
1945 2556 2067 2643 lippis⁷
2095 2569 2178 2623 ete

474 2663 690 2730 tonsoribusb.
727 2663 841 2728 Clerus
865 2675 938 2728 tuus
957 2664 1074 2746 extitit,
1090 2674 1125 2727 ut
1143 2663 1245 2726 risum
1260 2685 1420 2745 moveam,
1444 2685 1503 2748 per
1518 2662 1598 2727 illud
1614 2663 1741 2727 initium
1756 2662 1975 2749 philosophia
2014 2663 2123 2744 ‘Unus

474 2771 549 2855 duo,
573 2771 686 2852 tres’⁸‚
710 2771 768 2834 vix
792 2770 920 2834 decima
942 2771 1047 2856 portio
1071 2791 1192 2852 corum,
1218 2791 1354 2855 quorum
1378 2771 1542 2852 intererat,
1567 2770 1678 2856 etqui
1702 2769 1844 2855 eligendi
1867 2769 2029 2834 haberent
2052 2793 2123 2834 auc-

474 2880 646 2960 toritatem,
678 2878 741 2940 nisi
776 2877 857 2941 sorte
893 2875 1038 2963 appelles
1073 2876 1196 2940 clerum
1230 2887 1320 2940 tuum
1354 2875 1616 2963 pseudoclericos
1651 2875 1722 2942 illos
1758 2887 1791 2940 et
1823 2875 2123 2964 pseudocanonicos

476 2983 613 3072 ecclesie
637 2981 725 3047 beati
747 2984 837 3048 Petri
861 2967 1036 3068 corumque
1061 2982 1191 3065 similos,
1216 2982 1516 3047 01100100011100009
1539 2994 1572 3048 01
1598 2983 1771 3069 girovagos
1783 2987 1818 3048 ¹⁰.
1864 2983 1992 3048 Peticio
2016 2983 2123 3069 populi

473 3093 520 3156 tui
545 3113 609 3154 non
632 3090 694 3155 fuit
716 3089 828 3177 populi
852 3089 999 3172 Romani,
1031 3089 1089 3154 sed
1112 3088 1267 3153 violentia
1298 3088 1545 3154 castellanorum
1575 3101 1703 3154 tuorum
1727 3100 1759 3154 et
1782 3090 1954 3179 temerarie
1986 3090 2122 3154 multitu·
2140 3119 2178 3156 ε

474 3197 569 3280 diuis,
601 3220 698 3284 quam
728 3207 763 3261 tu
792 3194 1061 3282 promissionibus
1093 3205 1138 3277 01,
1169 3205 1204 3259 01
1233 3205 1396 3278 asserunt,
1427 3195 1597 3282 largitione
1627 3197 1766 3285 pecunie
1797 3206 1910 3262 contra
1941 3207 2123 3262 sanctorum

335 3347 336 3350 =
362 3329 456 3370 *eum
474 3305 625 3391 patrumd
650 3308 783 3368 *statuta
807 3301 975 3389 collegisti.
1024 3302 1060 3369 si
1089 3303 1273 3366 testimonio
1301 3301 1530 3368 honoratorum
1555 3303 1702 3368 suffultus
1727 3325 1771 3388 es,
1796 3303 1931 3368 ostende
1956 3302 2123 3368 Centios¹¹

581 3500 608 3564 a)
629 3506 667 3556 ita
685 3523 719 3566 c.,·
738 3521 888 3556 cousensus
907 3504 966 3564 Leo,
985 3504 1051 3570 0001
1068 3504 1103 3554 ad
1121 3503 1267 3554 amterstiam
1284 3504 1371 3554 nabas
1390 3504 1506 3568 praeiret.
1563 3500 1590 3564 b)
1613 3509 1640 3554 et
1659 3508 1754 3582 tonsor
1772 3503 1800 3552 in
1818 3505 1869 3553 loco
1887 3521 1945 3554 raso
1963 3505 1992 3554 in
2011 3522 2047 3566 0.,-
2066 3511 2122 3555 tons

474 3595 645 3644 0060000100
659 3594 765 3659 pictum.
839 3591 864 3654 c)
887 3593 931 3658 pili
950 3611 970 3644 0.
1044 3589 1072 3654 d)
1093 3592 1182 3642 abhinc
1199 3593 1279 3642 altera
1297 3609 1387 3642 mansa
1405 3592 1507 3643 anilem
1526 3591 1622 3658 incipit.

585 3775 613 3844 l)
641 3774 689 3847 Os.
714 3775 804 3832 Instit.
830 3773 884 3844 IV,
904 3774 961 3829 16:
993 3776 1038 3832 De
1062 3792 1156 3846 poena
1178 3782 1287 3830 temere
1311 3775 1492 3847 litigantium.
1534 3775 1615 3832 Unde
1637 3783 1731 3832 noster
1753 3794 1810 3832 000
1833 3777 1921 3832 solum
1950 3777 2159 3846 centenimus

474 3883 526 3940 sed
547 3883 628 3939 etiam
646 3881 756 3958 partim
779 3881 865 3938 verba
887 3881 1012 3956 sumpsit.
1128 3879 1158 3950 2)
1185 3881 1235 3937 En
1260 3877 1408 3938 Caelestini
1430 3880 1454 3937 I.
1474 3901 1547 3957 pap.
1573 3901 1615 3957 ep.
1641 3881 1669 3938 5.
1695 3883 1737 3938 nd
1758 3881 1878 3957 episcop.
1903 3879 1990 3957 Apul.
2016 3892 2042 3940 et
2065 3881 2122 3941 Cat.

475 3989 534 4046 c.3
561 3984 787 4063 (Sobocnnnann
805 4009 838 4063 p.
854 3982 949 4062 768),·
974 3986 1059 4045 (irat.
1083 3987 1171 4044 Decr.
1196 3987 1345 4057 1110162,
1370 4007 1393 4044 c.
1413 3986 1441 4042 2.
1535 3985 1565 4055 3)
1591 3988 1694 4045 Leones
1711 3988 1735 4045 Ι.
1760 4007 1803 4064 ep.
1821 3988 1893 4058 161,
1919 3981 2064 4064 inquinl.
2088 3990 2126 4046 cd

474 4095 618 4154 Rusticum
634 4094 847 4152 Narbonensem
864 4094 1031 4170 episcopum,
1053 4092 1126 4170 Opp.
1144 4094 1186 4151 ed.
1204 4093 1347 4150 Ballerini
1370 4093 1393 4164 I,
1419 4096 1469 4151 col.
1486 4093 1586 4178 1420;
1610 4094 1765 4152 Heracliae
1782 4114 1815 4170 p.
1831 4095 1913 4165 616‚·
1937 4095 2026 4168 Jaffe'
2046 4096 2123 4164 544,-

475 4200 560 4260 Grat.
578 4201 666 4258 Decr.
683 4201 758 4258 Dist.
777 4200 828 4271 62,
847 4201 913 4257 0.1.
984 4198 1014 4270 4)
1034 4199 1181 4258 bbelestini
1196 4200 1219 4257 I.
1237 4221 1279 4276 ep.
1295 4200 1324 4270 4,
1342 4221 1364 4256 0.
1384 4200 1420 4270 5,·
1445 4200 1658 4258 schoenemann
1675 4221 1709 4276 p.
1724 4200 1802 4271 160·
1827 4201 1982 4259 ffinscltias
1996 4223 2029 4277 p.
2048 4201 2123 4272 560,·

473 4308 561 4381 Jaffe‘
586 4327 631 4366 nr.
658 4307 737 4377 369;
769 4305 854 4365 Grat.
879 4306 967 4364 Decr.
992 4307 1067 4364 Dist.
1093 4307 1144 4378 61,
1169 4307 1264 4364 013.
1365 4304 1396 4377 5)
1423 4307 1526 4364 Leonis
1549 4306 1572 4363 I.
1598 4307 1711 4383 ep.10,
1736 4327 1758 4364 c.
1785 4306 1813 4363 4.
1845 4308 1887 4364 nd
1908 4308 2053 4383 episcwos
2069 4325 2160 4384 peras

468 4415 648 4490 provinciam
662 4414 843 4471 Viennensem
869 4413 1036 4484 coristilutos,
1055 4411 1128 4490 Opp.
1148 4415 1189 4470 ed.
1207 4413 1351 4470 Ballerini
1373 4413 1397 4484 I,
1423 4414 1565 4471 001631.
1658 4413 1688 4484 6)
1713 4413 1788 4470 ibici.
1807 4414 1874 4484 0.6,
1893 4411 2120 4490 0100001639.

475 4521 516 4577 Et
529 4521 615 4578 cerba
630 4521 679 4577 snb
695 4541 740 4577 nr.
755 4521 784 4577 4.
803 4529 829 4577 et
842 4519 928 4577 verba
943 4520 992 4577 cub
1007 4539 1053 4576 nr.
1072 4520 1100 4576 5.
1119 4521 1237 4577 mndata
1254 4539 1289 4577 ex
1306 4518 1391 4578 Grai.
1411 4521 1497 4578 Decr.
1516 4521 1589 4578 Dist.
1605 4521 1656 4591 63,
1674 4540 1698 4577 0.
1715 4520 1766 4576 27.
1783 4529 1895 4596 sumpta
1911 4539 1971 4578 esse
1985 4521 2121 4579 videntia.

475 4625 506 4697 l)
533 4626 581 4699 Of.
607 4627 681 4684 Hor.
707 4627 767 4684 Sar.
786 4627 810 4696 I,
829 4628 857 4699 7,
877 4627 905 4683 3.
1547 4629 1646 4700 opinor

901 4734 1037 4790 Omnibus
1062 4743 1092 4790 01
1115 4735 1199 4807 lippis
1223 4742 1329 4804 notum,
1356 4741 1385 4791 01
1409 4735 1567 4790 tonsoribus
1592 4751 1672 4802 esse3

473 4840 522 4916 qui
550 4860 646 4898 uersam
676 4841 705 4897 in
727 4840 908 4917 proverbium
938 4840 1014 4898 abiit.
1129 4839 1160 4910 8)
1185 4841 1211 4897 A
1235 4841 1320 4898 tribus
1343 4841 1532 4898 tantummodo
1556 4839 1748 4898 cardinalibus
1770 4841 1907 4898 Victorem
1932 4843 2045 4899 elecmm
2069 4863 2124 4900 esse
2139 4859 2162 4898 so

473 4945 666 5004 Alexandrini
688 4947 868 5017 asserebant;
892 4948 934 5019 cs.
951 4948 1071 5004 Rabew.
1091 4945 1180 5006 Gesta
1198 4947 1279 5004 Frid.
1298 4967 1321 5004 c.
1336 4948 1388 5018 61,
1405 4969 1437 5023 p.
1453 4947 1526 5003 238.
1544 4956 1570 5004 et
1586 4945 1675 5005 Gerb.
1693 4949 1711 5004 l.
1729 4950 1747 5004 l.
1770 4968 1793 5004 c.
1812 4947 1864 5004 53.
1889 4968 1981 5024 supra
1999 4969 2033 5024 p.
2052 4947 2121 5005 360.

475 5049 506 5127 9)
523 5051 572 5124 Os.
590 5055 623 5110 dc
639 5053 681 5110 lais
697 5054 843 5130 Angustia.
862 5073 961 5111 enarr.
986 5055 1014 5110 ia
1033 5075 1081 5130 ps.
1099 5055 1170 5124 132,
1195 5051 1214 5127 ξ
1231 5055 1260 5124 3,
1286 5052 1359 5129 Opp.
1377 5055 1432 5125 IV,
1451 5054 1480 5124 2,
1505 5056 1556 5111 col.
1573 5054 1674 5111 1485:
1700 5027 1941 5112 circumcelliones
1958 5058 2122 5134 dimicant,

473 5162 540 5232 quia
554 5161 656 5215 circum
673 5161 760 5216 cellas
776 5169 930 5233 vagantur,
956 5162 1049 5218 solent
1068 5163 1141 5218 enim
1165 5163 1204 5217 ire
1229 5162 1281 5216 hac
1304 5162 1369 5217 11100
1392 5179 1529 5233 nusquam
1552 5162 1693 5218 habentes
1717 5163 1818 5230 sedes,
1844 5162 1884 5233 cf.
1904 5161 2006 5219 isidor.
2025 5164 2059 5220 de
2074 5162 2122 5234 off.

474 5266 622 5323 ecclesiast.
639 5265 684 5322 lib.
702 5266 741 5336 II,
760 5267 849 5337 016,
869 5263 888 5339 ἓ
905 5267 934 5324 i.
1007 5264 1058 5341 10)
1076 5266 1124 5340 Cf.
1142 5268 1176 5324 de
1192 5267 1234 5324 liis
1249 5267 1350 5344 Requi.
1369 5267 1400 5325 S.
1417 5268 1565 5325 Benedicti
1586 5264 1606 5341 ἓ
1624 5269 1652 5325 1.
1678 5269 1720 5326 ed.
1738 5267 1868 5346 Wiilfflin
1879 5289 1912 5344 p.
1931 5268 1968 5324 8:
1987 5269 2122 5334 Quartum

472 5391 563 5444 genus
580 5381 624 5429 est
644 5375 839 5429 monachorum
863 5377 938 5445 quod
962 5375 1121 5430 nominatur
1143 5393 1326 5447 gyrovagum,
1352 5376 1400 5446 qui
1423 5381 1485 5430 1010
1500 5377 1559 5432 vita
1577 5393 1628 5431 sus
1643 5393 1696 5447 per
1712 5377 1837 5432 diversas
1853 5377 2013 5449 provincias
2036 5377 2162 5432 teruisse

472 5487 522 5534 aut
542 5482 685 5552 quaternis
708 5481 808 5536 diebus
831 5499 884 5552 per
906 5483 1078 5538 diversorum
1102 5482 1188 5537 cellas
1211 5482 1390 5553 hospitantur
1412 5500 1524 5554 semper
1539 5484 1614 5555 vagi,
1639 5501 1790 5555 numquam
1811 5484 1929 5540 stabiles
1953 5491 1983 5539 01
2004 5485 2121 5556 propriis

472 5587 665 5659 voluptatibus
690 5595 719 5644 et
741 5588 826 5659 gulae
851 5589 1003 5644 inlecebris
1028 5590 1196 5645 servientes.
1312 5586 1364 5657 11)
1390 5586 1487 5646 Gentes
1510 5587 1600 5646 nobile
1625 5587 1790 5647 Cenciorum
1814 5589 1976 5648 Alexandri
1992 5589 2122 5665 partibas

466 5691 581 5763 secuse
604 5693 654 5749 1οο
676 5695 733 5751 solo
757 5695 816 5751 loco
839 5703 1006 5769 compertum
1031 5694 1169 5752 babemus.
