4410 6406
512 337 565 391 Du
588 335 923 393 INVESTIGATIONE
947 335 1201 393 ANTIOHRIS'I'I
1222 337 1259 394 L.
1274 337 1299 393 1.
1675 329 1736 393 331

78 520 312 608 complacitam
336 524 556 610 agnovissent.
596 522 716 609 Sicque
739 524 774 586 in
790 522 877 588 clero
901 535 934 588 et
957 525 991 588 in
1015 524 1211 590 monachatu
1234 525 1411 612 apostolice
1436 525 1645 589 institutionis
1660 525 1740 608 vita,

81 650 151 714 que
174 629 280 715 primo
310 631 345 694 in
367 629 505 695 desertis
536 652 575 694 ac
606 629 734 694 silvosis
757 629 837 696 locis
861 632 1006 714 reviruit,
1037 631 1194 718 paulatim
1217 632 1315 696 etiam
1339 633 1474 719 antiqua
1497 643 1529 696 et
1552 630 1740 696 suburbana

79 734 224 802 cenobia
247 737 361 801 revisit
383 737 495 802 eiectis
517 735 594 800 inde
618 735 713 800 malis
737 736 859 802 colonis
875 737 929 802 vel
950 739 986 802 in
1008 737 1124 804 melius
1148 739 1363 820 commutatis,
1389 739 1473 803 sicut
1496 739 1737 826 scriptumest:

77 841 291 930 Pinguescant
310 846 453 931 specioso
469 844 586 909 deserti
606 858 635 909 et
656 845 844 909 mundone
867 846 961 910 colles
976 848 1185 934 occupentur.
1220 843 1298 909 Alia
1313 867 1442 932 quoque
1466 845 1627 931 scriptura
1643 844 1737 909 dicit:
1757 867 1880 917 rasere.

38 949 128 1014 sEt
150 953 274 1016 vinem
302 975 393 1015 suam
423 951 538 1016 locabit
566 952 644 1016 alta
674 952 834 1038 agricolis.
881 950 1007 1016 Eodem
1031 973 1160 1038 quoque
1190 961 1338 1038 tempore
1369 973 1510 1017 canones
1541 951 1666 1038 antiqui
1697 950 1917 1022 demetriano.

78 1057 284 1121 continentia
313 1056 534 1120 ministrorum
564 1057 649 1120 sacri
680 1056 791 1120 altaris
821 1058 971 1121 innovari
998 1059 1092 1122 novis
1121 1056 1354 1122 accedentibus
1377 1059 1540 1144 preceptis
1564 1067 1738 1144 ceperunt3

77 1161 229 1249 alioquin
251 1164 492 1228 incontinenter
505 1163 696 1245 viventium,
721 1164 971 1228 simoniacorum
988 1186 1117 1251 quoque
1142 1175 1174 1229 et
1198 1163 1476 1230 conducticiorum
1492 1165 1608 1229 missas
1624 1163 1738 1229 audire

75 1269 204 1356 populo
227 1268 450 1334 indubitanter
472 1271 588 1334 scienti
607 1268 805 1356 prohibitum
822 1279 880 1352 est,
905 1269 1008 1335 tribus
1031 1270 1081 1335 his
1096 1271 1252 1336 Romanis
1269 1269 1478 1357 pontificibus
1493 1270 1640 1353 Nicolao,
1658 1269 1739 1335 Gre-

76 1377 177 1460 gorio
200 1387 297 1462 atque
320 1376 393 1458 isto,
418 1376 458 1442 de
483 1398 546 1462 quo
574 1376 745 1462 loquimur,
770 1375 904 1441 Urbano
935 1376 1050 1442 eadem
1082 1378 1281 1442 successim·
1305 1378 1397 1464 quasi
1429 1399 1471 1441 ex
1494 1399 1559 1442 uno
1583 1399 1639 1442 ore
1663 1398 1739 1442 con·

20 1505 55 1542 10
75 1481 278 1548 testantibus
313 1493 411 1569 atque
446 1481 716 1570 precipientibus,
748 1493 907 1569 quatenus
941 1485 976 1547 in
1006 1505 1060 1549 ore
1092 1483 1230 1548 duonum
1260 1483 1313 1550 vel
1342 1485 1439 1548 trium
1473 1485 1605 1548 testium
1639 1493 1739 1548 staret
1757 1505 1904 1554 omniura

76 1589 231 1654 verbum.
507 1602 508 1605 ’

191 1697 256 1761 Et¹
279 1694 435 1762 Urbanoc
460 1695 593 1783 quidem
617 1697 762 1782 contigit,
786 1705 822 1760 ut
845 1696 880 1759 in
902 1719 1017 1761 manus
1041 1696 1303 1762 adversariorum
1333 1696 1555 1762 fraudulenter
1578 1696 1738 1762 adductus
1757 1663 1951 1774 adhumanas

75 1804 117 1866 in
141 1826 208 1868 una
230 1805 366 1868 turrium
388 1801 478 1867 urbis
501 1803 603 1868 Rome
634 1801 825 1888 aliquandiu
855 1804 1004 1890 captivus
1034 1813 1209 1886 teneretur,
1240 1803 1299 1868 sed
1327 1803 1403 1868 inde
1435 1827 1508 1868 eum
1539 1803 1653 1868 divina
1675 1793 1969 1868 010,papamlibsrat

76 1911 206 1974 mentia
229 1910 348 1997 eripuit
376 1931 436 1996 per
459 1932 591 1974 manum
613 1907 784 1992 audberti,
809 1919 1024 1996 cognomento
1048 1909 1247 1992 Wischardi,
1278 1933 1398 1996 magna
1421 1911 1554 1997 regione
1578 1909 1668 1974 urhis
1691 1911 1738 1973 in-

20 2038 52 2078 rs
77 2015 201 2081 cendio
225 2015 425 2103 conflagrata
447 2017 592 2103 turrique
616 2017 746 2081 interim
770 2026 966 2102 expugnata,
991 2017 1067 2082 dum
1091 2015 1230 2104 populus
1254 2016 1296 2082 ad
1319 2016 1473 2083 incendia
1492 2016 1649 2083 festinans
1672 2015 1739 2082 illic

77 2132 263 2210 occupatus
285 2133 451 2188 teneretur
460 2129 481 2186 1.
528 2123 643 2210 ltaque
666 2122 810 2187 Domino
834 2123 1052 2210 cooperante(1
1075 2121 1230 2188 liberatus
1254 2124 1288 2187 in
1311 2123 1485 2188 Franciam
1508 2123 1606 2188 rediit
1627 2121 1739 2210 ibique

79 2229 285 2294 confidenter
308 2253 410 2316 agens
433 2251 496 2316 que
520 2228 711 2316 apostolici⁰
735 2239 829 2295 erant
851 2229 951 2296 officii
973 2231 1008 2293 in
1028 2230 1220 2295 Heinricum
1243 2231 1588 2296 excommunicationis
1612 2240 1739 2294 senten-

80 2337 163 2400 tiam
186 2341 353 2418 renovat⁸‚
377 2335 479 2401 literis
503 2347 536 2401 et
557 2335 776 2422 legationibus
798 2336 913 2401 fideles
936 2336 979 2402 ad
1002 2336 1152 2401 standum
1177 2347 1210 2401 et
1232 2336 1396 2422 agendum
1418 2359 1476 2423 pro
1500 2336 1641 2402 ecclesia
1664 2359 1740 2401 con-

81 2443 191 2507 fortat.
227 2442 343 2530 Ipsos*
364 2465 506 2529 namque
523 2443 767 2528 Francigenas‘
791 2445 877 2508 iuter
899 2467 935 2508 se
958 2465 1017 2530 pro
1041 2446 1136 2508 terris
1161 2453 1193 2508 et
1215 2444 1353 2508 terrenis
1377 2443 1542 2530 litigantes
1566 2442 1609 2507 ad
1623 2463 1739 2529 pacem

22 2572 59 2612 so
82 2561 226 2631 revocat,
257 2550 398 2615 suadens
429 2551 476 2614 eis
503 2561 536 2615 et
558 2549 683 2614 urbano
706 2551 792 2615 inter
815 2573 871 2615 eos
895 2571 950 2614 ore
977 2572 1143 2638 perorans,
1166 2561 1212 2632 ut,
1238 2551 1265 2614 si
1288 2551 1336 2614 eis
1360 2551 1466 2616 ocium
1490 2548 1679 2636 displiceret
1701 2571 1740 2614 ac

82 2667 171 2720 terra
193 2658 327 2742 propria
349 2667 489 2743 angusta
512 2656 688 2738 videretur,
717 2657 759 2721 ad
782 2668 884 2721 terras
909 2658 1052 2722 Orientis
1077 2657 1311 2722 contenderent
1334 2656 1446 2744 ibique
1469 2679 1528 2744 pro
1551 2657 1739 2743 receptione

82 2773 195 2828 sancte
220 2764 361 2828 civitatis
385 2786 424 2828 ac
448 2763 613 2850 sepulchri
636 2763 770 2828 Domini
801 2763 841 2828 de
871 2786 970 2827 manu
999 2763 1168 2850 gentilium
1197 2765 1364 2850 ereptione
1392 2773 1588 2850 satagerent,
1611 2761 1669 2827 ubi
1693 2763 1739 2828 eis

83 2879 141 2934 aut
163 2868 303 2955 gloriose
328 2882 424 2936 cum⁸
440 2870 581 2935 Domino
598 2869 798 2956 triumphare
823 2870 1024 2956 contingeret
1046 2881 1103 2935 aut
1125 2869 1297 2956 gloriosius
1321 2880 1408 2934 esset
1429 2871 1511 2935 mori
1534 2891 1593 2956 pro
1610 2867 1739 2934 Christo

83 2975 287 3063 felicesqueh
316 2976 395 3060 fore,
427 2978 483 3064 qui
514 2987 570 3041 aut
593 2975 721 3041 Christo
745 2976 915 3040 vincerent
944 2986 1000 3041 aut
1029 2999 1088 3063 pro
1112 2974 1242 3041 Christo
1274 2987 1485 3042 morerentur.
1532 2976 1576 3040 Et
1602 2974 1740 3040 verbum

33 3084 155 3147 ateius
185 3082 229 3148 ad
252 3084 422 3149 victoriam
449 3085 609 3170 pervenit,
637 3083 779 3148 Domino
804 3092 999 3170 cooperante
1024 3094 1057 3148 et
1079 3104 1261 3148 sermonem
1292 3083 1423 3148 effectui
1452 3083 1660 3168 mancipante
1691 3103 1739 3146 se-

85 3189 261 3279 quentibus
291 3191 393 3276 signis
424 3201 457 3255 et
486 3189 717 3255 adiuvantibus
741 3187 915 3254 virtutibus
939 3189 1097 3274 angelicis
1121 3199 1229 3276 atque,
1253 3199 1410 3276 utsupra
1433 3187 1557 3254 dictum
1581 3198 1639 3271 est,
1663 3188 1739 3251 visi-

83 3297 194 3363 biliter
217 3298 415 3384 presentiam
438 3319 531 3362 suam
555 3294 796 3361 exhibentibus.
842 3296 880 3359 In
898 3295 988 3360 Urbe
1003 3318 1082 3360 vero
1098 3295 1301 3382 Wigbertus,
1318 3317 1416 3382 quem
1432 3293 1633 3360 Clementem
1652 3294 1739 3359 dice·

83 3403 175 3487 bant,
206 3405 284 3468 satis
315 3402 435 3490 agebat
462 3427 521 3490 pro
546 3415 654 3468 sectae
679 3425 756 3466 suae
784 3404 907 3489 pariter
932 3409 984 3468 'ac
1008 3402 1220 3467 Heinriciane
1244 3401 1416 3467 tirannidis
1439 3402 1625 3488 principatu
1649 3399 1739 3464 exhi·
1758 3425 1834 3476 ·p.u.

85 3510 167 3576 bens
190 3512 342 3575 nimirum
365 3533 399 3574 se
424 3512 531 3597 ipsum
553 3532 666 3574 veram
690 3507 962 3574 abhominationis
986 3508 1229 3591 desolationem,
1254 3508 1294 3573 de
1319 3532 1384 3596 qua
1406 3507 1500 3572 nobis
1524 3529 1610 3572 nunc
1634 3530 1739 3572 sermo

40 3639 67 3679 so
87 3629 145 3699 est,
169 3626 309 3682 stantem
332 3618 366 3680 in
389 3616 459 3682 loco
484 3627 607 3698 sancto,
631 3618 666 3680 iu
690 3615 768 3680 sede
783 3614 937 3680 videlicet
959 3614 1048 3680 beati
1063 3616 1153 3679 Petri
1177 3614 1383 3680 simulacrum
1408 3614 1569 3700 pontificis
1593 3613 1739 3678 residens

91 3723 353 3789 abominandum.
408 3723 514 3810 Super
543 3745 608 3810 qua
638 3746 673 3787 re
697 3721 831 3810 quidam
850 3723 942 3809 quasi
966 3721 1088 3808 dialogi
1111 3723 1221 3808 specie
1245 3721 1417 3786 scolastice
1441 3720 1518 3785 lusit
1540 3718 1649 3784 verbis
1673 3742 1740 3784 am-

85 3829 202 3895 borum
226 3829 460 3895 alternantibus
484 3831 545 3895 hoc
568 3829 703 3894 modo⁵:

406 3939 536 4003 Diceris
558 3938 713 4018 Urbanus,
738 3961 807 4002 cum
829 3939 875 4002 sels
895 3940 1054 4023 proiectas
1076 3937 1116 4001 ab
1139 3935 1230 4015 Urbe,

415 4045 471 4110 Vel
492 4059 577 4109 nsaw
600 4069 710 4110 nomen
733 4045 784 4108 uel
804 4043 1000 4131 regrediaris
1023 4045 1057 4106 in
1080 4041 1200 4107 Urbem.

41 4155 68 4196 as
247 4133 345 4198 Item:

406 4223 529 4288 Nomen
552 4223 646 4288 habes
666 4221 816 4302 Clemens,
839 4221 897 4286 sed
918 4221 1050 4285 cleauens
1072 4245 1134 4284 non
1150 4235 1241 4306 potes
1265 4245 1338 4302 esse,

410 4329 486 4395 Cum
512 4331 572 4394 nti
592 4329 739 4394 solvendi
758 4331 800 4394 sit
822 4327 941 4392 tradito
964 4328 1054 4392 nullo
1071 4341 1219 4414 potestus.

363 4509 415 4571 22.
451 4506 682 4570 Heinricus
705 4505 873 4569 levatur
894 4505 935 4569 in
959 4525 1097 4589 regern
1121 4461 1267 4568 dontra
1289 4499 1458 4590 patrem.
1536 4477 1539 4484 Ι
1758 4527 1811 4580 (so.

194 4631 347 4696 Interea⁶
370 4652 468 4718 quam
491 4630 637 4717 plurimis
668 4628 936 4716 exprincipibus
966 4627 1102 4714 aliisque
1125 4629 1203 4691 viris
1227 4629 1356 4692 virtutis
1386 4629 1580 4694 sententiam
1611 4651 1740 4695 excom-

40 4759 68 4799 (ο
85 4739 316 4804 municationis
338 4736 587 4802 formidantibus
612 4747 644 4801 et
668 4759 740 4801 cum
766 4735 966 4800 ecclesiane
990 4757 1048 4820 pro
1073 4733 1212 4799 ecclesia
1236 4733 1449 4799 sentientibus
1465 4735 1592 4800 Urbani
1611 4758 1740 4823 quoque

196 4919 223 4982 a)
244 4923 421 4972 suscessime.
494 4917 522 4982 b)
543 4920 571 4970 in
589 4937 668 4986 morp.
687 4919 763 4970 rubro
780 4919 825 4969 eol.
899 4915 925 4979 c)
941 4913 1080 4968 Urban⁹a
1153 4915 1181 4978 d)
1204 4923 1388 4983 cooperautae
1407 4935 1428 4968 c.
1502 4917 1528 4980 e)
1550 4917 1701 4984 apostolice
1719 4935 1740 4969 e.

85 5011 107 5073 1)
130 5012 295 5062 Francienas
313 5029 334 5061 c.
406 5007 435 5075 g)
455 5010 522 5061 deest
539 5027 559 5060 e.
632 5005 660 5070 h)
682 5007 823 5074 filicesque
842 5027 863 5060 o.

198 5157 227 5226 1)
255 5155 304 5229 Of.
328 5156 404 5214 Ana.
428 5154 640 5231 Reiclersberp.
673 5147 757 5228 (Ood.
785 5153 811 5208 1.
838 5152 867 5208 2.
894 5147 924 5226 4)
956 5171 984 5207 α.
1012 5152 1106 5222 1091,
1138 5150 1192 5208 SS.
1225 5151 1330 5222 XVII,
1356 5172 1390 5227 p.
1416 5152 1489 5208 449.
1604 5151 1635 5222 2)
1660 5153 1742 5210 Haec

91 5261 226 5341 Gregorh
242 5262 306 5320 VH.
323 5271 446 5339 tempore
460 5261 641 5330 occidetue&
665 5261 705 5332 cf.
729 5259 807 5316 ll'ido
825 5259 947 5316 Feruor.
964 5256 989 5326 1,
1007 5277 1030 5313 c.
1049 5257 1099 5328 20,
1118 5257 1218 5315 Lidelh'
1232 5256 1257 5328 Ι,
1268 5277 1303 5333 p.
1322 5258 1395 5314 549.
1496 5259 1526 5329 3)
1550 5257 1742 5316 Verisimiliter

41 5387 69 5428 (ι
87 5369 117 5427 in
142 5369 265 5428 wadlirh
281 5367 506 5428 Claromontuno
530 5376 556 5424 et
576 5365 749 5436 Turonensi;
773 5367 813 5438 cs.
840 5364 978 5422 thnclce
1001 5367 1018 5421 1.
1036 5365 1054 5420 1.
1074 5385 1106 5440 p.
1126 5363 1185 5432 90,·
1209 5363 1265 5420 ιἀηι
1289 5384 1317 5420 a.
1338 5363 1432 5435 1089,
1457 5366 1529 5440 Apr.
1550 5365 1599 5422 18.
1623 5364 1741 5422 Heinsi-

90 5497 149 5536 cum
173 5475 480 5543 &communicaveram
504 5476 544 5547 cf.
563 5473 749 5531 Miihlbacher
772 5474 790 5529 1.
808 5474 826 5528 l.
838 5492 871 5548 p.
890 5471 964 5527 381.
1056 5468 1087 5539 4)
1113 5468 1161 5542 Cf.
1179 5470 1254 5527 Ana.
1272 5470 1484 5548 Reichereberp.
1502 5491 1530 5529 a.
1550 5471 1632 5528 1092
1656 5467 1739 5546 (cod.

93 5584 121 5640 l.
138 5583 168 5640 2.
186 5578 228 5658 4),
246 5581 300 5640 SS.
317 5581 419 5652 XVII,
430 5602 464 5658 p.
483 5580 556 5638 449.
626 5579 656 5651 5)
673 5578 828 5637 Altercutio
844 5578 918 5636 inter
935 5576 1077 5635 Urbanum
1095 5585 1121 5634 et
1137 5575 1316 5648 Clernentem,
1335 5576 1396 5634 Lib.
1414 5577 1454 5648 ΙΙ,
1466 5599 1500 5655 p.
1520 5577 1581 5635 170
1598 5599 1623 5636 v.
1641 5578 1740 5635 1-4.

90 5687 121 5764 6)
143 5689 219 5747 Ana.
244 5688 457 5767 Reichmberp.
482 5684 564 5764 (God.
581 5682 709 5762 aldeb.)
733 5706 761 5743 a.
783 5685 876 5754 1092,
896 5705 929 5761 p.
948 5683 1009 5739 449
1018 5706 1028 5753 ,·
1054 5681 1122 5742 cod.
1143 5684 1170 5740 l.
1196 5683 1226 5740 2.
1252 5684 1269 5739 4
1295 5679 1314 5758 (
1319 5679 1426 5762 1104).
1451 5705 1480 5742 a.
1500 5685 1594 5756 1104,
1613 5705 1646 5761 p.
1665 5684 1739 5744 450.

1473 5806 1525 5856 42”ΙΙ
