<?xml version="1.0" encoding="UTF-8"?>
<!DOCTYPE html PUBLIC "-//W3C//DTD XHTML 1.0 Transitional//EN"
    "http://www.w3.org/TR/xhtml1/DTD/xhtml1-transitional.dtd">
<html xmlns="http://www.w3.org/1999/xhtml" xml:lang="en" lang="en">
 <head>
  <title>
</title>
<meta http-equiv="Content-Type" content="text/html;charset=utf-8" />
  <meta name='ocr-system' content='tesseract 3.04.00' />
  <meta name='ocr-capabilities' content='ocr_page ocr_carea ocr_par ocr_line ocrx_word'/>
</head>
<body>
  <div class='ocr_page' id='page_1' title='image "./monumentagerman00unkngoog_0153.png"; bbox 0 0 4544 6420; ppageno 0'>
   <div class='ocr_carea' id='block_1_1' title="bbox 463 357 1809 457">
    <p class='ocr_par' dir='ltr' id='par_1_1' title="bbox 463 357 1809 457">
     <span class='ocr_line' id='line_1_1' title="bbox 463 357 1809 457; baseline -0.001 -1"><span class='ocrx_word' id='word_1_1' title='bbox 463 395 523 456; x_wconf 79' lang='lat'>142</span> <span class='ocrx_word' id='word_1_2' title='bbox 750 399 930 455; x_wconf 73' lang='lat' dir='ltr'>cranous</span> <span class='ocrx_word' id='word_1_3' title='bbox 953 389 1177 454; x_wconf 79' lang='lat' dir='ltr'>ennsrosnl</span> <span class='ocrx_word' id='word_1_4' title='bbox 1200 357 1620 457; x_wconf 57' lang='lat' dir='ltr'>Rsslbuusssunsausrs</span> <span class='ocrx_word' id='word_1_5' title='bbox 1644 400 1809 456; x_wconf 75' lang='lat' dir='ltr'>erasmi.</span> 
     </span>
    </p>
   </div>
   <div class='ocr_carea' id='block_1_2' title="bbox 457 583 2150 1420">
    <p class='ocr_par' dir='ltr' id='par_1_2' title="bbox 457 583 2150 1420">
     <span class='ocr_line' id='line_1_2' title="bbox 457 583 2112 674; baseline 0 -24"><span class='ocrx_word' id='word_1_6' title='bbox 457 589 563 652; x_wconf 85' lang='lat' dir='ltr'>tineus</span> <span class='ocrx_word' id='word_1_7' title='bbox 588 610 646 651; x_wconf 92' lang='lat' dir='ltr'>sua</span> <span class='ocrx_word' id='word_1_8' title='bbox 670 588 857 673; x_wconf 80' lang='lat' dir='ltr'>egressione</span> <span class='ocrx_word' id='word_1_9' title='bbox 882 609 996 674; x_wconf 87' lang='lat' dir='ltr'>pacem</span> <span class='ocrx_word' id='word_1_10' title='bbox 1020 586 1154 668; x_wconf 89' lang='lat' dir='ltr'>faceret,</span> <span class='ocrx_word' id='word_1_11' title='bbox 1179 583 1256 648; x_wconf 89' lang='lat' dir='ltr'>dum</span> <span class='ocrx_word' id='word_1_12' title='bbox 1274 586 1382 672; x_wconf 82' lang='lat' dir='ltr'>plaga,</span> <span class='ocrx_word' id='word_1_13' title='bbox 1407 611 1490 674; x_wconf 88' lang='lat' dir='ltr'>quae</span> <span class='ocrx_word' id='word_1_14' title='bbox 1515 589 1623 672; x_wconf 88' lang='lat' dir='ltr'>regnis</span> <span class='ocrx_word' id='word_1_15' title='bbox 1648 611 1686 651; x_wconf 84' lang='lat' dir='ltr'>ac</span> <span class='ocrx_word' id='word_1_16' title='bbox 1710 585 1842 672; x_wconf 87' lang='lat' dir='ltr'>regibus</span> <span class='ocrx_word' id='word_1_17' title='bbox 1859 598 1993 673; x_wconf 90' lang='lat' dir='ltr'>propter</span> <span class='ocrx_word' id='word_1_18' title='bbox 2010 587 2112 672; x_wconf 88' lang='lat' dir='ltr'>ipsam</span> 
     </span>
     <span class='ocr_line' id='line_1_3' title="bbox 458 689 2112 780; baseline -0.002 -22"><span class='ocrx_word' id='word_1_19' title='bbox 458 717 566 758; x_wconf 90' lang='lat' dir='ltr'>arcam</span> <span class='ocrx_word' id='word_1_20' title='bbox 590 695 651 758; x_wconf 91' lang='lat' dir='ltr'>fuit</span> <span class='ocrx_word' id='word_1_21' title='bbox 675 695 808 758; x_wconf 89' lang='lat' dir='ltr'>inmissa</span> <span class='ocrx_word' id='word_1_22' title='bbox 832 694 1045 778; x_wconf 88' lang='lat' dir='ltr'>mitigaretur,</span> <span class='ocrx_word' id='word_1_23' title='bbox 1077 693 1193 758; x_wconf 87' lang='lat' dir='ltr'>eadem</span> <span class='ocrx_word' id='word_1_24' title='bbox 1217 689 1260 756; x_wconf 92' lang='lat' dir='ltr'>ad</span> <span class='ocrx_word' id='word_1_25' title='bbox 1285 717 1360 759; x_wconf 90' lang='lat' dir='ltr'>suos</span> <span class='ocrx_word' id='word_1_26' title='bbox 1384 697 1529 770; x_wconf 85' lang='lat' dir='ltr'>remissa.</span> <span class='ocrx_word' id='word_1_27' title='bbox 1576 695 1648 759; x_wconf 91' lang='lat' dir='ltr'>Hoc</span> <span class='ocrx_word' id='word_1_28' title='bbox 1681 705 1766 758; x_wconf 89' lang='lat' dir='ltr'>esset</span> <span class='ocrx_word' id='word_1_29' title='bbox 1796 694 1977 780; x_wconf 89' lang='lat' dir='ltr'>perfectum</span> <span class='ocrx_word' id='word_1_30' title='bbox 2009 693 2112 757; x_wconf 87' lang='lat' dir='ltr'>consi-</span> 
     </span>
     <span class='ocr_line' id='line_1_4' title="bbox 458 799 2114 887; baseline -0.001 -23"><span class='ocrx_word' id='word_1_31' title='bbox 458 801 546 882; x_wconf 87' lang='lat' dir='ltr'>lium,</span> <span class='ocrx_word' id='word_1_32' title='bbox 578 802 646 865; x_wconf 88' lang='lat' dir='ltr'>sinc</span> <span class='ocrx_word' id='word_1_33' title='bbox 679 799 778 864; x_wconf 90' lang='lat' dir='ltr'>dubio</span> <span class='ocrx_word' id='word_1_34' title='bbox 811 800 854 865; x_wconf 82' lang='lat' dir='ltr'>ad</span> <span class='ocrx_word' id='word_1_35' title='bbox 883 800 1015 887; x_wconf 81' lang='lat' dir='ltr'>plagam</span> <span class='ocrx_word' id='word_1_36' title='bbox 1046 800 1229 865; x_wconf 79' lang='lat' dir='ltr'>discordiae</span> <span class='ocrx_word' id='word_1_37' title='bbox 1260 801 1475 886; x_wconf 88' lang='lat' dir='ltr'>mitigandam</span> <span class='ocrx_word' id='word_1_38' title='bbox 1503 802 1580 864; x_wconf 85' lang='lat' dir='ltr'>satis</span> <span class='ocrx_word' id='word_1_39' title='bbox 1604 801 1766 864; x_wconf 91' lang='lat' dir='ltr'>idoneum.</span> <span class='ocrx_word' id='word_1_40' title='bbox 1815 800 1880 866; x_wconf 88' lang='lat' dir='ltr'>Sed</span> <span class='ocrx_word' id='word_1_41' title='bbox 1904 800 2012 864; x_wconf 89' lang='lat' dir='ltr'>adhuc</span> <span class='ocrx_word' id='word_1_42' title='bbox 2037 823 2114 863; x_wconf 89' lang='lat' dir='ltr'>arca</span> 
     </span>
     <span class='ocr_line' id='line_1_5' title="bbox 458 906 2114 994; baseline -0.001 -23"><span class='ocrx_word' id='word_1_43' title='bbox 458 909 543 972; x_wconf 86' lang='lat' dir='ltr'>inter</span> <span class='ocrx_word' id='word_1_44' title='bbox 564 907 645 972; x_wconf 88' lang='lat' dir='ltr'>lines</span> <span class='ocrx_word' id='word_1_45' title='bbox 670 931 708 971; x_wconf 88' lang='lat' dir='ltr'>ac</span> <span class='ocrx_word' id='word_1_46' title='bbox 732 908 887 972; x_wconf 89' lang='lat' dir='ltr'>terminos</span> <span class='ocrx_word' id='word_1_47' title='bbox 912 906 1155 972; x_wconf 89' lang='lat' dir='ltr'>Philistinorum</span> <span class='ocrx_word' id='word_1_48' title='bbox 1180 919 1316 990; x_wconf 90' lang='lat' dir='ltr'>tenetur,</span> <span class='ocrx_word' id='word_1_49' title='bbox 1348 908 1424 972; x_wconf 91' lang='lat' dir='ltr'>dum</span> <span class='ocrx_word' id='word_1_50' title='bbox 1449 909 1604 994; x_wconf 83' lang='lat' dir='ltr'>episcopi,</span> <span class='ocrx_word' id='word_1_51' title='bbox 1637 907 1783 989; x_wconf 87' lang='lat' dir='ltr'>abbates,</span> <span class='ocrx_word' id='word_1_52' title='bbox 1815 906 2001 972; x_wconf 80' lang='lat' dir='ltr'>abbatissae</span> <span class='ocrx_word' id='word_1_53' title='bbox 2026 906 2114 970; x_wconf 88' lang='lat' dir='ltr'>facta</span> 
     </span>
     <span class='ocr_line' id='line_1_6' title="bbox 459 1014 2150 1101; baseline -0.001 -23"><span class='ocrx_word' id='word_1_54' title='bbox 459 1014 617 1078; x_wconf 81' lang='lat' dir='ltr'>electione</span> <span class='ocrx_word' id='word_1_55' title='bbox 634 1014 677 1078; x_wconf 89' lang='lat' dir='ltr'>ad</span> <span class='ocrx_word' id='word_1_56' title='bbox 693 1015 849 1100; x_wconf 88' lang='lat' dir='ltr'>palatium</span> <span class='ocrx_word' id='word_1_57' title='bbox 865 1015 912 1078; x_wconf 89' lang='lat' dir='ltr'>ire</span> <span class='ocrx_word' id='word_1_58' title='bbox 931 1014 1177 1100; x_wconf 89' lang='lat' dir='ltr'>compelluntur,</span> <span class='ocrx_word' id='word_1_59' title='bbox 1202 1027 1362 1101; x_wconf 87' lang='lat' dir='ltr'>quatenus</span> <span class='ocrx_word' id='word_1_60' title='bbox 1387 1037 1506 1100; x_wconf 90' lang='lat' dir='ltr'>arege</span> <span class='ocrx_word' id='word_1_61' title='bbox 1530 1016 1640 1078; x_wconf 88' lang='lat' dir='ltr'>nescio</span> <span class='ocrx_word' id='word_1_62' title='bbox 1665 1038 1749 1101; x_wconf 89' lang='lat' dir='ltr'>quae</span> <span class='ocrx_word' id='word_1_63' title='bbox 1769 1014 1891 1100; x_wconf 86' lang='lat' dir='ltr'>regalia</span> <span class='ocrx_word' id='word_1_64' title='bbox 1916 1015 2112 1099; x_wconf 81' lang='lat' dir='ltr'>suscipiaut3</span> <span class='ocrx_word' id='word_1_65' title='bbox 2136 1038 2150 1076; x_wconf 80' lang='lat' dir='ltr'>a</span> 
     </span>
     <span class='ocr_line' id='line_1_7' title="bbox 459 1119 2113 1208; baseline -0.001 -24"><span class='ocrx_word' id='word_1_66' title='bbox 459 1119 635 1208; x_wconf 86' lang='lat' dir='ltr'>dequibus</span> <span class='ocrx_word' id='word_1_67' title='bbox 659 1123 728 1206; x_wconf 87' lang='lat' dir='ltr'>regi</span> <span class='ocrx_word' id='word_1_68' title='bbox 753 1121 806 1184; x_wconf 90' lang='lat' dir='ltr'>vel</span> <span class='ocrx_word' id='word_1_69' title='bbox 830 1121 1008 1185; x_wconf 90' lang='lat' dir='ltr'>hominium</span> <span class='ocrx_word' id='word_1_70' title='bbox 1030 1121 1081 1185; x_wconf 89' lang='lat' dir='ltr'>vel</span> <span class='ocrx_word' id='word_1_71' title='bbox 1106 1121 1271 1186; x_wconf 88' lang='lat' dir='ltr'>fidelitatis</span> <span class='ocrx_word' id='word_1_72' title='bbox 1296 1133 1535 1186; x_wconf 87' lang='lat' dir='ltr'>sacramentum</span> <span class='ocrx_word' id='word_1_73' title='bbox 1551 1121 1682 1186; x_wconf 90' lang='lat' dir='ltr'>faciant.</span> <span class='ocrx_word' id='word_1_74' title='bbox 1718 1121 1836 1185; x_wconf 85' lang='lat' dir='ltr'>Adhuc</span> <span class='ocrx_word' id='word_1_75' title='bbox 1853 1143 1930 1206; x_wconf 89' lang='lat' dir='ltr'>ergo</span> <span class='ocrx_word' id='word_1_76' title='bbox 1946 1121 2113 1207; x_wconf 88' lang='lat' dir='ltr'>principes</span> 
     </span>
     <span class='ocr_line' id='line_1_8' title="bbox 458 1226 2113 1314; baseline -0.001 -22"><span class='ocrx_word' id='word_1_77' title='bbox 458 1228 592 1293; x_wconf 90' lang='lat' dir='ltr'>consilio</span> <span class='ocrx_word' id='word_1_78' title='bbox 618 1227 790 1292; x_wconf 82' lang='lat' dir='ltr'>salubriori</span> <span class='ocrx_word' id='word_1_79' title='bbox 813 1239 954 1306; x_wconf 89' lang='lat' dir='ltr'>utantur,</span> <span class='ocrx_word' id='word_1_80' title='bbox 979 1239 1014 1291; x_wconf 90' lang='lat' dir='ltr'>ut</span> <span class='ocrx_word' id='word_1_81' title='bbox 1038 1229 1211 1314; x_wconf 88' lang='lat' dir='ltr'>episcopis,</span> <span class='ocrx_word' id='word_1_82' title='bbox 1237 1227 1421 1310; x_wconf 83' lang='lat' dir='ltr'>abbatibus,</span> <span class='ocrx_word' id='word_1_83' title='bbox 1447 1227 1621 1292; x_wconf 82' lang='lat' dir='ltr'>abbatissis</span> <span class='ocrx_word' id='word_1_84' title='bbox 1645 1227 1775 1314; x_wconf 88' lang='lat' dir='ltr'>plenam</span> <span class='ocrx_word' id='word_1_85' title='bbox 1798 1226 1980 1291; x_wconf 90' lang='lat' dir='ltr'>libertatem</span> <span class='ocrx_word' id='word_1_86' title='bbox 2006 1226 2113 1291; x_wconf 90' lang='lat' dir='ltr'>dimit-</span> 
     </span>
     <span class='ocr_line' id='line_1_9' title="bbox 458 1333 2112 1420; baseline -0.001 -21"><span class='ocrx_word' id='word_1_87' title='bbox 458 1345 536 1415; x_wconf 87' lang='lat' dir='ltr'>tant,</span> <span class='ocrx_word' id='word_1_88' title='bbox 550 1357 611 1398; x_wconf 90' lang='lat' dir='ltr'>nec</span> <span class='ocrx_word' id='word_1_89' title='bbox 624 1336 658 1398; x_wconf 94' lang='lat' dir='ltr'>in</span> <span class='ocrx_word' id='word_1_90' title='bbox 671 1333 893 1420; x_wconf 87' lang='lat' dir='ltr'>spiritualibus</span> <span class='ocrx_word' id='word_1_91' title='bbox 909 1333 1122 1420; x_wconf 88' lang='lat' dir='ltr'>dignitatibus</span> <span class='ocrx_word' id='word_1_92' title='bbox 1136 1346 1282 1398; x_wconf 89' lang='lat' dir='ltr'>sanctam</span> <span class='ocrx_word' id='word_1_93' title='bbox 1295 1335 1361 1399; x_wconf 90' lang='lat' dir='ltr'>Dei</span> <span class='ocrx_word' id='word_1_94' title='bbox 1375 1333 1569 1398; x_wconf 82' lang='lat' dir='ltr'>aecclesiam</span> <span class='ocrx_word' id='word_1_95' title='bbox 1582 1335 1715 1399; x_wconf 88' lang='lat' dir='ltr'>ulterius</span> <span class='ocrx_word' id='word_1_96' title='bbox 1729 1335 1900 1420; x_wconf 88' lang='lat' dir='ltr'>angariare</span> <span class='ocrx_word' id='word_1_97' title='bbox 1913 1347 2112 1420; x_wconf 90' lang='lat' dir='ltr'>presumant.</span> 
     </span>
    </p>
   </div>
   <div class='ocr_carea' id='block_1_3' title="bbox 280 1546 2163 4414">
    <p class='ocr_par' dir='ltr' id='par_1_3' title="bbox 360 1546 2163 2170">
     <span class='ocr_line' id='line_1_10' title="bbox 360 1546 2163 1634; baseline 0.002 -26"><span class='ocrx_word' id='word_1_98' title='bbox 360 1571 389 1610; x_wconf 74' lang='lat' dir='ltr'>n.</span> <span class='ocrx_word' id='word_1_99' title='bbox 400 1571 437 1608; x_wconf 74' lang='lat' dir='ltr'>ra.</span> <span class='ocrx_word' id='word_1_100' title='bbox 569 1553 617 1612; x_wconf 85' lang='lat'>13.</span> <span class='ocrx_word' id='word_1_101' title='bbox 637 1598 643 1612; x_wconf 93' lang='lat'>.</span> <span class='ocrx_word' id='word_1_102' title='bbox 663 1598 669 1611; x_wconf 94' lang='lat'>.</span> <span class='ocrx_word' id='word_1_103' title='bbox 689 1597 695 1610; x_wconf 95' lang='lat'>.</span> <span class='ocrx_word' id='word_1_104' title='bbox 713 1547 802 1612; x_wconf 86' lang='lat' dir='ltr'>Eece</span> <span class='ocrx_word' id='word_1_105' title='bbox 819 1559 855 1611; x_wconf 92' lang='lat' dir='ltr'>ut</span> <span class='ocrx_word' id='word_1_106' title='bbox 870 1546 1022 1630; x_wconf 88' lang='lat' dir='ltr'>vidimus,</span> <span class='ocrx_word' id='word_1_107' title='bbox 1040 1548 1183 1634; x_wconf 88' lang='lat' dir='ltr'>prudens</span> <span class='ocrx_word' id='word_1_108' title='bbox 1199 1549 1260 1612; x_wconf 90' lang='lat' dir='ltr'>iste</span> <span class='ocrx_word' id='word_1_109' title='bbox 1277 1548 1473 1613; x_wconf 79' lang='lat' dir='ltr'>architectus</span> <span class='ocrx_word' id='word_1_110' title='bbox 1491 1549 1554 1612; x_wconf 88' lang='lat' dir='ltr'>tale</span> <span class='ocrx_word' id='word_1_111' title='bbox 1571 1549 1819 1613; x_wconf 90' lang='lat' dir='ltr'>fundamentum</span> <span class='ocrx_word' id='word_1_112' title='bbox 1835 1549 1934 1634; x_wconf 88' lang='lat' dir='ltr'>elegit</span> <span class='ocrx_word' id='word_1_113' title='bbox 1950 1547 2114 1634; x_wconf 89' lang='lat' dir='ltr'>talemque</span> <span class='ocrx_word' id='word_1_114' title='bbox 2137 1573 2163 1611; x_wconf 85' lang='lat' dir='ltr'>ro</span> 
     </span>
     <span class='ocr_line' id='line_1_11' title="bbox 458 1654 2113 1742; baseline 0 -24"><span class='ocrx_word' id='word_1_115' title='bbox 458 1667 653 1720; x_wconf 86' lang='lat' dir='ltr'>structuram</span> <span class='ocrx_word' id='word_1_116' title='bbox 677 1654 723 1718; x_wconf 94' lang='lat' dir='ltr'>illi</span> <span class='ocrx_word' id='word_1_117' title='bbox 748 1655 964 1740; x_wconf 86' lang='lat' dir='ltr'>superposuit,</span> <span class='ocrx_word' id='word_1_118' title='bbox 990 1656 1081 1718; x_wconf 89' lang='lat' dir='ltr'>cuius</span> <span class='ocrx_word' id='word_1_119' title='bbox 1106 1665 1174 1718; x_wconf 89' lang='lat' dir='ltr'>tota</span> <span class='ocrx_word' id='word_1_120' title='bbox 1196 1656 1403 1741; x_wconf 89' lang='lat' dir='ltr'>participatio</span> <span class='ocrx_word' id='word_1_121' title='bbox 1429 1668 1515 1721; x_wconf 89' lang='lat' dir='ltr'>esset</span> <span class='ocrx_word' id='word_1_122' title='bbox 1538 1657 1571 1719; x_wconf 89' lang='lat' dir='ltr'>iu</span> <span class='ocrx_word' id='word_1_123' title='bbox 1595 1657 1628 1720; x_wconf 93' lang='lat' dir='ltr'>id</span> <span class='ocrx_word' id='word_1_124' title='bbox 1644 1657 1761 1742; x_wconf 83' lang='lat' dir='ltr'>ipsum,</span> <span class='ocrx_word' id='word_1_125' title='bbox 1786 1657 1863 1742; x_wconf 90' lang='lat' dir='ltr'>quia</span> <span class='ocrx_word' id='word_1_126' title='bbox 1878 1679 1940 1719; x_wconf 88' lang='lat' dir='ltr'>nec</span> <span class='ocrx_word' id='word_1_127' title='bbox 1956 1655 2113 1742; x_wconf 91' lang='lat' dir='ltr'>populum</span> 
     </span>
     <span class='ocr_line' id='line_1_12' title="bbox 459 1760 2113 1849; baseline -0.002 -23"><span class='ocrx_word' id='word_1_128' title='bbox 459 1764 490 1826; x_wconf 94' lang='lat' dir='ltr'>in</span> <span class='ocrx_word' id='word_1_129' title='bbox 515 1761 589 1842; x_wconf 89' lang='lat' dir='ltr'>fide,</span> <span class='ocrx_word' id='word_1_130' title='bbox 622 1785 682 1826; x_wconf 88' lang='lat' dir='ltr'>nec</span> <span class='ocrx_word' id='word_1_131' title='bbox 715 1761 837 1826; x_wconf 86' lang='lat' dir='ltr'>clerum</span> <span class='ocrx_word' id='word_1_132' title='bbox 868 1763 901 1826; x_wconf 90' lang='lat' dir='ltr'>in</span> <span class='ocrx_word' id='word_1_133' title='bbox 933 1760 1046 1846; x_wconf 88' lang='lat' dir='ltr'>regula</span> <span class='ocrx_word' id='word_1_134' title='bbox 1069 1761 1172 1826; x_wconf 91' lang='lat' dir='ltr'>voluit</span> <span class='ocrx_word' id='word_1_135' title='bbox 1195 1784 1215 1825; x_wconf 90' lang='lat' dir='ltr'>a</span> <span class='ocrx_word' id='word_1_136' title='bbox 1239 1765 1359 1826; x_wconf 89' lang='lat' dir='ltr'>sanctis</span> <span class='ocrx_word' id='word_1_137' title='bbox 1384 1763 1537 1849; x_wconf 88' lang='lat' dir='ltr'>apostolis</span> <span class='ocrx_word' id='word_1_138' title='bbox 1567 1786 1637 1828; x_wconf 82' lang='lat' dir='ltr'>esse</span> <span class='ocrx_word' id='word_1_139' title='bbox 1662 1763 1837 1828; x_wconf 88' lang='lat' dir='ltr'>diversum.</span> <span class='ocrx_word' id='word_1_140' title='bbox 1885 1763 1923 1826; x_wconf 94' lang='lat' dir='ltr'>In</span> <span class='ocrx_word' id='word_1_141' title='bbox 1947 1763 2009 1826; x_wconf 91' lang='lat' dir='ltr'>hoe</span> <span class='ocrx_word' id='word_1_142' title='bbox 2035 1784 2113 1846; x_wconf 89' lang='lat' dir='ltr'>ergo</span> 
     </span>
     <span class='ocr_line' id='line_1_13' title="bbox 459 1867 2114 1956; baseline -0.001 -23"><span class='ocrx_word' id='word_1_143' title='bbox 459 1881 546 1933; x_wconf 89' lang='lat' dir='ltr'>tutus</span> <span class='ocrx_word' id='word_1_144' title='bbox 572 1869 710 1944; x_wconf 88' lang='lat' dir='ltr'>edificio,</span> <span class='ocrx_word' id='word_1_145' title='bbox 735 1891 801 1932; x_wconf 91' lang='lat' dir='ltr'>non</span> <span class='ocrx_word' id='word_1_146' title='bbox 825 1869 931 1932; x_wconf 86' lang='lat' dir='ltr'>timuit</span> <span class='ocrx_word' id='word_1_147' title='bbox 954 1868 1007 1932; x_wconf 87' lang='lat' dir='ltr'>vel</span> <span class='ocrx_word' id='word_1_148' title='bbox 1031 1867 1073 1932; x_wconf 91' lang='lat' dir='ltr'>ab</span> <span class='ocrx_word' id='word_1_149' title='bbox 1098 1870 1249 1934; x_wconf 87' lang='lat' dir='ltr'>hereticis</span> <span class='ocrx_word' id='word_1_150' title='bbox 1272 1869 1325 1933; x_wconf 82' lang='lat' dir='ltr'>vel</span> <span class='ocrx_word' id='word_1_151' title='bbox 1349 1869 1604 1956; x_wconf 87' lang='lat' dir='ltr'>pseudoclericis</span> <span class='ocrx_word' id='word_1_152' title='bbox 1621 1870 1825 1956; x_wconf 88' lang='lat' dir='ltr'>aliquatenus</span> <span class='ocrx_word' id='word_1_153' title='bbox 1842 1870 2035 1956; x_wconf 87' lang='lat' dir='ltr'>expugnari.</span> <span class='ocrx_word' id='word_1_154' title='bbox 2075 1868 2114 1932; x_wconf 95' lang='lat' dir='ltr'>In</span> 
     </span>
     <span class='ocr_line' id='line_1_14' title="bbox 459 1973 2112 2063; baseline -0.001 -23"><span class='ocrx_word' id='word_1_155' title='bbox 459 1977 518 2040; x_wconf 90' lang='lat' dir='ltr'>hac</span> <span class='ocrx_word' id='word_1_156' title='bbox 544 1975 623 2040; x_wconf 88' lang='lat' dir='ltr'>urbe</span> <span class='ocrx_word' id='word_1_157' title='bbox 649 1975 846 2040; x_wconf 87' lang='lat' dir='ltr'>fortitudinis</span> <span class='ocrx_word' id='word_1_158' title='bbox 871 1973 1022 2039; x_wconf 88' lang='lat' dir='ltr'>utebatur</span> <span class='ocrx_word' id='word_1_159' title='bbox 1038 1975 1179 2056; x_wconf 83' lang='lat' dir='ltr'>Christo,</span> <span class='ocrx_word' id='word_1_160' title='bbox 1205 2000 1268 2040; x_wconf 92' lang='lat' dir='ltr'>non</span> <span class='ocrx_word' id='word_1_161' title='bbox 1292 1977 1395 2041; x_wconf 88' lang='lat' dir='ltr'>solum</span> <span class='ocrx_word' id='word_1_162' title='bbox 1420 2000 1478 2062; x_wconf 92' lang='lat' dir='ltr'>pro</span> <span class='ocrx_word' id='word_1_163' title='bbox 1502 2000 1603 2058; x_wconf 88' lang='lat' dir='ltr'>mura,</span> <span class='ocrx_word' id='word_1_164' title='bbox 1629 1977 1801 2042; x_wconf 88' lang='lat' dir='ltr'>sedetiam</span> <span class='ocrx_word' id='word_1_165' title='bbox 1825 2001 1884 2063; x_wconf 92' lang='lat' dir='ltr'>pro</span> <span class='ocrx_word' id='word_1_166' title='bbox 1909 1974 2112 2040; x_wconf 90' lang='lat' dir='ltr'>antemurali.</span> 
     </span>
     <span class='ocr_line' id='line_1_15' title="bbox 459 2081 2160 2170; baseline -0.001 -23"><span class='ocrx_word' id='word_1_167' title='bbox 459 2082 556 2164; x_wconf 80' lang='lat' dir='ltr'>Quod</span> <span class='ocrx_word' id='word_1_168' title='bbox 580 2083 606 2145; x_wconf 90' lang='lat' dir='ltr'>si</span> <span class='ocrx_word' id='word_1_169' title='bbox 631 2094 740 2146; x_wconf 89' lang='lat' dir='ltr'>nostro</span> <span class='ocrx_word' id='word_1_170' title='bbox 771 2092 916 2166; x_wconf 85' lang='lat' dir='ltr'>tempore</span> <span class='ocrx_word' id='word_1_171' title='bbox 949 2081 1066 2168; x_wconf 91' lang='lat' dir='ltr'>aliquis</span> <span class='ocrx_word' id='word_1_172' title='bbox 1091 2084 1317 2168; x_wconf 90' lang='lat' dir='ltr'>episcoporum</span> <span class='ocrx_word' id='word_1_173' title='bbox 1348 2083 1546 2170; x_wconf 90' lang='lat' dir='ltr'>relinqueret</span> <span class='ocrx_word' id='word_1_174' title='bbox 1575 2083 1713 2148; x_wconf 91' lang='lat' dir='ltr'>militum</span> <span class='ocrx_word' id='word_1_175' title='bbox 1745 2084 1909 2149; x_wconf 87' lang='lat' dir='ltr'>cohortem</span> <span class='ocrx_word' id='word_1_176' title='bbox 1940 2125 1984 2132; x_wconf 88' lang='lat'><strong>—</strong></span> <span class='ocrx_word' id='word_1_177' title='bbox 2015 2107 2112 2170; x_wconf 78' lang='lat' dir='ltr'>quani</span> <span class='ocrx_word' id='word_1_178' title='bbox 2135 2109 2160 2146; x_wconf 83' lang='lat' dir='ltr'>rs</span> 
     </span>
    </p>

    <p class='ocr_par' dir='ltr' id='par_1_4' title="bbox 280 2187 2157 4414">
     <span class='ocr_line' id='line_1_16' title="bbox 280 2187 2113 2276; baseline 0.002 -26"><span class='ocrx_word' id='word_1_179' title='bbox 280 2211 438 2260; x_wconf 65' lang='lat' dir='ltr'>natissae.</span> <span class='ocrx_word' id='word_1_180' title='bbox 458 2189 544 2254; x_wconf 89' lang='lat' dir='ltr'>solus</span> <span class='ocrx_word' id='word_1_181' title='bbox 573 2211 615 2252; x_wconf 87' lang='lat' dir='ltr'>cx</span> <span class='ocrx_word' id='word_1_182' title='bbox 647 2188 801 2275; x_wconf 88' lang='lat' dir='ltr'>apostolis</span> <span class='ocrx_word' id='word_1_183' title='bbox 826 2187 923 2250; x_wconf 88' lang='lat' dir='ltr'>Iudas</span> <span class='ocrx_word' id='word_1_184' title='bbox 955 2187 1073 2274; x_wconf 88' lang='lat' dir='ltr'>legitur</span> <span class='ocrx_word' id='word_1_185' title='bbox 1103 2189 1247 2271; x_wconf 87' lang='lat' dir='ltr'>duxisse,</span> <span class='ocrx_word' id='word_1_186' title='bbox 1279 2192 1419 2276; x_wconf 88' lang='lat' dir='ltr'>quando,</span> <span class='ocrx_word' id='word_1_187' title='bbox 1452 2192 1536 2255; x_wconf 88' lang='lat' dir='ltr'>sicut</span> <span class='ocrx_word' id='word_1_188' title='bbox 1566 2191 1772 2276; x_wconf 80' lang='lat' dir='ltr'>arrangelium</span> <span class='ocrx_word' id='word_1_189' title='bbox 1802 2202 1922 2272; x_wconf 88' lang='lat' dir='ltr'>narrat,</span> <span class='ocrx_word' id='word_1_190' title='bbox 1953 2192 2014 2255; x_wconf 91' lang='lat' dir='ltr'>fuit</span> <span class='ocrx_word' id='word_1_191' title='bbox 2045 2191 2113 2254; x_wconf 85' lang='lat' dir='ltr'>dux</span> 
     </span>
     <span class='ocr_line' id='line_1_17' title="bbox 458 2293 2112 2384; baseline 0 -24"><span class='ocrx_word' id='word_1_192' title='bbox 458 2319 569 2360; x_wconf 91' lang='lat' dir='ltr'>corum</span> <span class='ocrx_word' id='word_1_193' title='bbox 594 2297 650 2381; x_wconf 92' lang='lat' dir='ltr'>qui</span> <span class='ocrx_word' id='word_1_194' title='bbox 676 2293 992 2380; x_wconf 87' lang='lat' dir='ltr'>comprehenderunt</span> <span class='ocrx_word' id='word_1_195' title='bbox 1009 2295 1117 2359; x_wconf 88' lang='lat' dir='ltr'>lesum</span> <span class='ocrx_word' id='word_1_196' title='bbox 1133 2335 1177 2342; x_wconf 86' lang='lat'>—</span> <span class='ocrx_word' id='word_1_197' title='bbox 1201 2297 1238 2370; x_wconf 84' lang='lat' dir='ltr'>si,</span> <span class='ocrx_word' id='word_1_198' title='bbox 1264 2299 1408 2384; x_wconf 88' lang='lat' dir='ltr'>inquam,</span> <span class='ocrx_word' id='word_1_199' title='bbox 1434 2298 1599 2362; x_wconf 90' lang='lat' dir='ltr'>cohortem</span> <span class='ocrx_word' id='word_1_200' title='bbox 1616 2296 1813 2384; x_wconf 89' lang='lat' dir='ltr'>relinqueret</span> <span class='ocrx_word' id='word_1_201' title='bbox 1836 2308 1868 2362; x_wconf 88' lang='lat' dir='ltr'>et</span> <span class='ocrx_word' id='word_1_202' title='bbox 1892 2299 1925 2361; x_wconf 94' lang='lat' dir='ltr'>in</span> <span class='ocrx_word' id='word_1_203' title='bbox 1948 2299 2009 2362; x_wconf 90' lang='lat' dir='ltr'>hac</span> <span class='ocrx_word' id='word_1_204' title='bbox 2031 2297 2112 2361; x_wconf 93' lang='lat' dir='ltr'>urbe</span> 
     </span>
     <span class='ocr_line' id='line_1_18' title="bbox 459 2401 2111 2490; baseline 0 -23"><span class='ocrx_word' id='word_1_205' title='bbox 459 2405 655 2469; x_wconf 89' lang='lat' dir='ltr'>fortitudinis</span> <span class='ocrx_word' id='word_1_206' title='bbox 686 2415 815 2467; x_wconf 87' lang='lat' dir='ltr'>nostrae</span> <span class='ocrx_word' id='word_1_207' title='bbox 841 2403 932 2489; x_wconf 87' lang='lat' dir='ltr'>Syon</span> <span class='ocrx_word' id='word_1_208' title='bbox 963 2425 1036 2466; x_wconf 89' lang='lat' dir='ltr'>cum</span> <span class='ocrx_word' id='word_1_209' title='bbox 1061 2401 1159 2468; x_wconf 91' lang='lat' dir='ltr'>beato</span> <span class='ocrx_word' id='word_1_210' title='bbox 1183 2403 1366 2490; x_wconf 86' lang='lat' dir='ltr'>Augustino</span> <span class='ocrx_word' id='word_1_211' title='bbox 1390 2405 1578 2478; x_wconf 82' lang='lat' dir='ltr'>confideret,</span> <span class='ocrx_word' id='word_1_212' title='bbox 1610 2407 1694 2470; x_wconf 89' lang='lat' dir='ltr'>sicut</span> <span class='ocrx_word' id='word_1_213' title='bbox 1724 2404 1777 2469; x_wconf 88' lang='lat' dir='ltr'>ille</span> <span class='ocrx_word' id='word_1_214' title='bbox 1803 2417 1915 2470; x_wconf 91' lang='lat' dir='ltr'>contra</span> <span class='ocrx_word' id='word_1_215' title='bbox 1939 2406 2111 2480; x_wconf 88' lang='lat' dir='ltr'>hereticos,</span> 
     </span>
     <span class='ocr_line' id='line_1_19' title="bbox 458 2509 2111 2597; baseline 0.001 -23"><span class='ocrx_word' id='word_1_216' title='bbox 458 2525 489 2575; x_wconf 90' lang='lat' dir='ltr'>ct</span> <span class='ocrx_word' id='word_1_217' title='bbox 514 2511 649 2576; x_wconf 86' lang='lat' dir='ltr'>clericos</span> <span class='ocrx_word' id='word_1_218' title='bbox 673 2511 905 2597; x_wconf 87' lang='lat' dir='ltr'>proprietarios</span> <span class='ocrx_word' id='word_1_219' title='bbox 929 2509 1100 2596; x_wconf 84' lang='lat' dir='ltr'>prevaluit,</span> <span class='ocrx_word' id='word_1_220' title='bbox 1126 2512 1172 2574; x_wconf 87' lang='lat' dir='ltr'>sic</span> <span class='ocrx_word' id='word_1_221' title='bbox 1197 2513 1255 2575; x_wconf 85' lang='lat' dir='ltr'>iste</span> <span class='ocrx_word' id='word_1_222' title='bbox 1280 2525 1393 2576; x_wconf 87' lang='lat' dir='ltr'>contra</span> <span class='ocrx_word' id='word_1_223' title='bbox 1415 2511 1586 2590; x_wconf 84' lang='lat' dir='ltr'>hereticos,</span> <span class='ocrx_word' id='word_1_224' title='bbox 1604 2512 1757 2576; x_wconf 87' lang='lat' dir='ltr'>videlicet</span> <span class='ocrx_word' id='word_1_225' title='bbox 1781 2514 1996 2597; x_wconf 79' lang='lat' dir='ltr'>symoniacos,</span> <span class='ocrx_word' id='word_1_226' title='bbox 2013 2512 2111 2576; x_wconf 82' lang='lat' dir='ltr'>Nico-</span> 
     </span>
     <span class='ocr_line' id='line_1_20' title="bbox 459 2617 2157 2705; baseline 0 -23"><span class='ocrx_word' id='word_1_227' title='bbox 459 2618 551 2682; x_wconf 88' lang='lat' dir='ltr'>laitas</span> <span class='ocrx_word' id='word_1_228' title='bbox 576 2641 636 2683; x_wconf 89' lang='lat' dir='ltr'>nec</span> <span class='ocrx_word' id='word_1_229' title='bbox 661 2641 727 2682; x_wconf 91' lang='lat' dir='ltr'>nou</span> <span class='ocrx_word' id='word_1_230' title='bbox 743 2617 879 2681; x_wconf 89' lang='lat' dir='ltr'>clericos</span> <span class='ocrx_word' id='word_1_231' title='bbox 902 2617 1134 2702; x_wconf 87' lang='lat' dir='ltr'>proprietarios</span> <span class='ocrx_word' id='word_1_232' title='bbox 1159 2618 1350 2704; x_wconf 87' lang='lat' dir='ltr'>prevaleret.</span> <span class='ocrx_word' id='word_1_233' title='bbox 1388 2619 1474 2699; x_wconf 80' lang='lat' dir='ltr'>Quia</span> <span class='ocrx_word' id='word_1_234' title='bbox 1489 2619 1581 2683; x_wconf 89' lang='lat' dir='ltr'>Deus</span> <span class='ocrx_word' id='word_1_235' title='bbox 1601 2643 1691 2683; x_wconf 91' lang='lat' dir='ltr'>suam</span> <span class='ocrx_word' id='word_1_236' title='bbox 1709 2642 1774 2684; x_wconf 92' lang='lat' dir='ltr'>non</span> <span class='ocrx_word' id='word_1_237' title='bbox 1790 2619 1955 2683; x_wconf 86' lang='lat' dir='ltr'>desereret</span> <span class='ocrx_word' id='word_1_238' title='bbox 1974 2630 2110 2705; x_wconf 85' lang='lat' dir='ltr'>partem,</span> <span class='ocrx_word' id='word_1_239' title='bbox 2131 2645 2157 2682; x_wconf 81' lang='lat' dir='ltr'>ao</span> 
     </span>
     <span class='ocr_line' id='line_1_21' title="bbox 459 2723 2111 2812; baseline 0.002 -26"><span class='ocrx_word' id='word_1_240' title='bbox 459 2727 485 2787; x_wconf 86' lang='lat' dir='ltr'>si</span> <span class='ocrx_word' id='word_1_241' title='bbox 510 2727 682 2811; x_wconf 89' lang='lat' dir='ltr'>episcopus</span> <span class='ocrx_word' id='word_1_242' title='bbox 708 2724 873 2789; x_wconf 87' lang='lat' dir='ltr'>desereret</span> <span class='ocrx_word' id='word_1_243' title='bbox 897 2723 1073 2806; x_wconf 88' lang='lat' dir='ltr'>cohortem,</span> <span class='ocrx_word' id='word_1_244' title='bbox 1098 2747 1182 2811; x_wconf 89' lang='lat' dir='ltr'>quae</span> <span class='ocrx_word' id='word_1_245' title='bbox 1206 2726 1311 2811; x_wconf 91' lang='lat' dir='ltr'>ipsum</span> <span class='ocrx_word' id='word_1_246' title='bbox 1343 2749 1417 2789; x_wconf 92' lang='lat' dir='ltr'>cum</span> <span class='ocrx_word' id='word_1_247' title='bbox 1448 2725 1564 2810; x_wconf 87' lang='lat' dir='ltr'>gladiis</span> <span class='ocrx_word' id='word_1_248' title='bbox 1596 2737 1628 2788; x_wconf 87' lang='lat' dir='ltr'>et</span> <span class='ocrx_word' id='word_1_249' title='bbox 1657 2725 1797 2790; x_wconf 87' lang='lat' dir='ltr'>fustibus</span> <span class='ocrx_word' id='word_1_250' title='bbox 1827 2728 1883 2808; x_wconf 92' lang='lat' dir='ltr'>ita,</span> <span class='ocrx_word' id='word_1_251' title='bbox 1915 2748 2111 2812; x_wconf 90' lang='lat' dir='ltr'>quocunque</span> 
     </span>
     <span class='ocr_line' id='line_1_22' title="bbox 458 2830 2109 2918; baseline -0.001 -22"><span class='ocrx_word' id='word_1_252' title='bbox 458 2833 574 2917; x_wconf 88' lang='lat' dir='ltr'>pergit,</span> <span class='ocrx_word' id='word_1_253' title='bbox 601 2833 783 2912; x_wconf 89' lang='lat' dir='ltr'>comitatur,</span> <span class='ocrx_word' id='word_1_254' title='bbox 807 2843 843 2895; x_wconf 91' lang='lat' dir='ltr'>ut</span> <span class='ocrx_word' id='word_1_255' title='bbox 865 2833 973 2918; x_wconf 92' lang='lat' dir='ltr'>potius</span> <span class='ocrx_word' id='word_1_256' title='bbox 989 2830 1092 2895; x_wconf 91' lang='lat' dir='ltr'>Iudae</span> <span class='ocrx_word' id='word_1_257' title='bbox 1117 2831 1280 2896; x_wconf 88' lang='lat' dir='ltr'>cohortem</span> <span class='ocrx_word' id='word_1_258' title='bbox 1298 2833 1440 2914; x_wconf 90' lang='lat' dir='ltr'>ducenti,</span> <span class='ocrx_word' id='word_1_259' title='bbox 1461 2855 1558 2918; x_wconf 91' lang='lat' dir='ltr'>quam</span> <span class='ocrx_word' id='word_1_260' title='bbox 1575 2831 1672 2896; x_wconf 90' lang='lat' dir='ltr'>Petro</span> <span class='ocrx_word' id='word_1_261' title='bbox 1697 2833 1797 2896; x_wconf 86' lang='lat' dir='ltr'>solam</span> <span class='ocrx_word' id='word_1_262' title='bbox 1818 2834 1944 2918; x_wconf 86' lang='lat' dir='ltr'>virgam</span> <span class='ocrx_word' id='word_1_263' title='bbox 1969 2835 2109 2918; x_wconf 89' lang='lat' dir='ltr'>gestanti</span> 
     </span>
     <span class='ocr_line' id='line_1_23' title="bbox 458 2938 2111 3026; baseline 0 -24"><span class='ocrx_word' id='word_1_264' title='bbox 458 2939 571 3002; x_wconf 86' lang='lat' dir='ltr'>similis</span> <span class='ocrx_word' id='word_1_265' title='bbox 596 2949 801 3024; x_wconf 88' lang='lat' dir='ltr'>agnoscatur.</span> <span class='ocrx_word' id='word_1_266' title='bbox 848 2938 941 3002; x_wconf 89' lang='lat' dir='ltr'>Deus</span> <span class='ocrx_word' id='word_1_267' title='bbox 965 2949 1074 3001; x_wconf 90' lang='lat' dir='ltr'>autem</span> <span class='ocrx_word' id='word_1_268' title='bbox 1097 2961 1162 3002; x_wconf 92' lang='lat' dir='ltr'>non</span> <span class='ocrx_word' id='word_1_269' title='bbox 1186 2940 1220 3002; x_wconf 93' lang='lat' dir='ltr'>in</span> <span class='ocrx_word' id='word_1_270' title='bbox 1244 2941 1398 3026; x_wconf 89' lang='lat' dir='ltr'>episcopo</span> <span class='ocrx_word' id='word_1_271' title='bbox 1422 2940 1565 3024; x_wconf 86' lang='lat' dir='ltr'>speciem</span> <span class='ocrx_word' id='word_1_272' title='bbox 1591 2939 1691 3002; x_wconf 89' lang='lat' dir='ltr'>Iudae</span> <span class='ocrx_word' id='word_1_273' title='bbox 1716 2941 1859 3025; x_wconf 87' lang='lat' dir='ltr'>requirit,</span> <span class='ocrx_word' id='word_1_274' title='bbox 1885 2940 1943 3004; x_wconf 86' lang='lat' dir='ltr'>sed</span> <span class='ocrx_word' id='word_1_275' title='bbox 1967 2941 2111 3026; x_wconf 87' lang='lat' dir='ltr'>speciem</span> 
     </span>
     <span class='ocr_line' id='line_1_24' title="bbox 367 3043 2109 3132; baseline 0.003 -29"><span class='ocrx_word' id='word_1_276' title='bbox 367 3065 438 3105; x_wconf 66' lang='lat' dir='ltr'>ura</span> <span class='ocrx_word' id='word_1_277' title='bbox 460 3045 558 3109; x_wconf 84' lang='lat' dir='ltr'>laceb</span> <span class='ocrx_word' id='word_1_278' title='bbox 577 3051 688 3132; x_wconf 79' lang='lat' dir='ltr'>&#39;quam</span> <span class='ocrx_word' id='word_1_279' title='bbox 713 3044 837 3109; x_wconf 84' lang='lat' dir='ltr'>dilexit.</span> <span class='ocrx_word' id='word_1_280' title='bbox 875 3043 1010 3130; x_wconf 85' lang='lat' dir='ltr'>Species</span> <span class='ocrx_word' id='word_1_281' title='bbox 1035 3067 1112 3130; x_wconf 89' lang='lat' dir='ltr'>ergo</span> <span class='ocrx_word' id='word_1_282' title='bbox 1137 3043 1236 3109; x_wconf 91' lang='lat' dir='ltr'>Iacob</span> <span class='ocrx_word' id='word_1_283' title='bbox 1261 3047 1293 3108; x_wconf 95' lang='lat' dir='ltr'>in</span> <span class='ocrx_word' id='word_1_284' title='bbox 1318 3048 1471 3131; x_wconf 87' lang='lat' dir='ltr'>episcopo</span> <span class='ocrx_word' id='word_1_285' title='bbox 1497 3046 1706 3131; x_wconf 86' lang='lat' dir='ltr'>exprimatur,</span> <span class='ocrx_word' id='word_1_286' title='bbox 1731 3047 1776 3109; x_wconf 90' lang='lat' dir='ltr'>ita</span> <span class='ocrx_word' id='word_1_287' title='bbox 1799 3057 1843 3126; x_wconf 90' lang='lat' dir='ltr'>ut,</span> <span class='ocrx_word' id='word_1_288' title='bbox 1870 3045 2031 3132; x_wconf 92' lang='lat' dir='ltr'>quomodo</span> <span class='ocrx_word' id='word_1_289' title='bbox 2055 3044 2109 3109; x_wconf 91' lang='lat' dir='ltr'>ille</span> 
     </span>
     <span class='ocr_line' id='line_1_25' title="bbox 458 3151 2156 3238; baseline -0.001 -22"><span class='ocrx_word' id='word_1_290' title='bbox 458 3153 545 3234; x_wconf 88' lang='lat' dir='ltr'>fecit,</span> <span class='ocrx_word' id='word_1_291' title='bbox 576 3151 730 3216; x_wconf 91' lang='lat' dir='ltr'>libentius</span> <span class='ocrx_word' id='word_1_292' title='bbox 753 3153 866 3238; x_wconf 90' lang='lat' dir='ltr'>fugiat,</span> <span class='ocrx_word' id='word_1_293' title='bbox 892 3164 933 3232; x_wconf 89' lang='lat' dir='ltr'>et,</span> <span class='ocrx_word' id='word_1_294' title='bbox 962 3153 989 3215; x_wconf 87' lang='lat' dir='ltr'>si</span> <span class='ocrx_word' id='word_1_295' title='bbox 1013 3173 1148 3215; x_wconf 87' lang='lat' dir='ltr'>necesse</span> <span class='ocrx_word' id='word_1_296' title='bbox 1173 3152 1280 3233; x_wconf 77' lang='lat' dir='ltr'>tuerit,</span> <span class='ocrx_word' id='word_1_297' title='bbox 1305 3151 1439 3216; x_wconf 88' lang='lat' dir='ltr'>exilium</span> <span class='ocrx_word' id='word_1_298' title='bbox 1463 3153 1614 3238; x_wconf 90' lang='lat' dir='ltr'>patiatur,</span> <span class='ocrx_word' id='word_1_299' title='bbox 1639 3175 1735 3238; x_wconf 88' lang='lat' dir='ltr'>quarn</span> <span class='ocrx_word' id='word_1_300' title='bbox 1759 3152 1877 3216; x_wconf 90' lang='lat' dir='ltr'>milites</span> <span class='ocrx_word' id='word_1_301' title='bbox 1902 3163 2043 3216; x_wconf 87' lang='lat' dir='ltr'>armatos</span> <span class='ocrx_word' id='word_1_302' title='bbox 2069 3153 2110 3216; x_wconf 87' lang='lat' dir='ltr'>de</span> <span class='ocrx_word' id='word_1_303' title='bbox 2130 3178 2156 3216; x_wconf 74' lang='lat' dir='ltr'>ss</span> 
     </span>
     <span class='ocr_line' id='line_1_26' title="bbox 459 3257 2110 3346; baseline -0.004 -23"><span class='ocrx_word' id='word_1_304' title='bbox 459 3282 638 3345; x_wconf 88' lang='lat' dir='ltr'>pauperum</span> <span class='ocrx_word' id='word_1_305' title='bbox 669 3258 839 3346; x_wconf 88' lang='lat' dir='ltr'>stipendiis</span> <span class='ocrx_word' id='word_1_306' title='bbox 870 3270 983 3344; x_wconf 88' lang='lat' dir='ltr'>pascat</span> <span class='ocrx_word' id='word_1_307' title='bbox 1015 3270 1046 3322; x_wconf 90' lang='lat' dir='ltr'>et</span> <span class='ocrx_word' id='word_1_308' title='bbox 1076 3260 1250 3340; x_wconf 89' lang='lat' dir='ltr'>ministros,</span> <span class='ocrx_word' id='word_1_309' title='bbox 1283 3281 1363 3344; x_wconf 90' lang='lat' dir='ltr'>quos</span> <span class='ocrx_word' id='word_1_310' title='bbox 1388 3257 1536 3322; x_wconf 79' lang='lat' dir='ltr'>Christus</span> <span class='ocrx_word' id='word_1_311' title='bbox 1565 3260 1598 3322; x_wconf 95' lang='lat' dir='ltr'>in</span> <span class='ocrx_word' id='word_1_312' title='bbox 1625 3271 1712 3322; x_wconf 88' lang='lat' dir='ltr'>terro</span> <span class='ocrx_word' id='word_1_313' title='bbox 1742 3257 1865 3323; x_wconf 89' lang='lat' dir='ltr'>habere</span> <span class='ocrx_word' id='word_1_314' title='bbox 1895 3259 2007 3338; x_wconf 88' lang='lat' dir='ltr'>noluit,</span> <span class='ocrx_word' id='word_1_315' title='bbox 2039 3260 2110 3345; x_wconf 82' lang='lat' dir='ltr'>ipsc</span> 
     </span>
     <span class='ocr_line' id='line_1_27' title="bbox 324 3364 2125 3452; baseline 0.003 -27"><span class='ocrx_word' id='word_1_316' title='bbox 324 3387 439 3436; x_wconf 60' lang='lat' dir='ltr'>masna.</span> <span class='ocrx_word' id='word_1_317' title='bbox 458 3365 581 3430; x_wconf 88' lang='lat' dir='ltr'>habens</span> <span class='ocrx_word' id='word_1_318' title='bbox 612 3389 747 3452; x_wconf 89' lang='lat' dir='ltr'>regnum</span> <span class='ocrx_word' id='word_1_319' title='bbox 779 3364 820 3430; x_wconf 89' lang='lat' dir='ltr'>de</span> <span class='ocrx_word' id='word_1_320' title='bbox 851 3366 913 3430; x_wconf 91' lang='lat' dir='ltr'>hoc</span> <span class='ocrx_word' id='word_1_321' title='bbox 942 3365 1064 3430; x_wconf 91' lang='lat' dir='ltr'>mundo</span> <span class='ocrx_word' id='word_1_322' title='bbox 1094 3367 1244 3430; x_wconf 89' lang='lat' dir='ltr'>asciscat.</span> <span class='ocrx_word' id='word_1_323' title='bbox 1293 3365 1328 3430; x_wconf 82' lang='lat' dir='ltr'>si</span> <span class='ocrx_word' id='word_1_324' title='bbox 1360 3388 1496 3451; x_wconf 91' lang='lat' dir='ltr'>regnum</span> <span class='ocrx_word' id='word_1_325' title='bbox 1521 3364 1641 3429; x_wconf 82' lang='lat' dir='ltr'>Christi</span> <span class='ocrx_word' id='word_1_326' title='bbox 1672 3366 1713 3429; x_wconf 92' lang='lat' dir='ltr'>de</span> <span class='ocrx_word' id='word_1_327' title='bbox 1745 3365 1805 3430; x_wconf 88' lang='lat' dir='ltr'>hoe</span> <span class='ocrx_word' id='word_1_328' title='bbox 1832 3366 1953 3430; x_wconf 90' lang='lat' dir='ltr'>mundo</span> <span class='ocrx_word' id='word_1_329' title='bbox 1984 3367 2125 3439; x_wconf 66' lang='lat' dir='ltr'>fuisset,</span> 
     </span>
     <span class='ocr_line' id='line_1_28' title="bbox 458 3471 2108 3560; baseline 0 -24"><span class='ocrx_word' id='word_1_330' title='bbox 458 3473 595 3537; x_wconf 90' lang='lat' dir='ltr'>ministri</span> <span class='ocrx_word' id='word_1_331' title='bbox 618 3475 729 3559; x_wconf 91' lang='lat' dir='ltr'>utique</span> <span class='ocrx_word' id='word_1_332' title='bbox 755 3474 804 3536; x_wconf 89' lang='lat' dir='ltr'>sui</span> <span class='ocrx_word' id='word_1_333' title='bbox 830 3471 1062 3554; x_wconf 83' lang='lat' dir='ltr'>decertassent,</span> <span class='ocrx_word' id='word_1_334' title='bbox 1086 3483 1209 3536; x_wconf 90' lang='lat' dir='ltr'>utnon</span> <span class='ocrx_word' id='word_1_335' title='bbox 1233 3472 1418 3537; x_wconf 89' lang='lat' dir='ltr'>traderetur</span> <span class='ocrx_word' id='word_1_336' title='bbox 1433 3472 1552 3535; x_wconf 89' lang='lat' dir='ltr'>Iudeis.</span> <span class='ocrx_word' id='word_1_337' title='bbox 1590 3471 1656 3536; x_wconf 87' lang='lat' dir='ltr'>Sed</span> <span class='ocrx_word' id='word_1_338' title='bbox 1679 3474 1756 3559; x_wconf 87' lang='lat' dir='ltr'>quia</span> <span class='ocrx_word' id='word_1_339' title='bbox 1781 3497 1917 3560; x_wconf 86' lang='lat' dir='ltr'>regnum</span> <span class='ocrx_word' id='word_1_340' title='bbox 1935 3497 2028 3538; x_wconf 87' lang='lat' dir='ltr'>suurn</span> <span class='ocrx_word' id='word_1_341' title='bbox 2044 3497 2108 3538; x_wconf 94' lang='lat' dir='ltr'>non</span> 
     </span>
     <span class='ocr_line' id='line_1_29' title="bbox 458 3578 2109 3666; baseline 0.001 -23"><span class='ocrx_word' id='word_1_342' title='bbox 458 3591 528 3643; x_wconf 93' lang='lat' dir='ltr'>orat</span> <span class='ocrx_word' id='word_1_343' title='bbox 554 3580 595 3643; x_wconf 92' lang='lat' dir='ltr'>de</span> <span class='ocrx_word' id='word_1_344' title='bbox 623 3579 684 3644; x_wconf 91' lang='lat' dir='ltr'>hoc</span> <span class='ocrx_word' id='word_1_345' title='bbox 712 3579 843 3662; x_wconf 88' lang='lat' dir='ltr'>munda,</span> <span class='ocrx_word' id='word_1_346' title='bbox 875 3602 939 3643; x_wconf 88' lang='lat' dir='ltr'>non</span> <span class='ocrx_word' id='word_1_347' title='bbox 968 3578 1082 3643; x_wconf 89' lang='lat' dir='ltr'>habuit</span> <span class='ocrx_word' id='word_1_348' title='bbox 1112 3581 1145 3643; x_wconf 93' lang='lat' dir='ltr'>in</span> <span class='ocrx_word' id='word_1_349' title='bbox 1169 3580 1230 3643; x_wconf 94' lang='lat' dir='ltr'>hoc</span> <span class='ocrx_word' id='word_1_350' title='bbox 1258 3579 1378 3643; x_wconf 91' lang='lat' dir='ltr'>mundo</span> <span class='ocrx_word' id='word_1_351' title='bbox 1409 3578 1527 3643; x_wconf 88' lang='lat' dir='ltr'>milites</span> <span class='ocrx_word' id='word_1_352' title='bbox 1559 3580 1803 3662; x_wconf 85' lang='lat' dir='ltr'>ministratores,</span> <span class='ocrx_word' id='word_1_353' title='bbox 1836 3580 1893 3644; x_wconf 89' lang='lat' dir='ltr'>sed</span> <span class='ocrx_word' id='word_1_354' title='bbox 1922 3605 2036 3666; x_wconf 89' lang='lat' dir='ltr'>passus</span> <span class='ocrx_word' id='word_1_355' title='bbox 2061 3595 2109 3645; x_wconf 88' lang='lat' dir='ltr'>est</span> 
     </span>
     <span class='ocr_line' id='line_1_30' title="bbox 458 3685 2155 3771; baseline 0.002 -22"><span class='ocrx_word' id='word_1_356' title='bbox 458 3709 513 3750; x_wconf 91' lang='lat' dir='ltr'>eos</span> <span class='ocrx_word' id='word_1_357' title='bbox 538 3688 676 3751; x_wconf 88' lang='lat' dir='ltr'>vestium</span> <span class='ocrx_word' id='word_1_358' title='bbox 701 3709 832 3750; x_wconf 85' lang='lat' dir='ltr'>suarum</span> <span class='ocrx_word' id='word_1_359' title='bbox 857 3685 1015 3750; x_wconf 82' lang='lat' dir='ltr'>divisores</span> <span class='ocrx_word' id='word_1_360' title='bbox 1041 3697 1072 3749; x_wconf 88' lang='lat' dir='ltr'>et</span> <span class='ocrx_word' id='word_1_361' title='bbox 1096 3687 1240 3771; x_wconf 88' lang='lat' dir='ltr'>corporis</span> <span class='ocrx_word' id='word_1_362' title='bbox 1264 3688 1314 3749; x_wconf 89' lang='lat' dir='ltr'>sui</span> <span class='ocrx_word' id='word_1_363' title='bbox 1338 3685 1558 3750; x_wconf 86' lang='lat' dir='ltr'>crucifixores.</span> <span class='ocrx_word' id='word_1_364' title='bbox 2129 3715 2155 3752; x_wconf 76' lang='lat' dir='ltr'>ao</span> 
     </span>
     <span class='ocr_line' id='line_1_31' title="bbox 565 3792 2109 3880; baseline 0.001 -23"><span class='ocrx_word' id='word_1_365' title='bbox 565 3793 655 3874; x_wconf 79' lang='lat' dir='ltr'>Quos</span> <span class='ocrx_word' id='word_1_366' title='bbox 680 3795 778 3857; x_wconf 87' lang='lat' dir='ltr'>etiam</span> <span class='ocrx_word' id='word_1_367' title='bbox 802 3816 905 3879; x_wconf 89' lang='lat' dir='ltr'>usque</span> <span class='ocrx_word' id='word_1_368' title='bbox 930 3792 1026 3856; x_wconf 89' lang='lat' dir='ltr'>hodie</span> <span class='ocrx_word' id='word_1_369' title='bbox 1051 3794 1182 3879; x_wconf 90' lang='lat' dir='ltr'>patitur,</span> <span class='ocrx_word' id='word_1_370' title='bbox 1214 3792 1291 3856; x_wconf 92' lang='lat' dir='ltr'>dum</span> <span class='ocrx_word' id='word_1_371' title='bbox 1314 3792 1451 3856; x_wconf 84' lang='lat' dir='ltr'>facultas</span> <span class='ocrx_word' id='word_1_372' title='bbox 1477 3792 1699 3878; x_wconf 76' lang='lat' dir='ltr'>ecclesiastiea</span> <span class='ocrx_word' id='word_1_373' title='bbox 1723 3817 1782 3880; x_wconf 89' lang='lat' dir='ltr'>per</span> <span class='ocrx_word' id='word_1_374' title='bbox 1803 3793 1921 3858; x_wconf 88' lang='lat' dir='ltr'>milites</span> <span class='ocrx_word' id='word_1_375' title='bbox 1944 3793 2109 3858; x_wconf 88' lang='lat' dir='ltr'>distribui-</span> 
     </span>
     <span class='ocr_line' id='line_1_32' title="bbox 458 3899 2107 3986; baseline 0 -22"><span class='ocrx_word' id='word_1_376' title='bbox 458 3911 510 3964; x_wconf 88' lang='lat' dir='ltr'>tur</span> <span class='ocrx_word' id='word_1_377' title='bbox 534 3911 565 3964; x_wconf 90' lang='lat' dir='ltr'>et</span> <span class='ocrx_word' id='word_1_378' title='bbox 588 3899 757 3980; x_wconf 83' lang='lat' dir='ltr'>aecclesia,</span> <span class='ocrx_word' id='word_1_379' title='bbox 784 3922 868 3986; x_wconf 89' lang='lat' dir='ltr'>quae</span> <span class='ocrx_word' id='word_1_380' title='bbox 885 3923 1002 3985; x_wconf 88' lang='lat' dir='ltr'>corpus</span> <span class='ocrx_word' id='word_1_381' title='bbox 1018 3900 1120 3985; x_wconf 88' lang='lat' dir='ltr'>ipsius</span> <span class='ocrx_word' id='word_1_382' title='bbox 1137 3909 1195 3980; x_wconf 89' lang='lat' dir='ltr'>est,</span> <span class='ocrx_word' id='word_1_383' title='bbox 1220 3922 1285 3962; x_wconf 91' lang='lat' dir='ltr'>non</span> <span class='ocrx_word' id='word_1_384' title='bbox 1309 3899 1409 3962; x_wconf 89' lang='lat' dir='ltr'>solum</span> <span class='ocrx_word' id='word_1_385' title='bbox 1431 3899 1591 3985; x_wconf 88' lang='lat' dir='ltr'>corporali</span> <span class='ocrx_word' id='word_1_386' title='bbox 1607 3910 1752 3984; x_wconf 85' lang='lat' dir='ltr'>egestate</span> <span class='ocrx_word' id='word_1_387' title='bbox 1776 3902 1809 3963; x_wconf 90' lang='lat' dir='ltr'>in</span> <span class='ocrx_word' id='word_1_388' title='bbox 1825 3900 1942 3982; x_wconf 71' lang='lat' dir='ltr'>viduiS,</span> <span class='ocrx_word' id='word_1_389' title='bbox 1967 3900 2107 3986; x_wconf 88' lang='lat' dir='ltr'>pupillis,</span> 
     </span>
     <span class='ocr_line' id='line_1_33' title="bbox 459 4003 2108 4093; baseline -0.002 -21"><span class='ocrx_word' id='word_1_390' title='bbox 459 4008 638 4093; x_wconf 87' lang='lat' dir='ltr'>peregrinis</span> <span class='ocrx_word' id='word_1_391' title='bbox 670 4008 851 4092; x_wconf 87' lang='lat' dir='ltr'>ceterisque</span> <span class='ocrx_word' id='word_1_392' title='bbox 882 4005 1082 4092; x_wconf 89' lang='lat' dir='ltr'>pauperibus</span> <span class='ocrx_word' id='word_1_393' title='bbox 1113 4028 1172 4092; x_wconf 89' lang='lat' dir='ltr'>per</span> <span class='ocrx_word' id='word_1_394' title='bbox 1195 4005 1256 4069; x_wconf 91' lang='lat' dir='ltr'>hoc</span> <span class='ocrx_word' id='word_1_395' title='bbox 1287 4003 1451 4090; x_wconf 88' lang='lat' dir='ltr'>affligitur,</span> <span class='ocrx_word' id='word_1_396' title='bbox 1484 4005 1541 4069; x_wconf 85' lang='lat' dir='ltr'>scd</span> <span class='ocrx_word' id='word_1_397' title='bbox 1572 4019 1604 4070; x_wconf 90' lang='lat' dir='ltr'>et</span> <span class='ocrx_word' id='word_1_398' title='bbox 1634 4009 1666 4070; x_wconf 92' lang='lat' dir='ltr'>in</span> <span class='ocrx_word' id='word_1_399' title='bbox 1698 4007 1915 4092; x_wconf 88' lang='lat' dir='ltr'>perfectorum</span> <span class='ocrx_word' id='word_1_400' title='bbox 1946 4007 2108 4072; x_wconf 87' lang='lat' dir='ltr'>mentibus</span> 
     </span>
     <span class='ocr_line' id='line_1_34' title="bbox 457 4112 2109 4200; baseline 0.001 -24"><span class='ocrx_word' id='word_1_401' title='bbox 457 4112 562 4178; x_wconf 86' lang='lat' dir='ltr'>zelum</span> <span class='ocrx_word' id='word_1_402' title='bbox 586 4113 650 4176; x_wconf 90' lang='lat' dir='ltr'>Dei</span> <span class='ocrx_word' id='word_1_403' title='bbox 681 4112 876 4177; x_wconf 90' lang='lat' dir='ltr'>habentibus</span> <span class='ocrx_word' id='word_1_404' title='bbox 907 4113 989 4177; x_wconf 90' lang='lat' dir='ltr'>miro</span> <span class='ocrx_word' id='word_1_405' title='bbox 1021 4115 1166 4177; x_wconf 87' lang='lat' dir='ltr'>cruciatu</span> <span class='ocrx_word' id='word_1_406' title='bbox 1198 4113 1406 4197; x_wconf 88' lang='lat' dir='ltr'>crucifigitur,</span> <span class='ocrx_word' id='word_1_407' title='bbox 1437 4136 1502 4176; x_wconf 95' lang='lat' dir='ltr'>non</span> <span class='ocrx_word' id='word_1_408' title='bbox 1526 4123 1650 4177; x_wconf 87' lang='lat' dir='ltr'>tantum</span> <span class='ocrx_word' id='word_1_409' title='bbox 1673 4137 1693 4176; x_wconf 88' lang='lat' dir='ltr'>a</span> <span class='ocrx_word' id='word_1_410' title='bbox 1717 4112 1872 4177; x_wconf 89' lang='lat' dir='ltr'>militibus</span> <span class='ocrx_word' id='word_1_411' title='bbox 1896 4114 2109 4200; x_wconf 90' lang='lat' dir='ltr'>corporaliter</span> 
     </span>
     <span class='ocr_line' id='line_1_35' title="bbox 458 4218 2153 4307; baseline 0.001 -23"><span class='ocrx_word' id='word_1_412' title='bbox 458 4243 530 4284; x_wconf 92' lang='lat' dir='ltr'>eam</span> <span class='ocrx_word' id='word_1_413' title='bbox 561 4219 758 4283; x_wconf 89' lang='lat' dir='ltr'>nudantibus</span> <span class='ocrx_word' id='word_1_414' title='bbox 790 4231 821 4282; x_wconf 90' lang='lat' dir='ltr'>et</span> <span class='ocrx_word' id='word_1_415' title='bbox 854 4219 955 4283; x_wconf 86' lang='lat' dir='ltr'>clavis</span> <span class='ocrx_word' id='word_1_416' title='bbox 985 4219 1230 4283; x_wconf 89' lang='lat' dir='ltr'>tribulationum</span> <span class='ocrx_word' id='word_1_417' title='bbox 1262 4218 1508 4304; x_wconf 86' lang='lat' dir='ltr'>configentibus,</span> <span class='ocrx_word' id='word_1_418' title='bbox 1541 4230 1697 4304; x_wconf 88' lang='lat' dir='ltr'>quantum</span> <span class='ocrx_word' id='word_1_419' title='bbox 1722 4244 1741 4284; x_wconf 87' lang='lat' dir='ltr'>a</span> <span class='ocrx_word' id='word_1_420' title='bbox 1764 4219 1971 4306; x_wconf 86' lang='lat' dir='ltr'>pontificibus</span> <span class='ocrx_word' id='word_1_421' title='bbox 2001 4223 2106 4307; x_wconf 87' lang='lat' dir='ltr'>ipsum</span> <span class='ocrx_word' id='word_1_422' title='bbox 2128 4247 2153 4286; x_wconf 80' lang='lat' dir='ltr'>ao</span> 
     </span>
     <span class='ocr_line' id='line_1_36' title="bbox 457 4324 2107 4414; baseline 0.001 -24"><span class='ocrx_word' id='word_1_423' title='bbox 457 4350 516 4412; x_wconf 91' lang='lat' dir='ltr'>per</span> <span class='ocrx_word' id='word_1_424' title='bbox 538 4325 709 4390; x_wconf 88' lang='lat' dir='ltr'>facultates</span> <span class='ocrx_word' id='word_1_425' title='bbox 735 4326 893 4390; x_wconf 87' lang='lat' dir='ltr'>ecclesiae</span> <span class='ocrx_word' id='word_1_426' title='bbox 917 4327 951 4390; x_wconf 94' lang='lat' dir='ltr'>in</span> <span class='ocrx_word' id='word_1_427' title='bbox 974 4350 1088 4390; x_wconf 87' lang='lat' dir='ltr'>manus</span> <span class='ocrx_word' id='word_1_428' title='bbox 1105 4325 1241 4390; x_wconf 88' lang='lat' dir='ltr'>militurn</span> <span class='ocrx_word' id='word_1_429' title='bbox 1259 4324 1470 4390; x_wconf 88' lang='lat' dir='ltr'>tradentibus.</span> <span class='ocrx_word' id='word_1_430' title='bbox 1507 4325 1591 4388; x_wconf 89' lang='lat' dir='ltr'>Nam</span> <span class='ocrx_word' id='word_1_431' title='bbox 1615 4326 1732 4390; x_wconf 89' lang='lat' dir='ltr'>milites</span> <span class='ocrx_word' id='word_1_432' title='bbox 1758 4349 1821 4390; x_wconf 94' lang='lat' dir='ltr'>non</span> <span class='ocrx_word' id='word_1_433' title='bbox 1845 4327 2004 4392; x_wconf 90' lang='lat' dir='ltr'>haherent</span> <span class='ocrx_word' id='word_1_434' title='bbox 2019 4339 2107 4414; x_wconf 91' lang='lat' dir='ltr'>pote-</span> 
     </span>
    </p>
   </div>
   <div class='ocr_carea' id='block_1_4' title="bbox 321 4529 2154 5462">
    <p class='ocr_par' dir='ltr' id='par_1_5' title="bbox 321 4529 2154 5462">
     <span class='ocr_line' id='line_1_37' title="bbox 456 4529 2108 4606; baseline 0.002 -20"><span class='ocrx_word' id='word_1_435' title='bbox 456 4531 578 4588; x_wconf 79' lang='lat' dir='ltr'>tautibus</span> <span class='ocrx_word' id='word_1_436' title='bbox 603 4529 729 4588; x_wconf 80' lang='lat' dir='ltr'>Clemens</span> <span class='ocrx_word' id='word_1_437' title='bbox 754 4531 906 4606; x_wconf 56' lang='lat' dir='ltr'>piscopos.</span> <span class='ocrx_word' id='word_1_438' title='bbox 952 4530 1109 4588; x_wconf 72' lang='lat' dir='ltr'>Cenomanis</span> <span class='ocrx_word' id='word_1_439' title='bbox 1132 4530 1198 4599; x_wconf 78' lang='lat' dir='ltr'>vita,</span> <span class='ocrx_word' id='word_1_440' title='bbox 1225 4531 1350 4601; x_wconf 78' lang='lat' dir='ltr'>fratres,</span> <span class='ocrx_word' id='word_1_441' title='bbox 1382 4529 1505 4586; x_wconf 70' lang='lat' dir='ltr'>circuibas</span> <span class='ocrx_word' id='word_1_442' title='bbox 1529 4539 1569 4586; x_wconf 82' lang='lat' dir='ltr'>cst</span> <span class='ocrx_word' id='word_1_443' title='bbox 1590 4532 1761 4601; x_wconf 70' lang='lat' dir='ltr'>rretnsaore&#39;c,</span> <span class='ocrx_word' id='word_1_444' title='bbox 1788 4563 1831 4570; x_wconf 90' lang='lat'><strong>—</strong></span> <span class='ocrx_word' id='word_1_445' title='bbox 1853 4564 1896 4572; x_wconf 90' lang='lat'><em>-</em></span> <span class='ocrx_word' id='word_1_446' title='bbox 1927 4541 1952 4590; x_wconf 87' lang='lat' dir='ltr'>et</span> <span class='ocrx_word' id='word_1_447' title='bbox 1973 4534 2013 4590; x_wconf 81' lang='lat' dir='ltr'>sic</span> <span class='ocrx_word' id='word_1_448' title='bbox 2035 4535 2108 4590; x_wconf 79' lang='lat' dir='ltr'>inter</span> 
     </span>
     <span class='ocr_line' id='line_1_38' title="bbox 459 4632 2108 4710; baseline 0.002 -18"><span class='ocrx_word' id='word_1_449' title='bbox 459 4639 589 4694; x_wconf 79' lang='lat' dir='ltr'>niortulcs</span> <span class='ocrx_word' id='word_1_450' title='bbox 606 4638 695 4709; x_wconf 84' lang='lat' dir='ltr'>sucta</span> <span class='ocrx_word' id='word_1_451' title='bbox 719 4638 816 4694; x_wconf 81' lang='lat' dir='ltr'>divisio</span> <span class='ocrx_word' id='word_1_452' title='bbox 840 4647 887 4695; x_wconf 82' lang='lat' dir='ltr'>est.</span> <span class='ocrx_word' id='word_1_453' title='bbox 934 4641 972 4693; x_wconf 87' lang='lat' dir='ltr'>Et</span> <span class='ocrx_word' id='word_1_454' title='bbox 995 4647 1060 4710; x_wconf 89' lang='lat' dir='ltr'>post</span> <span class='ocrx_word' id='word_1_455' title='bbox 1084 4632 1210 4709; x_wconf 87' lang='lat' dir='ltr'>pauca¹:</span> <span class='ocrx_word' id='word_1_456' title='bbox 1236 4637 1320 4693; x_wconf 76' lang='lat' dir='ltr'>latitas</span> <span class='ocrx_word' id='word_1_457' title='bbox 1344 4637 1548 4692; x_wconf 60' lang='lat' dir='ltr'>(eonsuetudines</span> <span class='ocrx_word' id='word_1_458' title='bbox 1571 4655 1648 4694; x_wconf 71' lang='lat' dir='ltr'>litore</span> <span class='ocrx_word' id='word_1_459' title='bbox 1666 4645 1772 4695; x_wconf 81' lang='lat' dir='ltr'>retento</span> <span class='ocrx_word' id='word_1_460' title='bbox 1796 4670 1839 4678; x_wconf 91' lang='grc'>-</span> <span class='ocrx_word' id='word_1_461' title='bbox 1855 4671 1893 4678; x_wconf 95' lang='grc'>-</span> <span class='ocrx_word' id='word_1_462' title='bbox 1919 4641 1971 4696; x_wconf 80' lang='lat' dir='ltr'>aed</span> <span class='ocrx_word' id='word_1_463' title='bbox 1984 4641 2108 4697; x_wconf 74' lang='lat' dir='ltr'>otrrnibus</span> 
     </span>
     <span class='ocr_line' id='line_1_39' title="bbox 456 4744 751 4819; baseline 0 -19"><span class='ocrx_word' id='word_1_464' title='bbox 456 4744 657 4819; x_wconf 79' lang='lat' dir='ltr'>praedicanda</span> <span class='ocrx_word' id='word_1_465' title='bbox 679 4753 751 4802; x_wconf 75' lang='lat' dir='ltr'>aurat.</span> 
     </span>
     <span class='ocr_line' id='line_1_40' title="bbox 387 4847 2154 4926; baseline 0.003 -22"><span class='ocrx_word' id='word_1_466' title='bbox 387 4867 441 4910; x_wconf 74' lang='lat' dir='ltr'>trs.</span> <span class='ocrx_word' id='word_1_467' title='bbox 566 4852 741 4924; x_wconf 80' lang='lat' dir='ltr'>Augustinus</span> <span class='ocrx_word' id='word_1_468' title='bbox 765 4854 792 4906; x_wconf 93' lang='lat' dir='ltr'>in</span> <span class='ocrx_word' id='word_1_469' title='bbox 816 4854 886 4906; x_wconf 91' lang='lat' dir='ltr'>libro</span> <span class='ocrx_word' id='word_1_470' title='bbox 911 4851 1039 4906; x_wconf 47' lang='lat' dir='ltr'>(sontes.</span> <span class='ocrx_word' id='word_1_471' title='bbox 1059 4847 1183 4905; x_wconf 61' lang='lat' dir='ltr'>v,111⁰.²:</span> <span class='ocrx_word' id='word_1_472' title='bbox 1217 4849 1267 4906; x_wconf 81' lang='lat' dir='ltr'>Eae</span> <span class='ocrx_word' id='word_1_473' title='bbox 1298 4851 1437 4906; x_wconf 81' lang='lat' dir='ltr'>uoluntate</span> <span class='ocrx_word' id='word_1_474' title='bbox 1453 4869 1596 4926; x_wconf 59' lang='lat' dir='ltr'>perrierus.</span> <span class='ocrx_word' id='word_1_475' title='bbox 1613 4853 1701 4922; x_wconf 55' lang='lat' dir='ltr'>‚factu</span> <span class='ocrx_word' id='word_1_476' title='bbox 1726 4862 1766 4908; x_wconf 77' lang='lat' dir='ltr'>ast</span> <span class='ocrx_word' id='word_1_477' title='bbox 1788 4852 1870 4908; x_wconf 79' lang='lat' dir='ltr'>libido</span> <span class='ocrx_word' id='word_1_478' title='bbox 1894 4885 1936 4892; x_wconf 89' lang='lat'><em>-</em></span> <span class='ocrx_word' id='word_1_479' title='bbox 1960 4884 2003 4893; x_wconf 92' lang='lat'><strong>—</strong></span> <span class='ocrx_word' id='word_1_480' title='bbox 2020 4855 2109 4925; x_wconf 79' lang='lat' dir='ltr'>sorta</span> <span class='ocrx_word' id='word_1_481' title='bbox 2127 4873 2154 4911; x_wconf 75' lang='lat' dir='ltr'>to</span> 
     </span>
     <span class='ocr_line' id='line_1_41' title="bbox 460 4958 2108 5028; baseline 0.002 -16"><span class='ocrx_word' id='word_1_482' title='bbox 460 4966 499 5013; x_wconf 82' lang='lat' dir='ltr'>eat</span> <span class='ocrx_word' id='word_1_483' title='bbox 522 4958 679 5014; x_wconf 75' lang='lat' dir='ltr'>necessitas.</span> <span class='ocrx_word' id='word_1_484' title='bbox 730 4960 890 5013; x_wconf 80' lang='lat' dir='ltr'>Notandum</span> <span class='ocrx_word' id='word_1_485' title='bbox 916 4967 969 5026; x_wconf 87' lang='lat' dir='ltr'>cst,</span> <span class='ocrx_word' id='word_1_486' title='bbox 996 4959 1070 5028; x_wconf 82' lang='lat' dir='ltr'>quod</span> <span class='ocrx_word' id='word_1_487' title='bbox 1094 4959 1158 5012; x_wconf 85' lang='lat' dir='ltr'>talis</span> <span class='ocrx_word' id='word_1_488' title='bbox 1181 4958 1336 5013; x_wconf 86' lang='lat' dir='ltr'>necessitas</span> <span class='ocrx_word' id='word_1_489' title='bbox 1367 4976 1423 5012; x_wconf 89' lang='lat' dir='ltr'>non</span> <span class='ocrx_word' id='word_1_490' title='bbox 1447 4959 1525 5014; x_wconf 89' lang='lat' dir='ltr'>valet</span> <span class='ocrx_word' id='word_1_491' title='bbox 1556 4960 1591 5014; x_wconf 85' lang='lat' dir='ltr'>atl</span> <span class='ocrx_word' id='word_1_492' title='bbox 1624 4962 1828 5026; x_wconf 69' lang='lat' dir='ltr'>excusandum,</span> <span class='ocrx_word' id='word_1_493' title='bbox 1860 4963 1910 5015; x_wconf 89' lang='lat' dir='ltr'>sed</span> <span class='ocrx_word' id='word_1_494' title='bbox 1942 4963 1977 5016; x_wconf 78' lang='lat' dir='ltr'>tle</span> <span class='ocrx_word' id='word_1_495' title='bbox 2001 4962 2054 5016; x_wconf 89' lang='lat' dir='ltr'>hac</span> <span class='ocrx_word' id='word_1_496' title='bbox 2079 4970 2108 5016; x_wconf 88' lang='lat' dir='ltr'>ct</span> 
     </span>
     <span class='ocr_line' id='line_1_42' title="bbox 321 5063 2108 5139; baseline 0.003 -22"><span class='ocrx_word' id='word_1_497' title='bbox 321 5081 508 5135; x_wconf 72' lang='lat' dir='ltr'>1³s.at‚1t.pro</span> <span class='ocrx_word' id='word_1_498' title='bbox 532 5066 583 5120; x_wconf 94' lang='lat' dir='ltr'>hac</span> <span class='ocrx_word' id='word_1_499' title='bbox 608 5084 669 5120; x_wconf 85' lang='lat' dir='ltr'>cum</span> <span class='ocrx_word' id='word_1_500' title='bbox 693 5067 839 5136; x_wconf 73' lang='lat' dir='ltr'>lrsalrnista</span> <span class='ocrx_word' id='word_1_501' title='bbox 863 5075 906 5118; x_wconf 84' lang='lat' dir='ltr'>cst</span> <span class='ocrx_word' id='word_1_502' title='bbox 930 5065 1120 5119; x_wconf 81' lang='lat' dir='ltr'>clamanthun:</span> <span class='ocrx_word' id='word_1_503' title='bbox 1147 5064 1192 5120; x_wconf 86' lang='lat' dir='ltr'>Dc</span> <span class='ocrx_word' id='word_1_504' title='bbox 1215 5063 1420 5120; x_wconf 78' lang='lat' dir='ltr'>rrccesaitutibua</span> <span class='ocrx_word' id='word_1_505' title='bbox 1443 5063 1509 5120; x_wconf 73' lang='lat' dir='ltr'>tricis</span> <span class='ocrx_word' id='word_1_506' title='bbox 1533 5085 1598 5122; x_wconf 74' lang='lat' dir='ltr'>errae</span> <span class='ocrx_word' id='word_1_507' title='bbox 1622 5086 1672 5134; x_wconf 74' lang='lat' dir='ltr'>rire,</span> <span class='ocrx_word' id='word_1_508' title='bbox 1697 5066 1826 5122; x_wconf 78' lang='lat' dir='ltr'>Dorrriae.</span> <span class='ocrx_word' id='word_1_509' title='bbox 1874 5067 2027 5139; x_wconf 85' lang='lat' dir='ltr'>Gregorius</span> <span class='ocrx_word' id='word_1_510' title='bbox 2042 5068 2108 5123; x_wconf 90' lang='lat' dir='ltr'>VII.</span> 
     </span>
     <span class='ocr_line' id='line_1_43' title="bbox 459 5167 2108 5249; baseline 0.003 -23"><span class='ocrx_word' id='word_1_511' title='bbox 459 5171 622 5226; x_wconf 82' lang='lat' dir='ltr'>Gwimannc</span> <span class='ocrx_word' id='word_1_512' title='bbox 647 5172 792 5226; x_wconf 84' lang='lat' dir='ltr'>Aversano</span> <span class='ocrx_word' id='word_1_513' title='bbox 816 5167 984 5242; x_wconf 59' lang='lat' dir='ltr'>episcopal:</span> <span class='ocrx_word' id='word_1_514' title='bbox 1016 5169 1049 5226; x_wconf 74' lang='lat' dir='ltr'>Si</span> <span class='ocrx_word' id='word_1_515' title='bbox 1071 5169 1292 5226; x_wconf 69' lang='lat' dir='ltr'>coameacdinaa</span> <span class='ocrx_word' id='word_1_516' title='bbox 1310 5170 1441 5240; x_wconf 79' lang='lat' dir='ltr'>sortasse</span> <span class='ocrx_word' id='word_1_517' title='bbox 1464 5172 1590 5246; x_wconf 83' lang='lat' dir='ltr'>opponis,</span> <span class='ocrx_word' id='word_1_518' title='bbox 1615 5174 1817 5228; x_wconf 75' lang='lat' dir='ltr'>advertendum</span> <span class='ocrx_word' id='word_1_519' title='bbox 1834 5173 1931 5243; x_wconf 79' lang='lat' dir='ltr'>fucrit</span> <span class='ocrx_word' id='word_1_520' title='bbox 1952 5176 2028 5249; x_wconf 83' lang='lat' dir='ltr'>quod</span> <span class='ocrx_word' id='word_1_521' title='bbox 2048 5175 2108 5232; x_wconf 88' lang='lat' dir='ltr'>Dc-</span> 
     </span>
     <span class='ocr_line' id='line_1_44' title="bbox 323 5276 2110 5362; baseline 0.004 -31"><span class='ocrx_word' id='word_1_522' title='bbox 323 5293 439 5343; x_wconf 60' lang='lat' dir='ltr'>ronnas.</span> <span class='ocrx_word' id='word_1_523' title='bbox 459 5277 549 5334; x_wconf 77' lang='lat' dir='ltr'>mitius</span> <span class='ocrx_word' id='word_1_524' title='bbox 572 5278 653 5333; x_wconf 65' lang='lat' dir='ltr'>‹tit-ie:</span> <span class='ocrx_word' id='word_1_525' title='bbox 678 5277 752 5354; x_wconf 77' lang='lat' dir='ltr'>‘Epo</span> <span class='ocrx_word' id='word_1_526' title='bbox 775 5299 834 5334; x_wconf 71' lang='lat' dir='ltr'>statu</span> <span class='ocrx_word' id='word_1_527' title='bbox 859 5277 1010 5362; x_wconf 43' lang='lat' dir='ltr'>veritum..</span> <span class='ocrx_word' id='word_1_528' title='bbox 1032 5277 1098 5333; x_wconf 83' lang='lat' dir='ltr'>Nou</span> <span class='ocrx_word' id='word_1_529' title='bbox 1116 5277 1172 5333; x_wconf 83' lang='lat' dir='ltr'>ait:</span> <span class='ocrx_word' id='word_1_530' title='bbox 1197 5276 1271 5351; x_wconf 73' lang='lat' dir='ltr'>‘Epo</span> <span class='ocrx_word' id='word_1_531' title='bbox 1294 5297 1354 5332; x_wconf 77' lang='lat' dir='ltr'>sata</span> <span class='ocrx_word' id='word_1_532' title='bbox 1378 5280 1553 5346; x_wconf 72' lang='lat' dir='ltr'>conuictuclo,</span> <span class='ocrx_word' id='word_1_533' title='bbox 1577 5281 1629 5335; x_wconf 83' lang='lat' dir='ltr'>sed</span> <span class='ocrx_word' id='word_1_534' title='bbox 1644 5279 1772 5335; x_wconf 79' lang='lat' dir='ltr'>eer·itus&#39;.</span> <span class='ocrx_word' id='word_1_535' title='bbox 1822 5280 1862 5335; x_wconf 78' lang='lat' dir='ltr'>Er</span> <span class='ocrx_word' id='word_1_536' title='bbox 1880 5290 1961 5348; x_wconf 73' lang='lat' dir='ltr'>emta,</span> <span class='ocrx_word' id='word_1_537' title='bbox 1986 5290 2016 5336; x_wconf 84' lang='lat' dir='ltr'>nt</span> <span class='ocrx_word' id='word_1_538' title='bbox 2037 5281 2110 5338; x_wconf 82' lang='lat' dir='ltr'>beati</span> 
     </span>
     <span class='ocr_line' id='line_1_45' title="bbox 460 5382 2153 5462; baseline 0.002 -21"><span class='ocrx_word' id='word_1_539' title='bbox 460 5382 593 5459; x_wconf 81' lang='lat' dir='ltr'>Cipriuni</span> <span class='ocrx_word' id='word_1_540' title='bbox 613 5394 726 5440; x_wconf 69' lang='lat' dir='ltr'>ittuntur</span> <span class='ocrx_word' id='word_1_541' title='bbox 749 5383 895 5452; x_wconf 82' lang='lat' dir='ltr'>sententio,</span> <span class='ocrx_word' id='word_1_542' title='bbox 926 5383 1063 5459; x_wconf 79' lang='lat' dir='ltr'>quaelibet</span> <span class='ocrx_word' id='word_1_543' title='bbox 1092 5384 1266 5452; x_wconf 73' lang='lat' dir='ltr'>‹,·0ruuenoto,</span> <span class='ocrx_word' id='word_1_544' title='bbox 1298 5384 1474 5457; x_wconf 77' lang='lat' dir='ltr'>quarrtronois</span> <span class='ocrx_word' id='word_1_545' title='bbox 1499 5393 1612 5446; x_wconf 69' lang='lat' dir='ltr'>relucta,</span> <span class='ocrx_word' id='word_1_546' title='bbox 1644 5387 1820 5460; x_wconf 75' lang='lat' dir='ltr'>petunt-muris</span> <span class='ocrx_word' id='word_1_547' title='bbox 1845 5389 1966 5462; x_wconf 71' lang='lat' dir='ltr'>culpata,</span> <span class='ocrx_word' id='word_1_548' title='bbox 1999 5389 2110 5444; x_wconf 65' lang='lat' dir='ltr'>raritati</span> <span class='ocrx_word' id='word_1_549' title='bbox 2127 5407 2153 5444; x_wconf 76' lang='lat' dir='ltr'>to</span> 
     </span>
    </p>
   </div>
   <div class='ocr_carea' id='block_1_5' title="bbox 458 5489 1697 5566">
    <p class='ocr_par' dir='ltr' id='par_1_6' title="bbox 458 5489 1697 5566">
     <span class='ocr_line' id='line_1_46' title="bbox 458 5489 1697 5566; baseline 0 -19"><span class='ocrx_word' id='word_1_550' title='bbox 458 5491 570 5547; x_wconf 76' lang='lat' dir='ltr'>crrrrrino</span> <span class='ocrx_word' id='word_1_551' title='bbox 594 5500 633 5546; x_wconf 82' lang='lat' dir='ltr'>cst</span> <span class='ocrx_word' id='word_1_552' title='bbox 653 5491 866 5566; x_wconf 61' lang='lat' dir='ltr'>postposuerim</span> <span class='ocrx_word' id='word_1_553' title='bbox 891 5499 917 5546; x_wconf 84' lang='lat' dir='ltr'>et</span> <span class='ocrx_word' id='word_1_554' title='bbox 939 5511 1003 5546; x_wconf 73' lang='lat' dir='ltr'>ranas</span> <span class='ocrx_word' id='word_1_555' title='bbox 1026 5490 1074 5565; x_wconf 82' lang='lat' dir='ltr'>qui</span> <span class='ocrx_word' id='word_1_556' title='bbox 1096 5489 1208 5545; x_wconf 78' lang='lat' dir='ltr'>ueritati</span> <span class='ocrx_word' id='word_1_557' title='bbox 1231 5498 1271 5545; x_wconf 80' lang='lat' dir='ltr'>ast</span> <span class='ocrx_word' id='word_1_558' title='bbox 1293 5491 1452 5547; x_wconf 71' lang='lat' dir='ltr'>contronius</span> <span class='ocrx_word' id='word_1_559' title='bbox 1476 5501 1515 5546; x_wconf 78' lang='lat' dir='ltr'>ast</span> <span class='ocrx_word' id='word_1_560' title='bbox 1537 5492 1697 5548; x_wconf 78' lang='lat' dir='ltr'>abolendus.</span> 
     </span>
    </p>
   </div>
   <div class='ocr_carea' id='block_1_6' title="bbox 460 5647 2106 5830">
    <p class='ocr_par' dir='ltr' id='par_1_7' title="bbox 460 5647 2106 5830">
     <span class='ocr_line' id='line_1_47' title="bbox 570 5647 2106 5726; baseline 0.003 -21"><span class='ocrx_word' id='word_1_561' title='bbox 570 5651 597 5718; x_wconf 88' lang='lat' dir='ltr'>l)</span> <span class='ocrx_word' id='word_1_562' title='bbox 632 5650 784 5707; x_wconf 78' lang='lat' dir='ltr'>Hinschius</span> <span class='ocrx_word' id='word_1_563' title='bbox 809 5670 842 5724; x_wconf 83' lang='lat' dir='ltr'>p.</span> <span class='ocrx_word' id='word_1_564' title='bbox 861 5650 911 5705; x_wconf 84' lang='lat'>65.</span> <span class='ocrx_word' id='word_1_565' title='bbox 1028 5651 1057 5720; x_wconf 84' lang='lat'>2)</span> <span class='ocrx_word' id='word_1_566' title='bbox 1092 5649 1221 5721; x_wconf 58' lang='lat' dir='ltr'>(scrofa-ss.</span> <span class='ocrx_word' id='word_1_567' title='bbox 1247 5652 1264 5705; x_wconf 85' lang='lat' dir='ltr'>l.</span> <span class='ocrx_word' id='word_1_568' title='bbox 1285 5649 1365 5718; x_wconf 87' lang='lat' dir='ltr'><em>VIII,</em></span> <span class='ocrx_word' id='word_1_569' title='bbox 1391 5671 1413 5705; x_wconf 82' lang='lat' dir='ltr'>c.</span> <span class='ocrx_word' id='word_1_570' title='bbox 1440 5651 1468 5718; x_wconf 88' lang='lat'>5,</span> <span class='ocrx_word' id='word_1_571' title='bbox 1493 5647 1580 5722; x_wconf 59' lang='lat' dir='ltr'>§lib</span> <span class='ocrx_word' id='word_1_572' title='bbox 1615 5650 1688 5726; x_wconf 78' lang='lat' dir='ltr'>Opp.</span> <span class='ocrx_word' id='word_1_573' title='bbox 1714 5655 1756 5710; x_wconf 77' lang='lat' dir='ltr'>cd.</span> <span class='ocrx_word' id='word_1_574' title='bbox 1783 5654 1889 5709; x_wconf 63' lang='lat' dir='ltr'>stated.</span> <span class='ocrx_word' id='word_1_575' title='bbox 1916 5655 1939 5724; x_wconf 94' lang='lat' dir='ltr'>I,</span> <span class='ocrx_word' id='word_1_576' title='bbox 1965 5657 2014 5710; x_wconf 80' lang='lat' dir='ltr'>ccl.</span> <span class='ocrx_word' id='word_1_577' title='bbox 2035 5655 2106 5710; x_wconf 79' lang='lat'>148.</span> 
     </span>
     <span class='ocr_line' id='line_1_48' title="bbox 460 5756 1422 5830; baseline 0.001 -19"><span class='ocrx_word' id='word_1_578' title='bbox 460 5757 491 5830; x_wconf 82' lang='lat'>3)</span> <span class='ocrx_word' id='word_1_579' title='bbox 517 5756 601 5815; x_wconf 74' lang='lat' dir='ltr'>Grai.</span> <span class='ocrx_word' id='word_1_580' title='bbox 629 5757 702 5814; x_wconf 68' lang='lat' dir='ltr'>[list.</span> <span class='ocrx_word' id='word_1_581' title='bbox 725 5756 805 5826; x_wconf 85' lang='lat' dir='ltr'><em>VIII,</em></span> <span class='ocrx_word' id='word_1_582' title='bbox 831 5777 853 5811; x_wconf 78' lang='lat' dir='ltr'>c.</span> <span class='ocrx_word' id='word_1_583' title='bbox 873 5756 901 5826; x_wconf 85' lang='lat'>5,</span> <span class='ocrx_word' id='word_1_584' title='bbox 928 5760 1001 5813; x_wconf 67' lang='lat' dir='ltr'>uisite</span> <span class='ocrx_word' id='word_1_585' title='bbox 1023 5757 1114 5830; x_wconf 81' lang='lat' dir='ltr'>Juffe&#39;.</span> <span class='ocrx_word' id='word_1_586' title='bbox 1141 5756 1214 5812; x_wconf 79' lang='lat' dir='ltr'>Bill.</span> <span class='ocrx_word' id='word_1_587' title='bbox 1240 5757 1279 5826; x_wconf 91' lang='lat' dir='ltr'>II,</span> <span class='ocrx_word' id='word_1_588' title='bbox 1300 5777 1332 5830; x_wconf 86' lang='lat' dir='ltr'>p.</span> <span class='ocrx_word' id='word_1_589' title='bbox 1351 5757 1422 5812; x_wconf 78' lang='lat'>576.</span> 
     </span>
    </p>
   </div>
   <div class='ocr_carea' id='block_1_7' title="bbox 0 0 2278 6420">
    <p class='ocr_par' dir='ltr' id='par_1_8' title="bbox 0 0 2278 6420">
     <span class='ocr_line' id='line_1_49' title="bbox 0 0 2278 6420; baseline 0 0"><span class='ocrx_word' id='word_1_590' title='bbox 0 0 2278 6420; x_wconf 95' lang='lat' dir='ltr'> </span> 
     </span>
    </p>
   </div>
  </div>
 </body>
</html>
