4478 6396
717 395 956 452 OPUSCULUM
978 397 1031 449 DE
1056 394 1228 449 EDIFICIO
1254 395 1330 449 DEI.
1789 393 1850 455 173

195 581 323 644 canitur
345 582 381 644 in
397 582 558 646 aecclesia
575 581 630 645 illa
646 582 740 668 quasi
764 603 806 644 ex
822 604 886 645 uno
910 603 976 663 ore,
1001 593 1067 645 tam
1091 582 1125 644 in
1141 582 1232 646 vocis
1253 592 1380 644 matura
1404 593 1436 645 et
1460 605 1603 648 consona
1619 584 1849 668 modulatione,

196 709 293 772 quarn
317 688 351 752 in
376 711 503 753 morum
526 699 640 752 sancta
669 689 762 751 iuxta
785 686 992 751 claustralem
1023 687 1229 774 disciplinam
1260 690 1504 774 compositione.
1551 689 1590 752 In
1614 713 1689 776 qua,
1721 693 1748 754 si
1772 692 1850 778 quid

1932 783 1961 822 of.

195 792 303 859 adhuc
327 794 406 858 addi
430 806 568 882 oportet,
593 795 649 880 qui
673 795 782 881 coepit
805 795 875 880 ipse
899 794 1057 881 perficiet.
1870 836 2027 886 pumma,

304 921 357 983 65.
394 918 547 984 Gaudeat
571 942 648 1005 ergo
672 919 833 984 aeeclesia
858 920 959 983 sancti
984 917 1133 982 Fridiani
1155 918 1324 1000 Lucensis,
1349 942 1434 1005 quae
1457 918 1548 983 velut
1576 919 1718 985 hortus
1710 925 1851 1008 rrriguus

163 1025 361 1090 sRomanas
377 1049 508 1090 mensas
532 1025 573 1089 de
597 1027 663 1090 suis
687 1024 864 1112 locupletat
886 1024 1063 1109 fructibus3
1089 1025 1165 1089 dum
1189 1025 1265 1089 inde
1290 1025 1595 1113 quantuluscunque
1620 1021 1849 1094 canonicorum

195 1155 349 1196 numerus
374 1135 468 1218 quasi
492 1156 628 1219 parvum
653 1135 786 1218 synapis
810 1156 947 1218 granum
971 1133 1003 1197 in
1028 1133 1208 1196 Romanam
1231 1131 1425 1196 aecclesiam
1456 1143 1610 1219 tanquam
1641 1135 1674 1198 in
1697 1138 1850 1201 mortario

196 1239 430 1304 conterendum
455 1242 628 1304 mittitur¹z
653 1251 689 1304 ut
704 1240 785 1304 odor
799 1241 933 1303 notitiae
950 1236 1071 1303 Christi
1094 1261 1154 1325 per
1169 1238 1231 1302 hoc
1255 1238 1350 1324 longe
1374 1238 1503 1326 lateque
1521 1253 1702 1326 spargatur,
1721 1243 1850 1328 quando

195 1346 324 1433 inipso
348 1347 461 1410 mundi
486 1348 592 1433 capite
617 1345 797 1410 reflorescit
820 1345 899 1410 ordo
924 1346 1103 1410 communis
1127 1347 1225 1409 vitae.

305 1474 357 1535 66.
395 1470 488 1552 Quae
513 1471 667 1557 deinceps
692 1470 921 1558 acephalorum
945 1468 1040 1534 turba
1063 1483 1228 1556 presumet
1251 1471 1431 1534 Romanam
1455 1471 1649 1536 aecclesiam
1674 1473 1849 1560 appellare,

153 1603 178 1639 ro
199 1579 227 1640 si
250 1579 423 1664 episcopus
448 1578 626 1642 catholicus
648 1577 731 1659 illos,
756 1600 837 1663 quos
861 1601 903 1640 ex
928 1579 975 1640 eis
999 1591 1189 1642 convertere
1220 1601 1285 1642 non
1315 1589 1431 1663 potest,
1463 1577 1609 1643 abiciens
1632 1580 1733 1644 vitam
1765 1604 1850 1645 com-

200 1707 329 1748 munem
353 1695 385 1748 et
409 1684 621 1770 apostolicam
645 1685 791 1770 eoeperit
819 1684 1021 1748 reformare?
1069 1684 1105 1750 si
1135 1685 1335 1770 professores
1358 1686 1446 1748 vitae
1474 1686 1672 1771 apostolicae
1697 1709 1770 1750 curn
1796 1687 1849 1752 de-

200 1790 381 1855 fensoribus
397 1793 485 1856 vitae
509 1793 708 1878 apostaticae
725 1791 875 1855 venerint
862 1790 940 1854 tad
959 1790 1069 1854 sedem
1087 1791 1307 1877 apostolicam,
1332 1814 1417 1877 quac
1441 1793 1506 1855 iam
1529 1793 1563 1855 in
1586 1793 1659 1878 ipsa
1683 1816 1741 1857 sua
1764 1794 1849 1880 prin-

200 1898 296 1984 cipali
320 1898 481 1962 aecelcsia
503 1899 594 1962 fovet
616 1899 717 1964 vitam
748 1897 969 1984 apostolicam,
1001 1920 1096 1985 quae,
1126 1899 1297 1984 putas,in
1263 1898 1404 1961 msede
1434 1897 1490 1961 illa
1521 1921 1597 1984 pars
1627 1900 1849 1987 triumphabit,

199 2006 259 2068 nisi
277 2027 330 2069 cur
320 2004 469 2091 Symon
486 2006 602 2070 Petrus
626 2007 728 2091 gratis
753 2028 885 2069 causam
910 2027 1002 2069 suam
1026 2005 1186 2068 adiuvans
1209 2002 1358 2068 favebit?
1395 2004 1477 2085 Quis
1501 2016 1609 2069 autem
1634 2006 1851 2072 confundetur

156 2137 180 2174 rs
199 2125 231 2175 et
253 2115 347 2196 gravi
370 2135 448 2176 casu
465 2113 643 2197 frangetur,
667 2114 729 2176 nisi
753 2113 780 2175 is
805 2113 861 2199 qui
884 2114 917 2175 in
935 2112 1067 2175 civitate
1082 2111 1139 2176 illa
1154 2122 1320 2197 presumet
1335 2110 1478 2176 volatum
1502 2135 1594 2176 suurn
1616 2136 1690 2177 cum
1707 2114 1848 2200 Symone

200 2241 294 2304 mago
318 2230 431 2284 contra
447 2219 623 2306 Symonem
647 2242 801 2304 magnum
826 2219 1020 2301 extendere3
1045 2217 1100 2283 ubi
1125 2230 1158 2282 et
1180 2219 1249 2304 ipse
1266 2218 1383 2282 Petrus
1406 2218 1551 2304 presidet
1574 2219 1608 2282 in
1631 2219 1749 2285 domno
1773 2244 1849 2307 apo·

184 2325 310 2389 ‘stolico
335 2337 367 2391 et
390 2326 469 2390 ordo
485 2327 575 2391 Petri
596 2326 741 2412 diligitur
764 2349 783 2390 a
807 2327 932 2412 potiore
956 2324 1169 2389 cardinalium
1191 2347 1335 2407 numero,
1360 2325 1416 2410 qui
1439 2347 1513 2388 eum
1537 2325 1649 2390 fovent
1673 2339 1705 2390 et
1727 2325 1848 2392 ibidem

199 2433 377 2496 seeundum
407 2443 525 2497 statum
555 2435 723 2520 antiquum
751 2446 909 2519 exparte
940 2431 1127 2496 inchoatum
1151 2444 1183 2495 et
1205 2431 1281 2496 inde
1304 2442 1460 2518 tanquam
1486 2455 1505 2496 a
1529 2433 1635 2518 capite
1666 2456 1726 2519 per
1747 2445 1849 2498 totum

199 2562 315 2625 eorpus
339 2540 520 2604 aecclesiae
545 2541 699 2604 citissime
724 2539 952 2604 dilatandum?

152 2689 180 2726 so
305 2667 357 2728 61.
393 2665 462 2751 Ipsi
486 2667 571 2728 enim
599 2665 877 2751 pseudocanonici
908 2665 1098 2748 semetipsos
1122 2661 1217 2726 valde
1241 2655 1373 2727 faciunt
1403 2609 1650 2751 expugnabiles,
1683 2665 1759 2730 dum
1790 2690 1848 2752 pro

198 2772 311 2835 timore
336 2795 413 2835 suae
438 2767 644 2858 proprietatis
668 2770 835 2858 perdenda
859 2793 961 2857 usque
986 2769 1068 2834 adeo
1092 2771 1206 2833 timent
1229 2769 1409 2834 mundanos
1433 2773 1608 2858 principes,
1632 2784 1668 2836 ut
1692 2774 1758 2836 suis
1783 2774 1848 2859 epi-

198 2879 305 2964 scopis
334 2879 421 2942 iusta
449 2876 705 2965 precipientibus
736 2876 961 2942 inobedientes
991 2877 1080 2958 fiant,
1110 2899 1152 2939 ne
1182 2899 1242 2962 per
1264 2877 1446 2942 mundanos
1476 2876 1563 2942 bona
1594 2901 1677 2964 quae
1710 2879 1849 2964 diligunt

197 2986 356 3049 amittant.
403 2985 490 3072 Sepe
515 3008 643 3072 qnoque
666 2983 786 3049 talibus
811 2982 988 3048 sceleribus
1011 2983 1229 3070 implicantur,
1253 2984 1287 3047 in
1311 2982 1429 3069 quibus
1455 2984 1663 3071 *deprehensi
1687 2985 1783 3051 facile
1807 2985 1848 3050 ab
1868 3015 1896 3052 ν.
1934 3040 1938 3052 .

198 3093 360 3178 episcopis
390 3092 634 3157 aecclesiastico
665 3090 827 3178 stipendio
855 3093 1035 3177 privantur.
1081 3089 1266 3177 Episcopus
1297 3111 1386 3177 ergo,
1418 3093 1445 3155 si
1476 3093 1675 3178 triumphare
1699 3093 1848 3174 voluerit,

153 3222 179 3260 aa
197 3222 261 3262 non
292 3197 488 3280 carnalibus,
520 3199 578 3263 sed
608 3197 829 3285 spiritualibus
860 3198 958 3261 armis
988 3198 1194 3282 accingatur3
1226 3209 1259 3261 et
1286 3198 1587 3284 pseudocanonicos
1615 3198 1709 3263 verbi
1739 3199 1849 3285 gladio

198 3305 418 3390 expugnando
442 3304 660 3390 aggrediatur,
684 3306 718 3368 in
741 3315 894 3391 promptu
917 3303 1041 3367 habens
1066 3305 1179 3368 ulcisci
1196 3327 1324 3368 omnem
1343 3304 1609 3386 inobedientiam,
1635 3306 1738 3370 donee
1763 3306 1848 3371 evel-

198 3411 304 3493 lendo,
329 3411 536 3494 destruendo,
560 3410 737 3497 plantando
762 3421 795 3475 et
818 3410 1000 3474 edificando
1024 3412 1195 3496 perveniat
1218 3411 1260 3476 ad
1283 3413 1464 3476 victoriam.

305 3540 357 3601 68.
399 3537 472 3600 Erit
502 3537 588 3600 enim
617 3538 681 3600 ista
710 3536 848 3599 victoria
878 3534 971 3599 verbi
1002 3557 1061 3620 per
1092 3558 1125 3598 se
1156 3536 1308 3620 potentis,
1340 3557 1399 3620 per
1429 3558 1463 3599 se
1488 3537 1659 3614 vincentis,
1692 3538 1847 3602 victoriae

198 3655 304 3708 autam
330 3667 451 3708 corona
473 3641 609 3707 verbum
633 3653 721 3707 recte
746 3643 950 3729 proferentis.
997 3641 1056 3705 Ille
1088 3653 1195 3704 autem
1226 3652 1315 3704 recte
1339 3642 1463 3726 profert
1485 3641 1630 3723 verbum,
1662 3655 1751 3708 recte
1782 3643 1847 3730 gla-

154 3775 179 3811 ao
198 3747 285 3814 dium
317 3752 471 3836 evaginat
501 3760 637 3836 utraque
668 3760 760 3835 parte
791 3761 932 3830 acutum,
965 3749 1020 3834 qui
1051 3749 1241 3812 criminosos
1272 3757 1327 3812 aut
1355 3747 1579 3813 inobedientes
1604 3748 1740 3814 clericos
1765 3749 1848 3814 falce

198 3857 412 3922 anathematis
437 3859 482 3920 ita
505 3857 653 3943 precidit,
678 3868 714 3920 ut
737 3878 792 3919 cos
816 3866 977 3942 tanquam¹
1002 3877 1110 3918 ramos
1135 3853 1274 3936 inutiles,
1307 3854 1394 3918 foras
1425 3857 1586 3941 proiectos
1616 3871 1648 3920 et
1676 3855 1848 3938 arefactos.

198 3976 231 4028 et
252 3964 306 4028 illo
330 3966 405 4050 igne
430 3987 560 4029 arsuros
584 3962 756 4050 relinquat,
781 3963 836 4049 qui
860 3963 950 4025 venit
973 3985 1071 4048 super
1095 3963 1200 4025 socios
1218 3959 1336 4044 Chore,
1361 3963 1416 4047 qui
1440 3963 1539 4026 etiarn
1555 3961 1693 4027 ardebat
1717 3965 2017 4040 matricularum.

199 4070 354 4158 Caiphae,
378 4071 435 4135 ubi
459 4094 494 4134 se
517 4071 634 4135 Petrus
657 4069 701 4134 ad
723 4069 835 4133 horam
860 4067 1024 4151 calefecit;
1057 4067 1125 4144 sed,
1150 4068 1293 4132 Domino
1317 4092 1374 4132 cor
1398 4071 1467 4132 eius
1490 4071 1697 4155 respiciente,
1729 4069 1770 4134 ab
1794 4070 1848 4136 illo
1869 4097 2006 4147 rasiare.

199 4180 273 4264 igne
304 4178 476 4242 discedens
506 4178 707 4242 amarissime
738 4175 828 4240 flevit
858 4171 1003 4261 flensque
1036 4187 1205 4260 susceptus
1234 4187 1292 4239 est.
1341 4175 1395 4240 Sic
1421 4198 1498 4262 ergo
1524 4187 1555 4240 et
1578 4177 1631 4239 isti
1662 4189 1739 4242 tunc
1768 4180 1848 4243 reci-

154 4307 179 4344 se
197 4287 338 4371 piuutur,
367 4308 441 4349 curn
463 4296 529 4378 'aut
557 4283 636 4348 fletu
663 4295 719 4347 aut
743 4283 813 4347 aliis
838 4284 935 4347 certis
958 4283 1179 4367 paenitentiae
1203 4281 1332 4346 indiciis
1357 4282 1418 4346 hoc
1443 4282 1483 4347 de
1509 4305 1542 4346 se
1567 4294 1736 4362 testantur,
1761 4285 1846 4372 quod

197 4393 262 4456 sint
283 4393 464 4478 paratiores
488 4414 563 4455 cum
586 4391 683 4455 Petro
707 4391 741 4453 in
765 4390 945 4454 communis
968 4389 1055 4452 vitae
1080 4387 1235 4452 cenaculo
1259 4389 1369 4473 ignem
1393 4388 1434 4453 de
1459 4389 1549 4454 caelo
1573 4401 1747 4454 venturum
1769 4393 1847 4456 ieiu-

197 4510 311 4563 nantes
335 4510 369 4562 et
392 4509 521 4562 orantes
545 4507 730 4583 expectare,
755 4519 852 4582 quarn
876 4497 909 4558 in
933 4495 1028 4559 domo
1046 4493 1192 4580 Caiphae
1216 4505 1329 4558 contra
1353 4495 1455 4581 frigus
1478 4497 1634 4561 tristiciae
1658 4497 1699 4562 de
1724 4498 1847 4585 cupidi-

197 4607 271 4669 tatis
301 4607 376 4691 igne
408 4604 471 4670 sibi
501 4604 680 4669 remedium
711 4615 854 4690 captare.
901 4601 974 4666 Hoc
1006 4603 1091 4664 enim
1123 4623 1187 4664 non
1210 4611 1276 4664 tarn
1301 4612 1349 4665 cst
1377 4601 1568 4685 remedium,
1593 4626 1690 4689 quam
1716 4606 1847 4669 maioris

197 4713 351 4777 tristiciae
381 4713 570 4790 fomentum,
602 4711 765 4797 quoniam,
796 4708 883 4773 unde
915 4708 956 4772 ad
987 4719 1115 4794 tempus
1147 4709 1246 4771 miser
1276 4710 1402 4772 animus
1435 4708 1475 4773 de
1507 4707 1591 4791 cibo,
1622 4721 1715 4796 potu,
1748 4723 1847 4792 veste,

153 4842 178 4878 re
197 4842 326 4883 nummo
349 4819 526 4900 hilarescit,
550 4817 626 4882 inde
650 4817 800 4880 miserius
824 4813 978 4880 tabescit:
1004 4813 1134 4901 quando
1159 4836 1220 4878 nec
1245 4813 1383 4879 ancillae
1410 4838 1523 4880 vocem
1547 4818 1668 4902 poterit
1692 4819 1761 4881 sine
1787 4831 1847 4882 tre·
1867 4845 1939 4885 mse.

197 4948 284 4990 more
308 4925 422 4990 audire
447 4925 502 5011 qui
527 4924 567 4988 de
591 4923 704 4988 mundi
734 4923 860 4987 fumoso
885 4923 966 4986 atrio
995 4944 1060 4986 non
1083 4920 1152 4985 vult
1176 4923 1277 4985 exire.
1327 4922 1495 4986 Orandum
1520 4945 1597 5009 ergo
1623 4935 1672 4988 est
1695 4948 1754 5010 pro
1778 4924 1846 4988 tali-

196 5031 267 5114 bus,
291 5044 327 5096 ut
349 5055 404 5096 eos
428 5033 583 5118 respiciat
606 5030 777 5108 Dominus,
803 5031 854 5093 eui
880 5029 938 5093 soli
962 5040 1011 5092 est
1035 5026 1188 5114 possibile
1213 5051 1319 5092 ramos
1344 5028 1464 5092 fractos
1489 5041 1521 5093 et
1545 5029 1705 5094 arefactos
1730 5033 1774 5095 ita
1799 5055 1847 5096 re·

302 5239 362 5293 Leo
394 5239 543 5308 episcopus
574 5238 650 5292 urbis
682 5237 785 5292 Romae
816 5236 945 5290 Ianuario
975 5235 1134 5306 patriarche
1166 5231 1401 5305 Aquilegiansi²:
1440 5234 1531 5290 Lectis
1554 5236 1755 5305 fraternitatis
1785 5245 1849 5292 atae
1868 5257 1883 5294 r.
1891 5258 1924 5295 41.

195 5344 302 5413 litteris,
326 5344 447 5420 viperea
466 5343 540 5421 fidei
562 5352 634 5410 broc,
661 5376 700 5381 -—
719 5375 761 5380 —
785 5362 840 5398 retra
866 5341 944 5396 deba
965 5341 1048 5397 licere
1070 5339 1211 5415 aspectis.
1259 5341 1297 5394 Et
1320 5353 1384 5411 post
1409 5359 1514 5412 pruma:
1541 5341 1606 5398 Noa
1630 5351 1720 5398 autera
1747 5341 1847 5398 (latim

152 5465 176 5500 ⁴5
195 5450 303 5507 dilectio
327 5461 375 5506 tau
400 5481 441 5488 --
467 5482 508 5487 ——
534 5451 711 5506 dissitnulont
733 5447 866 5504 ‹silhibcrr
889 5447 1063 5504 interficiamur.

306 5649 334 5712 l)
361 5645 410 5718 (ff.
438 5646 595 5720 h'pielolom
613 5646 720 5702 (saliari
741 5645 779 5700 [1.
805 5647 847 5700 orl
864 5645 989 5718 priorem
1016 5642 1232 5719 »611691άὶαηί
1255 5644 1335 5713 fruc,
1360 5644 1478 5713 Beluae,
1507 5644 1623 5700 Miaccll.
1643 5645 1696 5714 IV,
1718 5665 1750 5720 p.
1770 5645 1848 5704 587.-

194 5753 282 5827 Jaffe'
297 5774 342 5809 ar.
358 5752 454 5821 6896,
472 5753 506 5808 A.
525 5751 617 5816 1121,
637 5751 726 5808 Mart.
745 5753 792 5806 ll.
876 5748 906 5822 2)
925 5751 1016 5824 Epist.
1034 5751 1075 5805 ml
1090 5749 1258 5806 farinarium
1278 5750 1326 5820 18,
1346 5748 1420 5828 Opp.
1438 5751 1480 5806 ed.
1498 5750 1652 5807 Baliarinii
1667 5751 1690 5820 l,
1709 5753 1758 5807 eol.
1774 5749 1846 5808 731.
