4410 6406
430 411 494 474 318
721 415 901 472 GERHOHI
923 412 1156 470 PRAEPOSITI
1180 412 1592 472 REICHERSBERGENSIS
1615 415 1781 474 LIBELLI.

429 603 544 670 diebus
568 603 699 669 condita
722 601 844 666 bomini
867 609 1195 687 temptamentornm⁸
1219 599 1338 664 inferre
1354 599 1452 682 valet,
1477 603 1586 666 omnia
1601 624 1660 689 pro
1677 599 1807 667 Christo
1831 611 1865 666 et
1888 599 1964 687 lege
1988 599 2091 685 ipsius

428 711 512 776 ferre
542 720 675 796 paratus
705 711 756 772 sit.
809 707 933 772 Divisit
963 717 1071 772 autem
1101 706 1235 772 Domini
1266 709 1371 793 pietas
1401 708 1473 794 ipsa
1503 718 1616 772 contra
1646 708 1820 776 eeclesiam
1850 716 2093 794 temptamenta

286 843 409 892 rossam.
428 817 604 903 surgentia,
629 817 713 880 sicut
730 814 852 880 dictum
869 823 918 878 est
936 813 979 878 ad
995 812 1070 878 Iob:
1096 814 1265 880 Dividitur
1288 829 1369 880 eatae
1391 839 1486 902 anper
1508 830 1636 896 terram,
1659 825 1695 882 ut
1718 837 1791 880 cum
1816 815 1927 879 omnia
1951 823 2093 898 tempta-

428 933 609 988 mentorum
632 943 756 1009 genera
771 943 962 1007 percurrere
979 919 1099 985 habeat
1114 919 1302 1007 nullumque
1327 921 1358 984 ei
1381 931 1509 1007 tempus
1525 944 1544 985 a
1560 921 1801 1007 temptamentis
1826 919 1970 986 liberum
1986 930 2093 983 trans-

428 1041 491 1111 eat,
514 1052 588 1095 raro
611 1040 721 1093 tamen
743 1027 797 1092 vel
819 1050 986 1114 nunquam
1010 1037 1124 1092 contra
1146 1048 1230 1108 eam,
1257 1028 1321 1091 nisi
1343 1027 1426 1092 forte
1450 1028 1484 1090 in
1507 1026 1621 1091 ultima
1641 1026 1834 1096 Antichristi
1857 1027 2126 1115 persecutiones

253 1163 409 1213 marsuan.
428 1135 523 1200 simul
546 1137 700 1200 universa
723 1145 931 1220 consurgant.
972 1133 1038 1200 Sed
1060 1132 1224 1198 breviavit
1246 1134 1408 1198 Dominus
1432 1134 1531 1198 etiam
1554 1132 1624 1198 dies
1648 1133 1730 1199 illos.
1773 1134 1839 1214 Qui
1858 1137 1928 1198 uisi
1942 1135 2097 1222 ,famame

428 1246 572 1324 breviati,
601 1267 664 1306 uon
679 1243 774 1329 fleret
801 1244 892 1307 salon
920 1244 1021 1306 onznia
1044 1265 1129 1322 caro,
1152 1241 1266 1328 fidelis
1296 1265 1429 1327 carraque
1453 1241 1550 1320 Deus,
1581 1243 1640 1327 qni
1659 1265 1719 1306 non
1741 1245 1881 1328 patietur
1912 1238 2096 1304 eeclesiam

260 1375 408 1426 acernus.
428 1373 520 1415 suam
551 1350 635 1414 sicut
663 1371 724 1413 nec
755 1347 855 1413 ullum
886 1346 1065 1412 aecclesiae
1096 1345 1287 1429 membrum,
1319 1346 1406 1434 quod
1437 1347 1672 1434 predestinavit
1702 1348 1736 1411 in
1759 1348 1907 1435 gloriam,
1938 1349 2099 1433 temptari

426 1482 526 1545 supra
552 1481 646 1543 qnam
663 1471 775 1544 potest,
805 1456 863 1520 aed
876 1457 985 1543 faciet
1007 1479 1077 1518 eam
1100 1457 1296 1541 temptatione
1320 1457 1413 1520 etiam
1431 1469 1629 1541 proventum,
1654 1470 1687 1519 at
1703 1458 1810 1542 possit
1830 1458 2000 1522 sustinere.
2049 1452 2096 1516 Et

300 1563 504 1640 r·.s,1e.inde
528 1574 587 1646 est,
612 1562 699 1650 quod
716 1565 881 1650 pacientia
904 1576 1082 1626 autentorum
1105 1586 1166 1626 reon
1179 1563 1302 1648 peribit
1324 1563 1478 1648 c'ojinem,
1502 1583 1575 1648 que,
1600 1572 1636 1625 ut
1659 1560 1811 1643 diximus,
1836 1561 2007 1648 pacientia
2032 1582 2095 1646 pro
2115 1585 2141 1624 to

426 1670 492 1734 Dei
515 1669 643 1757 legibus
664 1691 766 1755 nsque
790 1668 833 1733 ad
849 1679 984 1732 mortem
1006 1666 1118 1732 habita
1142 1666 1252 1732 decies
1276 1668 1405 1731 senaria
1428 1667 1482 1731 vel
1505 1669 1612 1732 sexies
1637 1667 1723 1732 dena
1745 1667 1859 1754 templi
1882 1690 1950 1734 non
1975 1689 2095 1730 manu-

426 1776 515 1859 facti,
540 1776 628 1863 quod
651 1787 700 1840 θεῖ
723 1775 873 1856 ecclesia,
898 1773 1066 1860 longitudo
1089 1783 1148 1838 est.

1059 1955 1089 2016 9.
1124 1950 1184 2015 De
1208 1951 1448 2017 latitudine.

532 2078 686 2143 Latitndo
711 2099 840 2164 quoque
863 2076 976 2163 templi
999 2076 1104 2158 buius,
1127 2075 1214 2163 quod
1230 2075 1403 2141 ecclesiam
1426 2075 1645 2162 intelligimus,
1671 2076 1714 2142 ad
1737 2079 1839 2141 instar
1861 2076 1948 2142 illins
1974 2099 2095 2146 manu-

426 2186 505 2252 facti
535 2184 647 2272 templi
670 2185 795 2249 vicenis
827 2181 945 2248 cubitis
976 2182 1135 2266 tenditur,
1168 2183 1223 2270 qui
1253 2205 1406 2248 numerus
1437 2182 1582 2248 binarius
1613 2183 1756 2248 decenus
1786 2195 1846 2267 est,
1877 2182 2094 2252 latitudinem
2114 2207 2140 2246 n

330 2321 407 2370 ·p.1r.
427 2294 571 2359 caritatis
595 2291 793 2378 significans,
818 2313 880 2377 que
905 2290 947 2355 ad
969 2290 1154 2377 proximum
1177 2288 1320 2355 tenditur
1342 2291 1524 2377 minusque·
1538 2313 1637 2377 quam
1660 2292 1745 2356 inter
1761 2290 1856 2356 'duos
1880 2290 1999 2362 baberi
2023 2314 2094 2356 non

425 2411 542 2488 potest.
586 2399 723 2486 Oportet
746 2409 866 2480 autem,
890 2407 926 2462 ut
949 2407 982 2462 et
1005 2397 1131 2462 decena
1153 2397 1205 2478 sit,
1230 2407 1389 2482 quatenus
1412 2396 1494 2483 legis
1518 2396 1711 2484 decalogum
1734 2420 1799 2462 non
1822 2397 2095 2484 transgrediatur

298 2534 407 2584 carna
426 2507 569 2594 alioquin
600 2505 723 2570 faciens
754 2514 787 2570 et
817 2503 956 2590 diligens
986 2505 1190 2590 iniquitatem
1214 2503 1337 2568 odisset
1366 2505 1508 2568 animam
1538 2527 1631 2568 suam
1661 2505 1773 2591 sieque
1804 2527 1866 2569 nec
1896 2506 2094 2591 proximum

425 2625 581 2700 tanquam
605 2613 770 2698 seipsum
794 2610 929 2696 diligere
948 2621 1068 2698 posset,
1093 2633 1167 2675 cum
1182 2611 1294 2696 utique
1318 2633 1379 2674 nec
1404 2633 1438 2674 se
1462 2612 1569 2697 ipsum
1585 2610 1745 2698 diligeret.
1781 2612 1847 2692 Qui
1871 2623 1983 2676 autem
2001 2611 2092 2682 ordi-

425 2732 500 2786 nate
524 2743 559 2784 se
583 2721 689 2805 ipsum
713 2716 819 2804 diligit
842 2718 946 2803 primo
970 2739 1009 2781 ac
1032 2739 1090 2803 pre
1114 2715 1264 2781 omnibus
1294 2740 1388 2782 suum
1415 2719 1621 2804 principiam,
1647 2717 1734 2804 quod
1757 2727 1808 2782 θεῖ
1830 2718 1933 2800 Deus,
1958 2717 2091 2806 diligit;
2112 2743 2139 2780 ao

426 2827 564 2914 diligens
587 2848 666 2890 vero
690 2825 798 2889 Deum
823 2825 903 2906 eius,
928 2847 1024 2910 quem
1048 2823 1163 2909 diligit,
1188 2823 1342 2888 mandata
1366 2823 1516 2888 custodit.
1564 2823 1684 2911 Sieque
1708 2847 1823 2889 secure
1847 2847 1881 2889 εθ
1906 2824 1949 2889 ad
1973 2826 2090 2912 proxi·

424 2957 514 2999 mum
537 2934 656 2998 caritas
680 2929 784 2996 tendit
807 2930 873 2995 Dei
896 2953 935 2994 ac
959 2931 1076 2995 suimet
1099 2929 1274 2995 dilectione
1304 2931 1443 2995 formata
1467 2943 1500 2995 θῖ
1523 2929 1634 2995 obedit
1663 2932 1728 2996 iam
1753 2931 1900 2996 ordinate
1924 2945 2091 3018 precepto

248 3069 407 3117 astrueres.
425 3041 580 3105 dicentis:
614 3039 740 3127 Dilipea
755 3041 942 3125 proet'mnm
972 3052 1057 3102 taam
1086 3040 1169 3102 aient
1197 3053 1225 3102 et
1253 3040 1368 3124 speum,
1399 3038 1432 3101 in
1456 3059 1520 3125 quo
1551 3039 1702 3102 nimirum
1725 3060 1789 3103 uno
1813 3060 1962 3103 sermone
1988 3060 2091 3106 omne

426 3127 607 3233 completur
635 3143 835 3210 mandatum.
883 3142 932 3209 Sit
963 3165 1040 3229 ergo
1072 3142 1197 3208 decena
1227 3145 1356 3226 caritas,
1380 3155 1416 3209 ut
1438 3145 1542 3230 primo
1574 3167 1608 3208 se
1638 3146 1744 3231 ipsum
1774 3144 1870 3209 homo
1902 3144 2091 3212 seeundum

425 3253 534 3318 Deum
563 3253 617 3318 etb
642 3247 719 3316 eius*
743 3249 898 3315 mandata
926 3250 1050 3336 diligat.
1098 3250 1262 3315 Donatius
1286 3273 1365 3315 vero
1395 3250 1449 3316 hio
1480 3249 1673 3338 duplicetur,
1698 3262 1733 3316 ut
1757 3274 1792 3316 se
1823 3250 1867 3316 ad
1896 3253 2090 3338 proximum
2110 3277 2136 3324 as

424 3359 546 3425 tendat.
585 3359 740 3445 Dumque
763 3359 869 3444 primo
894 3356 982 3444 quod
1005 3356 1065 3422 tibi
1087 3357 1159 3422 fieri
1181 3355 1331 3442 legaliter
1352 3380 1418 3422 non
1433 3359 1483 3422 ris
1507 3379 1568 3423 nec
1591 3359 1740 3445 proximo
1765 3358 1856 3441 facis,
1881 3381 1944 3445 que
1969 3360 2088 3444 utique

425 3468 543 3532 caritas
573 3465 705 3531 initialis
737 3476 802 3548 θεῖ,
834 3487 874 3530 θθ
903 3463 1022 3529 deinde
1053 3463 1142 3551 quod
1169 3461 1230 3527 tibi
1259 3463 1330 3528 lieri
1360 3463 1509 3550 legaliter
1531 3467 1581 3528 ris
1605 3466 1704 3530 etiam
1727 3466 1877 3551 proximo
1906 3465 2088 3552 impendis,

426 3573 513 3660 qnod
536 3573 745 3660 perfectionis
769 3581 827 3654 θεῖ,
856 3571 968 3658 templi
991 3571 1104 3657 utique
1128 3571 1241 3652 sancti,
1273 3571 1307 3634 in
1330 3594 1394 3658 quo
1418 3571 1578 3636 inhabitat
1600 3572 1704 3655 Deus,
1734 3571 1786 3636 bis
1810 3571 1968 3637 denorum
1993 3571 2087 3637 cubi-

424 3691 529 3745 torum
553 3678 758 3745 latitudinem
782 3678 933 3765 implesti.
981 3677 1153 3764 Templum
1178 3679 1263 3742 enim
1287 3677 1353 3742 Dei
1376 3689 1490 3743 sancta
1513 3678 1574 3744 heo
1598 3678 1693 3744 decet
1720 3678 1855 3744 latitudo
1885 3680 1919 3742 in
1941 3679 2086 3766 longitu-

426 3787 501 3852 dine
525 3786 662 3870 dierum,
686 3787 720 3850 in
736 3807 801 3872 qua
824 3783 970 3849 binarius
994 3806 1029 3848 se
1052 3783 1097 3848 ad
1112 3785 1297 3869 proximum
1316 3783 1456 3850 tenderit
1480 3794 1512 3849 θῖ
1535 3784 1729 3872 decalogum
1752 3784 1834 3872 legis
1857 3807 1922 3850 non
1939 3785 2084 3852 excedit.
2104 3813 2129 3854 so

963 3981 1013 4045 10.
1051 3979 1110 4043 Ι)θ
1135 3978 1365 4044 altitudine
1389 3978 1545 4066 templi.

250 4134 407 4182 saansaan.
532 4105 662 4204 Templi
684 4127 762 4170 sane
787 4104 932 4186 altitudo,
958 4126 1041 4191 quae
1065 4103 1245 4168 secundum
1264 4125 1377 4190 regum
1392 4103 1544 4169 volumen
1561 4106 1693 4170 tricenis
1717 4104 1835 4171 cubitis
1853 4104 2009 4188 tenditur,
2033 4129 2081 4171 se-

249 4206 407 4308 „,‚„⁰,',„„,
426 4212 568 4279 cundum
590 4211 859 4300 paralipomenon
882 4195 979 4275 OXX
1003 4209 1186 4276 cubitorum
1215 4210 1315 4275 tuisse
1347 4209 1475 4276 dieitur.
1521 4211 1576 4294 At,
1607 4235 1648 4278 ne
1679 4235 1775 4278 saera
1804 4213 1865 4279 bec
1896 4215 2082 4278 testimonia

426 4319 614 4384 alterutrum
645 4317 815 4384 adversari
837 4318 1020 4400 videantur,
1051 4328 1140 4383 recte
1171 4317 1361 4404 intelligitur
1383 4339 1423 4382 ea
1446 4341 1510 4404 que
1538 4319 1671 4404 triginta
1699 4318 1883 4385 cubitorum
1907 4321 2016 4385 extitit
2039 4320 2081 4384 ad

425 4426 560 4490 inferius
584 4424 765 4490 tabulatum
788 4425 985 4511 pertingere,
1010 4446 1051 4489 ea
1073 4447 1152 4489 vero
1177 4445 1239 4511 que
1264 4423 1361 4489 CXX
1384 4423 1567 4489 cubitorum
1590 4425 1633 4490 ad
1656 4449 1817 4491 summum
1840 4449 1943 4514 usque
1967 4427 2081 4514 templi
2099 4451 2124 4492 a

426 4531 612 4618 fastigiumc
643 4531 848 4617 pertendere.
895 4531 974 4596 Tria
1004 4533 1092 4596 euim
1123 4531 1280 4597 cenacula
1309 4531 1424 4596 domus
1454 4530 1652 4614 continebat,
1682 4531 1843 4616 infimum,
1874 4533 2019 4598 medinm
2048 4545 2081 4598 et

426 4660 622 4726 supremum,
652 4660 797 4725 perque
823 4647 889 4703 tres
912 4637 1093 4704 aecclesiae
1121 4638 1261 4721 ordines,
1293 4638 1327 4703 id
1350 4650 1399 4703 est
1422 4639 1623 4724 coniugator,
1649 4641 1851 4705 continentes
1874 4651 1907 4705 et
1931 4640 2080 4706 doctores

424 4744 640 4832 prefiguratos
670 4746 887 4831 agnoscimus,
917 4747 974 4832 qui
1003 4756 1035 4810 et
1065 4767 1125 4831 per
1150 4755 1217 4809 tres
1240 4747 1328 4810 viros
1352 4745 1433 4827 Noe,
1457 4745 1578 4810 Daniel
1602 4756 1634 4810 et
1656 4744 1716 4812 lob
1746 4747 1781 4811 in
1804 4746 1976 4834 prophetia
1998 4747 2081 4812 Eze-

426 4852 538 4919 chielis
567 4851 747 4938 presignati
778 4862 862 4917 sunt.
916 4851 993 4918 Sive
1029 4861 1138 4916 autem
1172 4852 1206 4915 in
1235 4853 1369 4939 triginta
1399 4852 1469 4916 sive
1504 4852 1538 4916 in
1569 4851 1666 4918 CXX
1696 4851 1880 4918 cubitorum
1910 4853 2080 4918 altitudine

426 4959 561 5046 dignum
584 4958 668 5022 scitu
691 4956 825 5023 subesse
849 4958 1028 5023 misterium
1049 4979 1258 5044 nequaquam
1282 4956 1510 5023 dubitaverim.
1556 4958 1597 5023 In
1625 4960 1760 5046 triginta
1787 4981 1927 5046 namque
1957 4958 2081 5026 cubito·
2099 4987 2124 5026 to

425 5089 497 5129 rum
520 5065 689 5130 altitudine
713 5066 784 5152 spei
807 5074 946 5147 nostrae,
971 5087 1055 5152 quae
1079 5063 1257 5129 secundum
1280 5063 1378 5129 fidem
1402 5074 1461 5147 est,
1485 5063 1666 5132 sublimitas
1690 5067 1843 5132 innuitur.
1879 5065 1973 5132 Sicut
1995 5067 2082 5132 enim

426 5194 512 5237 nunc
541 5172 576 5236 in
598 5183 725 5259 patrem
748 5172 857 5237 Deum
880 5172 1135 5258 omnipotentem
1158 5181 1191 5235 et
1220 5171 1254 5234 in
1279 5172 1348 5236 eius
1371 5171 1492 5236 Filium
1513 5173 1718 5260 unigenitum
1748 5184 1845 5262 atque
1875 5175 1909 5238 in
1932 5184 2080 5240 sanctum

426 5276 596 5343 amborum
619 5278 777 5366 Spiritum
801 5277 974 5360 eredimus,
1005 5279 1050 5342 ita
1080 5300 1139 5343 nos
1170 5277 1316 5343 eiusdem
1346 5288 1479 5344 sanctae
1504 5279 1672 5346 Trinitatis
1696 5283 1821 5347 visione
1844 5279 2081 5348 beatificandos

427 5407 605 5472 speramus.
641 5385 749 5466 Quam
766 5386 876 5472 utique
892 5385 964 5470 spei
978 5394 1108 5449 nostrae
1133 5383 1360 5450 celsitudinem
1381 5384 1544 5450 Iohannes
1567 5386 1662 5452 nobis
1686 5387 1850 5475 apostolus
1875 5387 2083 5454 commendat

236 5509 238 5512 ’
273 5519 408 5572 tranat.
427 5492 556 5556 diceus:
580 5493 771 5573 Kariasimi,
794 5517 876 5557 nnnc
891 5493 966 5580 filii
979 5491 1046 5556 Dei
1064 5517 1172 5556 merua
1194 5506 1223 5556 et
1244 5492 1381 5557 nondum
1405 5497 1559 5580 apparuit
1581 5495 1662 5581 quid
1683 5499 1808 5562 erimus.
1846 5493 1983 5576 Scimus,
2006 5520 2081 5582 qao·
2099 5518 2126 5560 tt

426 5601 525 5680 niam,
549 5625 617 5664 cum
641 5601 839 5687 apperuerit,
869 5599 990 5663 similes
1013 5601 1046 5663 ei
1066 5601 1194 5679 erimus,
1218 5599 1394 5664 videbimus
1417 5603 1499 5665 enim
1524 5627 1591 5667 enm
1614 5605 1712 5667 aicttti
1731 5617 1783 5667 est.
1830 5601 1977 5667 Altitudo
2001 5624 2081 5668 saue

534 5776 561 5843 a)
582 5787 694 5847 teptam.
712 5797 733 5832 c.
809 5775 837 5842 b)
859 5786 889 5831 nt
907 5795 928 5830 e.
1001 5775 1027 5842 c)
1048 5779 1187 5830 fastidium
1206 5797 1227 5832 c.
