4418 6412
563 366 616 419 DE
640 363 973 420 INVES'I'IGATIONE
998 366 1250 422 ANTICHRISTI
1273 367 1307 421 L.
1325 367 1348 421 1.
1727 360 1787 424 381

127 551 259 616 famoso
290 550 420 616 excidio
450 575 511 639 per
534 553 643 616 Titum
672 563 704 616 et
727 553 966 637 Vespasianum
997 553 1083 616 facto
1114 552 1273 635 conferre,
1302 563 1337 616 ut
1366 575 1408 616 ex
1438 551 1608 616 collatione
1640 553 1791 618 similium

127 658 354 724 tribulationis
379 657 525 723 eiusdem
549 657 675 745 pondus
700 660 886 744 expressius
911 671 1115 744 agnoscatur.
1163 659 1247 722 Nam
1275 659 1341 723 illic
1371 658 1415 724 ad
1438 659 1524 723 diem
1552 659 1670 724 festum
1694 661 1791 725 totius

127 767 305 852 provincie
336 764 432 830 turba
461 765 673 846 confluxerat,
698 787 761 852 que
785 765 880 829 simul
910 767 996 830 intra
1026 765 1182 830 ambitum
1214 766 1355 830 civitatis
1386 763 1556 830 obsidione
1587 767 1695 830 cincta
1726 778 1790 831 est:

128 872 189 938 hic
208 896 284 937 vero
309 895 352 936 ex
375 883 441 936 toto
465 871 543 936 orbe
568 871 744 936 christiano
760 873 943 958 principum
967 871 1134 953 nobilium,
1158 871 1371 936 mediocrium
1395 895 1433 936 ac
1457 871 1663 958 popularium
1685 873 1791 937 multi-

90 1004 107 1042 s
128 979 216 1044 tudo
240 981 410 1043 innumera
433 989 640 1060 convenerat,
672 979 776 1064 magis
807 978 850 1043 ad
873 979 1026 1042 victorias
1050 1001 1089 1043 ec
1112 978 1348 1064 triumphorum
1377 977 1557 1065 solempnia
1580 1002 1640 1043 sua
1663 981 1791 1044 estima-

129 1086 226 1150 tione
249 1085 416 1166 festinans,
440 1107 538 1171 quam
562 1095 597 1148 ut
620 1083 683 1148 sibi
705 1083 788 1148 ullos
812 1097 926 1170 gentes
949 1084 1058 1171 gladio
1082 1107 1176 1171 posse
1200 1086 1351 1149 resistere
1377 1086 1559 1168 estimaret3
1591 1085 1651 1150 sed
1674 1085 1790 1168 subito,

130 1191 216 1256 dum
239 1215 303 1256 non
328 1191 441 1275 credit,
472 1193 614 1255 maximo
645 1201 754 1254 tamen
785 1190 897 1255 labore
928 1215 996 1272 suo,
1026 1192 1060 1254 in
1091 1191 1233 1256 medium
1264 1191 1404 1256 hostium
1433 1191 1576 1256 adducta
1606 1193 1718 1278 sicque
1749 1192 1791 1257 ab

117 1297 285 1376 ,hostibus
301 1298 444 1384 undique
469 1299 577 1362 cincta
596 1311 655 1379 est,
673 1302 722 1362 ‘ut
745 1299 775 1362 ei
798 1321 857 1384 pro
873 1297 1068 1363 victualibus
1085 1298 1286 1385 queritandis
1310 1297 1416 1363 nullus
1440 1299 1677 1384 relinqueretur
1701 1321 1791 1385 egre-
1809 1325 1845 1364 ·.
1882 1352 1888 1364 .

134 1405 250 1470 diendi
273 1405 327 1469 vcl
349 1404 555 1490 ingrediendi
585 1402 687 1486 locus,
718 1403 796 1469 haut
823 1427 917 1468 secus
941 1427 1039 1491 quam
1063 1405 1090 1467 si
1114 1426 1277 1468 armorum
1302 1403 1424 1468 anrbitu
1449 1404 1544 1468 simul
1567 1415 1599 1468 et
1622 1404 1791 1470 obsidione

80 1539 112 1576 ιο
135 1513 247 1576 cincta
270 1511 394 1576 fuisset.
441 1511 544 1574 Immo
560 1533 638 1574 vero
663 1523 695 1574 et
718 1509 783 1574 illio
807 1511 841 1573 in
858 1508 1026 1575 obsidione
1042 1509 1196 1574 videlicet
1212 1510 1473 1574 lerosolimorum
1490 1513 1574 1575 muri
1598 1511 1640 1576 ad
1664 1523 1791 1598 tempus

135 1618 248 1682 hostes
278 1616 446 1700 arcebant,
474 1619 564 1682 cives
594 1616 777 1700 tuebantur,
809 1617 861 1681 hic
885 1639 963 1681 vero
993 1639 1054 1682 nee
1085 1618 1185 1682 muris
1216 1640 1276 1680 nec
1300 1616 1386 1681 vallo
1418 1615 1621 1682 obstantibus
1650 1617 1791 1684 hostium

137 1726 265 1810 sagittis
288 1724 432 1812 undique
456 1747 587 1790 versum
610 1723 743 1810 patebat
766 1747 927 1788 accessus.
963 1724 1006 1788 Et
1028 1723 1074 1787 illi
1098 1723 1230 1810 quidem
1254 1722 1354 1788 validi
1378 1723 1484 1788 adhuc
1509 1747 1643 1811 corpore
1669 1736 1701 1789 et
1724 1727 1791 1790 ani-

137 1833 200 1894 mis
224 1830 393 1896 obsidione
418 1832 517 1895 cincti
541 1842 625 1913 sunt,
649 1832 727 1894 istos
743 1853 822 1894 vero
846 1853 981 1915 corpore
1006 1830 1101 1895 simul
1124 1841 1156 1894 et
1179 1831 1295 1894 animis
1319 1853 1361 1894 ex
1385 1829 1506 1912 labore,
1531 1831 1616 1895 fame
1641 1831 1736 1896 simul
1761 1843 1792 1897 et

137 1938 325 2002 infirmitate
349 1937 473 2002 hostilis
497 1938 638 2001 incursio
663 1937 845 2001 confractos
868 1937 1002 2002 invenit.
1037 1937 1081 2001 Et
1103 1936 1169 2001 illic
1193 1936 1296 2001 fames
1319 1936 1421 2001 multa
1437 1936 1605 2001 horribilia
1620 1940 1791 2024 persuasit,

86 2072 117 2110 rs
136 2045 197 2108 sed
222 2055 254 2108 et
277 2045 329 2109 hic
354 2055 444 2108 tanta
467 2044 569 2108 fames
588 2042 799 2129 grassabatur
821 2045 854 2106 in
869 2042 999 2129 populo,
1016 2055 1052 2108 ut
1067 2065 1223 2130 equorum
1241 2066 1356 2108 carnes
1380 2065 1419 2108 ac
1442 2043 1544 2130 pelles
1568 2045 1678 2108 ovium
1695 2046 1792 2108 etiam

136 2163 267 2216 veteres
284 2150 438 2215 detractis
454 2151 528 2237 pilis
545 2149 707 2214 modicum
732 2151 765 2213 in
781 2149 943 2214 lebetibus
960 2150 1112 2215 decoctas
1136 2151 1170 2213 in
1187 2149 1276 2214 cibos
1294 2161 1467 2215 sumerent.
1499 2150 1581 2214 Tam
1597 2173 1676 2215 vero
1692 2173 1791 2237 parce

136 2258 253 2322 eedem
270 2279 385 2322 carnes
401 2259 519 2343 equine
536 2255 773 2337 vendebantur,
789 2269 825 2320 ut
841 2279 923 2320 unus
941 2257 1035 2321 homo
1051 2257 1085 2320 in
1101 2280 1165 2321 uno
1185 2255 1259 2321 cibo
1275 2257 1388 2320 decem
1406 2268 1588 2322 nummatas
1604 2259 1791 2340 insumeret,

135 2375 211 2429 octo
234 2387 339 2450 grana
362 2363 458 2429 fabae
482 2387 545 2428 uno
570 2377 724 2449 argenteo
748 2385 897 2449 unusque
924 2364 1018 2450 panis
1042 2361 1133 2427 CXL
1156 2364 1320 2448 argenteis
1344 2362 1497 2427 veniebat
1507 2367 1528 2426 ¹.
1574 2363 1618 2427 Et
1647 2365 1681 2427 in
1705 2364 1791 2428 Iero-

136 2471 259 2536 solimis
284 2471 362 2536 dum
384 2470 556 2536 multitudo
580 2471 785 2535 morientium
809 2468 996 2534 facultatem
1020 2470 1183 2556 sepulture
1207 2470 1355 2534 vinceret
1382 2481 1471 2534 trans
1495 2493 1604 2535 muros
1628 2470 1792 2536 cadavera

88 2606 117 2644 ao
135 2579 356 2663 proiecerunt,
380 2578 434 2641 isti
449 2601 537 2658 vero,
563 2577 639 2642 dum
664 2588 696 2642 et
719 2577 773 2641 hic
796 2577 1002 2641 morientium
1018 2575 1188 2640 multitudo
1205 2575 1391 2640 facultatem
1409 2576 1589 2663 sepeliendi
1606 2576 1791 2660 excederet,

135 2696 336 2748 mortuorum
361 2682 576 2748 cadaveribus
601 2694 713 2748 contra
736 2683 838 2768 frigus
862 2685 1033 2746 imminens
1059 2682 1153 2746 simul
1178 2692 1209 2746 et
1233 2693 1347 2746 contra
1370 2683 1551 2748 'lurcorum
1575 2685 1709 2770 sagittas
1733 2706 1791 2770 pro

136 2791 237 2854 muris
262 2792 313 2856 usi
337 2801 420 2854 sunt.

393 2952 445 3014 65.
480 2949 683 3014 Numerus
708 2951 925 3014 exercitus
950 2950 1196 3036 septuagies
1221 2959 1384 3013 centum
1408 2949 1533 3014 milia.
1810 2969 1862 3028 (n).

245 3075 289 3138 Et
312 3074 373 3139 hoc
397 3073 571 3139 dolendum
596 3074 755 3160 simulque
779 3073 962 3138 mirandum
986 3096 1025 3137 ac
1048 3072 1269 3137 miserandum
1286 3085 1344 3156 est,
1363 3074 1449 3160 quod
1466 3097 1540 3138 cum
1564 3074 1651 3138 idem
1668 3076 1792 3140 exerci-

90 3210 118 3249 as
137 3193 188 3245 tus
219 3182 262 3245 ad
293 3183 502 3267 septuagies²
532 3193 662 3246 centum
692 3181 782 3244 milia
811 3191 1016 3266 computatus
1047 3179 1176 3260 fuisset,
1208 3179 1248 3242 de
1279 3191 1368 3244 tanto
1400 3182 1547 3245 exercitu
1570 3182 1627 3244 vix
1652 3181 1792 3266 quedam

137 3311 242 3374 pauce
267 3287 403 3374 reliquie
428 3287 594 3352 redierunt
616 3286 780 3374 nichilque
804 3287 1013 3351 victoriosum
1038 3297 1128 3350 tanta
1150 3285 1316 3350 molitione
1340 3297 1508 3372 peractum
1532 3299 1590 3351 est.

235 3469 289 3530 66.
325 3464 584 3551 Conquestio
608 3463 777 3529 abbatis
802 3463 1059 3528 Clarevallis
1084 3487 1210 3549 super
1233 3464 1375 3528 eudem
1399 3463 1693 3550 expedicione.
1811 3493 1862 3542 (rs).

247 3590 354 3676 Super
376 3613 441 3676 qua
463 3613 498 3653 re
515 3590 565 3652 vir
588 3588 719 3653 illustris
743 3587 846 3652 abbas
863 3587 1087 3670 Olarevallis³,
1113 3612 1176 3675 quo
1200 3590 1380 3654 annittente
1404 3612 1470 3652 una
1493 3613 1567 3653 cum
1591 3601 1702 3654 sancte
1726 3612 1792 3654 me-

137 3697 240 3761 morie
263 3696 412 3784 Eugenio
437 3719 523 3783 papa
546 3695 661 3760 cadem
685 3694 852 3782 expeditio
877 3705 1025 3780 promota
1048 3705 1097 3759 est
1126 3695 1170 3759 ad
1193 3695 1331 3760 eundem
1355 3718 1475 3782 papam
1498 3697 1684 3783 Eugenium
1715 3698 1792 3760 scri·

91 3832 119 3871 m
137 3802 221 3866 bens
237 3805 353 3889 quasi*
369 3802 564 3867 lamentatur
579 3802 640 3866 hoc
657 3800 752 3866 modo
763 3807 791 3864 ⁴:
818 3802 1004 3883 incidimus,
1028 3802 1142 3888 iuquit,
1168 3805 1282 3888 etipse
1299 3806 1383 3868 nosti
1395 3806 1430 3868 in
1446 3818 1565 3889 tempus
1577 3829 1685 3892 praee,
1709 3806 1795 3890 quod

139 3925 168 3975 et
191 3913 259 3997 ipsi
279 3913 352 3976 bene
381 3911 511 3975 citandi
540 3913 613 3974 usui
643 3911 806 3974 ei’debutur
838 3909 976 3973 indicere
1006 3913 1216 3988 ‹cessistiouena
1246 3935 1284 3974 ne
1315 3910 1389 3974 ditm
1418 3910 1544 3990 studiis,
1575 3935 1645 3974 cum
1674 3912 1794 3976 scilieet

140 4018 299 4082 Dominus
318 4032 506 4104 prouocatus
522 4020 664 4104 peccatis
694 4019 809 4081 nostris
839 4030 909 4080 urite
939 4030 1058 4100 tempus
1081 4015 1310 4101 quodammodo
1334 4018 1420 4080 ¹visus
1442 4018 1485 4080 sit
1508 4017 1665 4081 indicasse
1689 4019 1792 4082 orbern

139 4139 241 4189 terrae
273 4127 306 4187 iri.
329 4127 462 4210 equitate
486 4124 623 4209 quidem,
653 4124 710 4187 sed
738 4122 956 4188 bethericordie
985 4148 1039 4186 site
1070 4124 1191 4186 oblitus.
1239 4122 1313 4187 Nori
1329 4125 1475 4209 pepercit
1490 4125 1613 4209 populo
1636 4147 1702 4204 suo,
1731 4149 1791 4188 aon

138 4257 195 4295 seio
226 4233 355 4295 nomini.
402 4231 514 4295 Nonne
545 4231 654 4294 ‹lieuut
684 4233 717 4294 iu
744 4231 896 4317 pentibus,
925 4230 982 4292 abt
1002 4243 1046 4292 eat
1069 4229 1156 4293 Deus
1185 4231 1315 4292 cortem?
1359 4229 1427 4293 Nec
1456 4232 1581 4292 inirem.
1629 4229 1792 4295 Ecclesiae
1811 4257 1933 4306 asnaa

93 4363 120 4404 ss
131 4339 215 4425 filii,
238 4340 298 4423 qui
318 4352 346 4401 et
368 4338 540 4402 christiano
557 4339 680 4401 nomiae
700 4351 870 4415 renascatur,
886 4337 1048 4421 prostrati
1067 4350 1139 4400 ararit
1161 4338 1194 4399 iu
1212 4335 1330 4400 deserto
1354 4350 1409 4399 out
1431 4337 1594 4423 interfecti
1603 4337 1714 4422 plodio
1738 4353 1793 4402 aut

132 4445 228 4533 fame
251 4447 434 4531 cormumpti.
474 4444 590 4530 Effusa
614 4459 658 4508 est
680 4445 830 4507 contentio
853 4467 948 4528 super
967 4445 1133 4528 principes
1155 4441 1204 4506 etb
1220 4467 1328 4506 errore
1337 4444 1424 4529 fecit
1445 4466 1496 4507 eos
1519 4445 1554 4507 ia
1569 4445 1657 4508 inuio
1680 4458 1709 4508 et
1730 4469 1791 4508 aori
1809 4471 1938 4520 artato.

139 4553 174 4614 in
191 4554 252 4616 oio.
293 4551 452 4615 Contricio
476 4564 505 4614 et
528 4551 704 4638 infelicitas
729 4551 762 4613 in
785 4551 848 4613 ot'is
870 4574 987 4629 eorum,
1004 4573 1110 4635 passer
1133 4563 1162 4614 et
1183 4573 1286 4613 meror
1308 4563 1337 4613 et
1358 4551 1505 4636 confictio
1529 4552 1563 4614 in
1572 4552 1791 4637 penetralibus
1809 4578 1911 4626 raras

140 4682 246 4746 reptem
272 4661 420 4743 proruet.
460 4657 561 4734 Quium
578 4657 709 4744 confusi
724 4656 823 4742 pedes
846 4658 1099 4720 artarentiuutimrt
1118 4679 1242 4742 paceni,
1265 4658 1520 4720 areauntiantium
1536 4658 1657 4720 bonurn.
1696 4658 1790 4722 Dixi—

140 4789 208 4828 mus
223 4789 306 4850 poa,
330 4779 358 4828 et
380 4787 441 4828 nou
464 4778 508 4827 eat
523 4788 603 4850 par.
650 4762 861 4827 Processimus
891 4764 981 4842 bona,
1012 4777 1040 4826 et
1063 4786 1130 4826 ecce
1153 4763 1297 4826 territatio,
1348 4762 1451 4838 Quasi
1472 4786 1543 4826 uero
1566 4766 1734 4828 temeritate
1757 4765 1791 4828 in

92 4897 122 4936 to
139 4894 231 4956 opere
256 4873 313 4935 isto
337 4885 392 4934 aut
413 4871 537 4935 leuitate
562 4872 613 4934 risi
632 4895 748 4933 sutrina.
800 4868 1005 4934 Oricia-rimus
1020 4869 1122 4955 pharae
1147 4870 1180 4933 in
1203 4893 1247 4950 eo,
1278 4893 1339 4932 oon
1363 4871 1460 4954 qimai
1489 4871 1521 4934 in·
1545 4871 1706 4950 visceream,
1736 4870 1794 4934 sed

246 5033 273 5096 a)
295 5037 382 5099 quas?
401 5051 422 5084 c.
494 5029 523 5095 b)
545 5034 670 5084 dominus
687 5032 748 5084 add.
768 5029 800 5083 B.

249 5178 278 5250 1)
305 5178 353 5252 Cs.
379 5178 564 5251 Sturnilib'sel,
589 5177 663 5234 ‘Der
683 5177 1028 5254 peschichtliche'lnhalt’
1047 5198 1080 5254 p.
1102 5177 1150 5234 lt.
1244 5175 1274 5247 2)
1301 5177 1349 5249 Cf.
1374 5179 1449 5235 Ann.
1475 5178 1618 5255 Eprrund.
1646 5198 1675 5235 a.
1695 5177 1789 5249 1146,

141 5285 195 5344 SS.
220 5286 305 5356 XVI,
330 5305 364 5362 p.
389 5285 469 5342 456:
502 5284 589 5340 Cuius
613 5287 754 5342 exercitus
776 5293 821 5340 tot
844 5285 920 5340 milia
942 5285 1070 5353 fuerunt,
1095 5293 1202 5356 quanta
1224 5303 1374 5356 numquam
1405 5287 1434 5340 in
1457 5286 1589 5358 hystoriis
1617 5287 1653 5341 ab
1677 5287 1790 5342 exordio

139 5395 236 5450 mundi
258 5394 393 5466 legrmtur
416 5393 592 5462 convenisse,
616 5393 726 5448 scilicet
749 5393 878 5448 sedecies
902 5399 1015 5447 centum
1039 5391 1115 5446 milia
1138 5392 1294 5460 hominum3
1326 5391 1401 5448 Anu.
1428 5391 1458 5449 S.
1484 5391 1570 5449 Pauli
1591 5392 1709 5449 Vardaei.
1735 5391 1789 5449 SS.

95 5516 122 5555 ts
139 5499 224 5570 XVI,
248 5520 280 5576 p.
304 5498 384 5556 501:
412 5500 447 5555 ln
470 5518 526 5572 quo
549 5501 651 5556 itinere
676 5507 861 5555 annumerata
882 5505 949 5552 sunt
973 5497 1051 5552 DCL
1074 5498 1160 5566 milia,
1185 5515 1302 5568 quorum
1325 5499 1443 5554 maxims
1465 5517 1530 5571 pars
1552 5499 1639 5571 periit
1662 5499 1736 5555 same
1761 5507 1791 5556 et

139 5607 260 5680 sagittis.
332 5603 560 5676 striaturae.
631 5605 661 5674 4)
682 5605 729 5660 De
744 5603 967 5662 consideratione
990 5605 1007 5659 l.
1025 5603 1066 5674 ΙΙ,
1091 5623 1114 5660 c.
1135 5605 1162 5674 1,
1186 5600 1205 5676 ξ
1225 5605 1252 5675 1,
1279 5601 1352 5679 Opp.
1370 5605 1413 5660 ed.
1432 5604 1569 5662 Mattius
1594 5605 1617 5675 I,
1643 5606 1693 5662 col.
1712 5603 1791 5676 421,-

140 5713 181 5784 cs.
205 5711 356 5770 Ber-nardi
376 5711 455 5788 epist.
474 5712 547 5769 288.
572 5715 590 5769 l.
607 5714 625 5768 l.
651 5713 701 5768 col.
720 5711 793 5768 278.
