4478 6396
655 347 847 404 EPISTOLA
870 349 926 403 AD
949 347 1225 404 INNOCENTIUM
1248 349 1393 404 PAPAM.
1792 342 1857 403 205

196 544 227 592 et
252 533 351 594 eitum
374 549 533 598 ‹ereteroom
550 535 736 620 possidebit.
784 533 877 599 Alter
900 535 1078 600 secuudum
1103 559 1235 599 carnem
1259 549 1364 617 natus,
1388 535 1513 600 alicnus
1538 547 1587 599 cst
1610 534 1651 600 ab
1671 535 1856 599 huiusmodi

197 637 482 720 promissionibus.
529 641 573 704 Et
603 643 755 727 quoniam
787 643 844 728 qui
874 652 923 705 est
954 642 1138 707 huiusmodi
1170 654 1282 728 sponte
1308 643 1445 724 rixatur,
1476 643 1509 705 iu
1534 642 1769 729 disceptatione
1793 642 1857 705 ista

199 743 359 807 secularis
383 756 416 809 et
439 769 499 810 sua
523 769 662 834 quereus
679 748 817 813 clericus
833 750 922 835 prior
937 749 1098 835 loquatur,
1115 760 1151 814 ut
1167 751 1197 814 ei
1214 749 1373 834 regularis
1389 750 1474 813 iusta
1490 749 1688 834 respondere
1710 761 1855 834 cogatur.

311 868 538 936 Secularis.
586 873 664 953 Vos,
695 874 752 959 qui
783 873 931 938 dicimini
960 874 1126 959 regulares
1158 876 1318 954 canonici,
1343 875 1421 960 quia
1443 873 1532 938 velut
1561 873 1711 938 monachi
1734 872 1855 938 mundo

162 974 330 1040 edebatis
358 1000 430 1041 esse
462 980 590 1060 mortui,
621 979 743 1044 nullam
766 1003 882 1046 vocem
905 979 1034 1062 habetis
1058 981 1091 1044 iu
1116 981 1287 1062 aecclesia,
1312 1003 1396 1067 quae
1420 978 1514 1045 nobis
1538 979 1581 1046 ad
1605 980 1783 1065 regendum
1807 992 1857 1044 est

201 1083 446 1166 committenda,
471 1086 555 1150 sicut
578 1098 712 1150 actenus
736 1086 836 1152 habet
859 1087 1060 1152 consuetudo
1084 1089 1227 1174 antiqua,
1252 1089 1305 1152 cui
1321 1110 1380 1152 vos
1399 1110 1550 1174 magnam
1567 1089 1639 1174 vim
1657 1087 1775 1168 facitis,
1800 1088 1856 1172 qui

200 1191 379 1254 novitatem
403 1190 562 1277 regularis
585 1195 671 1258 vitae
700 1194 904 1259 introducitis
929 1207 961 1259 et
983 1195 1067 1259 hanc
1092 1194 1133 1258 ab
1158 1193 1308 1259 omnibus
1332 1195 1523 1259 clericorum
1547 1192 1856 1279 congregationibus

200 1294 441 1361 observandam
458 1299 635 1384 predicatio
660 1299 785 1387 absque
802 1300 997 1366 documento
1022 1301 1158 1365 alicuius
1183 1315 1291 1366 certae
1316 1312 1349 1366 et
1371 1300 1574 1366 indubitatae
1598 1301 1810 1364 auctoritatis.

308 1421 543 1507 Regularis.
577 1424 710 1488 Utinam
729 1448 798 1507 uos,
816 1427 871 1511 qui
888 1425 1027 1489 dicimur
1050 1437 1082 1490 et
1107 1449 1178 1490 esse
1195 1425 1419 1490 desideramus
1443 1425 1619 1511 regulares,
1645 1425 1732 1489 omui
1756 1426 1856 1488 simus

154 1551 182 1587 ro
201 1527 322 1591 mundo
347 1531 466 1593 mortui
489 1541 521 1594 et
543 1531 789 1616 perfectissimis
812 1532 980 1596 monachis
1004 1532 1120 1596 inillis
1145 1531 1336 1597 deliciarum
1361 1532 1460 1596 hortis
1484 1533 1647 1613 associati,
1673 1530 1713 1596 de
1737 1529 1856 1617 quibus

201 1636 235 1697 in
260 1632 407 1699 Canticis
431 1638 632 1700 canticorum
655 1637 798 1724 loquitur
821 1662 977 1725 sponsus:
1005 1641 1092 1718 Quiza
1115 1642 1239 1705 babitus
1264 1644 1297 1704 iu
1320 1641 1429 1721 bortis,
1452 1641 1517 1728 foc
1546 1663 1592 1704 me
1615 1640 1730 1704 used-iro
1755 1664 1857 1703 evocem
1875 1664 2010 1714 causare.

201 1757 295 1806 tuo-m.
344 1742 428 1806 Nam
452 1742 537 1807 illius
562 1743 730 1809 christiani
754 1747 823 1810 sive
847 1745 999 1811 monachi
1029 1748 1098 1810 sive
1128 1747 1277 1810 canonici
1301 1768 1415 1810 vocem
1440 1767 1577 1832 sponsus
1601 1745 1774 1827 desiderat,
1800 1745 1856 1830 qui

201 1849 235 1910 in
258 1848 360 1912 hortis
385 1851 621 1936 scripturarum
637 1855 718 1915 'toto
735 1852 854 1917 affeetu
870 1851 1047 1936 inhabitat3
1072 1853 1168 1936 illius,
1192 1854 1337 1939 inquam,
1354 1874 1469 1917 vocem
1486 1854 1554 1916 sive
1571 1853 1605 1916 in
1621 1851 1855 1938 predicatione,
1876 1877 1930 1921 us.

202 1957 271 2018 sive
295 1957 330 2018 in
346 1958 491 2021 oratione
516 1979 554 2022 ac
576 1956 735 2022 laudibus
754 1959 918 2024 desiderat
940 1983 1088 2046 sponsus,
1114 1959 1284 2024 consolaus
1308 1982 1382 2024 eum
1403 1959 1443 2024 de
1460 1960 1576 2024 vestris
1594 1959 1855 2023 contradictioni·

157 2085 182 2122 rs
200 2059 273 2144 bus,
298 2063 354 2148 qui
378 2065 505 2149 negatis
522 2086 637 2128 vocem
660 2065 694 2128 in
711 2065 872 2130 aecclesia
890 2065 1020 2130 talibus.
1055 2067 1100 2131 At
1123 2067 1187 2148 ille,
1205 2070 1270 2155 foc
1285 2093 1343 2148 ose,
1366 2067 1480 2153 inquit,
1505 2067 1619 2131 erudire
1635 2091 1737 2130 vocem
1754 2081 1856 2148 tuctu,-

201 2170 414 2256 premisitque
445 2193 577 2235 causam
606 2172 736 2237 dicens:
767 2177 869 2238 eunici
895 2176 1081 2240 auscultant.
1127 2173 1178 2238 Ac
1202 2175 1229 2237 si
1258 2173 1398 2238 diceret:
1429 2195 1470 2236 ne
1501 2194 1595 2237 cures
1623 2172 1700 2259 quid
1732 2173 1854 2236 inimici

202 2275 439 2360 contradicant,
457 2279 635 2365 quinoque
652 2301 714 2360 me,
738 2302 845 2366 neque
861 2291 904 2364 te,
928 2303 1035 2367 neque
1052 2303 1087 2344 se
1107 2292 1233 2364 amant;
1258 2281 1412 2367 quoniam
1436 2283 1494 2367 qui
1515 2281 1625 2367 dilipit
1646 2283 1855 2366 iniquitatem,
1875 2306 1983 2356 raros.

202 2385 270 2448 odit
291 2387 433 2448 orzimom
456 2411 555 2449 saorra
592 2385 658 2449 Nos
682 2396 792 2451 tamen
814 2409 876 2452 uec
899 2389 970 2452 istis
994 2386 1274 2452 adhortationibus
1298 2387 1432 2453 animati
1455 2386 1689 2473 predicationis
1713 2386 1855 2450 officium

201 2489 296 2554 nobis
320 2513 525 2577 usurpamus,
556 2493 602 2556 ita
624 2493 717 2557 utin
741 2493 851 2580 aliqua
873 2495 1036 2560 aecclesia
1059 2493 1153 2559 uobis
1177 2518 1241 2559 non
1266 2495 1439 2558 commissa
1468 2493 1628 2580 pulpitum
1658 2515 1724 2557 nou
1747 2495 1855 2557 vocati

154 2621 182 2659 so
200 2597 418 2662 ascendamus
442 2609 474 2662 et
496 2598 573 2662 inde
597 2601 692 2685 quasi
714 2600 794 2664 tuba
816 2623 933 2666 vocem
958 2602 1149 2666 exaltemus.
1198 2601 1378 2666 Veritatem
1402 2623 1480 2665 vero
1507 2601 1699 2685 interrogati
1722 2599 1776 2664 vel
1799 2599 1855 2663 ali·
1875 2626 2032 2675 senuaar.

201 2704 334 2792 quaudo
357 2728 422 2770 nou
445 2706 644 2791 interrogati,
668 2708 832 2793 preceptis
857 2708 1053 2773 salutaribus
1077 2709 1190 2774 moniti
1214 2708 1325 2774 dicere
1349 2708 1464 2772 saltem
1486 2708 1660 2789 inaurem,
1685 2707 1799 2771 saltem
1822 2707 1856 2769 in

201 2810 373 2894 cubiculis
398 2835 496 2898 quarn
521 2812 626 2876 adhuc
651 2834 819 2899 speramus
843 2813 1078 2900 predicandam
1102 2817 1136 2880 in
1159 2817 1263 2880 tectis.
1312 2814 1409 2895 Quod
1432 2824 1540 2878 autern
1565 2812 1606 2876 de
1630 2814 1773 2877 novitate
1797 2835 1856 2876 nos

201 2919 323 3004 argoris,
354 2918 439 2982 male
469 2918 561 2984 facis.
608 2919 693 2984 Nam
717 2921 744 2983 si
768 2921 918 2985 attendas
942 2922 1022 3008 quid
1045 2924 1086 2986 sit
1116 2924 1150 2986 iu
1174 2921 1304 2987 Christo
1335 2923 1538 3003 seminatum,
1571 2930 1603 2984 et
1633 2919 1713 3006 quid
1743 2931 1857 3006 postea

201 3024 438 3090 dormientibus
470 3025 671 3109 hominibus,
707 3027 941 3092 aecclesiarum
971 3029 1127 3094 videlicet
1158 3028 1338 3094 rectoribus
1370 3039 1401 3093 et
1432 3025 1621 3092 custodibus
1652 3026 1694 3091 ab
1725 3027 1856 3091 inimico

155 3155 183 3194 ss
200 3133 333 3197 homine
357 3134 399 3196 sit
422 3135 725 3218 superseminatum,
748 3136 897 3200 invenies
914 3134 1079 3200 Christum
1094 3137 1192 3200 Petro
1209 3136 1427 3223 proprietatis
1451 3136 1549 3199 immo
1574 3134 1692 3198 suimet
1714 3132 1856 3219 abnega-

202 3241 275 3322 tori,
307 3238 501 3304 aecclesiam
532 3242 731 3306 commisisse
762 3242 950 3328 regendam,
981 3245 1033 3308 cui
1061 3243 1204 3330 idipsum
1228 3243 1373 3327 regimen
1397 3251 1494 3306 antea
1517 3240 1621 3305 noluit
1644 3241 1854 3321 committere,

203 3370 302 3433 quam
325 3348 426 3412 tercio
445 3370 588 3412 amorem
605 3350 708 3435 ipsius
725 3348 847 3414 Christi
863 3350 1041 3433 coufessus,
1066 3353 1217 3414 inventus
1235 3359 1283 3414 est
1300 3359 1394 3412 extra
1414 3347 1608 3412 aecclesiam
1631 3346 1711 3412 nihil
1735 3367 1854 3410 aurare.

204 3453 271 3520 Sed
294 3455 445 3519 inimicus
468 3454 563 3520 homo
593 3454 671 3520 licet
699 3456 806 3522 adhuc
830 3456 1042 3543 vigilantibus
1073 3459 1145 3543 agri
1175 3455 1369 3527 custodibus·
1395 3455 1566 3540 temptavit
1596 3454 1855 3541 superseminare

203 3563 339 3644 zizania,
358 3560 441 3625 'dum
462 3559 639 3648 Symonem
662 3586 804 3649 magum,
828 3566 1020 3651 precipuum
1043 3565 1295 3649 negociatorem,
1321 3561 1503 3649 Nycolaum
1526 3563 1667 3648 primurn
1692 3561 1744 3623 ‘iu
1769 3559 1855 3624 clero
1876 3588 1939 3629 *aa

156 3691 184 3731 so
204 3668 443 3752 fornicatorem,
473 3668 637 3733 Ananiam
668 3672 808 3757 primum
837 3671 970 3735 illicitae
1000 3671 1208 3758 proprietatis
1239 3680 1417 3734 amatorem
1447 3669 1689 3748 consuscitavit,
1719 3689 1855 3754 quorum

204 3797 339 3861 germen
362 3776 395 3838 in
419 3797 497 3861 agro
521 3776 597 3857 Dei,
621 3777 766 3863 pcccatis
790 3777 998 3862 exigentibus
1023 3778 1069 3842 ita
1092 3776 1272 3864 pullulavit,
1296 3787 1332 3840 ut
1355 3777 1412 3839 vix
1436 3776 1579 3841 triticum
1604 3783 1761 3860 appareat
1783 3774 1855 3836 vix-

205 3904 268 3968 que
293 3881 355 3946 sibi
379 3883 495 3970 aliquis
520 3882 560 3947 dc
584 3873 658 3948 lolio
682 3907 747 3948 non
772 3884 972 3949 comedendo
984 3893 1115 3949 caveat.
1151 3884 1212 3948 Est
1228 3905 1305 3968 ergo
1323 3885 1528 3968 antiquorum
1552 3892 1664 3946 nostra
1687 3881 1854 3944 institutio.

205 3989 240 4053 Si
264 4001 374 4053 autem
398 3988 520 4076 absque
545 3992 737 4055 auctoritate
762 3992 868 4056 eredis
891 4015 950 4056 nos
967 3992 1095 4074 docere,
1120 4013 1179 4077 per
1195 4012 1306 4054 omnes
1329 3991 1481 4053 matrices
1505 3987 1681 4053 aecclesias
1705 3985 1855 4073 apostoli·

205 4118 276 4159 cam
300 4097 401 4161 vitam
431 4096 600 4161 observari
630 4096 765 4178 debere,
796 4097 868 4184 lege
899 4098 941 4162 ad
971 4099 1133 4183 integrum
1164 4097 1296 4161 decreta
1320 4094 1446 4161 Urbani
1476 4117 1582 4181 papae
1613 4116 1652 4158 ac
1682 4094 1856 4179 martyris1

159 4226 186 4266 se
204 4201 264 4266 tibi
288 4204 400 4289 tuique
424 4203 582 4268 similibus
607 4203 852 4268 aecclesiastica
871 4203 959 4268 bona
983 4203 1043 4268 sub
1065 4204 1201 4269 terribili
1225 4202 1431 4267 anathemate
1455 4201 1678 4266 interdicentis
1703 4212 1735 4264 et
1758 4201 1855 4264 sacri-

203 4309 325 4395 legium
356 4333 427 4374 esse
458 4311 641 4394 iudicantis,
673 4310 860 4397 ubicunque
891 4334 942 4374 res
974 4311 1206 4376 aecclesiarum
1238 4310 1471 4396 detorquentur
1498 4310 1532 4372 in
1555 4331 1649 4372 usunr
1674 4307 1855 4393 aliquorum

204 4439 269 4480 non
293 4417 468 4502 apostolice
492 4419 682 4482 viventium.

313 4523 345 4588 S.
381 4524 469 4610 Ergo
493 4525 586 4588 iuxta
608 4535 697 4588 tuam
722 4526 915 4589 seutentiam
939 4526 1090 4610 peccavit
1106 4535 1237 4589 sauctus
1251 4523 1440 4609 Gregorius,
1465 4524 1520 4609 qui
1545 4523 1585 4586 de
1610 4521 1707 4586 rebus
1732 4521 1855 4585 aeccle-

204 4631 344 4694 siasticis
375 4631 542 4696 mandavit
572 4631 736 4717 stipendia
766 4630 960 4718 quibusdam
992 4631 1119 4695 clericis
1144 4630 1262 4711 danda,
1292 4632 1348 4716 qui
1378 4652 1439 4694 nec
1463 4628 1619 4694 uxoribus
1651 4651 1763 4693 carere
1794 4649 1855 4691 nec

159 4762 186 4800 so
204 4736 457 4823 proprietatibus
480 4737 651 4802 voluerunt
675 4740 878 4802 renunciare.

311 4844 349 4908 ll.
384 4842 483 4908 Aliud
506 4855 565 4926 est,
590 4845 678 4930 quod
702 4855 831 4909 sauctus
856 4844 1036 4930 Gregorius
1060 4844 1244 4929 Augustino
1268 4842 1449 4928 Anglorurn
1480 4843 1634 4929 episcopo
1659 4841 1855 4906 servandum

204 4952 351 5036 precepit
361 4957 382 5032 ²,
406 4950 559 5015 videlieet
581 4962 617 5014 ut
641 4953 920 5016 conversationem
951 4952 1147 5032 institueret,
1179 4972 1262 5036 quac
1293 4951 1328 5012 iu
1358 4951 1450 5013 initio
1480 4950 1644 5013 nascentis
1675 4947 1855 5012 aecclesiae

205 5057 265 5120 fuit
287 5057 434 5143 patribus
457 5059 586 5140 nostris,
610 5057 779 5144 inquibus
802 5058 908 5122 nullus
933 5080 1144 5144 eorumquae
1162 5056 1353 5143 possidebat
1376 5055 1500 5142 aliquid
1516 5079 1608 5119 suum
1626 5078 1697 5119 esse
1715 5053 1855 5135 dicebat,

206 5163 263 5228 sed
293 5176 386 5228 erant
414 5163 476 5228 illis
507 5166 616 5228 omnia
646 5167 860 5229 commuuiass.
908 5165 1008 5229 Aliud
1032 5187 1109 5229 vero
1141 5177 1200 5246 est,
1232 5163 1319 5250 quod
1350 5162 1435 5227 idem
1466 5173 1559 5249 pater
1588 5185 1653 5226 non
1677 5161 1856 5226 secuudum
1875 5185 1995 5234 sasas.

160 5295 187 5333 rs
205 5271 321 5356 legem,
353 5270 410 5335 sed
435 5283 547 5335 contra
570 5271 675 5357 legem
699 5271 834 5336 novellis
859 5271 1038 5357 Angloruur
1063 5271 1189 5335 clericis
1220 5272 1368 5357 permisit
1391 5282 1523 5356 propter
1547 5269 1705 5334 duriciam
1731 5267 1854 5350 cordis;

206 5378 480 5464 quemadmodum
509 5379 641 5465 Moyses
672 5377 815 5442 libellum
846 5379 974 5464 repudii
1005 5379 1152 5464 permisit
1179 5377 1299 5441 Iudeis.
1347 5377 1400 5442 Ab
1430 5378 1522 5441 initio
1553 5389 1661 5440 auteur
1691 5376 1855 5440 nascentis

316 5603 344 5670 l)
368 5603 400 5658 V.
424 5621 514 5677 supro
532 5622 565 5677 p.
584 5601 657 5658 204.
729 5601 758 5672 2)
785 5600 834 5674 Cf.
859 5601 905 5658 Dc
930 5602 1021 5673 uedrj.
1038 5601 1096 5658 Det
1119 5621 1141 5656 c.
1162 5601 1189 5668 3,
1217 5600 1316 5677 diique
1340 5608 1357 5655 t.
1379 5599 1449 5668 193,
1475 5598 1635 5655 coortos.
1707 5597 1736 5666 3)
1763 5597 1855 5673 Epist.

206 5708 260 5778 XI,
286 5709 359 5779 56η,
386 5708 454 5763 ΕΕ.
480 5707 520 5779 H,
543 5729 572 5783 p.
592 5709 664 5764 333.
