4478 6396
436 342 501 404 212
728 344 908 403 GERHOHI
931 344 1164 402 PRAEPOSITI
1187 343 1594 402 REICHERSBERGENSIS
1618 346 1782 402 LIBELLI.

436 557 542 622 papae
566 557 607 600 ac
630 535 792 621 martyria
817 556 915 620 quam
946 535 1103 618 sanguine
1135 533 1312 619 scriptoris,
1335 531 1426 598 velut
1455 543 1558 597 morte
1582 535 1745 597 testatoris
1768 531 1955 597 roboratam
1979 531 2091 596 delere

343 665 372 706 01.
384 665 416 705 rs.
436 665 502 706 non
526 643 685 728 ‘potestis
733 640 768 706 Si
792 651 900 705 autern
924 639 959 706 id
982 639 1141 726 quosdam
1164 649 1307 704 vestmm
1332 639 1526 723 consolatur,
1551 638 1638 727 quod
1662 641 1864 704 continentes
1888 641 1976 721 estis,
2002 637 2093 724 quod
2129 671 2130 674 ¹

437 748 629 813 elemosinas
659 748 759 830 datis,
795 746 960 830 discutite,
995 757 1102 811 utrum
1138 745 1179 810 ob
1209 746 1244 810 id
1275 748 1467 812 contineatis
1503 757 1536 811 et
1567 746 1760 810 elemosinas
1795 747 1894 829 detis,
1929 755 1979 829 ut,
2017 767 2093 808 cum

438 856 507 919 sitis
545 854 656 920 altaris
695 855 834 918 ministri
874 865 907 918 et
940 854 981 918 de
1016 852 1110 918 bouis
1149 852 1328 918 aecclesiae
1368 854 1605 936 sustentemini,
1643 852 1685 918 ab
1722 852 1779 918 illa
1816 852 1975 918 dissoluta
2015 873 2094 916 con-

438 963 636 1044 versatione,
676 963 710 1026 in
745 983 810 1048 qua
845 962 936 1043 estis,
976 959 1159 1025 liberemini
1198 971 1230 1024 et
1269 962 1302 1024 in
1339 960 1518 1047 apostolica
1552 961 1620 1025 vita
1655 959 1904 1042 confirmemini,
1941 961 1994 1024 cui
2032 957 2130 1022 solis

439 1065 576 1132 debetur
611 1067 721 1132 altaris
756 1069 971 1132 ministerium
1006 1076 1038 1131 et
1072 1066 1349 1132 aecclesiasticum
1385 1067 1607 1154 stipendium?
1662 1067 1747 1132 Nam
1782 1067 1870 1153 quod
1904 1065 1980 1132 inde
2018 1088 2094 1152 per-

439 1176 563 1261 cipiunt
593 1177 736 1240 exterius
767 1176 933 1260 coniugati
956 1185 987 1240 et
1010 1196 1031 1238 a
1053 1174 1232 1239 ministerio
1262 1172 1372 1238 altaris
1403 1185 1436 1238 et
1457 1183 1533 1239 voto
1556 1175 1643 1240 vitae
1675 1175 1856 1239 communis
1886 1173 1996 1256 liberi,
2031 1174 2095 1236 sic-

439 1304 502 1368 que
533 1283 700 1368 accipiunt
729 1281 771 1346 ab
803 1280 979 1368 apostolice
1008 1280 1195 1346 viventibus
1225 1279 1358 1364 liberae,
1391 1283 1418 1344 si
1449 1279 1628 1346 secundum
1658 1281 1840 1346 doctrinam
1870 1281 1975 1344 sancti
2009 1278 2095 1344 Gre-

439 1390 522 1474 gorii
546 1387 607 1452 sub
632 1389 678 1452 eis
702 1398 923 1474 agnoscuntur
944 1388 1018 1452 Deo
1043 1389 1175 1469 servire,
1205 1388 1289 1452 sicut
1311 1387 1390 1451 illud
1414 1389 1580 1475 accipiunt
1603 1388 1837 1452 aecclesiarum
1860 1388 1956 1470 servi,
1981 1388 2041 1474 qui
2067 1389 2095 1449 si

439 1494 480 1560 ab
505 1495 576 1560 aliis
601 1518 699 1582 quam
722 1494 899 1582 apostolice
923 1494 1109 1559 viventibus
1133 1493 1213 1558 illud
1239 1495 1435 1581 acciperent,
1463 1495 1590 1582 illisque
1619 1496 1682 1581 ipsi
1706 1493 1927 1558 subservirent
1951 1495 2146 1558 viventi-10

439 1602 500 1666 bus
524 1601 689 1683 dissolute,
713 1603 786 1688 ipsa
809 1625 869 1668 sua
892 1602 1055 1688 stipendia
1078 1600 1256 1666 cottidiana
1270 1600 1396 1666 illorum
1413 1603 1561 1666 servituti
1577 1600 1689 1666 debita
1711 1623 1776 1665 non
1800 1602 1987 1687 acciperent
2012 1602 2095 1664 satis

439 1720 518 1791 tute,
543 1710 571 1772 si
593 1721 703 1774 tamen
725 1709 790 1774 ullo
814 1709 910 1774 modo
934 1721 1067 1796 possent
1091 1719 1122 1773 et
1145 1708 1268 1773 nollent
1289 1708 1373 1774 male
1396 1707 1568 1794 agentibus
1593 1707 1816 1772 contradicere
1840 1729 1963 1794 suaque
1988 1709 2096 1771 servi-

440 1826 506 1882 tute
531 1815 602 1882 illos
626 1815 812 1881 destituere.
847 1816 893 1880 At
907 1839 976 1898 vos,
1001 1837 1113 1880 omnes
1129 1815 1238 1902 pusilli
1262 1838 1335 1880 curn
1351 1814 1539 1897 maioribus,
1564 1815 1674 1879 altaris
1697 1815 1837 1879 ministri
1861 1837 1934 1878 curn
1957 1814 2096 1878 iuniori-

440 1923 511 2006 bus,
535 1934 571 1988 ut
594 1943 741 2009 eaquae
765 1924 800 1986 in
823 1922 949 1987 occulto
972 1922 1063 2002 fiunt,
1088 1945 1172 2008 quae
1197 1931 1229 1986 et
1251 1934 1345 2009 turpe
1370 1934 1420 1986 est
1443 1922 1563 2004 dicere,
1593 1933 1729 2003 taceam,
1758 1931 1882 1986 tantam
1904 1920 2035 1986 habetis
2059 1922 2096 1986 in

441 2031 629 2096 defensione
659 2029 745 2094 illius
769 2031 856 2094 vitae
881 2040 1009 2093 vestrae
1041 2029 1259 2112 concordiam,
1290 2041 1325 2093 ut
1356 2051 1416 2115 ego
1446 2051 1505 2116 pro
1529 2028 1622 2093 vobis
1646 2029 1761 2092 timere
1785 2051 1894 2113 cogar,
1924 2051 1966 2092 ne
1990 2027 2094 2114 adap-
2116 2049 2145 2089 rs

312 2161 420 2208 rossus.
440 2138 541 2203 tanda
570 2136 664 2202 vobis
695 2139 736 2200 sit
765 2136 821 2200 illa
850 2136 916 2200 Dei
947 2136 1120 2218 sententia,
1152 2159 1217 2222 qua
1246 2135 1382 2223 loquens
1417 2135 1459 2200 ad
1493 2135 1625 2200 beatum
1655 2134 1714 2200 Iob
1750 2134 1907 2200 describit
1937 2158 2094 2221 squamas

439 2245 622 2310 Leviathan
642 2245 737 2330 quasi
760 2253 852 2307 scuta
874 2241 994 2325 fusilia,
1017 2243 1161 2307 invicem
1184 2265 1218 2308 se
1235 2243 1415 2329 prementia
1439 2253 1471 2307 et
1494 2243 1539 2306 ita
1563 2251 1742 2328 compacta,
1767 2254 1802 2307 ut
1824 2264 1865 2306 ne
1890 2241 2094 2328 spiraculum

343 2376 420 2416 *cru
441 2352 573 2438 quidem
598 2351 747 2416 *incedat
770 2373 829 2437 per
852 2348 917 2414 illa.
964 2349 1059 2414 Unde
1084 2351 1112 2412 si
1135 2373 1204 2431 vos,
1229 2351 1285 2436 qui
1308 2350 1486 2413 sanctiores
1510 2350 1543 2412 in
1567 2347 1622 2412 illa
1637 2350 1707 2414 vita
1730 2349 1813 2413 falsa
1836 2361 1868 2414 ct
1883 2371 1964 2413 vera
1986 2359 2092 2413 morte

440 2459 606 2540 videmini,
638 2458 680 2522 ad
710 2457 772 2522 hoc
802 2457 963 2539 ieiunatis,
995 2457 1038 2520 ad
1067 2457 1129 2521 hoc
1157 2457 1349 2521 elemosinas
1374 2455 1469 2538 datis,
1500 2455 1543 2520 ad
1566 2456 1627 2520 hoc
1650 2455 1799 2542 psallitis,
1823 2467 1859 2520 ut
1881 2479 1947 2520 non
1971 2454 2011 2519 de
2037 2454 2093 2519 illa

441 2567 507 2630 vita
537 2564 731 2648 liberemini,
763 2564 820 2629 scd
843 2573 879 2628 ut
901 2565 933 2626 in
958 2563 1014 2628 illa
1037 2563 1218 2645 salvemini,
1249 2563 1390 2628 iudicem
1421 2564 1560 2626 nitimini
1588 2585 1806 2649 corrumpere,
1830 2573 1866 2627 ut
1888 2575 2003 2648 parcat
2026 2586 2093 2627 non
2112 2585 2142 2625 ao

440 2673 572 2756 homini,
597 2671 655 2736 sed
677 2672 816 2736 hominis
841 2670 967 2757 culpae,
992 2670 1080 2756 quod
1096 2671 1225 2756 penitus
1242 2679 1291 2734 est
1315 2668 1513 2755 inpossibile,
1538 2682 1571 2735 et
1588 2680 1703 2734 tamen
1720 2671 1818 2734 etiam
1834 2691 1892 2757 pro
1908 2670 1972 2734 hoc
1991 2668 2092 2734 habet

440 2801 498 2844 vos
522 2779 712 2864 dampnare,
736 2779 823 2864 quia,
847 2776 924 2842 licet
946 2777 1076 2859 frustra,
1100 2777 1246 2842 voluistis
1271 2799 1345 2840 eum
1369 2798 1587 2863 eorrumpere.

548 2885 581 2950 S.
616 2885 708 2948 Dure
732 2907 790 2948 nos
814 2885 959 2968 tetigisti,
985 2906 1058 2948 cum
1081 2906 1141 2948 nos
1165 2885 1259 2970 quasi
1282 2906 1435 2970 squamas
1459 2885 1586 2969 corpori
1608 2884 1793 2949 Leviathan
1816 2885 2001 2970 assignasti.

547 2993 585 3056 R.
619 2992 705 3056 Vere
730 3003 765 3056 ut
788 2988 939 3056 devehis
963 3002 1100 3072 taceam,
1125 3013 1261 3076 qnorum
1285 3014 1350 3054 non
1373 2993 1501 3055 intueor
1524 2993 1766 3074 conscientiam,
1786 2990 1882 3055 valde
1906 3013 1957 3055 me
1975 2989 2092 3055 liberet

441 3110 554 3166 contra
584 3099 674 3163 illum
696 3097 880 3162 Leviathan
910 3097 1083 3161 durissima
1113 3109 1146 3161 et
1169 3099 1357 3161 acutissima
1386 3097 1494 3162 iacula
1523 3097 1619 3162 dictis
1643 3107 1675 3162 ct
1698 3099 1827 3183 scriptis
1857 3098 1997 3180 mittere,
2028 3100 2091 3162 nisi
2111 3121 2139 3159 ss

298 3233 421 3282 rosmrs.
441 3205 538 3294 quod,
562 3215 701 3271 testante
725 3204 867 3269 Domino
892 3203 934 3268 ad
957 3202 1089 3268 beatum
1112 3202 1182 3286 Iob,
1206 3205 1240 3268 in
1264 3203 1416 3289 stipulam
1439 3205 1527 3268 versi
1551 3215 1625 3268 sunt
1648 3205 1679 3269 ei
1700 3204 1811 3291 lapide
1834 3204 1966 3269 fundae.

549 3312 582 3378 S.
619 3313 683 3394 Qui
707 3311 858 3398 lapides?
904 3311 948 3375 Et
971 3311 1063 3376 cuius
1087 3310 1232 3375 fundae?
1323 3350 1325 3356 ·

547 3421 586 3485 R.
620 3420 734 3485 Nonne
758 3420 824 3482 iarn
848 3418 973 3483 ostendi
993 3427 1133 3482 vestram
1157 3417 1245 3482 illam
1262 3419 1363 3482 vitam
1387 3417 1447 3483 sub
1471 3418 1675 3482 anathemate
1700 3420 1734 3482 in
1756 3418 1925 3483 aecclesiis
1949 3421 2091 3484 matrici-

441 3526 503 3593 bus
526 3526 747 3615 prohibitam?
783 3525 876 3606 Quid·
889 3535 937 3588 est
960 3535 1068 3589 autem
1085 3525 1258 3590 anathema
1273 3525 1474 3608 maranatha,
1499 3524 1587 3611 quod
1610 3526 1775 3612 intorquet
1790 3524 1943 3591 Urbanus
1966 3538 2092 3613 martyr

442 3637 476 3700 in
510 3637 736 3722 prenominata
770 3633 943 3714 sententia,
976 3633 1040 3695 nisi
1073 3631 1156 3718 lapis
1192 3630 1291 3695 durus
1324 3633 1359 3695 in
1393 3631 1508 3714 funda,
1545 3655 1610 3718 qua
1644 3632 1790 3716 tandem,
1824 3655 1897 3697 cum
1928 3632 2091 3697 Dominus
2111 3656 2137 3693 so

442 3743 578 3825 venerit,
610 3751 771 3806 sternetur
800 3739 944 3821 altitude,
976 3760 1011 3802 se
1041 3761 1128 3802 nunc
1159 3738 1287 3823 erigens
1318 3739 1491 3802 adversum
1522 3740 1691 3803 scientiam
1715 3738 1861 3804 Christi?
1908 3739 1975 3804 Sed
2005 3740 2091 3805 hanc

266 3875 424 3924 ananau.
442 3848 577 3914 hundam
608 3871 680 3912 curn
705 3845 838 3910 Goliath
859 3845 1038 3910 Philistheo
1069 3868 1156 3910 nunc
1186 3845 1278 3908 multi
1308 3845 1468 3927 derident,
1500 3847 1556 3931 qui
1585 3856 1708 3910 temere
1739 3847 1939 3911 committere
1970 3847 2092 3911 audent

444 3978 508 4020 non
532 3953 635 4019 solum
658 3974 741 4038 quae
765 3953 798 4015 in
821 3951 948 4037 prefata
971 3950 1099 4016 Urbani
1126 3953 1296 4035 sententia,
1328 3952 1386 4016 sed
1409 3964 1442 4016 et
1457 3951 1544 4016 alias
1567 3953 1777 4018 inveniuntur
1800 3951 1859 4018 sub
1883 3953 2091 4018 anathemate

274 4087 426 4138 sparsus.
443 4057 617 4148 prohibita,
648 4057 765 4145 quibus
796 4058 944 4145 adaptari
974 4067 1089 4145 potest,
1121 4059 1209 4145 quod
1238 4061 1273 4123 iu
1302 4058 1482 4145 apocalipsi
1512 4059 1632 4124 dicitur
1663 4060 1703 4124 de
1732 4059 1846 4140 bestia,
1876 4081 1960 4145 quae
1992 4060 2092 4126 habet

359 4193 426 4237 urs.
438 4169 573 4256 phspom
593 4167 703 4255 plodii
723 4181 750 4230 et
772 4168 860 4230 vicit.
909 4164 974 4245 Qui
1004 4165 1090 4228 euim
1115 4164 1177 4228 sibi
1205 4167 1420 4252 imprecatum
1443 4166 1617 4229 anathema
1642 4167 1864 4252 *contempnit
1896 4167 1967 4252 ipse
1990 4166 2092 4232 habet
2111 4187 2137 4227 ss

444 4273 574 4360 plagam
602 4271 713 4358 gladii,
742 4283 775 4336 et
797 4293 855 4335 suo
879 4270 1000 4335 iudicio
1022 4272 1115 4353 vivit,
1140 4273 1217 4357 quia
1239 4295 1321 4354 eam,
1345 4273 1440 4358 quasi
1462 4272 1551 4336 nulla
1575 4273 1625 4352 sit,
1650 4275 1858 4359 contempnit.
1905 4273 1958 4336 De
1982 4273 2091 4338 huius-

445 4379 533 4444 modi
555 4378 735 4444 timendum
758 4389 816 4461 cst,
846 4401 888 4442 ne
913 4379 1096 4465 pertineant
1126 4376 1168 4441 ad
1191 4401 1307 4465 corpus
1330 4379 1415 4444 illius
1439 4379 1575 4460 bestiae,
1601 4381 1693 4442 cuius
1716 4379 1814 4466 plaga
1838 4382 1947 4445 mortis
1972 4380 2093 4446 dicitur

446 4496 558 4551 curata
581 4509 662 4568 esse,
687 4509 759 4549 cum
783 4507 848 4548 non
871 4507 959 4568 vere,
984 4484 1043 4549 sed
1066 4484 1147 4548 falso
1171 4484 1299 4550 dicatur
1321 4496 1443 4550 curata.

552 4592 585 4657 S.
620 4593 692 4677 Ego
716 4590 775 4655 tibi
799 4593 948 4655 consensi
978 4591 1019 4656 de
1043 4591 1155 4677 primis
1179 4591 1382 4656 avulsoribus
1405 4593 1490 4657 illius
1514 4595 1601 4658 vitae
1634 4592 1813 4658 secundum
1843 4605 1989 4658 tenorem
2019 4618 2091 4660 sen-

446 4701 566 4764 tentiae
590 4697 630 4762 ab
647 4696 782 4762 Urbano
802 4696 908 4778 datae,
933 4697 1021 4784 quod
1043 4697 1089 4762 illi
1111 4699 1286 4785 periclitati
1309 4699 1429 4763 fuerint
1452 4699 1512 4764 sub
1534 4699 1757 4784 anathemate,
1783 4713 1815 4764 et
1838 4711 1874 4764 tu
1895 4725 1955 4766 uos
1979 4725 2091 4766 omnes
2110 4723 2137 4762 (ο

447 4829 557 4871 comm
580 4826 738 4892 sequaces
761 4805 810 4867 vis
833 4803 971 4868 notare?

552 4912 589 4976 R.
626 4911 662 4976 Si
684 4933 800 4998 parum
823 4910 952 4975 videtur
981 4910 1104 4975 dixisse
1134 4913 1267 4997 primus,
1291 4911 1443 4978 Urbanus
1472 4913 1634 4978 secundus
1657 4937 1744 5001 papa
1774 4915 1808 4978 in
1832 4915 1898 4978 suis
1922 4915 2091 4979 decretali-

446 5018 545 5083 bus¹:
572 5019 765 5105 Quicunque,
788 5020 842 5100 ait,
867 5043 917 5083 rea
939 5020 1188 5083 aecclesiasticae
1210 5045 1272 5083 uon
1294 5021 1339 5084 ud
1361 5023 1426 5100 hoc,
1451 5023 1537 5107 qsrod
1553 5025 1708 5087 ritatt'tutoe
1723 5038 1804 5104 arent,
1827 5023 1884 5087 secl
1898 5023 2093 5110 adproprr'o

447 5129 537 5192 lutra
566 5151 691 5192 munem
722 5127 846 5213 linquae
876 5126 927 5189 vel
955 5125 1091 5190 ebdebs'tc'
1111 5128 1255 5210 obsequii
1283 5129 1332 5190 'ool
1347 5132 1486 5212 pecunia
1511 5130 1656 5214 lurp-itur,
1688 5131 1738 5192 vel
1759 5130 1962 5215 adoptbcitur,
1991 5155 2091 5217 (φηθ-

446 5237 557 5298 otacus
580 5248 640 5314 est,·
663 5257 732 5297 cum
747 5233 948 5319 prioct'poltls
970 5235 1098 5296 intentio
1123 5231 1270 5319 Spmous’s
1286 5237 1395 5321 jbert't
1416 5236 1484 5298 sola
1501 5237 1658 5322 pecuniae
1682 5239 1837 5316 ovorics'o,
1863 5237 1900 5300 id
1922 5251 1966 5300 eat
1989 5237 2091 5301 idolo-
2111 5257 2139 5294 (ὁ

269 5367 426 5418 crassas.
447 5343 520 5420 uio,
551 5354 585 5404 ot
612 5341 660 5403 ait
687 5341 856 5425 apostolos,
887 5347 919 5402 et
942 5339 1096 5421 avaricia,
1122 5361 1206 5424 quae
1232 5351 1280 5403 est
1307 5339 1466 5403 idolorum
1490 5342 1639 5405 servitus.
1686 5341 1801 5427 Itaque
1826 5353 2005 5406 consonant
2029 5341 2092 5405 sibi

446 5447 598 5532 antiquus
622 5456 654 5510 et
676 5469 779 5510 novus
802 5445 965 5527 Urbanus,
997 5446 1072 5509 dum
1096 5445 1149 5509 ille
1174 5445 1216 5510 ad
1240 5469 1444 5510 communem
1467 5448 1566 5511 vitam
1591 5447 1732 5512 affirmat
1754 5471 1807 5511 res
1831 5448 2092 5514 aecclesiasticas

557 5703 585 5774 l)
611 5701 703 5778 Epist
727 5704 769 5759 ad
790 5703 916 5773 Luciam,
942 5703 1041 5760 Manui
1062 5704 1130 5774 XX,
1156 5706 1205 5760 rol.
1224 5704 1305 5773 661;
1328 5702 1360 5760 J.
1387 5705 1482 5762 5743.
