4396 6390
401 375 465 438 448
692 381 872 436 GERHOHI
895 379 1128 436 PRAEPOSITI
1151 377 1561 434 REICHERSBERGENSIS
1586 378 1750 433 LIBELLI.

329 591 380 638 nsi.
506 567 620 631 Fuerit
643 589 720 652 ergo
744 568 920 652 imperator
939 565 1171 631 Constantinus
1194 567 1228 630 in
1252 567 1318 629 suis
1343 566 1497 628 extremis
1522 565 1744 650 cuiuscunque
1769 573 1881 628 sectae
1906 573 2048 647 sectator,

400 673 564 754 derelicta,
593 683 628 737 ut
658 673 769 753 fertur,
800 672 865 737 fide
896 673 1067 754 catholica,
1098 695 1157 758 pro
1186 695 1250 758 qua
1278 671 1484 735 laboraverat
1514 673 1547 734 in
1571 671 1685 736 sinodo
1709 671 1858 757 Nycena,
1883 670 1971 757 quod
1994 693 2050 756 ego

399 781 530 844 minime
556 779 665 860 creda,
690 802 763 844 cum
788 781 857 843 eius
882 781 978 844 etiam
995 779 1078 843 tilios
1096 777 1345 843 Constantinum
1361 789 1394 841 et
1410 777 1621 842 Constantem
1645 789 1802 863 paternae
1826 777 1906 842 fidei
1929 799 2052 841 succes-

238 911 379 960 spocnar.
398 908 486 950 sores
511 886 574 950 duo
598 898 709 968 testes,
733 885 817 950 duae
835 886 940 950 olivae
965 909 1004 950 ac
1020 886 1083 950 duo
1100 883 1308 965 candelabra,
1333 884 1493 948 Iohannes
1512 883 1710 972 [videlieetr]
1737 895 1769 948 et
1784 884 1919 964 Paulus,
1944 885 1977 946 in
2000 882 2051 947 ob

397 991 563 1078 probrium
589 992 705 1056 Iuliani
729 1002 876 1078 apostate
901 992 1128 1056 commendent
1151 1002 1183 1056 et
1206 991 1383 1056 catholicos
1407 1002 1504 1076 atque
1533 992 1567 1054 in
1591 991 1655 1055 fide
1678 990 1841 1055 catholica
1864 1001 1898 1054 et
1923 1012 2052 1054 conver·
2069 1033 2092 1052 -.

401 1099 524 1163 satione
548 1096 636 1163 bona
659 1097 792 1162 stabiles
816 1099 856 1163 de
880 1120 982 1184 regno
1006 1111 1135 1164 terreno
1159 1098 1201 1162 ad
1225 1121 1361 1183 regnum
1380 1097 1519 1162 caeleste
1536 1097 1708 1162 translatos
1725 1097 1907 1184 predicent.
1944 1096 2053 1160 Fuerit

397 1205 497 1290 ergob
521 1215 615 1291 pater
637 1227 748 1269 eorum
773 1204 1006 1270 Constantinus
1030 1206 1118 1268 circa
1147 1205 1245 1268 finem
1274 1215 1365 1290 peste
1389 1203 1539 1286 muana,
1564 1215 1676 1269 contra
1700 1228 1798 1292 quam
1822 1215 1921 1268 antea
1944 1201 2053 1267 lauda-

396 1310 506 1375 biliter
529 1310 751 1392 dimicaverat,
782 1310 972 1391 maculatus,
997 1321 1033 1374 ut
1056 1312 1171 1376 asserit
1195 1309 1410 1392 Cassianus13
1443 1312 1535 1375 cuius
1559 1333 1623 1375 non
1647 1311 1751 1376 solum
1775 1313 1807 1374 in
1832 1309 1931 1375 laude
1955 1310 2053 1372 nimia

396 1418 593 1504 'l'ripertitae
616 1418 790 1503 yscoi-iasa
816 1417 874 1482 sed
898 1428 930 1482 et
953 1419 986 1481 in
1003 1419 1120 1481 ceteris
1137 1417 1300 1504 opusculis
1317 1427 1448 1481 notatur
1471 1429 1504 1481 et
1527 1418 1718 1504 repudiatur
1740 1440 1855 1482 sensus
1877 1416 2052 1496 hereticus,

396 1546 583 1611 quanquam
608 1524 648 1588 de
665 1525 733 1588 rita
748 1535 876 1612 patrum
901 1525 1023 1610 scripta
1046 1525 1115 1587 cius
1139 1533 1318 1604 teneamus,
1343 1547 1383 1587 ea
1406 1524 1565 1588 duntaxat
1588 1547 1673 1610 quae
1698 1523 1895 1612 approbarit
1911 1523 1963 1586 vir
1985 1521 2052 1586 illu-

396 1632 470 1695 stris
486 1630 677 1694 leronimus.
713 1630 798 1694 Nam
814 1640 924 1695 cetera
947 1641 1022 1694 sunt
1045 1630 1225 1716 apocrifata
1249 1642 1291 1712 et,
1315 1641 1351 1695 ut
1374 1631 1525 1716 Prosper,
1550 1631 1664 1696 doctor
1679 1630 1930 1710 eruditissimus,
1953 1638 2052 1709 notat,

396 1761 454 1824 pro
479 1760 576 1802 sensu
599 1736 742 1801 heretico
772 1736 944 1823 repudiata
954 1742 975 1800 ³.
1024 1735 1174 1817 Quedarn
1204 1747 1313 1801 tamen
1344 1736 1385 1801 ab
1416 1739 1488 1823 ipso
1511 1738 1672 1824 Prospero
1702 1739 1917 1802 inveniuntur
1947 1757 2052 1800 emen-

396 1843 481 1908 data.
529 1842 782 1924 Quomodolibet
805 1867 883 1929 crgo
900 1843 1078 1930 Tripertita
1101 1844 1225 1929 ystoria
1248 1842 1289 1907 de
1313 1841 1475 1928 baptismo
1492 1841 1697 1908 Constantini
1721 1845 1763 1908 sit
1785 1841 1979 1929 recipienda
2002 1842 2052 1906 vel

395 1950 590 2036 respuenda,
618 1949 718 2014 nichil
746 1949 807 2014 hoc
832 1950 946 2014 attinet
969 1949 1011 2014 ad
1035 1949 1230 2014 infirmanda
1254 1950 1323 2014 eius
1347 1949 1454 2014 edicta
1477 1972 1537 2035 pro
1562 1949 1721 2015 catholica
1744 1949 1809 2014 tide
1834 1951 1868 2014 in
1892 1949 2052 2014 defensio-

363 2135 365 2142 .
396 2079 471 2121 nem
494 2067 627 2121 sanctae
644 2056 709 2120 Dei
733 2055 913 2122 aecclesiae
930 2055 1135 2141 promulgata
1158 2066 1191 2120 et
1213 2079 1272 2142 per
1288 2055 1482 2141 apostolicos
1499 2056 1648 2121 doctores
1668 2055 1819 2122 roborata
1842 2057 1928 2120 inter
1945 2065 2053 2120 cetera

194 2187 244 2255 [De
264 2135 376 2258 wlff*
396 2161 578 2250 imperialia
605 2163 736 2248 scripta.
782 2160 879 2226 Unde
909 2163 944 2226 in
968 2161 1078 2226 Gestis
1102 2162 1353 2227 aecclesiasticis
1378 2162 1495 2248 legitur
1517 2164 1602 2228 inter
1625 2173 1750 2228 cetera:
1775 2165 1945 2250 Denique⁴
1969 2187 2053 2250 repes

167 2259 376 2326 ⁰⁰⁰¹⁰⁵5⁸⁸ll⁰l⁸d
396 2286 425 2334 et
439 2271 588 2357 presides
611 2295 648 2334 ac
672 2273 874 2358 anaprstratus
896 2293 957 2334 non
981 2271 1080 2334 solunt
1098 2270 1279 2334 adiacentia
1302 2271 1448 2349 tribuere,
1471 2270 1529 2334 sed
1550 2285 1578 2334 et
1600 2273 1669 2358 episi
1684 2274 1824 2358 propria
1849 2272 1965 2357 larpiti
1984 2285 2055 2333 sunt

392 2401 453 2464 per
475 2380 623 2442 casarea
653 2401 749 2465 reqna
780 2391 947 2456 terrarum,
979 2377 1061 2440 rancis
1090 2377 1249 2441 alerentur
1278 2391 1396 2463 rpentes
1425 2378 1485 2462 qui
1511 2379 1545 2440 in
1569 2377 1685 2442 enuntio
1716 2378 1818 2442 nrfctit
1833 2377 2053 2464 possidebant,

395 2485 624 2569 aecclesiaeque
639 2483 886 2571 fabricarentur
909 2497 1000 2569 atque
1023 2497 1286 2560 restaurarentur,
1310 2482 1438 2568 Deoque
1461 2497 1490 2547 et
1511 2485 1681 2548 aecclesiae
1709 2485 1777 2548 eius
1804 2486 1864 2548 rite
1880 2484 2052 2571 sacraban-

396 2594 473 2654 tirnn
500 2613 721 2674 seruorumque
744 2591 836 2653 illins
866 2591 1080 2676 supplementa
1108 2590 1224 2674 absque
1253 2591 1431 2653 necessitate
1459 2591 1641 2654 tribuerunt.
1688 2589 1721 2652 Ε
1730 2593 1742 2632 ⁵
1765 2591 1879 2675 quibus
1903 2591 1956 2654 eir
1979 2590 2052 2654 reli·
2095 2620 2195 2658 Ξ

391 2698 592 2782 piosissirnns
608 2695 838 2775 Constantinus,
857 2695 1095 2783 primusjidern
1120 2697 1262 2760 ueritatis
1277 2709 1424 2782 potenter
1447 2695 1589 2781 adeptus,
1614 2697 1773 2760 licentiam
1797 2695 1886 2760 dedit
1903 2721 1968 2782 per
1986 2699 2052 2760 uni·

395 2827 516 2866 'uersum
540 2803 689 2866 anundum
718 2805 754 2866 in
775 2827 831 2866 suo
856 2802 996 2890 (tepentes
1019 2805 1153 2888 irnperio
1177 2827 1238 2866 nou
1260 2803 1360 2866 solrsrn
1377 2804 1461 2888 fieri
1480 2803 1679 2883 chrestianus,
1708 2803 1815 2867 sedet
1830 2803 2053 2890 fabricandas

394 2910 563 2973 aecclesias
586 2923 614 2972 et
630 2908 750 2994 predia
779 2908 945 2974 tribuenda
974 2911 1139 2973 coustituit.
1188 2909 1333 2994 Denique
1364 2909 1447 2972 idern
1475 2910 1627 2996 prefatus
1653 2912 1804 2996 princeps
1835 2909 1974 2974 dorsaria
2006 2913 2052 2974 in·

394 3040 499 3080 rnensa
524 3029 552 3080 et
566 3017 734 3102 fabricant
759 3017 871 3100 ternpli
886 3018 1014 3100 primae
1044 3015 1130 3079 sedis
1158 3017 1242 3079 beati
1262 3014 1353 3079 Petri
1368 3017 1534 3101 principis
1557 3017 1768 3103 apostolorum
1792 3018 1939 3096 instituit,
1963 3016 2052 3095 adeo,

394 3137 427 3186 ut
448 3123 551 3187 sedern
574 3123 783 3208 imperialem,
808 3125 862 3186 oui
882 3125 998 3208 quique
1022 3121 1164 3186 Rotnani
1177 3123 1346 3208 principes
1365 3121 1572 3208 presidebaat
1593 3124 1785 3208 relinqueret
1806 3137 1834 3186 et
1857 3125 1945 3188 beato
1961 3123 2051 3186 Petro
2068 3150 2088 3189 n

393 3231 520 3315 suesque
550 3231 779 3294 succcessoribus
805 3231 1011 3316 profanarent
1044 3229 1230 3293 concederet.
1277 3226 1400 3291 Audiat
1422 3227 1640 3308 adversarius,
1665 3229 1743 3314 quia
1765 3229 1945 3314 imperator
1968 3228 2050 3292 Con·

395 3337 554 3399 stautinus
585 3335 619 3398 in
643 3332 753 3398 Gestis
784 3334 1036 3398 aecclesiasticis
1058 3335 1110 3398 vir
1132 3333 1394 3418 religiosissimus
1422 3335 1608 3398 nominatur
1632 3335 1757 3398 eteius
1785 3335 1957 3415 institutio,
1987 3357 2050 3398 uon

396 3443 473 3527 quia
495 3442 565 3505 eius
588 3441 658 3522 fuit,
683 3441 741 3504 sed
765 3440 841 3526 quia
864 3441 950 3504 iusta
973 3450 1005 3504 et
1028 3438 1229 3504 rationabilis
1253 3440 1369 3522 extitit,
1393 3439 1554 3505 laudatur.
1600 3440 1715 3526 Neque
1740 3441 1825 3504 enim
1850 3451 1918 3505 tarn
1941 3440 2050 3505 lauda-

311 3571 341 3612 ·r.
349 3573 376 3612 r.
395 3546 451 3612 bili
476 3549 697 3613 constitutioni
720 3547 781 3610 hoc
806 3546 1007 3627 adversatur,
1033 3546 1121 3632 quod
1143 3547 1336 3632 iurisperiti
1360 3545 1472 3610 dicunt
1496 3545 1745 3633 rempublicam
1768 3569 1833 3611 non
1848 3569 1947 3633 posse
1964 3553 2050 3611 'usu-

396 3655 479 3740 capi,
504 3677 578 3718 cunr
602 3653 663 3718 hoc
688 3653 774 3718 dicto
798 3675 876 3717 sane
900 3652 1065 3717 intellecto
1089 3662 1251 3716 saturatur
1274 3652 1307 3716 id
1332 3652 1420 3738 quod
1443 3653 1523 3717 iuris
1546 3651 1669 3739 publici
1693 3665 1742 3718 est
1765 3655 1798 3717 in
1814 3654 1979 3740 privatum
2002 3655 2050 3717 ius
2067 3681 2088 3719 n

395 3783 459 3825 non
489 3783 584 3847 posse
615 3760 730 3847 redigi.
776 3760 929 3845 Denique
961 3782 1013 3823 res
1043 3757 1176 3846 publica
1205 3759 1385 3825 aecclesiae
1417 3759 1538 3824 donata
1567 3771 1678 3824 manet
1707 3759 1815 3825 adhuc
1845 3759 1989 3846 publica,
2019 3761 2050 3824 in

395 3865 582 3952 publicumc
608 3867 725 3930 summi
749 3867 835 3952 regis
859 3863 1063 3951 obsequium,
1087 3887 1152 3928 non
1175 3867 1208 3929 in
1231 3867 1283 3929 ius
1307 3867 1470 3952 privatum
1494 3865 1679 3930 vendicata.

324 3999 376 4050 (so).
502 3971 603 4037 Cuius
627 3974 888 4058 transpositionis
911 3971 1012 4036 multa
1037 3973 1245 4036 inveniuntur
1268 3970 1447 4037 laudabilia
1470 3973 1631 4060 exempla,
1661 3997 1726 4038 non
1751 3974 1854 4038 solum
1883 3974 1916 4038 in
1940 3981 2052 4038 sancta

395 4079 565 4160 aecclesia,
589 4079 649 4144 sed
672 4091 704 4144 et
727 4081 874 4164 ingente
897 4099 963 4142 non
986 4089 1099 4143 sancta
1124 4088 1156 4142 et
1178 4101 1318 4165 pagana.
1341 4075 1520 4164 'Legamus
1544 4091 1637 4165 gesta
1660 4102 1774 4166 regum
1792 4103 1996 4166 paganorum
2018 4081 2051 4143 in

395 4185 486 4250 libris
509 4183 774 4267 Machabeorum,
800 4196 832 4248 et
854 4173 1038 4249 invenimus
1061 4184 1249 4265 Ierusalem,
1274 4186 1417 4272 peccatis
1445 4185 1663 4272 exigentibus,
1693 4187 1888 4273 aliquotiens
1919 4188 2051 4251 misera-
2069 4211 2092 4251 ss

395 4291 504 4358 biliter
526 4291 727 4357 humiliatam
750 4301 782 4356 et
806 4314 825 4355 a
848 4289 1000 4377 gentibus
1025 4291 1259 4372 conculcatam,
1277 4314 1374 4377 quarn
1390 4292 1464 4356 Deo
1480 4293 1661 4378 propiciato
1682 4315 1776 4378 reges
1792 4294 1939 4378 gentium
1955 4292 2051 4357 valde

394 4399 637 4464 honoraverunt
660 4409 693 4463 et
715 4396 914 4483 reipublicae
939 4397 1121 4484 sumptibus
1138 4397 1332 4462 ditaverunt.
1369 4398 1462 4479 Nam,
1480 4421 1554 4463 cum
1573 4409 1687 4464 sancta
1711 4399 1825 4462 civitas
1848 4396 2052 4464 habitaretur

292 4492 295 4498 ’
395 4507 428 4569 in
452 4506 540 4570 omni
562 4527 655 4590 pace,
679 4503 768 4589 leges
792 4505 890 4567 etiarn
914 4502 1021 4567 adhuc
1046 4505 1079 4567 in
1103 4526 1143 4567 ea
1166 4505 1287 4589 optime
1305 4504 1552 4586 custodirentur,
1577 4504 1686 4586 fiebat,
1710 4515 1745 4569 ut
1768 4505 1831 4591 ipsi
1854 4527 1950 4591 reges
1973 4527 2050 4590 gen·

395 4614 475 4676 tium
505 4613 539 4674 in
563 4634 689 4675 summa
711 4611 921 4674 veneratione
951 4608 1111 4674 haberent
1139 4610 1247 4675 locum
1278 4621 1434 4693 sanctum,
1464 4634 1562 4697 quem
1591 4621 1706 4697 postea
1735 4610 1863 4696 legibus
1886 4611 1959 4676 Dei,
1976 4634 2050 4676 con·

395 4719 526 4804 temptis
549 4717 755 4804 profanatum
779 4738 817 4780 ac
843 4715 1101 4798 dehonestatum,
1132 4739 1191 4802 per
1213 4714 1300 4781 bella
1331 4717 1539 4804 triumphalia
1561 4717 1816 4782 Machabeorum
1840 4717 1949 4782 denuo
1971 4716 2051 4804 legi·
2069 4745 2094 4782 n

502 4916 529 4980 a)
550 4918 616 4968 deest
635 4917 667 4966 A.
741 4914 768 4978 b)
790 4917 899 4982 inquam
918 4916 946 4966 in
965 4917 1015 4967 boso
1034 4934 1090 4966 raso
1110 4917 1144 4966 A.
1216 4913 1241 4977 e)
1264 4915 1370 4966 scilicet
1387 4932 1508 4981 sapueras.
1530 4917 1563 4967 A.

506 5078 534 5154 1)
557 5079 645 5137 Irnrrro
669 5079 795 5155 Prosper
823 5078 883 5154 ipse
912 5079 940 5135 in
968 5077 1107 5136 Chronico
1136 5099 1186 5137 suo
1217 5074 1374 5154 (Chronica
1404 5079 1470 5136 min.
1503 5081 1545 5136 ed.
1573 5079 1730 5137 Mommsen
1758 5080 1782 5150 I,
1805 5099 1841 5156 p.
1863 5075 1951 5156 425),
1976 5078 2050 5156 opp.

396 5183 538 5262 (Barcaei
564 5181 660 5261 1782)
686 5205 719 5261 p.
745 5185 824 5252 391‚·
852 5186 892 5256 es.
917 5203 990 5260 quae
1013 5185 1048 5242 de
1070 5205 1105 5242 ea
1127 5205 1160 5242 re
1182 5185 1280 5242 ibidem
1304 5188 1368 5242 n.d
1392 5194 1532 5243 annotata
1555 5195 1636 5255 sunt;
1659 5207 1685 5244 a.
1710 5186 1793 5244 etiam
1818 5185 1929 5258 Gotisr.
1948 5186 2050 5244 Viterb.

396 5293 479 5370 Sper.
503 5312 599 5369 repunt
623 5291 668 5363 II,
693 5312 716 5348 e.
738 5291 793 5360 36,
818 5290 943 5348 v.1082
966 5311 1042 5366 sqq,
1069 5291 1123 5348 SS.
1141 5290 1247 5361 XXII,
1273 5313 1307 5368 p.
1326 5291 1377 5348 80.
1492 5291 1522 5362 2)
1547 5291 1623 5348 Hesi.
1655 5291 1826 5368 Tripertitae
1848 5292 1938 5372 fidem
1969 5292 2052 5350 etiam

394 5400 563 5476 impapnant
576 5397 738 5455 Bernoldus
760 5397 789 5454 in
814 5396 901 5453 Libro
924 5398 958 5453 de
981 5387 1184 5454 incontinentia
1205 5398 1377 5468 clericorum,
1404 5397 1465 5455 Lib.
1486 5398 1527 5469 II,
1545 5418 1579 5473 p.
1596 5397 1646 5454 10.
1663 5397 1712 5454 12.
1731 5397 1770 5453 23
1796 5407 1822 5454 et
1843 5398 2002 5456 Deusdedit
2022 5399 2052 5456 in
2069 5417 2094 5456 u

397 5505 502 5562 Libello
525 5512 625 5562 contra
647 5504 793 5560 invasores
814 5502 839 5572 I,
864 5523 887 5560 e.
908 5503 957 5573 10,
982 5505 1000 5560 l.
1018 5505 1036 5560 l.
1055 5523 1088 5579 p.
1107 5503 1180 5560 309.
1263 5505 1293 5574 3)
1317 5504 1455 5562 Iohannis
1479 5503 1613 5562 Cassiani
1635 5503 1805 5562 Collationes
1821 5505 1946 5580 proprio
1967 5524 2052 5582 opere

395 5611 578 5688 impnpnavit.
676 5608 707 5680 4)
733 5609 826 5685 Epist.
854 5610 1023 5667 Melcbiadis
1045 5609 1085 5680 II,
1118 5631 1140 5667 c.
1161 5610 1211 5680 12,
1236 5610 1389 5668 ffinscbius
1409 5630 1440 5686 p.
1463 5609 1544 5680 248;
1575 5612 1615 5682 cs.
1641 5609 1790 5668 Humberti
1814 5611 1927 5669 advers.
1951 5612 2049 5670 simon.

395 5717 452 5788 nr,
477 5737 500 5773 ο.
519 5717 548 5786 s,
574 5716 635 5772 au.
659 5715 738 5790 tp·
756 5714 829 5772 sor.
922 5715 953 5785 5)
977 5715 1052 5772 rua
1078 5735 1101 5772 c.
1121 5716 1169 5786 10,
1194 5717 1213 5773 ι.
1230 5718 1248 5772 r.
