4426 6398
594 375 828 449 TRAOTATUS
853 382 1144 451 EBORAOENSES.
1179 396 1229 452 1v.
1674 393 1737 456 667

192 581 287 647 Nunc
310 582 481 646 veniamus
511 579 555 644 ad
583 601 704 644 novum
734 587 973 662 testamentum,
999 581 1076 667 quia
1099 591 1132 646 et
1161 582 1196 645 in
1218 604 1257 646 eo
1281 582 1469 648 sacerdotes
1493 594 1526 650 et
1548 607 1643 671 reges
1667 584 1738 651 oleo

86 698 199 754 saneto
229 687 474 753 sanctificantur
497 695 530 752 et
553 685 726 751 chrismate
751 695 784 750 et
807 684 920 750 divina
947 684 1174 752 benedictione
1203 701 1444 756 consecrantur.
1491 690 1626 774 Estimo,
1651 691 1739 778 quod

85 796 196 860 verius
220 804 252 859 et
275 794 394 858 certius
417 815 589 881 possumus
614 814 760 856 asserere
783 792 825 858 de
848 791 911 858 illis
936 815 985 875 ea,
1010 815 1073 881 que
1096 793 1138 866 de
1162 793 1386 859 sacerdotibus
1410 806 1443 861 et
1465 796 1598 882 regibus
1616 799 1738 862 veteris

86 901 271 966 testamenti
293 901 441 987 superius
465 899 553 964 dicta
576 909 660 982 sunt,
683 908 773 964 tanto
797 899 969 985 siquidem,
993 909 1114 985 quanto
1139 901 1258 966 certius
1280 910 1312 966 et
1327 903 1436 966 verius
1459 904 1635 989 participes
1658 903 1738 968 facti

55 1017 161 1072 ssunt
184 1006 295 1094 divine
318 1006 445 1093 gratie·
468 1015 566 1092 atque
589 1015 714 1092 nature.
762 1004 846 1070 Sunt
873 1005 960 1069 enim
989 1015 1022 1070 ει
1050 1006 1116 1092 ipsi
1139 1029 1238 1070 unum
1262 1029 1337 1071 cum
1359 1007 1433 1072 Deo
1457 1017 1489 1073 et
1513 1007 1633 1074 christo
1657 1011 1737 1092 eius,

87 1122 216 1178 suntet
239 1112 285 1177 dii
308 1122 341 1177 et
364 1111 476 1178 christi
499 1133 560 1199 per
579 1110 763 1198 adoptionis
788 1113 946 1198 spiritum,
971 1121 1003 1176 et
1026 1112 1123 1175 ineis
1147 1113 1247 1177 etiam
1264 1111 1408 1199 loquitur
1423 1112 1570 1179 Christis
1587 1125 1620 1180 et
1636 1114 1737 1202 Spiri-
1756 1139 1915 1189 emmens.

85 1229 137 1284 tus
161 1229 303 1301 sanctus,
328 1228 360 1283 et
382 1219 417 1283 in
440 1219 487 1283 eis
503 1219 594 1284 vices
610 1240 685 1282 suas
701 1217 829 1304 perficit
851 1227 884 1282 ει
906 1229 1075 1304 ορετειιιτς
1099 1219 1197 1282 ineis
1221 1219 1383 1284 sacrificat
1406 1230 1439 1284 et
1460 1231 1576 1306 regnat
1599 1231 1632 1286 ει
1653 1223 1739 1308 regit

86 1325 240 1412 populum
264 1347 367 1390 suum.
402 1323 499 1390 Unde
524 1334 557 1388 et
578 1334 714 1410 uterque
738 1324 773 1388 in
796 1325 911 1410 spiritu
935 1333 968 1388 et
983 1322 1131 1388 Christus
1155 1334 1188 1389 et
1210 1324 1290 1390 deus
1314 1335 1373 1407 est,
1398 1336 1431 1391 et
1452 1327 1486 1390 in
1502 1325 1610 1391 officio
1633 1327 1739 1414 figura

87 1442 119 1496 et
141 1433 249 1517 imago
267 1429 387 1496 Christi
404 1431 458 1495 etl
473 1429 539 1495 Dei
556 1439 614 1496 est.
651 1429 812 1495 Sacerdos
836 1429 1026 1512 sacerdotis,
1049 1452 1110 1494 rex
1133 1432 1230 1516 regis.
1267 1430 1429 1498 Sacerdos
1452 1432 1615 1498 inferioris
1638 1432 1738 1498 officii

44 1563 70 1602 ιο
87 1548 120 1603 et
142 1547 267 1626 nature,
294 1537 403 1602 idest
429 1536 649 1617 humanitatis,
679 1557 740 1601 rex
763 1537 950 1622 superioris,
980 1535 1015 1600 id
1039 1547 1088 1600 est
1111 1536 1300 1602 divinitatis.
1348 1536 1511 1603 ‘Christus
1535 1540 1621 1604 enim
1644 1538 1737 1604 Deus
1757 1565 1847 1613 ·ρ.ιοο.

87 1654 120 1709 et
141 1644 247 1725 homo,
271 1665 368 1708 verus
392 1653 425 1707 ει
447 1664 591 1707 summus
614 1651 664 1706 est
686 1665 747 1707 rex
769 1652 803 1707 et
826 1641 989 1707 sacerdos.
1024 1642 1098 1707 Rex
1121 1653 1180 1725 est,
1204 1643 1263 1708 sed
1286 1666 1329 1708 ex
1353 1645 1523 1709 eternitate
1547 1644 1736 1728 divinitatis,

86 1773 151 1815 non
173 1749 289 1832 factus,
319 1771 386 1814 non
408 1758 547 1830 creatus,
577 1771 643 1813 non
666 1748 801 1814 inferior
823 1748 877 1814 vel
900 1748 1048 1814 diversus
1072 1759 1217 1836 epatre,
1247 1749 1305 1816 sed
1328 1750 1453 1838 equalis
1478 1761 1510 1815 et
1532 1761 1638 1816 unus⁶
1662 1773 1737 1816 cum

86 1867 178 1944 patre
190 1862 210 1920 ¹.
247 1855 407 1920 Sacerdos
422 1877 501 1920 vero
518 1865 626 1919 estex
642 1856 862 1942 assumptione
879 1855 1099 1938 humanitatis,
1123 1855 1229 1920 iactus
1245 1856 1423 1921 seeundum
1441 1857 1587 1922 ordinem
1603 1856 1736 1922 Melchi-
1756 1883 1895 1932 sennan.

87 1962 207 2028 sedech
237 1974 271 2027 et
298 1971 425 2026 creatus
449 1971 482 2026 et
503 1961 578 2027 ideo
602 1963 708 2026 minor
730 1972 833 2049 patre.
881 1961 946 2042 Qui
977 1963 1075 2028 etiam
1106 1962 1285 2027 secundum
1316 1963 1404 2050 quod
1433 1986 1493 2028 rex
1524 1974 1582 2046 est,
1613 1965 1738 2029 creavit

44 2093 68 2132 rs
88 2071 205 2150 emnia,
229 2069 312 2154 regit
328 2069 446 2151 omnia,
470 2077 503 2132 et
525 2067 672 2132 homines
695 2067 790 2133 simul
806 2067 991 2153 gubernans
1009 2079 1042 2133 et
1056 2067 1189 2154 angelos
1213 2068 1334 2152 salvat5
1359 2070 1539 2136 secundum
1553 2093 1632 2136 vero
1649 2070 1737 2157 quod

88 2176 239 2241 sacerdos
263 2185 321 2256 est,
345 2173 492 2238 homines
515 2183 641 2238 tantum
663 2173 811 2257 redemit,
831 2183 866 2239 ut
889 2197 1000 2239 secum
1023 2197 1160 2260 regnare
1184 2176 1294 2241 iaciat.
1328 2177 1401 2266 Hac
1425 2178 1512 2241 enim
1528 2187 1577 2242 est
1599 2188 1668 2242 tota
1690 2179 1738 2241 in-

88 2283 198 2364 tentio,
223 2303 288 2368 qua
310 2280 463 2345 sacerdos
486 2280 591 2344 factus
608 2291 669 2363 est,
692 2291 725 2346 et
749 2282 907 2367 seipsum
923 2279 1040 2346 obtulit
1062 2282 1096 2345 in
1112 2281 1318 2365 sacrificium,
1342 2292 1378 2347 ut
1401 2282 1547 2348 homines
1570 2284 1664 2370 regni
1687 2283 1739 2348 sui

89 2399 121 2453 et
142 2388 310 2475 potestatis
334 2388 423 2474 regie
447 2387 571 2451 faceret
595 2409 667 2451 esse
690 2388 878 2474 participes.
912 2386 1062 2473 Regnum
1079 2388 1164 2451 enim
1182 2386 1325 2475 celorum
1340 2387 1462 2475 ubique
1487 2389 1739 2476 scripturarum‘1

89 2495 245 2582 promittit
267 2491 429 2574 fidelibus,
453 2515 614 2579 nusquam
637 2503 746 2558 autem
770 2493 997 2558 sacerdotium.
1037 2493 1125 2558 Hinc
1148 2494 1248 2579 igitur
1270 2506 1407 2582 apparet
1429 2497 1584 2560 maiorem
1609 2517 1681 2560 esse
1704 2496 1739 2560 in

43 2625 71 2664 εο
90 2599 240 2666 (ἔιιτίειοθ
257 2601 399 2686 regiam,
417 2621 514 2686 quam
533 2598 769 2664 sacerdotalem
792 2609 997 2686 potestatem,
1022 2610 1054 2665 et
1077 2601 1335 2688 prestantiorem,
1359 2610 1449 2666 tanto
1466 2602 1600 2683 scilicet,
1617 2611 1738 2688 quanto

90 2707 243 2771 divinitas
274 2707 343 2770 eius
373 2706 477 2771 maior
499 2716 549 2770 est
578 2705 779 2770 humanitate
809 2716 907 2793 atque
936 2706 1141 2793 prestantior.
1190 2706 1300 2787 Quare
1325 2717 1357 2772 et
1381 2730 1400 2772 a
1424 2706 1640 2794 quibusdam‘
1665 2708 1739 2772 esti-

89 2823 226 2894 maturss,
251 2822 286 2878 ut
308 2813 342 2876 in
357 2811 543 2876 hominibus
567 2811 715 2876 similiter
738 2813 841 2876 maior
857 2813 920 2876 sith
937 2823 969 2876 et
983 2814 1180 2898 prestantior
1202 2813 1312 2898 regia¹
1332 2823 1486 2900 potestas,
1511 2836 1609 2901 quam
1633 2836 1738 2879 sacer-

90 2919 216 3000 dotalis,
241 2929 274 2982 et
296 2940 356 2982 rex
385 2919 489 2983 maior
519 2927 552 2982 et
580 2920 786 3004 prestantior,
811 2941 908 3005 quarn
933 2918 1095 3000 sacerdos,
1119 2929 1230 3005 utpote
1261 2919 1403 2984 melioris
1432 2929 1464 2984 et
1491 2901 1740 3006 ρτεειοοιὶοτίειι

91 3023 211 3090 Christi
233 3034 348 3111 nature
371 3024 527 3088 ἱττοίιειὶο1
555 3024 624 3088 sive
646 3026 815 3111 potestatis
839 3024 1001 3089 emulatio.
1038 3024 1246 3111 Quapropter
1267 3047 1332 3090 non
1355 3037 1414 3107 est,
1438 3027 1598 3112 inquiunt,
1626 3037 1740 3092 contra

44 3154 71 3194 rs
89 3131 155 3196 Dei
177 3132 351 3212 iusticiam,
382 3131 411 3194 si
433 3130 643 3196 sacerdotalis
667 3131 809 3216 dignitas
838 3131 1016 3194 instituitur
1046 3153 1106 3216 ρετ
1127 3129 1271 3216 regalem
1294 3130 1348 3195 vel
1371 3132 1402 3195 ei
1426 3130 1557 3196 subdita
1580 3143 1638 3214 est,
1664 3133 1741 3218 quia

90 3239 123 3301 in
147 3236 276 3303 Christo
306 3238 352 3300 ita
375 3247 484 3301 actum
508 3246 566 3319 e'st,
590 3247 626 3300 ut
649 3237 802 3302 sacerdos
832 3237 925 3301 fieret
954 3258 1014 3323 per
1044 3259 1135 3326 suam
1165 3237 1289 3321 regiam
1319 3247 1512 3323 potestatem
1536 3248 1569 3303 et
1591 3237 1739 3303 subditus

90 3345 175 3431 patri
199 3344 240 3408 sit
266 3366 326 3430 per
349 3342 583 3408 sacerdotalem
592 3353 625 3425 ¹¹¹,
656 3344 709 3407 cui
739 3353 789 3406 est
815 3341 939 3429 equalis
968 3365 1028 3429 per
1056 3343 1190 3427 regiam.
1240 3341 1358 3422 Quodn
1382 3344 1410 3405 si
1434 3344 1627 3430 quisdicat,
1652 3344 1740 3431 quod

91 3451 189 3514 etiarn
208 3449 360 3514 sacerdos
379 3471 439 3513 rex
455 3451 555 3512 sit-
572 3449 676 3513 omnis
693 3449 788 3529 enim,
813 3448 868 3534 qui
891 3449 976 3533 regit
994 3470 1054 3512 rex
1076 3449 1147 3512 iure
1171 3458 1277 3534 potest
1300 3447 1514 3534 appellari-
1532 3449 1586 3514 hie
1609 3472 1669 3536 ρτο
1692 3451 1740 3514 εἰε

90 3555 205 3621 melius
234 3557 342 3620 faeere
372 3555 512 3638 videtur,
544 3565 579 3620 ut
607 3577 668 3620 rex
697 3555 883 3618 instituatur
911 3577 971 3640 ρετ
1000 3575 1127 3639 regem,
1161 3555 1267 3617 minor
1296 3577 1356 3641 per
1385 3556 1550 3621 maiorem.
1603 3555 1648 3620 Et
1676 3557 1741 3642 ipsi

45 3687 72 3727 so
91 3673 223 3727 econtra
253 3661 362 3727 dicere
392 3672 541 3749 possunt,
573 3662 651 3748 quia
679 3682 739 3725 rex
772 3661 806 3724 in
841 3661 1002 3747 scriptura
1036 3682 1127 3747 sacre
1162 3659 1399 3725 benedictionis
1424 3664 1578 3748 princeps
1607 3665 1742 3749 presul²

91 3767 280 3854 appellatur.
319 3767 474 3833 Ηειιετιιο
497 3778 629 3832 tamenp
652 3789 712 3832 rex
735 3777 768 3831 et
791 3766 944 3831 sacerdos
969 3767 1154 3831 communia
1177 3765 1318 3853 quedam
1347 3767 1593 3853 privilegiorum
1618 3768 1740 3832 *karis-
1759 3791 1796 3832 ⁸.
1845 3817 1852 3832 .

89 3884 178 3938 mata
200 3885 233 3939 et
262 3874 423 3939 eandemq
452 3874 603 3960 gratiam,
632 3871 774 3938 habent⁰
799 3882 832 3937 ει
855 3872 996 3960 quedam
1022 3872 1155 3958 propria
1185 3872 1358 3958 officiaque
1382 3872 1522 3937 diversa.
1570 3873 1739 3954 Quanvisr

91 3981 177 4045 eninr
206 3982 241 4043 in
270 3980 413 4066 regendo
444 4001 647 4045 communem
682 3981 821 4065 gratiam
856 3977 976 4043 habere
1006 3977 1213 4060 videantur¹,
1250 3978 1343 4043 aliter
1376 3989 1486 4042 tamen
1517 3978 1740 4046 sacerdotibus

92 4097 188 4173 atque
219 4087 313 4151 aliter
341 4085 473 4172 regibus
502 4087 537 4149 in
561 4085 756 4171 quibusdam
784 4084 947 4171 agendum
970 4094 1020 4148 est
1043 4094 1075 4149 et
1098 4084 1163 4149 alia
1189 4095 1287 4172 atque
1316 4083 1380 4149 alia
1410 4096 1460 4149 est
1486 4085 1651 4172 implenda
1682 4108 1740 4175 sue

43 4217 72 4259 οε
92 4193 380 4258 administrationis
403 4193 518 4278 gratia
565 4192 687 4255 Verum
712 4193 739 4254 si
762 4190 916 4256 sacerdos
940 4213 999 4276 per
1021 4212 1133 4276 regem
1156 4192 1342 4274 instituitur,
1374 4213 1439 4256 non
1465 4213 1525 4277 per
1547 4203 1740 4278 potestatem

92 4298 230 4364 hominis
259 4299 446 4380 instituitur,
478 4297 536 4362 sed
565 4320 625 4383 per
654 4307 847 4383 potestatem
875 4296 950 4360 Dei.
996 4297 1146 4362 Potestas
1177 4298 1262 4360 enim
1292 4299 1379 4383 regis
1409 4307 1553 4384 potestas
1584 4298 1649 4363 Dei
1680 4309 1739 4381 est,

91 4405 158 4470 Dei
180 4405 312 4492 quidem
337 4415 386 4469 est
414 4426 474 4491 ρετ
497 4414 656 4485 naturam,
687 4404 774 4489 regis
797 4425 856 4489 per
879 4403 1028 4488 gratiam.
1074 4401 1171 4467 Unde
1195 4412 1228 4467 et
1250 4425 1310 4467 rex
1332 4402 1424 4468 Deus
1453 4413 1485 4468 et
1508 4401 1656 4468 Christus
1680 4415 1739 4488 est,

93 4511 151 4576 sed
173 4533 233 4597 per
255 4512 403 4597 gratiam,
427 4520 461 4575 et
483 4509 638 4597 quicquid
668 4510 748 4573 facit
770 4531 835 4573 non
857 4508 953 4574 homo
978 4508 1177 4595 simpliciter,
1210 4508 1268 4573 sed
1290 4508 1383 4573 Deus
1407 4509 1512 4575 factus
1536 4519 1568 4574 ει
1591 4509 1740 4575 Christus

93 4639 153 4702 ρετ
181 4618 320 4703 gratiam
344 4617 431 4682 facit.
478 4617 581 4681 lmmo
611 4618 692 4703 ipse,
724 4617 779 4703 qui
802 4625 918 4680 natura
941 4615 1033 4679 Deus
1057 4625 1107 4679 εει
1130 4625 1162 4680 et
1186 4613 1344 4698 Christus,
1377 4637 1436 4702 per
1458 4617 1617 4681 vicarium
1646 4638 1739 4681 suurn

39 4749 72 4790 4ο
90 4722 153 4788 hoc
176 4723 264 4806 facit,
289 4745 347 4809 per
371 4745 467 4809 quem
490 4725 580 4788 vices
604 4745 680 4786 suas
704 4723 903 4808 exsequitur.

200 4827 266 4894 Sed
289 4852 376 4893 nunc
399 4829 579 4911 videamus,
604 4827 683 4915 quid
712 4849 772 4891 rex
802 4827 948 4892 conferat
977 4827 1110 4908 homini,
1134 4828 1190 4913 qui
1215 4827 1375 4892 creandus
1400 4840 1449 4893 est
1478 4829 1651 4914 episcopus
1681 4851 1741 4915 per

89 4936 331 5023 prerogativam
360 4933 471 5000 baculi
499 4934 681 5022 pastoralis.
735 4934 870 5016 Estimo,
902 4934 979 5019 quia
1007 4953 1114 5019 neque
1146 4931 1307 5014 ordinem,
1343 4955 1448 5020 neque
1481 4935 1532 4998 ius
1567 4934 1741 4999 sacerdotii

90 5041 216 5106 confert
238 5041 294 5124 illi,
319 5041 376 5105 sed
400 5040 488 5128 quod
511 5042 560 5105 sui
582 5041 662 5104 iuris
687 5051 736 5103 est
766 5049 798 5104 et
825 5039 918 5124 regni
941 5049 1152 5120 terrenarum,
1177 5037 1331 5102 videlicet
1354 5061 1461 5103 rerum
1485 5039 1739 5105 dominationem

196 5256 224 5321 a)
245 5261 349 5324 gratiae
369 5259 402 5309 B.
480 5255 510 5320 b)
531 5275 578 5306 om.
598 5257 631 5307 B.
704 5253 730 5316 cl
752 5272 835 5306 unum
856 5255 888 5305 B.
968 5253 996 5316 d)
1018 5256 1167 5320 scriptura?
1186 5257 1225 5317 A;
1253 5257 1311 5306 tin
1330 5259 1380 5308 loco
1398 5275 1463 5308 raro.
1543 5255 1569 5319 e)
1591 5257 1741 5309 inebria

36 5359 71 5398 -se
90 5348 140 5399 loeo
157 5365 214 5398 roso
233 5349 267 5397 A.
346 5345 558 5411 llquabusdam
577 5346 611 5396 A.
689 5343 718 5410 g)
740 5351 888 5396 estamatur
906 5344 939 5393 A.
1012 5340 1040 5404 h)
1063 5359 1110 5393 rex
1129 5361 1249 5408 eriperem.
1270 5345 1302 5395 B.
1374 5341 1395 5408 i)
1417 5347 1493 5410 regis
1512 5371 1544 5381 —
1565 5353 1646 5412 preat
1666 5347 1682 5397 l.
1698 5350 1739 5398 ‘8.

88 5453 135 5486 om.
149 5436 182 5486 B.
237 5433 266 5496 k)
288 5437 315 5486 in
334 5437 385 5486 loeo
402 5453 459 5485 raso
479 5435 512 5484 A.
569 5430 587 5496 l)
609 5433 797 5494 inmitati0A3
818 5433 964 5483 inmittatio
985 5432 1017 5481 B.
1073 5429 1110 5493 ml
1130 5432 1284 5483 sodotalem
1305 5434 1337 5483 A.
1391 5432 1420 5497 n)
1443 5435 1569 5496 Quod-
1585 5433 1740 5502 appelletur

89 5525 274 5575 l.31.om.13.
348 5521 375 5586 ο)
397 5523 480 5574 habet
499 5523 532 5573 A.
605 5519 634 5587 pl
655 5525 726 5572 enirn
745 5522 778 5572 B.
853 5519 880 5586 q)
902 5537 967 5586 sequ.
986 5520 1071 5571 habet
1088 5519 1206 5570 deute.
1278 5518 1301 5584 r)
1322 5521 1359 5572 ita
1377 5523 1411 5572 A.
1485 5520 1508 5585 ε)
1530 5523 1657 5574 videatur
1670 5522 1703 5573 B.

198 5722 228 5792 1)
244 5720 292 5793 C's.
305 5721 455 5796 rynrbolum
467 5697 877 5794 Mesene-Constantinopolin
940 5716 971 5786 2)
987 5715 1036 5788 Cf.
1043 5717 1205 5788 formuhnn
1217 5719 1434 5778 εοεεοεταιίοπιε
1445 5720 1530 5792 infra
1540 5740 1573 5796 p.
1584 5719 1657 5790 ote,
1670 5739 1699 5778 n.
1709 5720 1738 5778 9.

1472 5841 1524 5891 84*
