4386 6390
446 397 511 462 592
862 401 1097 459 TRACTATUS
1121 401 1198 458 PRO
1224 400 1478 460 cuumcouuu
1502 400 1688 460 CONUBIO.

442 593 543 658 coium
567 593 626 677 qui
646 615 683 656 ea
699 592 843 679 faciunt,
873 589 930 654 sed
952 590 1011 675 qui
1031 592 1224 655 consustiunt
1238 591 1469 678 facienu'hra‘.
1518 589 1604 671 Quia
1628 593 1729 677 ergo¹
1753 592 1844 678 ianqe
1868 591 2089 676 minuspotest

443 697 521 785 qma
544 697 694 763 assiduus
717 697 763 762 ad
784 720 922 774 morem,
946 693 1082 784 [quam]
1106 698 1182 782 qui⁰
1205 697 1415 762 rarissimusd
1437 697 1484 762 ad
1497 699 1759 786 fornicationem.
1798 695 1969 782 Scriptum
1989 705 2037 760 est
2057 695 2090 761 ds

443 802 636 870 diaconibus
658 803 693 866 in
716 801 853 868 coneilio
868 801 1045 888 Ancyrano
1069 801 1316 866 umovlffls:
1341 804 1485 870 Diaconi
1505 806 1692 891 quicumque
1715 801 1828 892 [cum]
1845 802 2093 882 adiuuemus

443 914 478 976 in
507 914 602 998 ipsa⁰
629 913 797 997 protestati
823 924 895 974 sunt
923 923 952 974 et
980 908 1129 974 dr‘aerunt
1156 934 1189 974 se
1218 911 1297 976 caim
1326 913 1471 999 coniupio
1503 911 1663 998 copulari,
1696 913 1774 998 quia
1803 913 1853 976 sic
1884 934 2012 974 manere
2039 935 2092 975 nan

437 1032 581 1104 possunt,
605 1018 649 1097 hi,
673 1020 705 1082 si
711 1016 912 1104 poetrnodum
928 1039 1042 1080 aceres
1057 1015 1214 1098 duxerint,
1238 1018 1272 1082 in
1287 1019 1464 1083 ministerio
1479 1031 1634 1098 maneant,
1643 1032 1817 1104 propterca
1833 1015 1924 1103 quod
1938 1018 2116 1102 episcopare

443 1127 489 1189 cu
505 1125 664 1189 licentiam
681 1123 812 1188 dederit.
854 1121 1047 1208 Quicumque
1069 1145 1144 1186 sane
1160 1125 1314 1188 manarint
1335 1137 1363 1189 et
1377 1126 1569 1210 susceperint
1591 1149 1702 1188 manus
1718 1126 1945 1211 inpositionem
1954 1123 2096 1210 professi

445 1233 682 1312 continenciam,
707 1243 735 1294 et
750 1243 862 1315 postea
885 1230 1006 1315 nuptiis
1029 1229 1163 1316 ohiiyati
1182 1243 1263 1311 sunt,
1286 1255 1307 1295 a
1330 1231 1505 1296 ministerio
1529 1254 1649 1295 cessare
1674 1231 1832 1295 dehehum.

550 1335 794 1402 calcedonense
811 1356 889 1399 vero
913 1334 1082 1399 confirmat
1103 1333 1195 1398 titulo
1211 1335 1354 1422 primo³2
1378 1335 1519 1425 Repetas
1540 1351 1716 1401 sanctorum
1735 1351 1869 1423 patrum
1888 1361 1954 1424 per
1974 1338 2092 1423 sinpula

444 1469 623 1530 nuncusque
647 1445 783 1508 concilia
807 1445 986 1508 causiacus
1002 1444 1176 1528 proprium
1199 1443 1296 1507 robur
1319 1444 1454 1508 obtinere
1477 1441 1679 1508 decrevimus.

549 1547 750 1614 Ancirauum
766 1549 876 1635 itaque
893 1547 1112 1633 coniugaturs,
1128 1547 1254 1613 Niceno
1270 1549 1435 1636 antiquius
1451 1549 1513 1613 crit
1528 1559 1561 1614 et
1576 1547 1824 1632 Calcedonensi,
1841 1573 1862 1614 a
1878 1572 1945 1636 quo
1963 1551 2093 1614 auctoii-
2109 1575 2129 1614 a

443 1657 519 1720 tatis
535 1655 672 1741 pondus,
696 1654 784 1742 quod
806 1677 866 1742 per
888 1677 922 1719 se
945 1655 1052 1720 minus
1075 1653 1244 1739 habuerat,
1267 1655 1454 1742 plenissime
1477 1654 1663 1741 adquisivit,
1687 1655 1774 1742 quod
1798 1657 1827 1719 si
1849 1657 1925 1742 quis
1942 1653 2093 1721 Calcedo-

444 1763 537 1827 nensi
561 1785 626 1826 non
650 1761 763 1843 eredit,
787 1783 829 1826 ne
853 1761 1032 1848 ewangelio
1057 1761 1180 1844 credat,
1204 1783 1338 1827 neeesse
1362 1772 1420 1826 est.
1457 1761 1618 1843 Quattuor
1641 1763 1727 1826 enim
1751 1761 1893 1827 concilia
1916 1773 2002 1827 teste
2019 1761 2092 1827 Gre-

443 1869 556 1954 gorio⁴
578 1869 624 1932 ita
648 1879 722 1933 sunt
745 1866 972 1954 amplectenda
992 1869 1085 1956 qnasi
1101 1867 1199 1932 IIH0'
1217 1867 1405 1956 euangelia.
1440 1867 1479 1932 In
1500 1866 1599 1933 rebus
1615 1890 1693 1933 vero
1709 1870 1834 1955 pariter
1857 1869 2091 1956 amplectendis

444 1974 521 2039 dum
545 1975 708 2062 spernitur
731 1997 806 2056 una,
834 1975 997 2061 spernitur
1020 1973 1187 2040 etaltera.
1233 1974 1286 2040 Dc
1310 1997 1375 2039 non
1398 1973 1613 2061 reprobandis
1636 1997 1713 2040 vero
1737 1975 1940 2063 presbyteris
1965 1977 2000 2040 in
2024 1999 2091 2041 con-

444 2081 518 2146 cilio
536 2080 745 2168 Gangrensi⁸
762 2091 965 2146 ammonetur
987 2080 1078 2146 titulo
1094 2080 1204 2146 ulls:
1232 2081 1425 2168 Quicumque
1447 2082 1620 2147 discernit¹²
1643 2109 1663 2148 a
1683 2085 1864 2171 presbytero
1889 2085 1950 2169 qui
1971 2107 2129 2148 uxorema

443 2190 562 2270 hahuit,
585 2189 672 2276 quod
692 2213 753 2254 non
777 2203 972 2276 oporteatne
995 2191 1191 2254 ministrante
1216 2189 1253 2254 de
1275 2190 1431 2254 bhiatime
1449 2191 1625 2275 percipere,
1649 2191 1813 2255 anathema
1828 2194 1880 2256 sit.
1918 2189 1976 2255 Sic
2000 2191 2092 2254 etiam

444 2294 622 2360 Nioholaus
645 2316 733 2383 papa
756 2295 798 2360 ad
822 2296 992 2382 optimates
1008 2293 1153 2382 Achsi9¹
1181 2281 1228 2359 sic
1252 2292 1401 2360 scribit⁸t
1430 2295 1658 2361 Corradendum
1677 2296 1845 2362 decernitis
1868 2312 1976 2362 utrum
1991 2295 2091 2385 [pres-

443 2400 625 2491 sparumk]
650 2427 777 2468 canorem
801 2403 959 2467 habentem
982 2415 1152 2467 sustentare
1176 2402 1314 2468 debeatis
1336 2417 1364 2467 et
1386 2404 1550 2484 honorare,
1573 2429 1616 2467 an
1638 2429 1658 2468 a
1682 2405 1769 2468 uobis
1777 2405 1961 2490 prohicere,
1987 2407 2021 2468 in
2036 2429 2091 2491 quc

443 2509 683 2596 respondemus:
708 2509 864 2587 Quoniam
888 2511 961 2574 iicet
982 2509 1072 2595 husai
1091 2509 1352 2595 reprehensibiles
1378 2511 1452 2590 sint,
1480 2533 1533 2574 uos
1557 2525 1658 2574 tamen
1681 2513 1822 2576 conuenit
1843 2511 1947 2576 Deum
1974 2513 2094 2577 imitari

278 2641 423 2694 marusa.
443 2618 502 2702 qui
521 2617 616 2680 solem
639 2639 740 2697 suum,
765 2629 798 2680 ut
820 2617 1021 2702 ewanpeiium
1049 2629 1186 2696 testatur,
1211 2617 1296 2680 oriri
1308 2617 1400 2703 facit
1426 2641 1520 2702 super
1543 2618 1637 2682 honos
1661 2631 1688 2682 et
1710 2619 1820 2698 maios,
1845 2633 1874 2683 et
1889 2619 1982 2705 pluit
2002 2643 2092 2705 super
2107 2643 2128 2682 ro

443 2725 540 2788 iustos
569 2737 598 2788 et
626 2725 768 2788 iniustos.
823 2721 955 2787 Deicere
985 2745 1057 2786 vero
1087 2746 1156 2787 eum
1186 2750 1207 2787 a
1236 2723 1324 2788 vehes
1353 2722 1424 2786 ideo
1453 2747 1516 2788 non
1546 2723 1676 2804 debetis,
1712 2727 1860 2810 quoniam
1894 2751 1951 2790 nec
1982 2725 2091 2790 Iudam

443 2827 676 2917 [Dominus¹‘J,
696 2853 766 2893 cum
789 2843 867 2894 esset
880 2831 946 2917 fur
970 2843 999 2894 et
1020 2829 1157 2894 mendac
1171 2829 1358 2914 disciputus,
1383 2829 1421 2895 dc
1444 2854 1572 2894 nunrero
1595 2831 1807 2917 apostolorum
1824 2831 1946 2896 deiecit.
1986 2832 2091 2896 Verum

443 2935 481 3001 de
501 2937 703 3025 preshyteris,
734 2937 973 3022 qualescumque
995 2937 1068 3018 sint,
1099 2937 1186 3001 vohis
1210 2938 1269 3022 qui
1290 2937 1371 3001 iaici
1391 2939 1474 3016 estis,
1504 2961 1558 3001 nec
1582 2937 1789 3002 iudicandum
1813 2952 1866 3018 est,
1890 2963 1946 3002 nec
1971 2938 2009 3002 de
2031 2941 2091 3003 cita

442 3045 583 3130 ipsmum
607 3043 774 3129 quippiam
798 3043 1059 3130 inoestipandum,
1082 3043 1140 3107 sed
1161 3045 1377 3130 episcoporum
1401 3043 1522 3108 iudicio
1539 3046 1723 3130 peremnia
1746 3044 1910 3130 quidquid
1931 3059 1977 3108 est
1998 3069 2090 3110 reser-

442 3149 589 3214 vandum.
631 3148 923 3214 Sciscitantihus¹·⁷
938 3151 1026 3214 vohis
1048 3152 1081 3214 si
1100 3175 1120 3214 a
1143 3149 1313 3230 sacerdote,
1336 3151 1473 3235 quisine
1489 3149 1716 3236 conprehensus
1732 3165 1776 3216 est
1799 3153 1831 3215 in
1848 3151 2008 3216 adstiteris
2030 3154 2091 3216 siue
2107 3175 2127 3215 a

442 3257 481 3322 de
505 3257 593 3320 hac¹¹¹
616 3257 684 3320 saia
708 3257 809 3343 saura
833 3255 1059 3342 reprehensus¹¹
1089 3271 1142 3337 est,
1173 3257 1311 3321 debeatis
1340 3259 1572 3320 conmum'onem
1603 3259 1761 3343 manicare
1791 3282 1895 3338 necne,
1926 3259 2089 3344 responde·

443 3386 529 3427 mus:
559 3363 632 3427 Non
658 3376 760 3449 potest
788 3363 908 3446 aliquis
938 3376 1218 3448 quantamcumque
1238 3363 1382 3450 pollutus
1411 3365 1462 3442 sit,
1492 3377 1688 3427 sacramenta
1716 3364 1828 3428 divina
1845 3365 2005 3450 poliuere,
2037 3390 2090 3452 qur

435 3472 629 3557 perpeteris
653 3483 833 3534 cunctarum
856 3469 997 3532 remedia
1021 3471 1240 3556 capitationem
1264 3472 1405 3534 caismnt.
1446 3468 1514 3532 Nec
1529 3483 1633 3555 potest
1654 3469 1731 3534 scits
1754 3469 1868 3535 radius
1888 3495 1950 3557 per
1972 3471 2091 3536 cloacas

443 3591 472 3641 et
495 3577 630 3640 marnas
653 3578 810 3640 transiens
834 3575 964 3660 aliquid
985 3575 1099 3640 em‘nde
1122 3577 1410 3660 coinquinationis⁰
1434 3577 1607 3657 atrahere5
1630 3576 1771 3662 proinde
1794 3577 2032 3664 qualescumque
2053 3580 2092 3642 sit

442 3683 589 3747 sacerdos
618 3707 676 3768 que
705 3696 813 3746 sancta
843 3695 915 3745 sunt
937 3683 1142 3767 coinquinare
1171 3706 1233 3744 non
1257 3696 1368 3768 potest,
1398 3681 1520 3746 idcirco
1548 3683 1587 3746 ab
1616 3706 1660 3762 co,
1696 3706 1853 3768 usquequo
1877 3685 2090 3770 episcoporum
2106 3709 2127 3748 a

443 3789 564 3854 iudicio
587 3791 779 3875 reprobetur,
803 3789 967 3852 conmunic
987 3787 1197 3873 percipienda
1220 3803 1273 3868 est,
1296 3791 1445 3873 quoniam
1469 3789 1551 3853 mali
1571 3790 1651 3853 hona
1674 3788 1884 3854 rninrstrando
1908 3815 1940 3854 se
1964 3805 2090 3855 tantum·

443 3895 533 3960 modo
558 3895 664 3959 dedunt
686 3909 714 3958 et
736 3919 824 3958 cerea
833 3896 904 3983 fasc
926 3919 1057 3958 accensa
1079 3895 1146 3958 sihi
1166 3895 1291 3980 quidem
1317 3895 1531 3959 detrimentum
1550 3905 1683 3981 paratp,
1714 3897 1792 3960 aliis
1814 3920 1886 3960 nero
1911 3899 1945 3960 in
1963 3899 2092 3962 tenebris

443 4003 578 4080 iumen‘l,
606 4015 634 4065 ct
656 4001 738 4065 tunde
761 4002 839 4065 aliis
863 4000 1056 4064 cunctandum
1086 4003 1196 4080 carihat,
1226 4001 1300 4065 iude
1329 4003 1396 4066 sihi
1424 4002 1661 4066 detrimentumr
1679 4003 1799 4088 prehet.
1849 4002 1970 4068 Sumite
2001 4013 2089 4091 erpo⁸

264 4109 482 4186 ct.1.10n.o,s.ah
506 4111 593 4172 omni
612 4107 771 4172 sacerdote
792 4107 914 4171 Christi
934 4109 1086 4186 raineria,
1118 4110 1264 4192 quoniam
1298 4110 1403 4172 onmia
1434 4109 1553 4195 infide
1571 4123 1761 4195 pur-paritur.
1809 4109 1910 4173 Fides
1939 4124 1985 4174 est
2014 4113 2092 4174 annn-

443 4240 500 4300 que
524 4217 621 4278 uincit
643 4215 723 4278 hrcnc
747 4213 905 4278 mundum.
943 4213 986 4276 Et
1009 4215 1084 4298 quia
1108 4213 1303 4293 mandantis,
1325 4214 1384 4278 sed
1404 4217 1589 4300 accipientis
1611 4218 1662 4294 sit,
1688 4215 1830 4279 docentet
1856 4230 1962 4280 sancto
1979 4217 2091 4281 Hiero·
2109 4243 2130 4280 a

442 4323 558 4401 nimoS,
589 4322 634 4386 ad
662 4321 850 4386 credendum
881 4324 915 4385 iu
939 4323 1027 4384 ornni
1054 4323 1162 4384 anima
1192 4322 1380 4406 baptismum
1404 4345 1467 4384 esse
1487 4323 1675 4409 perfectum,
1706 4336 1734 4384 ct
1763 4324 1797 4385 in
1821 4325 1910 4386 ornni
1936 4324 2093 4388 sacerdote

443 4453 556 4514 corpus
582 4427 705 4493 Christi
737 4454 800 4493 esse
823 4429 1015 4516 perfeetum,
1047 4429 1105 4512 qui
1134 4451 1246 4490 rursus
1275 4452 1363 4491 sucre
1394 4430 1549 4513 scripture
1579 4429 1772 4492 concordans
1803 4431 1867 4492 ait:
1901 4428 2091 4516 Priusquam

442 4534 569 4615 audias,
592 4560 629 4598 ne
653 4536 847 4599 indicaveris
868 4560 1064 4621 questiquam,
1088 4548 1179 4620 atquc
1202 4547 1272 4598 ante
1291 4535 1507 4620 probationem
1531 4537 1741 4598 accusationis
1765 4537 1874 4600 ellateu
1897 4540 2051 4602 neminem
2074 4563 2093 4600 a

549 4749 576 4814 a)
597 4753 729 4803 iacientes
747 4771 768 4802 c.
848 4749 876 4812 b)
899 4752 1129 4818 quamiibstdnp.
1209 4748 1234 4811 c)
1258 4749 1395 4816 quamve}
1410 4751 1477 4816 Ara.
1561 4747 1589 4813 d)
1612 4752 1759 4802 rnfissimus
1779 4771 1798 4802 c.
1873 4751 1899 4810 e)
1922 4755 2092 4806 ordinatione

441 4841 584 4893 addrouc.
639 4839 661 4903 i)
682 4859 729 4892 an:
749 4843 772 4892 si
786 4841 959 4906 conligatur?
1015 4839 1043 4907 g)
1067 4841 1268 4907 Gamgrsmsic.
1323 4837 1351 4902 h)
1373 4841 1537 4891 discernitur
1549 4857 1569 4890 c.
1624 4839 1645 4902 i)
1666 4840 1910 4907 imnchulgariae.
1966 4839 1996 4904 k)
2017 4861 2092 4893 enac.
2110 4857 2132 4894 so

442 4929 462 4994 Ι)
484 4931 675 4982 Scisitantibus
694 4948 715 4981 c.
779 4929 816 4992 m)
837 4931 889 4981 hoc
910 4930 965 4980 hic.
1029 4927 1058 4991 n)
1080 4946 1219 4996 respersus
1239 4928 1295 4979 Nic.
1360 4926 1387 4990 o)
1411 4931 1652 4980 contaminationis
1672 4928 1728 4980 bic.
1792 4927 1821 4995 p)
1843 4937 1904 4996 prat
1922 4949 1943 4981 c.
1999 4930 2027 4998 q)
2049 4933 2092 4982 ad-

442 5021 577 5072 ministrat
596 5020 657 5071 add.
677 5018 732 5070 nu.
815 5018 837 5082 r)
860 5020 1032 5084 dispendium
1052 5019 1107 5069 nu.
1185 5015 1208 5080 s)
1229 5018 1364 5084 intrepide
1382 5017 1442 5069 add.
1462 5017 1518 5069 dic.
1598 5017 1619 5078 t)
1641 5019 1749 5069 dicente
1768 5037 1789 5069 c.
1861 5018 1890 5084 n)
1912 5027 1975 5072 ants
1994 5022 2055 5072 add.
2073 5039 2093 5071 c.

552 5217 581 5295 l)
604 5221 722 5296 Aupust.
748 5221 782 5276 de
804 5219 875 5276 hono
898 5219 1007 5296 coniup.
1033 5239 1055 5274 c.
1076 5218 1125 5288 ll,
1149 5215 1236 5291 gli,
1262 5221 1312 5276 coi.
1333 5220 1409 5277 327:
1435 5222 1509 5276 Hinc
1533 5229 1578 5276 est
1603 5223 1687 5276 etiam
1712 5224 1787 5294 quod
1811 5230 1860 5278 etc.
1943 5219 1974 5297 2)
1996 5221 2091 5292 (210,

444 5327 552 5396 Mansi,
573 5325 642 5384 Coit.
668 5346 744 5383 conc.
770 5326 811 5396 ΙΙ,
844 5328 894 5382 col.
913 5325 992 5395 518;
1023 5325 1178 5381 Hinschius
1195 5345 1228 5400 p.
1247 5326 1308 5382 262
1317 5348 1328 5396 ,·
1359 5328 1398 5398 cs.
1423 5347 1513 5402 supra
1531 5347 1565 5402 p.
1584 5328 1658 5398 577,
1681 5349 1710 5384 n.
1729 5329 1757 5384 4.
1850 5328 1881 5399 3)
1907 5329 2009 5388 Mansi
2029 5330 2091 5400 VII,

442 5435 492 5490 cot.
513 5433 586 5502 373,
611 5454 634 5490 c.
655 5435 683 5488 1.
776 5429 807 5507 i)
831 5431 944 5510 Repu,
971 5431 1021 5503 24,
1048 5431 1115 5487 ΕΕ.
1142 5427 1196 5504 (ed.
1216 5429 1333 5508 Eroaid)
1358 5433 1382 5503 1,
1404 5453 1436 5508 p.
1456 5433 1512 5504 36‚·
1537 5435 1577 5506 cf.
1601 5454 1692 5510 supra
1709 5454 1742 5510 p.
1762 5434 1835 5490 252.
1927 5435 1958 5506 5)
1985 5437 2092 5507 Mansi,
2110 5451 2134 5491 u

444 5538 512 5596 Coit.
531 5559 607 5597 conc.
625 5539 665 5611 II,
691 5538 861 5608 6071106,-
885 5537 1039 5596 Hinschius
1056 5559 1089 5614 p.
1109 5537 1183 5594 265.
1253 5537 1283 5608 6)
1307 5539 1423 5597 Nicoiai
1439 5560 1540 5616 papae
1563 5560 1700 5616 responsa
1723 5542 1765 5598 ad
1786 5543 1912 5600 coruuita
1936 5543 2092 5620 Bquaror.

443 5666 465 5702 c.
485 5645 535 5715 70,
563 5646 669 5716 Mansi,
689 5645 758 5704 Coit.
776 5647 844 5716 XV,
870 5647 919 5703 coi.
939 5644 1012 5715 425,
1037 5645 1117 5702 Iuort.
1135 5645 1249 5702 Decrct.
1267 5645 1306 5716 II,
1331 5667 1353 5703 c.
1373 5647 1425 5718 82,
1444 5667 1478 5723 p.
1498 5648 1616 5704 63.·cd.
1641 5647 1738 5705 Paris.
1763 5649 1911 5718 α.1647,·
1943 5651 1983 5722 cf.
2003 5671 2092 5726 supra

436 5772 471 5828 p.
491 5752 519 5808 2.
613 5750 643 5826 7)
667 5753 742 5809 ibid.
768 5773 792 5808 r.
811 5753 847 5807 71
856 5774 866 5822 ,·
890 5751 968 5809 Iucu.
995 5751 1107 5808 Decret.
1133 5751 1174 5823 II,
1199 5771 1222 5807 c.
1240 5752 1292 5823 83,
1317 5754 1334 5808 i.
1352 5756 1380 5824 7.,
1404 5774 1495 5831 supra
1512 5775 1546 5830 p.
1566 5754 1640 5810 216.
1733 5754 1763 5824 8)
1788 5755 1889 5814 Nescio
1913 5756 1967 5815 uti.
2066 5795 2067 5798 =
