<?xml version="1.0" encoding="UTF-8"?>
<!DOCTYPE html PUBLIC "-//W3C//DTD XHTML 1.0 Transitional//EN"
    "http://www.w3.org/TR/xhtml1/DTD/xhtml1-transitional.dtd">
<html xmlns="http://www.w3.org/1999/xhtml" xml:lang="en" lang="en">
 <head>
  <title>
</title>
<meta http-equiv="Content-Type" content="text/html;charset=utf-8" />
  <meta name='ocr-system' content='tesseract 3.04.00' />
  <meta name='ocr-capabilities' content='ocr_page ocr_carea ocr_par ocr_line ocrx_word'/>
</head>
<body>
  <div class='ocr_page' id='page_1' title='image "./monumentagerman00unkngoog_0435.png"; bbox 0 0 4396 6390; ppageno 0'>
   <div class='ocr_carea' id='block_1_1' title="bbox 438 388 1795 451">
    <p class='ocr_par' dir='ltr' id='par_1_1' title="bbox 438 388 1795 451">
     <span class='ocr_line' id='line_1_1' title="bbox 438 388 1795 451; baseline -0.001 -1"><span class='ocrx_word' id='word_1_1' title='bbox 438 388 503 450; x_wconf 82' lang='grc'><strong>470</strong></span> <span class='ocrx_word' id='word_1_2' title='bbox 737 393 918 450; x_wconf 81' lang='lat' dir='ltr'>GERHOHI</span> <span class='ocrx_word' id='word_1_3' title='bbox 941 394 1174 451; x_wconf 85' lang='lat' dir='ltr'>PRAEPOSITI</span> <span class='ocrx_word' id='word_1_4' title='bbox 1197 392 1606 450; x_wconf 84' lang='lat' dir='ltr'>REICHERSBERGENSIS</span> <span class='ocrx_word' id='word_1_5' title='bbox 1630 393 1795 449; x_wconf 85' lang='lat' dir='ltr'>LIBELLI.</span> 
     </span>
    </p>
   </div>
   <div class='ocr_carea' id='block_1_2' title="bbox 206 578 2149 5446">
    <p class='ocr_par' dir='ltr' id='par_1_2' title="bbox 206 578 2149 5446">
     <span class='ocr_line' id='line_1_2' title="bbox 292 578 2087 667; baseline 0.001 -23"><span class='ocrx_word' id='word_1_6' title='bbox 292 603 419 655; x_wconf 61' lang='lat' dir='ltr'><strong>nensis.</strong></span> <span class='ocrx_word' id='word_1_7' title='bbox 437 589 570 667; x_wconf 88' lang='lat' dir='ltr'><strong>propter</strong></span> <span class='ocrx_word' id='word_1_8' title='bbox 600 578 760 644; x_wconf 80' lang='lat' dir='ltr'>cautelam</span> <span class='ocrx_word' id='word_1_9' title='bbox 791 581 875 643; x_wconf 90' lang='lat' dir='ltr'><strong>inter</strong></span> <span class='ocrx_word' id='word_1_10' title='bbox 905 579 986 644; x_wconf 85' lang='lat' dir='ltr'><strong>tales</strong></span> <span class='ocrx_word' id='word_1_11' title='bbox 1017 578 1218 644; x_wconf 81' lang='lat' dir='ltr'><strong>habendam:</strong></span> <span class='ocrx_word' id='word_1_12' title='bbox 1251 581 1367 659; x_wconf 90' lang='lat' dir='ltr'><strong>Videte,</strong></span> <span class='ocrx_word' id='word_1_13' title='bbox 1391 580 1507 665; x_wconf 86' lang='lat' dir='ltr'><strong>inquit,</strong></span> <span class='ocrx_word' id='word_1_14' title='bbox 1531 580 1684 665; x_wconf 85' lang='lat' dir='ltr'><strong>quomodo</strong></span> <span class='ocrx_word' id='word_1_15' title='bbox 1715 595 1802 646; x_wconf 86' lang='lat' dir='ltr'><strong>caute</strong></span> <span class='ocrx_word' id='word_1_16' title='bbox 1834 581 2012 658; x_wconf 70' lang='lat' dir='ltr'><strong><em>ambuletis,</em></strong></span> <span class='ocrx_word' id='word_1_17' title='bbox 2035 605 2087 645; x_wconf 85' lang='lat' dir='ltr'><strong>non</strong></span> 
     </span>
     <span class='ocr_line' id='line_1_3' title="bbox 437 685 2087 774; baseline -0.003 -21"><span class='ocrx_word' id='word_1_18' title='bbox 437 690 534 774; x_wconf 79' lang='lat' dir='ltr'><strong>quasi</strong></span> <span class='ocrx_word' id='word_1_19' title='bbox 554 689 748 773; x_wconf 53' lang='lat' dir='ltr'><strong>transientes,</strong></span> <span class='ocrx_word' id='word_1_20' title='bbox 771 685 830 752; x_wconf 87' lang='lat' dir='ltr'><strong>sed</strong></span> <span class='ocrx_word' id='word_1_21' title='bbox 852 701 885 750; x_wconf 89' lang='lat' dir='ltr'><strong>ut</strong></span> <span class='ocrx_word' id='word_1_22' title='bbox 906 689 1071 772; x_wconf 88' lang='lat' dir='ltr'><strong>sapientes,</strong></span> <span class='ocrx_word' id='word_1_23' title='bbox 1096 687 1281 752; x_wconf 69' lang='lat' dir='ltr'><em>redimentes</em></span> <span class='ocrx_word' id='word_1_24' title='bbox 1311 702 1440 773; x_wconf 65' lang='lat' dir='ltr'><strong>arturus,</strong></span> <span class='ocrx_word' id='word_1_25' title='bbox 1471 688 1619 772; x_wconf 86' lang='lat' dir='ltr'><strong>quoniam</strong></span> <span class='ocrx_word' id='word_1_26' title='bbox 1651 686 1719 751; x_wconf 91' lang='lat' dir='ltr'><strong>dies</strong></span> <span class='ocrx_word' id='word_1_27' title='bbox 1748 687 1833 750; x_wconf 87' lang='lat' dir='ltr'><strong>mali</strong></span> <span class='ocrx_word' id='word_1_28' title='bbox 1859 699 1942 750; x_wconf 81' lang='lat' dir='ltr'><strong>sunt.</strong></span> <span class='ocrx_word' id='word_1_29' title='bbox 1990 685 2032 748; x_wconf 87' lang='lat' dir='ltr'><strong>Et</strong></span> <span class='ocrx_word' id='word_1_30' title='bbox 2052 709 2087 749; x_wconf 87' lang='lat' dir='ltr'><strong>ne</strong></span> 
     </span>
     <span class='ocr_line' id='line_1_4' title="bbox 436 789 2089 878; baseline -0.001 -21"><span class='ocrx_word' id='word_1_31' title='bbox 436 795 470 857; x_wconf 91' lang='lat' dir='ltr'><strong>in</strong></span> <span class='ocrx_word' id='word_1_32' title='bbox 494 791 609 857; x_wconf 89' lang='lat' dir='ltr'><strong>diebus</strong></span> <span class='ocrx_word' id='word_1_33' title='bbox 633 790 727 856; x_wconf 84' lang='lat' dir='ltr'><strong>malis</strong></span> <span class='ocrx_word' id='word_1_34' title='bbox 751 792 797 856; x_wconf 89' lang='lat' dir='ltr'><strong>ita</strong></span> <span class='ocrx_word' id='word_1_35' title='bbox 821 792 893 878; x_wconf 91' lang='lat' dir='ltr'><strong>quis</strong></span> <span class='ocrx_word' id='word_1_36' title='bbox 917 801 1010 876; x_wconf 91' lang='lat' dir='ltr'><strong>putet</strong></span> <span class='ocrx_word' id='word_1_37' title='bbox 1032 791 1258 856; x_wconf 88' lang='lat' dir='ltr'><strong>redimendum</strong></span> <span class='ocrx_word' id='word_1_38' title='bbox 1283 790 1346 856; x_wconf 91' lang='lat' dir='ltr'><strong>sibi</strong></span> <span class='ocrx_word' id='word_1_39' title='bbox 1369 803 1507 878; x_wconf 89' lang='lat' dir='ltr'><strong>tempus,</strong></span> <span class='ocrx_word' id='word_1_40' title='bbox 1531 801 1566 856; x_wconf 92' lang='lat' dir='ltr'><strong>ut</strong></span> <span class='ocrx_word' id='word_1_41' title='bbox 1589 790 1683 856; x_wconf 86' lang='lat' dir='ltr'><strong>malis</strong></span> <span class='ocrx_word' id='word_1_42' title='bbox 1707 789 1937 877; x_wconf 86' lang='lat' dir='ltr'><strong>aliquomodo</strong></span> <span class='ocrx_word' id='word_1_43' title='bbox 1962 813 2089 855; x_wconf 89' lang='lat' dir='ltr'><strong>consen-</strong></span> 
     </span>
     <span class='ocr_line' id='line_1_5' title="bbox 273 896 2090 986; baseline -0.001 -24"><span class='ocrx_word' id='word_1_44' title='bbox 273 923 348 967; x_wconf 63' lang='lat' dir='ltr'><strong>aaa.</strong></span> <span class='ocrx_word' id='word_1_45' title='bbox 356 925 377 972; x_wconf 83' lang='lat' dir='ltr'><strong>s,</strong></span> <span class='ocrx_word' id='word_1_46' title='bbox 386 923 419 967; x_wconf 78' lang='lat'><strong>1³.</strong></span> <span class='ocrx_word' id='word_1_47' title='bbox 437 900 505 980; x_wconf 88' lang='lat' dir='ltr'><strong>tiat,</strong></span> <span class='ocrx_word' id='word_1_48' title='bbox 530 897 611 962; x_wconf 91' lang='lat' dir='ltr'><strong>dicit</strong></span> <span class='ocrx_word' id='word_1_49' title='bbox 633 896 760 962; x_wconf 83' lang='lat' dir='ltr'><strong>idem⁸:</strong></span> <span class='ocrx_word' id='word_1_50' title='bbox 785 898 922 986; x_wconf 76' lang='lat' dir='ltr'><strong>Auferte</strong></span> <span class='ocrx_word' id='word_1_51' title='bbox 936 899 1055 962; x_wconf 89' lang='lat' dir='ltr'><strong>malum</strong></span> <span class='ocrx_word' id='word_1_52' title='bbox 1071 923 1110 963; x_wconf 83' lang='lat' dir='ltr'><strong>ee</strong></span> <span class='ocrx_word' id='word_1_53' title='bbox 1125 900 1364 985; x_wconf 72' lang='lat' dir='ltr'><strong>colurnetipsts.</strong></span> <span class='ocrx_word' id='word_1_54' title='bbox 1402 897 1586 963; x_wconf 81' lang='lat' dir='ltr'>Ostendens</span> <span class='ocrx_word' id='word_1_55' title='bbox 1601 899 1712 984; x_wconf 89' lang='lat' dir='ltr'><strong>itaque</strong></span> <span class='ocrx_word' id='word_1_56' title='bbox 1729 899 1828 962; x_wconf 91' lang='lat' dir='ltr'><strong>etiam</strong></span> <span class='ocrx_word' id='word_1_57' title='bbox 1845 907 1983 984; x_wconf 89' lang='lat' dir='ltr'><strong>propter</strong></span> <span class='ocrx_word' id='word_1_58' title='bbox 1998 920 2090 961; x_wconf 91' lang='lat' dir='ltr'><strong>unum</strong></span> 
     </span>
     <span class='ocr_line' id='line_1_6' title="bbox 334 1002 2118 1091; baseline 0 -22"><span class='ocrx_word' id='word_1_59' title='bbox 334 1030 418 1073; x_wconf 63' lang='lat' dir='ltr'><strong>aar.</strong></span> <span class='ocrx_word' id='word_1_60' title='bbox 437 1005 667 1069; x_wconf 81' lang='lat' dir='ltr'><strong>fornicatorem</strong></span> <span class='ocrx_word' id='word_1_61' title='bbox 691 1004 785 1090; x_wconf 86' lang='lat' dir='ltr'><strong>qnasi</strong></span> <span class='ocrx_word' id='word_1_62' title='bbox 815 1026 875 1090; x_wconf 87' lang='lat' dir='ltr'><strong>per</strong></span> <span class='ocrx_word' id='word_1_63' title='bbox 898 1003 1061 1068; x_wconf 91' lang='lat' dir='ltr'><strong>modicum</strong></span> <span class='ocrx_word' id='word_1_64' title='bbox 1084 1002 1278 1068; x_wconf 89' lang='lat' dir='ltr'><strong>fermentum</strong></span> <span class='ocrx_word' id='word_1_65' title='bbox 1304 1015 1404 1069; x_wconf 90' lang='lat' dir='ltr'><strong>totam</strong></span> <span class='ocrx_word' id='word_1_66' title='bbox 1428 1026 1569 1068; x_wconf 88' lang='lat' dir='ltr'><strong>massam</strong></span> <span class='ocrx_word' id='word_1_67' title='bbox 1593 1015 1794 1089; x_wconf 85' lang='lat' dir='ltr'><strong>conuptsm:</strong></span> <span class='ocrx_word' id='word_1_68' title='bbox 1827 1005 2028 1091; x_wconf 76' lang='lat' dir='ltr'><strong>Eapurpate,</strong></span> <span class='ocrx_word' id='word_1_69' title='bbox 2050 1005 2118 1069; x_wconf 79' lang='lat' dir='ltr'><strong>ins</strong></span> 
     </span>
     <span class='ocr_line' id='line_1_7' title="bbox 437 1108 2092 1198; baseline -0.001 -24"><span class='ocrx_word' id='word_1_70' title='bbox 437 1112 516 1198; x_wconf 90' lang='lat' dir='ltr'><strong>quit,</strong></span> <span class='ocrx_word' id='word_1_71' title='bbox 541 1125 625 1176; x_wconf 86' lang='lat' dir='ltr'><strong>vetus</strong></span> <span class='ocrx_word' id='word_1_72' title='bbox 633 1111 839 1198; x_wconf 88' lang='lat' dir='ltr'><strong>fermentum,</strong></span> <span class='ocrx_word' id='word_1_73' title='bbox 857 1124 890 1174; x_wconf 91' lang='lat' dir='ltr'><strong>ut</strong></span> <span class='ocrx_word' id='word_1_74' title='bbox 903 1113 976 1175; x_wconf 89' lang='lat' dir='ltr'><strong>sitis</strong></span> <span class='ocrx_word' id='word_1_75' title='bbox 990 1134 1071 1176; x_wconf 84' lang='lat' dir='ltr'><strong>aava</strong></span> <span class='ocrx_word' id='word_1_76' title='bbox 1088 1114 1275 1196; x_wconf 70' lang='lat' dir='ltr'><em>conspersio.</em></span> <span class='ocrx_word' id='word_1_77' title='bbox 1312 1109 1385 1174; x_wconf 89' lang='lat' dir='ltr'><strong>Non</strong></span> <span class='ocrx_word' id='word_1_78' title='bbox 1402 1110 1607 1196; x_wconf 82' lang='lat' dir='ltr'><strong>exspectavit</strong></span> <span class='ocrx_word' id='word_1_79' title='bbox 1625 1131 1723 1195; x_wconf 87' lang='lat' dir='ltr'><strong>super</strong></span> <span class='ocrx_word' id='word_1_80' title='bbox 1738 1108 1799 1174; x_wconf 92' lang='lat' dir='ltr'><strong>hoc</strong></span> <span class='ocrx_word' id='word_1_81' title='bbox 1816 1109 1994 1174; x_wconf 89' lang='lat' dir='ltr'><strong>manifesto</strong></span> <span class='ocrx_word' id='word_1_82' title='bbox 2013 1109 2092 1173; x_wconf 88' lang='lat' dir='ltr'><strong>malo</strong></span> 
     </span>
     <span class='ocr_line' id='line_1_8' title="bbox 437 1214 2094 1301; baseline -0.001 -21"><span class='ocrx_word' id='word_1_83' title='bbox 437 1216 679 1280; x_wconf 85' lang='lat' dir='ltr'><strong>accusationem</strong></span> <span class='ocrx_word' id='word_1_84' title='bbox 694 1214 748 1278; x_wconf 90' lang='lat' dir='ltr'><strong>vel</strong></span> <span class='ocrx_word' id='word_1_85' title='bbox 770 1214 1030 1280; x_wconf 85' lang='lat' dir='ltr'><strong>testificationem</strong></span> <span class='ocrx_word' id='word_1_86' title='bbox 1055 1217 1256 1301; x_wconf 87' lang='lat' dir='ltr'><strong>cuiusquam,</strong></span> <span class='ocrx_word' id='word_1_87' title='bbox 1280 1217 1343 1280; x_wconf 91' lang='lat' dir='ltr'><strong>nisi</strong></span> <span class='ocrx_word' id='word_1_88' title='bbox 1366 1215 1558 1281; x_wconf 86' lang='lat' dir='ltr'><strong>manifestae</strong></span> <span class='ocrx_word' id='word_1_89' title='bbox 1582 1216 1734 1280; x_wconf 83' lang='lat' dir='ltr'><strong>infamiae</strong></span> <span class='ocrx_word' id='word_1_90' title='bbox 1752 1215 1940 1298; x_wconf 88' lang='lat' dir='ltr'><strong>clamorem,</strong></span> <span class='ocrx_word' id='word_1_91' title='bbox 1967 1214 2010 1278; x_wconf 88' lang='lat' dir='ltr'><strong>de</strong></span> <span class='ocrx_word' id='word_1_92' title='bbox 2034 1238 2094 1301; x_wconf 90' lang='lat' dir='ltr'><strong>qno</strong></span> 
     </span>
     <span class='ocr_line' id='line_1_9' title="bbox 361 1320 2095 1412; baseline -0.002 -24"><span class='ocrx_word' id='word_1_93' title='bbox 361 1349 392 1392; x_wconf 84' lang='lat' dir='ltr'><strong>u.</strong></span> <span class='ocrx_word' id='word_1_94' title='bbox 399 1349 418 1392; x_wconf 88' lang='lat'><strong>1.</strong></span> <span class='ocrx_word' id='word_1_95' title='bbox 436 1323 495 1386; x_wconf 89' lang='lat' dir='ltr'><strong>ait:</strong></span> <span class='ocrx_word' id='word_1_96' title='bbox 519 1321 653 1387; x_wconf 88' lang='lat' dir='ltr'><strong>Omnino</strong></span> <span class='ocrx_word' id='word_1_97' title='bbox 672 1321 803 1387; x_wconf 88' lang='lat' dir='ltr'><strong>auditur</strong></span> <span class='ocrx_word' id='word_1_98' title='bbox 819 1324 899 1386; x_wconf 87' lang='lat' dir='ltr'><strong>inter</strong></span> <span class='ocrx_word' id='word_1_99' title='bbox 915 1346 969 1388; x_wconf 86' lang='lat' dir='ltr'><strong>eos</strong></span> <span class='ocrx_word' id='word_1_100' title='bbox 977 1322 1170 1410; x_wconf 88' lang='lat' dir='ltr'><strong>fornicatio,</strong></span> <span class='ocrx_word' id='word_1_101' title='bbox 1190 1337 1218 1388; x_wconf 91' lang='lat' dir='ltr'><strong>et</strong></span> <span class='ocrx_word' id='word_1_102' title='bbox 1235 1324 1310 1388; x_wconf 89' lang='lat' dir='ltr'><strong>talis</strong></span> <span class='ocrx_word' id='word_1_103' title='bbox 1321 1325 1513 1412; x_wconf 76' lang='lat' dir='ltr'><strong>fornicatio,</strong></span> <span class='ocrx_word' id='word_1_104' title='bbox 1537 1325 1643 1409; x_wconf 86' lang='lat' dir='ltr'><strong>qualis</strong></span> <span class='ocrx_word' id='word_1_105' title='bbox 1657 1348 1713 1388; x_wconf 87' lang='lat' dir='ltr'><strong>nec</strong></span> <span class='ocrx_word' id='word_1_106' title='bbox 1729 1326 1810 1388; x_wconf 88' lang='lat' dir='ltr'><strong>inter</strong></span> <span class='ocrx_word' id='word_1_107' title='bbox 1826 1337 1941 1410; x_wconf 70' lang='lat' dir='ltr'><strong>pentes.</strong></span> <span class='ocrx_word' id='word_1_108' title='bbox 1982 1320 2095 1407; x_wconf 85' lang='lat' dir='ltr'><strong>Neque</strong></span> 
     </span>
     <span class='ocr_line' id='line_1_10' title="bbox 436 1425 2097 1514; baseline -0.001 -22"><span class='ocrx_word' id='word_1_109' title='bbox 436 1451 514 1492; x_wconf 85' lang='lat' dir='ltr'><strong>vero</strong></span> <span class='ocrx_word' id='word_1_110' title='bbox 538 1427 586 1492; x_wconf 90' lang='lat' dir='ltr'><strong>illi</strong></span> <span class='ocrx_word' id='word_1_111' title='bbox 608 1427 678 1510; x_wconf 89' lang='lat' dir='ltr'><strong>soli,</strong></span> <span class='ocrx_word' id='word_1_112' title='bbox 703 1425 762 1492; x_wconf 90' lang='lat' dir='ltr'><strong>sed</strong></span> <span class='ocrx_word' id='word_1_113' title='bbox 785 1428 844 1491; x_wconf 88' lang='lat' dir='ltr'><strong>toti</strong></span> <span class='ocrx_word' id='word_1_114' title='bbox 867 1427 1047 1492; x_wconf 87' lang='lat' dir='ltr'><strong>aecclesiae</strong></span> <span class='ocrx_word' id='word_1_115' title='bbox 1071 1426 1161 1492; x_wconf 92' lang='lat' dir='ltr'><strong>illum</strong></span> <span class='ocrx_word' id='word_1_116' title='bbox 1183 1428 1336 1492; x_wconf 84' lang='lat' dir='ltr'><strong>toleranti</strong></span> <span class='ocrx_word' id='word_1_117' title='bbox 1350 1429 1477 1514; x_wconf 87' lang='lat' dir='ltr'><strong>virgam</strong></span> <span class='ocrx_word' id='word_1_118' title='bbox 1493 1430 1649 1510; x_wconf 65' lang='lat' dir='ltr'><strong>minatum</strong></span> <span class='ocrx_word' id='word_1_119' title='bbox 1674 1430 1736 1491; x_wconf 86' lang='lat' dir='ltr'><strong>nisi</strong></span> <span class='ocrx_word' id='word_1_120' title='bbox 1761 1430 1787 1492; x_wconf 89' lang='lat' dir='ltr'><strong>is</strong></span> <span class='ocrx_word' id='word_1_121' title='bbox 1808 1429 1864 1514; x_wconf 92' lang='lat' dir='ltr'><strong>qui</strong></span> <span class='ocrx_word' id='word_1_122' title='bbox 1888 1428 1951 1493; x_wconf 92' lang='lat' dir='ltr'><strong>hoc</strong></span> <span class='ocrx_word' id='word_1_123' title='bbox 1977 1427 2097 1491; x_wconf 85' lang='lat' dir='ltr'><strong>malum</strong></span> 
     </span>
     <span class='ocr_line' id='line_1_11' title="bbox 362 1532 2140 1620; baseline -0.001 -20"><span class='ocrx_word' id='word_1_124' title='bbox 362 1561 418 1607; x_wconf 74' lang='lat' dir='ltr'><strong>us.</strong></span> <span class='ocrx_word' id='word_1_125' title='bbox 437 1544 588 1620; x_wconf 85' lang='lat' dir='ltr'><strong>operatus</strong></span> <span class='ocrx_word' id='word_1_126' title='bbox 605 1543 654 1598; x_wconf 88' lang='lat' dir='ltr'><strong>est</strong></span> <span class='ocrx_word' id='word_1_127' title='bbox 673 1532 838 1598; x_wconf 89' lang='lat' dir='ltr'><strong>demedio</strong></span> <span class='ocrx_word' id='word_1_128' title='bbox 862 1555 974 1598; x_wconf 90' lang='lat' dir='ltr'><strong>eorum</strong></span> <span class='ocrx_word' id='word_1_129' title='bbox 990 1533 1131 1616; x_wconf 89' lang='lat' dir='ltr'><strong>tollatur,</strong></span> <span class='ocrx_word' id='word_1_130' title='bbox 1149 1546 1180 1598; x_wconf 91' lang='lat' dir='ltr'><strong>et</strong></span> <span class='ocrx_word' id='word_1_131' title='bbox 1197 1545 1330 1600; x_wconf 86' lang='lat' dir='ltr'><strong>satanae</strong></span> <span class='ocrx_word' id='word_1_132' title='bbox 1351 1535 1497 1600; x_wconf 86' lang='lat' dir='ltr'><strong>tradatur</strong></span> <span class='ocrx_word' id='word_1_133' title='bbox 1519 1537 1553 1600; x_wconf 90' lang='lat' dir='ltr'><strong>in</strong></span> <span class='ocrx_word' id='word_1_134' title='bbox 1577 1535 1743 1600; x_wconf 87' lang='lat' dir='ltr'><strong>interitum</strong></span> <span class='ocrx_word' id='word_1_135' title='bbox 1760 1536 1878 1618; x_wconf 84' lang='lat' dir='ltr'><strong>carnis,</strong></span> <span class='ocrx_word' id='word_1_136' title='bbox 1903 1544 1940 1599; x_wconf 92' lang='lat' dir='ltr'><strong>ut</strong></span> <span class='ocrx_word' id='word_1_137' title='bbox 1964 1535 2098 1620; x_wconf 87' lang='lat' dir='ltr'><strong>spiritus</strong></span> <span class='ocrx_word' id='word_1_138' title='bbox 2117 1559 2140 1598; x_wconf 83' lang='lat' dir='ltr'><strong>a</strong></span> 
     </span>
     <span class='ocr_line' id='line_1_12' title="bbox 437 1639 913 1705; baseline -0.002 -1"><span class='ocrx_word' id='word_1_139' title='bbox 437 1641 545 1705; x_wconf 84' lang='lat' dir='ltr'><strong>salvus</strong></span> <span class='ocrx_word' id='word_1_140' title='bbox 570 1641 667 1704; x_wconf 86' lang='lat' dir='ltr'><strong>sitin</strong></span> <span class='ocrx_word' id='word_1_141' title='bbox 691 1640 744 1705; x_wconf 87' lang='lat' dir='ltr'><strong>die</strong></span> <span class='ocrx_word' id='word_1_142' title='bbox 768 1639 913 1704; x_wconf 87' lang='lat' dir='ltr'><strong>Domini.</strong></span> 
     </span>
     <span class='ocr_line' id='line_1_13' title="bbox 226 1721 2099 1841; baseline 0 -31"><span class='ocrx_word' id='word_1_143' title='bbox 226 1721 417 1841; x_wconf 52' lang='lat' dir='ltr'><strong>[Buarumaii</strong></span> <span class='ocrx_word' id='word_1_144' title='bbox 542 1748 693 1832; x_wconf 90' lang='lat' dir='ltr'><strong>Longum</strong></span> <span class='ocrx_word' id='word_1_145' title='bbox 723 1757 773 1810; x_wconf 91' lang='lat' dir='ltr'><strong>est</strong></span> <span class='ocrx_word' id='word_1_146' title='bbox 802 1748 836 1810; x_wconf 92' lang='lat' dir='ltr'><strong>in</strong></span> <span class='ocrx_word' id='word_1_147' title='bbox 864 1747 1008 1832; x_wconf 86' lang='lat' dir='ltr'><strong>epistolis</strong></span> <span class='ocrx_word' id='word_1_148' title='bbox 1038 1746 1225 1833; x_wconf 88' lang='lat' dir='ltr'><strong>apostolicis</strong></span> <span class='ocrx_word' id='word_1_149' title='bbox 1253 1747 1424 1813; x_wconf 89' lang='lat' dir='ltr'><strong>ostendere</strong></span> <span class='ocrx_word' id='word_1_150' title='bbox 1455 1770 1515 1834; x_wconf 92' lang='lat' dir='ltr'><strong>per</strong></span> <span class='ocrx_word' id='word_1_151' title='bbox 1538 1747 1674 1833; x_wconf 78' lang='lat' dir='ltr'><strong>singtda,</strong></span> <span class='ocrx_word' id='word_1_152' title='bbox 1700 1746 1861 1834; x_wconf 90' lang='lat' dir='ltr'><strong>quomodo</strong></span> <span class='ocrx_word' id='word_1_153' title='bbox 1890 1757 2003 1811; x_wconf 88' lang='lat' dir='ltr'><strong>rector</strong></span> <span class='ocrx_word' id='word_1_154' title='bbox 2026 1768 2099 1810; x_wconf 86' lang='lat' dir='ltr'><strong>aec·</strong></span> 
     </span>
     <span class='ocr_line' id='line_1_14' title="bbox 206 1850 2101 1939; baseline -0.001 -21"><span class='ocrx_word' id='word_1_155' title='bbox 206 1850 257 1900; x_wconf 78' lang='lat' dir='ltr'><strong>mol</strong></span> <span class='ocrx_word' id='word_1_156' title='bbox 274 1850 416 1900; x_wconf 75' lang='lat' dir='ltr'><strong>comeden—</strong></span> <span class='ocrx_word' id='word_1_157' title='bbox 437 1853 556 1918; x_wconf 87' lang='lat' dir='ltr'><strong>clesiae</strong></span> <span class='ocrx_word' id='word_1_158' title='bbox 591 1852 809 1938; x_wconf 85' lang='lat' dir='ltr'><strong>apostolorum</strong></span> <span class='ocrx_word' id='word_1_159' title='bbox 845 1851 995 1938; x_wconf 89' lang='lat' dir='ltr'><strong>exemplo</strong></span> <span class='ocrx_word' id='word_1_160' title='bbox 1027 1851 1146 1916; x_wconf 90' lang='lat' dir='ltr'><strong>debeat</strong></span> <span class='ocrx_word' id='word_1_161' title='bbox 1181 1851 1323 1918; x_wconf 89' lang='lat' dir='ltr'><strong>butirum</strong></span> <span class='ocrx_word' id='word_1_162' title='bbox 1354 1865 1386 1918; x_wconf 92' lang='lat' dir='ltr'><strong>et</strong></span> <span class='ocrx_word' id='word_1_163' title='bbox 1416 1854 1480 1918; x_wconf 91' lang='lat' dir='ltr'><strong>mel</strong></span> <span class='ocrx_word' id='word_1_164' title='bbox 1512 1853 1697 1935; x_wconf 84' lang='lat' dir='ltr'><strong>comedere,</strong></span> <span class='ocrx_word' id='word_1_165' title='bbox 1728 1865 1763 1918; x_wconf 90' lang='lat' dir='ltr'><strong>ut</strong></span> <span class='ocrx_word' id='word_1_166' title='bbox 1798 1854 1882 1917; x_wconf 86' lang='lat' dir='ltr'><strong>sciat</strong></span> <span class='ocrx_word' id='word_1_167' title='bbox 1917 1851 2101 1939; x_wconf 89' lang='lat' dir='ltr'><strong>reprobare</strong></span> 
     </span>
     <span class='ocr_line' id='line_1_15' title="bbox 270 1916 2101 2047; baseline -0.001 -23"><span class='ocrx_word' id='word_1_168' title='bbox 270 1916 353 1983; x_wconf 63' lang='lat' dir='ltr'><strong>aaa]</strong></span> <span class='ocrx_word' id='word_1_169' title='bbox 437 1959 570 2040; x_wconf 86' lang='lat' dir='ltr'><strong>malum,</strong></span> <span class='ocrx_word' id='word_1_170' title='bbox 603 1969 635 2024; x_wconf 89' lang='lat' dir='ltr'><strong>et</strong></span> <span class='ocrx_word' id='word_1_171' title='bbox 665 1959 785 2044; x_wconf 87' lang='lat' dir='ltr'><strong>eligere</strong></span> <span class='ocrx_word' id='word_1_172' title='bbox 814 1957 946 2024; x_wconf 91' lang='lat' dir='ltr'><strong>bonum.</strong></span> <span class='ocrx_word' id='word_1_173' title='bbox 1001 1958 1151 2025; x_wconf 88' lang='lat' dir='ltr'><strong>Sufficiat</strong></span> <span class='ocrx_word' id='word_1_174' title='bbox 1185 1961 1218 2023; x_wconf 91' lang='lat' dir='ltr'><strong>in</strong></span> <span class='ocrx_word' id='word_1_175' title='bbox 1248 1959 1343 2024; x_wconf 85' lang='lat' dir='ltr'><strong>huius</strong></span> <span class='ocrx_word' id='word_1_176' title='bbox 1374 1961 1421 2025; x_wconf 88' lang='lat' dir='ltr'><strong>rei</strong></span> <span class='ocrx_word' id='word_1_177' title='bbox 1452 1959 1635 2046; x_wconf 86' lang='lat' dir='ltr'><strong>exemplum</strong></span> <span class='ocrx_word' id='word_1_178' title='bbox 1667 1959 1753 2024; x_wconf 86' lang='lat' dir='ltr'><strong>sedis</strong></span> <span class='ocrx_word' id='word_1_179' title='bbox 1790 1958 1993 2047; x_wconf 88' lang='lat' dir='ltr'><strong>apostolicae</strong></span> <span class='ocrx_word' id='word_1_180' title='bbox 2025 1981 2101 2044; x_wconf 90' lang='lat' dir='ltr'><strong>pre·</strong></span> 
     </span>
     <span class='ocr_line' id='line_1_16' title="bbox 259 2040 2147 2179; baseline -0.001 -49"><span class='ocrx_word' id='word_1_181' title='bbox 259 2040 418 2179; x_wconf 53' lang='lat' dir='ltr'><strong>[G‘Jg‘fffl</strong></span> <span class='ocrx_word' id='word_1_182' title='bbox 437 2064 560 2130; x_wconf 91' lang='lat' dir='ltr'><strong>sulibus</strong></span> <span class='ocrx_word' id='word_1_183' title='bbox 591 2065 784 2130; x_wconf 84' lang='lat' dir='ltr'><strong>imitandum</strong></span> <span class='ocrx_word' id='word_1_184' title='bbox 813 2064 929 2129; x_wconf 84' lang='lat' dir='ltr'><strong>beatus</strong></span> <span class='ocrx_word' id='word_1_185' title='bbox 959 2087 1046 2152; x_wconf 86' lang='lat' dir='ltr'><strong>papa</strong></span> <span class='ocrx_word' id='word_1_186' title='bbox 1070 2063 1258 2151; x_wconf 83' lang='lat' dir='ltr'><strong>Gregorius,</strong></span> <span class='ocrx_word' id='word_1_187' title='bbox 1288 2067 1343 2152; x_wconf 91' lang='lat' dir='ltr'><strong>qui</strong></span> <span class='ocrx_word' id='word_1_188' title='bbox 1373 2077 1462 2131; x_wconf 88' lang='lat' dir='ltr'><strong>tanto</strong></span> <span class='ocrx_word' id='word_1_189' title='bbox 1494 2066 1600 2131; x_wconf 85' lang='lat' dir='ltr'><strong>studio</strong></span> <span class='ocrx_word' id='word_1_190' title='bbox 1631 2064 1773 2130; x_wconf 88' lang='lat' dir='ltr'><strong>butirum</strong></span> <span class='ocrx_word' id='word_1_191' title='bbox 1797 2077 1830 2130; x_wconf 92' lang='lat' dir='ltr'><strong>et</strong></span> <span class='ocrx_word' id='word_1_192' title='bbox 1851 2065 1918 2130; x_wconf 93' lang='lat' dir='ltr'><strong>mel</strong></span> <span class='ocrx_word' id='word_1_193' title='bbox 1941 2064 2101 2146; x_wconf 90' lang='lat' dir='ltr'><strong>comedit,</strong></span> <span class='ocrx_word' id='word_1_194' title='bbox 2122 2089 2147 2128; x_wconf 83' lang='lat' dir='ltr'><strong>u</strong></span> 
     </span>
     <span class='ocr_line' id='line_1_17' title="bbox 289 2133 2102 2257; baseline -0.001 -21"><span class='ocrx_word' id='word_1_195' title='bbox 289 2133 368 2182; x_wconf 85' lang='lat' dir='ltr'><strong>pp.</strong></span> <span class='ocrx_word' id='word_1_196' title='bbox 437 2183 472 2236; x_wconf 89' lang='lat' dir='ltr'><strong>ut</strong></span> <span class='ocrx_word' id='word_1_197' title='bbox 507 2181 673 2236; x_wconf 83' lang='lat' dir='ltr'><strong>coartante</strong></span> <span class='ocrx_word' id='word_1_198' title='bbox 710 2170 800 2236; x_wconf 90' lang='lat' dir='ltr'><strong>illum</strong></span> <span class='ocrx_word' id='word_1_199' title='bbox 838 2171 1054 2237; x_wconf 87' lang='lat' dir='ltr'><strong>sollicitudine</strong></span> <span class='ocrx_word' id='word_1_200' title='bbox 1092 2173 1234 2236; x_wconf 92' lang='lat' dir='ltr'><strong>omnium</strong></span> <span class='ocrx_word' id='word_1_201' title='bbox 1273 2172 1505 2237; x_wconf 81' lang='lat' dir='ltr'><strong>aecclesiarum</strong></span> <span class='ocrx_word' id='word_1_202' title='bbox 1543 2171 1700 2238; x_wconf 88' lang='lat' dir='ltr'><strong>scriberet</strong></span> <span class='ocrx_word' id='word_1_203' title='bbox 1736 2173 1901 2236; x_wconf 87' lang='lat' dir='ltr'><strong>ultroneas</strong></span> <span class='ocrx_word' id='word_1_204' title='bbox 1939 2171 2102 2257; x_wconf 82' lang='lat' dir='ltr'><strong>epistolas</strong></span> 
     </span>
     <span class='ocr_line' id='line_1_18' title="bbox 437 2276 2103 2366; baseline -0.001 -25"><span class='ocrx_word' id='word_1_205' title='bbox 437 2302 496 2366; x_wconf 89' lang='lat' dir='ltr'><strong>pro</strong></span> <span class='ocrx_word' id='word_1_206' title='bbox 527 2279 634 2343; x_wconf 87' lang='lat' dir='ltr'><strong>causis</strong></span> <span class='ocrx_word' id='word_1_207' title='bbox 663 2277 772 2342; x_wconf 85' lang='lat' dir='ltr'><strong>multis</strong></span> <span class='ocrx_word' id='word_1_208' title='bbox 802 2279 934 2342; x_wconf 89' lang='lat' dir='ltr'><strong>nonnisi</strong></span> <span class='ocrx_word' id='word_1_209' title='bbox 957 2300 1017 2363; x_wconf 86' lang='lat' dir='ltr'><strong>per</strong></span> <span class='ocrx_word' id='word_1_210' title='bbox 1039 2277 1158 2342; x_wconf 86' lang='lat' dir='ltr'><strong>famam</strong></span> <span class='ocrx_word' id='word_1_211' title='bbox 1187 2277 1248 2342; x_wconf 87' lang='lat' dir='ltr'><strong>sibi</strong></span> <span class='ocrx_word' id='word_1_212' title='bbox 1273 2277 1405 2343; x_wconf 85' lang='lat' dir='ltr'><strong>delatis:</strong></span> <span class='ocrx_word' id='word_1_213' title='bbox 1437 2281 1471 2343; x_wconf 90' lang='lat' dir='ltr'><strong>in</strong></span> <span class='ocrx_word' id='word_1_214' title='bbox 1502 2277 1619 2365; x_wconf 84' lang='lat' dir='ltr'><strong>quibus</strong></span> <span class='ocrx_word' id='word_1_215' title='bbox 1650 2289 1771 2366; x_wconf 86' lang='lat' dir='ltr'><strong>quanto</strong></span> <span class='ocrx_word' id='word_1_216' title='bbox 1802 2278 1909 2343; x_wconf 86' lang='lat' dir='ltr'><strong>studio</strong></span> <span class='ocrx_word' id='word_1_217' title='bbox 1940 2276 2103 2364; x_wconf 84' lang='lat' dir='ltr'><strong>reproba-</strong></span> 
     </span>
     <span class='ocr_line' id='line_1_19' title="bbox 437 2382 2103 2472; baseline -0.001 -23"><span class='ocrx_word' id='word_1_218' title='bbox 437 2387 521 2450; x_wconf 87' lang='lat' dir='ltr'><strong>verit</strong></span> <span class='ocrx_word' id='word_1_219' title='bbox 555 2383 675 2448; x_wconf 89' lang='lat' dir='ltr'><strong>malum</strong></span> <span class='ocrx_word' id='word_1_220' title='bbox 706 2394 739 2448; x_wconf 93' lang='lat' dir='ltr'><strong>et</strong></span> <span class='ocrx_word' id='word_1_221' title='bbox 768 2383 904 2470; x_wconf 89' lang='lat' dir='ltr'><strong>elegerit</strong></span> <span class='ocrx_word' id='word_1_222' title='bbox 936 2382 1073 2465; x_wconf 91' lang='lat' dir='ltr'><strong>bonum,</strong></span> <span class='ocrx_word' id='word_1_223' title='bbox 1108 2395 1267 2448; x_wconf 86' lang='lat' dir='ltr'><strong>testantur</strong></span> <span class='ocrx_word' id='word_1_224' title='bbox 1297 2387 1367 2449; x_wconf 87' lang='lat' dir='ltr'><strong>eius</strong></span> <span class='ocrx_word' id='word_1_225' title='bbox 1400 2385 1555 2471; x_wconf 84' lang='lat' dir='ltr'><strong>epistolae</strong></span> <span class='ocrx_word' id='word_1_226' title='bbox 1587 2384 1808 2472; x_wconf 84' lang='lat' dir='ltr'><strong>pontificibus,</strong></span> <span class='ocrx_word' id='word_1_227' title='bbox 1844 2383 1980 2470; x_wconf 84' lang='lat' dir='ltr'><strong>regibus</strong></span> <span class='ocrx_word' id='word_1_228' title='bbox 2014 2397 2103 2448; x_wconf 90' lang='lat' dir='ltr'><strong>cete·</strong></span> 
     </span>
     <span class='ocr_line' id='line_1_20' title="bbox 438 2489 2104 2578; baseline -0.001 -23"><span class='ocrx_word' id='word_1_229' title='bbox 438 2492 546 2578; x_wconf 88' lang='lat' dir='ltr'><strong>risque</strong></span> <span class='ocrx_word' id='word_1_230' title='bbox 575 2493 724 2578; x_wconf 90' lang='lat' dir='ltr'><strong>personis</strong></span> <span class='ocrx_word' id='word_1_231' title='bbox 749 2491 1001 2557; x_wconf 88' lang='lat' dir='ltr'><strong>aecclesiasticis</strong></span> <span class='ocrx_word' id='word_1_232' title='bbox 1024 2491 1108 2555; x_wconf 91' lang='lat' dir='ltr'><strong>ultro</strong></span> <span class='ocrx_word' id='word_1_233' title='bbox 1132 2492 1289 2578; x_wconf 83' lang='lat' dir='ltr'><strong>ingestae,</strong></span> <span class='ocrx_word' id='word_1_234' title='bbox 1313 2491 1400 2555; x_wconf 91' lang='lat' dir='ltr'><strong>nullo</strong></span> <span class='ocrx_word' id='word_1_235' title='bbox 1432 2513 1487 2555; x_wconf 87' lang='lat' dir='ltr'><strong>ess</strong></span> <span class='ocrx_word' id='word_1_236' title='bbox 1517 2491 1679 2556; x_wconf 91' lang='lat' dir='ltr'><strong>interdum</strong></span> <span class='ocrx_word' id='word_1_237' title='bbox 1710 2502 1851 2576; x_wconf 88' lang='lat' dir='ltr'><strong>petente,</strong></span> <span class='ocrx_word' id='word_1_238' title='bbox 1875 2489 1934 2554; x_wconf 88' lang='lat' dir='ltr'><strong>sed</strong></span> <span class='ocrx_word' id='word_1_239' title='bbox 1963 2489 2104 2577; x_wconf 88' lang='lat' dir='ltr'><strong>publica</strong></span> 
     </span>
     <span class='ocr_line' id='line_1_21' title="bbox 438 2596 2149 2684; baseline -0.001 -22"><span class='ocrx_word' id='word_1_240' title='bbox 438 2597 525 2662; x_wconf 91' lang='lat' dir='ltr'><strong>fama</strong></span> <span class='ocrx_word' id='word_1_241' title='bbox 549 2599 711 2683; x_wconf 87' lang='lat' dir='ltr'><strong>exigente,</strong></span> <span class='ocrx_word' id='word_1_242' title='bbox 736 2598 788 2661; x_wconf 88' lang='lat' dir='ltr'><strong>vel</strong></span> <span class='ocrx_word' id='word_1_243' title='bbox 813 2599 909 2661; x_wconf 85' lang='lat' dir='ltr'><strong>etiam</strong></span> <span class='ocrx_word' id='word_1_244' title='bbox 935 2596 1082 2683; x_wconf 91' lang='lat' dir='ltr'><strong>quolibet</strong></span> <span class='ocrx_word' id='word_1_245' title='bbox 1096 2599 1207 2661; x_wconf 86' lang='lat' dir='ltr'><strong>veraci</strong></span> <span class='ocrx_word' id='word_1_246' title='bbox 1231 2597 1369 2662; x_wconf 89' lang='lat' dir='ltr'><strong>relatore</strong></span> <span class='ocrx_word' id='word_1_247' title='bbox 1395 2597 1437 2661; x_wconf 87' lang='lat' dir='ltr'><strong>ad</strong></span> <span class='ocrx_word' id='word_1_248' title='bbox 1460 2619 1555 2661; x_wconf 87' lang='lat' dir='ltr'><strong>aures</strong></span> <span class='ocrx_word' id='word_1_249' title='bbox 1580 2599 1649 2661; x_wconf 87' lang='lat' dir='ltr'><strong>eius</strong></span> <span class='ocrx_word' id='word_1_250' title='bbox 1672 2619 1742 2661; x_wconf 88' lang='lat' dir='ltr'><strong>rem</strong></span> <span class='ocrx_word' id='word_1_251' title='bbox 1766 2597 1961 2684; x_wconf 88' lang='lat' dir='ltr'><strong>perferente.</strong></span> <span class='ocrx_word' id='word_1_252' title='bbox 2000 2596 2102 2660; x_wconf 88' lang='lat' dir='ltr'><strong>Unde</strong></span> <span class='ocrx_word' id='word_1_253' title='bbox 2123 2622 2149 2660; x_wconf 80' lang='lat' dir='ltr'><strong>so</strong></span> 
     </span>
     <span class='ocr_line' id='line_1_22' title="bbox 438 2703 2105 2791; baseline 0 -24"><span class='ocrx_word' id='word_1_254' title='bbox 438 2703 617 2791; x_wconf 89' lang='lat' dir='ltr'><strong>sollempne</strong></span> <span class='ocrx_word' id='word_1_255' title='bbox 649 2705 712 2790; x_wconf 90' lang='lat' dir='ltr'><strong>ipsi</strong></span> <span class='ocrx_word' id='word_1_256' title='bbox 743 2713 813 2768; x_wconf 87' lang='lat' dir='ltr'><strong>erat</strong></span> <span class='ocrx_word' id='word_1_257' title='bbox 842 2705 877 2767; x_wconf 92' lang='lat' dir='ltr'><strong>in</strong></span> <span class='ocrx_word' id='word_1_258' title='bbox 907 2703 1051 2768; x_wconf 85' lang='lat' dir='ltr'><strong>exordiis</strong></span> <span class='ocrx_word' id='word_1_259' title='bbox 1082 2703 1292 2789; x_wconf 86' lang='lat' dir='ltr'><strong>epistolarum</strong></span> <span class='ocrx_word' id='word_1_260' title='bbox 1317 2703 1520 2790; x_wconf 87' lang='lat' dir='ltr'><strong>quarundam</strong></span> <span class='ocrx_word' id='word_1_261' title='bbox 1550 2704 1598 2768; x_wconf 91' lang='lat' dir='ltr'><strong>sic</strong></span> <span class='ocrx_word' id='word_1_262' title='bbox 1629 2703 1755 2768; x_wconf 89' lang='lat' dir='ltr'><strong>dicere:</strong></span> <span class='ocrx_word' id='word_1_263' title='bbox 1788 2704 1948 2770; x_wconf 87' lang='lat' dir='ltr'><strong>Perlatam</strong></span> <span class='ocrx_word' id='word_1_264' title='bbox 1982 2719 2030 2768; x_wconf 90' lang='lat' dir='ltr'><strong>est</strong></span> <span class='ocrx_word' id='word_1_265' title='bbox 2057 2705 2105 2768; x_wconf 85' lang='lat' dir='ltr'><strong>ad</strong></span> 
     </span>
     <span class='ocr_line' id='line_1_23' title="bbox 438 2808 2105 2891; baseline 0 -17"><span class='ocrx_word' id='word_1_266' title='bbox 438 2835 502 2891; x_wconf 85' lang='lat' dir='ltr'><strong>uos,</strong></span> <span class='ocrx_word' id='word_1_267' title='bbox 525 2809 595 2874; x_wconf 85' lang='lat' dir='ltr'><strong>vel:</strong></span> <span class='ocrx_word' id='word_1_268' title='bbox 627 2810 775 2875; x_wconf 83' lang='lat' dir='ltr'><strong>Peruenit</strong></span> <span class='ocrx_word' id='word_1_269' title='bbox 803 2810 849 2874; x_wconf 89' lang='lat' dir='ltr'><strong>od</strong></span> <span class='ocrx_word' id='word_1_270' title='bbox 877 2835 940 2875; x_wconf 88' lang='lat' dir='ltr'><strong>nos.</strong></span> <span class='ocrx_word' id='word_1_271' title='bbox 989 2808 1085 2874; x_wconf 88' lang='lat' dir='ltr'><strong>Unde</strong></span> <span class='ocrx_word' id='word_1_272' title='bbox 1109 2809 1255 2874; x_wconf 88' lang='lat' dir='ltr'><strong>Romano</strong></span> <span class='ocrx_word' id='word_1_273' title='bbox 1286 2809 1448 2874; x_wconf 89' lang='lat' dir='ltr'><strong>defensori</strong></span> <span class='ocrx_word' id='word_1_274' title='bbox 1480 2809 1593 2875; x_wconf 88' lang='lat' dir='ltr'><strong>scribit</strong></span> <span class='ocrx_word' id='word_1_275' title='bbox 1616 2809 1767 2874; x_wconf 83' lang='lat' dir='ltr'><strong>dicens1:</strong></span> <span class='ocrx_word' id='word_1_276' title='bbox 1798 2810 1960 2876; x_wconf 89' lang='lat' dir='ltr'><strong>Perlatum</strong></span> <span class='ocrx_word' id='word_1_277' title='bbox 1987 2825 2035 2875; x_wconf 90' lang='lat' dir='ltr'><strong>est</strong></span> <span class='ocrx_word' id='word_1_278' title='bbox 2056 2809 2105 2874; x_wconf 87' lang='lat' dir='ltr'><strong>ad</strong></span> 
     </span>
     <span class='ocr_line' id='line_1_24' title="bbox 438 2915 2104 3005; baseline 0 -25"><span class='ocrx_word' id='word_1_279' title='bbox 438 2941 494 2982; x_wconf 92' lang='lat' dir='ltr'><strong>nos</strong></span> <span class='ocrx_word' id='word_1_280' title='bbox 517 2920 801 2982; x_wconf 77' lang='lat' dir='ltr'><strong>reverentissimum</strong></span> <span class='ocrx_word' id='word_1_281' title='bbox 817 2918 959 3005; x_wconf 75' lang='lat' dir='ltr'><strong>fratrem</strong></span> <span class='ocrx_word' id='word_1_282' title='bbox 982 2931 1120 2981; x_wconf 89' lang='lat' dir='ltr'><strong>nostrum</strong></span> <span class='ocrx_word' id='word_1_283' title='bbox 1138 2917 1299 2982; x_wconf 73' lang='lat' dir='ltr'><strong>Basiliam</strong></span> <span class='ocrx_word' id='word_1_284' title='bbox 1325 2920 1514 3003; x_wconf 85' lang='lat' dir='ltr'><strong>episcopum,</strong></span> <span class='ocrx_word' id='word_1_285' title='bbox 1539 2919 1621 2982; x_wconf 86' lang='lat' dir='ltr'><strong>uelut</strong></span> <span class='ocrx_word' id='word_1_286' title='bbox 1636 2942 1731 2981; x_wconf 88' lang='lat' dir='ltr'><strong>unum</strong></span> <span class='ocrx_word' id='word_1_287' title='bbox 1747 2917 1785 2981; x_wconf 89' lang='lat' dir='ltr'><strong>de</strong></span> <span class='ocrx_word' id='word_1_288' title='bbox 1802 2915 1917 2980; x_wconf 67' lang='lat' dir='ltr'><strong>laictsl&#39;</strong></span> <span class='ocrx_word' id='word_1_289' title='bbox 1937 2919 2104 2980; x_wconf 65' lang='lat' dir='ltr'><strong>incausale</strong></span> 
     </span>
     <span class='ocr_line' id='line_1_25' title="bbox 439 3023 2104 3110; baseline -0.001 -23"><span class='ocrx_word' id='word_1_290' title='bbox 439 3026 600 3110; x_wconf 85' lang='lat' dir='ltr'><strong>occupari,</strong></span> <span class='ocrx_word' id='word_1_291' title='bbox 624 3039 652 3089; x_wconf 90' lang='lat' dir='ltr'><strong>et</strong></span> <span class='ocrx_word' id='word_1_292' title='bbox 671 3026 824 3110; x_wconf 87' lang='lat' dir='ltr'><strong>pretoriis</strong></span> <span class='ocrx_word' id='word_1_293' title='bbox 847 3025 1002 3088; x_wconf 83' lang='lat' dir='ltr'><strong>inutiliter</strong></span> <span class='ocrx_word' id='word_1_294' title='bbox 1026 3024 1192 3088; x_wconf 87' lang='lat' dir='ltr'><strong>desereire.</strong></span> <span class='ocrx_word' id='word_1_295' title='bbox 1244 3023 1330 3100; x_wconf 78' lang='lat' dir='ltr'><strong>Qrtae</strong></span> <span class='ocrx_word' id='word_1_296' title='bbox 1359 3047 1410 3087; x_wconf 91' lang='lat' dir='ltr'><strong>res</strong></span> <span class='ocrx_word' id='word_1_297' title='bbox 1440 3026 1589 3108; x_wconf 86' lang='lat' dir='ltr'><strong>quoniam</strong></span> <span class='ocrx_word' id='word_1_298' title='bbox 1620 3039 1648 3088; x_wconf 90' lang='lat' dir='ltr'><strong>et</strong></span> <span class='ocrx_word' id='word_1_299' title='bbox 1675 3027 1778 3110; x_wconf 86' lang='lat' dir='ltr'><strong>ipsum</strong></span> <span class='ocrx_word' id='word_1_300' title='bbox 1810 3023 1903 3087; x_wconf 83' lang='lat' dir='ltr'><strong>vilem</strong></span> <span class='ocrx_word' id='word_1_301' title='bbox 1933 3023 2046 3087; x_wconf 84' lang='lat' dir='ltr'><strong>reddit</strong></span> <span class='ocrx_word' id='word_1_302' title='bbox 2074 3037 2104 3086; x_wconf 86' lang='lat' dir='ltr'><strong>et</strong></span> 
     </span>
     <span class='ocr_line' id='line_1_26' title="bbox 345 3129 2148 3216; baseline -0.001 -23"><span class='ocrx_word' id='word_1_303' title='bbox 345 3156 373 3200; x_wconf 64' lang='grc' dir='ltr'><strong>ι,</strong></span> <span class='ocrx_word' id='word_1_304' title='bbox 407 3157 420 3197; x_wconf 82' lang='lat'><strong>¹.</strong></span> <span class='ocrx_word' id='word_1_305' title='bbox 440 3133 647 3196; x_wconf 83' lang='lat' dir='ltr'><strong>reuerentiam</strong></span> <span class='ocrx_word' id='word_1_306' title='bbox 676 3130 899 3194; x_wconf 88' lang='lat' dir='ltr'><strong>sacerdotalem</strong></span> <span class='ocrx_word' id='word_1_307' title='bbox 925 3130 1113 3210; x_wconf 83' lang='lat' dir='ltr'><strong>adrn&#39;clsilat,</strong></span> <span class='ocrx_word' id='word_1_308' title='bbox 1140 3132 1245 3193; x_wconf 86' lang='lat' dir='ltr'><strong>statim</strong></span> <span class='ocrx_word' id='word_1_309' title='bbox 1268 3143 1302 3193; x_wconf 85' lang='lat' dir='ltr'><strong>ut</strong></span> <span class='ocrx_word' id='word_1_310' title='bbox 1325 3132 1533 3216; x_wconf 70' lang='lat' dir='ltr'><strong>&#39;superiectio</strong></span> <span class='ocrx_word' id='word_1_311' title='bbox 1557 3144 1609 3194; x_wconf 87' lang='lat' dir='ltr'><strong>tua</strong></span> <span class='ocrx_word' id='word_1_312' title='bbox 1633 3129 1689 3194; x_wconf 78' lang='lat' dir='ltr'><strong>lzoc</strong></span> <span class='ocrx_word' id='word_1_313' title='bbox 1707 3144 1888 3216; x_wconf 86' lang='lat' dir='ltr'><strong>preceptum</strong></span> <span class='ocrx_word' id='word_1_314' title='bbox 1912 3132 2101 3215; x_wconf 79' lang='lat' dir='ltr'><strong>susceperit,</strong></span> <span class='ocrx_word' id='word_1_315' title='bbox 2121 3153 2148 3192; x_wconf 79' lang='lat' dir='ltr'><strong>ss</strong></span> 
     </span>
     <span class='ocr_line' id='line_1_27' title="bbox 439 3235 2102 3322; baseline -0.001 -21"><span class='ocrx_word' id='word_1_316' title='bbox 439 3261 507 3301; x_wconf 89' lang='lat' dir='ltr'><strong>eum</strong></span> <span class='ocrx_word' id='word_1_317' title='bbox 540 3239 584 3301; x_wconf 87' lang='lat' dir='ltr'><strong>ita</strong></span> <span class='ocrx_word' id='word_1_318' title='bbox 615 3237 660 3300; x_wconf 89' lang='lat' dir='ltr'><strong>ad</strong></span> <span class='ocrx_word' id='word_1_319' title='bbox 689 3235 904 3300; x_wconf 85' lang='lat' dir='ltr'><strong>revertendum</strong></span> <span class='ocrx_word' id='word_1_320' title='bbox 935 3237 1080 3300; x_wconf 89' lang='lat' dir='ltr'><strong>districta</strong></span> <span class='ocrx_word' id='word_1_321' title='bbox 1113 3238 1289 3300; x_wconf 67' lang='lat' dir='ltr'><strong>enervatione</strong></span> <span class='ocrx_word' id='word_1_322' title='bbox 1318 3237 1497 3322; x_wconf 83' lang='lat' dir='ltr'><strong>compellat,</strong></span> <span class='ocrx_word' id='word_1_323' title='bbox 1533 3251 1684 3322; x_wconf 84' lang='lat' dir='ltr'><strong>quatenus</strong></span> <span class='ocrx_word' id='word_1_324' title='bbox 1713 3238 1746 3300; x_wconf 88' lang='lat' dir='ltr'><strong>ei</strong></span> <span class='ocrx_word' id='word_1_325' title='bbox 1773 3237 1843 3300; x_wconf 90' lang='lat' dir='ltr'><strong>illic</strong></span> <span class='ocrx_word' id='word_1_326' title='bbox 1877 3250 1904 3300; x_wconf 92' lang='lat' dir='ltr'><strong>te</strong></span> <span class='ocrx_word' id='word_1_327' title='bbox 1935 3238 2102 3300; x_wconf 75' lang='lat' dir='ltr'><strong>ism-estante</strong></span> 
     </span>
     <span class='ocr_line' id='line_1_28' title="bbox 446 3342 2102 3428; baseline 0.001 -24"><span class='ocrx_word' id='word_1_328' title='bbox 446 3343 476 3404; x_wconf 91' lang='lat' dir='ltr'><em>V</em></span> <span class='ocrx_word' id='word_1_329' title='bbox 494 3343 604 3407; x_wconf 82' lang='lat' dir='ltr'><strong>diebus</strong></span> <span class='ocrx_word' id='word_1_330' title='bbox 625 3344 682 3407; x_wconf 84' lang='lat' dir='ltr'><strong>sub</strong></span> <span class='ocrx_word' id='word_1_331' title='bbox 706 3343 845 3428; x_wconf 83' lang='lat' dir='ltr'><strong>qualibet</strong></span> <span class='ocrx_word' id='word_1_332' title='bbox 866 3345 1063 3406; x_wconf 70' lang='lat' dir='ltr'><strong>caussatione</strong></span> <span class='ocrx_word' id='word_1_333' title='bbox 1086 3344 1256 3406; x_wconf 88' lang='lat' dir='ltr'><strong>immorari</strong></span> <span class='ocrx_word' id='word_1_334' title='bbox 1275 3366 1337 3406; x_wconf 87' lang='lat' dir='ltr'><strong>non</strong></span> <span class='ocrx_word' id='word_1_335' title='bbox 1361 3343 1463 3422; x_wconf 89' lang='lat' dir='ltr'><strong>liceat,</strong></span> <span class='ocrx_word' id='word_1_336' title='bbox 1486 3367 1534 3422; x_wconf 91' lang='lat' dir='ltr'><strong>ne,</strong></span> <span class='ocrx_word' id='word_1_337' title='bbox 1557 3344 1591 3407; x_wconf 86' lang='lat' dir='ltr'><strong>si</strong></span> <span class='ocrx_word' id='word_1_338' title='bbox 1610 3343 1747 3428; x_wconf 86' lang='lat' dir='ltr'><strong>quolibet</strong></span> <span class='ocrx_word' id='word_1_339' title='bbox 1769 3342 1859 3406; x_wconf 89' lang='lat' dir='ltr'><strong>modo</strong></span> <span class='ocrx_word' id='word_1_340' title='bbox 1883 3367 1950 3406; x_wconf 89' lang='lat' dir='ltr'><strong>eum</strong></span> <span class='ocrx_word' id='word_1_341' title='bbox 1977 3343 2102 3406; x_wconf 81' lang='lat' dir='ltr'><strong>ibidem</strong></span> 
     </span>
     <span class='ocr_line' id='line_1_29' title="bbox 438 3447 2101 3535; baseline -0.001 -22"><span class='ocrx_word' id='word_1_342' title='bbox 438 3450 578 3535; x_wconf 85' lang='lat' dir='ltr'><strong>amplius</strong></span> <span class='ocrx_word' id='word_1_343' title='bbox 607 3473 729 3514; x_wconf 88' lang='lat' dir='ltr'><strong>moram</strong></span> <span class='ocrx_word' id='word_1_344' title='bbox 759 3450 871 3513; x_wconf 79' lang='lat' dir='ltr'><strong>lrabere</strong></span> <span class='ocrx_word' id='word_1_345' title='bbox 899 3451 1094 3534; x_wconf 61' lang='lat' dir='ltr'><strong>permitteris,</strong></span> <span class='ocrx_word' id='word_1_346' title='bbox 1119 3473 1187 3512; x_wconf 87' lang='lat' dir='ltr'><strong>cum</strong></span> <span class='ocrx_word' id='word_1_347' title='bbox 1218 3451 1287 3534; x_wconf 79' lang='lat' dir='ltr'><strong>ipm</strong></span> <span class='ocrx_word' id='word_1_348' title='bbox 1317 3449 1407 3535; x_wconf 89' lang='lat' dir='ltr'><strong>apud</strong></span> <span class='ocrx_word' id='word_1_349' title='bbox 1434 3472 1491 3512; x_wconf 89' lang='lat' dir='ltr'><strong>nos</strong></span> <span class='ocrx_word' id='word_1_350' title='bbox 1521 3451 1660 3534; x_wconf 71' lang='lat' dir='ltr'><strong>incipias</strong></span> <span class='ocrx_word' id='word_1_351' title='bbox 1691 3472 1754 3512; x_wconf 90' lang='lat' dir='ltr'><strong>esse</strong></span> <span class='ocrx_word' id='word_1_352' title='bbox 1781 3449 1962 3533; x_wconf 51' lang='lat' dir='ltr'><strong>cantabilis.</strong></span> <span class='ocrx_word' id='word_1_353' title='bbox 2013 3447 2101 3511; x_wconf 88' lang='lat' dir='ltr'><strong>Item</strong></span> 
     </span>
     <span class='ocr_line' id='line_1_30' title="bbox 437 3553 2099 3641; baseline 0 -23"><span class='ocrx_word' id='word_1_354' title='bbox 437 3553 636 3619; x_wconf 81' lang='lat' dir='ltr'><strong>Anthemio⁰</strong></span> <span class='ocrx_word' id='word_1_355' title='bbox 665 3553 903 3619; x_wconf 66' lang='lat' dir='ltr'><strong>subdiaconot:</strong></span> <span class='ocrx_word' id='word_1_356' title='bbox 934 3555 1082 3620; x_wconf 82' lang='lat' dir='ltr'><strong>Peruenit</strong></span> <span class='ocrx_word' id='word_1_357' title='bbox 1110 3555 1156 3619; x_wconf 89' lang='lat' dir='ltr'><strong>ad</strong></span> <span class='ocrx_word' id='word_1_358' title='bbox 1181 3579 1237 3618; x_wconf 90' lang='lat' dir='ltr'><strong>nos</strong></span> <span class='ocrx_word' id='word_1_359' title='bbox 1260 3554 1465 3634; x_wconf 88' lang='lat' dir='ltr'><strong>Priminium,</strong></span> <span class='ocrx_word' id='word_1_360' title='bbox 1489 3554 1703 3641; x_wconf 83' lang='lat' dir='ltr'><strong>Arnalfltanue</strong></span> <span class='ocrx_word' id='word_1_361' title='bbox 1733 3557 1872 3618; x_wconf 79' lang='lat' dir='ltr'><strong>ciuitatis</strong></span> <span class='ocrx_word' id='word_1_362' title='bbox 1902 3556 2099 3640; x_wconf 65' lang='lat' dir='ltr'><strong>episcopam,</strong></span> 
     </span>
     <span class='ocr_line' id='line_1_31' title="bbox 438 3661 2145 3748; baseline 0.001 -23"><span class='ocrx_word' id='word_1_363' title='bbox 438 3664 473 3725; x_wconf 90' lang='lat' dir='ltr'><strong>in</strong></span> <span class='ocrx_word' id='word_1_364' title='bbox 496 3663 648 3726; x_wconf 85' lang='lat' dir='ltr'><strong>aecclesia</strong></span> <span class='ocrx_word' id='word_1_365' title='bbox 671 3687 730 3726; x_wconf 88' lang='lat' dir='ltr'><strong>sua</strong></span> <span class='ocrx_word' id='word_1_366' title='bbox 753 3662 892 3726; x_wconf 87' lang='lat' dir='ltr'><strong>residere</strong></span> <span class='ocrx_word' id='word_1_367' title='bbox 915 3685 976 3725; x_wconf 89' lang='lat' dir='ltr'><strong>non</strong></span> <span class='ocrx_word' id='word_1_368' title='bbox 1000 3685 1064 3725; x_wconf 91' lang='lat' dir='ltr'><strong>esse</strong></span> <span class='ocrx_word' id='word_1_369' title='bbox 1095 3675 1275 3741; x_wconf 90' lang='lat' dir='ltr'><strong>contentum,</strong></span> <span class='ocrx_word' id='word_1_370' title='bbox 1299 3661 1356 3725; x_wconf 91' lang='lat' dir='ltr'><strong>sed</strong></span> <span class='ocrx_word' id='word_1_371' title='bbox 1371 3661 1464 3748; x_wconf 85' lang='lat' dir='ltr'><strong>foris</strong></span> <span class='ocrx_word' id='word_1_372' title='bbox 1487 3685 1550 3746; x_wconf 87' lang='lat' dir='ltr'><strong>per</strong></span> <span class='ocrx_word' id='word_1_373' title='bbox 1575 3661 1702 3725; x_wconf 79' lang='lat' dir='ltr'><strong>diversa</strong></span> <span class='ocrx_word' id='word_1_374' title='bbox 1731 3662 1798 3724; x_wconf 82' lang='lat' dir='ltr'><strong>loca</strong></span> <span class='ocrx_word' id='word_1_375' title='bbox 1829 3663 1952 3748; x_wconf 51' lang='lat' dir='ltr'><strong>¹creperi.</strong></span> <span class='ocrx_word' id='word_1_376' title='bbox 2006 3661 2103 3738; x_wconf 78' lang='lat' dir='ltr'><strong>Qttod</strong></span> <span class='ocrx_word' id='word_1_377' title='bbox 2119 3685 2145 3726; x_wconf 85' lang='lat' dir='ltr'><strong>m</strong></span> 
     </span>
     <span class='ocr_line' id='line_1_32' title="bbox 438 3767 2099 3854; baseline 0 -22"><span class='ocrx_word' id='word_1_378' title='bbox 438 3768 577 3832; x_wconf 84' lang='lat' dir='ltr'><strong>uidentes</strong></span> <span class='ocrx_word' id='word_1_379' title='bbox 607 3769 672 3833; x_wconf 89' lang='lat' dir='ltr'><strong>alii</strong></span> <span class='ocrx_word' id='word_1_380' title='bbox 699 3793 754 3833; x_wconf 87' lang='lat' dir='ltr'><strong>nec</strong></span> <span class='ocrx_word' id='word_1_381' title='bbox 784 3771 853 3854; x_wconf 74' lang='lat' dir='ltr'><strong>apsi</strong></span> <span class='ocrx_word' id='word_1_382' title='bbox 880 3771 915 3831; x_wconf 89' lang='lat' dir='ltr'><strong>in</strong></span> <span class='ocrx_word' id='word_1_383' title='bbox 945 3782 1046 3832; x_wconf 76' lang='lat' dir='ltr'><strong>cosmo</strong></span> <span class='ocrx_word' id='word_1_384' title='bbox 1076 3791 1108 3831; x_wconf 91' lang='lat' dir='ltr'><strong>se</strong></span> <span class='ocrx_word' id='word_1_385' title='bbox 1138 3770 1279 3847; x_wconf 86' lang='lat' dir='ltr'><strong>retinent,</strong></span> <span class='ocrx_word' id='word_1_386' title='bbox 1309 3767 1367 3832; x_wconf 90' lang='lat' dir='ltr'><strong>sed</strong></span> <span class='ocrx_word' id='word_1_387' title='bbox 1395 3770 1463 3831; x_wconf 90' lang='lat' dir='ltr'><strong>eius</strong></span> <span class='ocrx_word' id='word_1_388' title='bbox 1493 3767 1667 3852; x_wconf 76' lang='lat' dir='ltr'><strong>ememplum</strong></span> <span class='ocrx_word' id='word_1_389' title='bbox 1696 3781 1854 3852; x_wconf 83' lang='lat' dir='ltr'><strong>sequentes</strong></span> <span class='ocrx_word' id='word_1_390' title='bbox 1870 3769 1965 3854; x_wconf 81' lang='lat' dir='ltr'><strong>foris</strong></span> <span class='ocrx_word' id='word_1_391' title='bbox 1994 3771 2099 3854; x_wconf 69' lang='lat' dir='ltr'><strong>magis</strong></span> 
     </span>
     <span class='ocr_line' id='line_1_33' title="bbox 438 3873 2098 3961; baseline -0.001 -23"><span class='ocrx_word' id='word_1_392' title='bbox 438 3875 556 3961; x_wconf 75' lang='lat' dir='ltr'><strong>els&#39;punt</strong></span> <span class='ocrx_word' id='word_1_393' title='bbox 586 3873 736 3940; x_wconf 79' lang='lat' dir='ltr'><strong>habitare.</strong></span> <span class='ocrx_word' id='word_1_394' title='bbox 784 3875 828 3937; x_wconf 88' lang='lat' dir='ltr'><strong>Et</strong></span> <span class='ocrx_word' id='word_1_395' title='bbox 857 3877 934 3959; x_wconf 82' lang='lat' dir='ltr'><strong>quia</strong></span> <span class='ocrx_word' id='word_1_396' title='bbox 964 3875 1040 3938; x_wconf 77' lang='lat' dir='ltr'><strong>leaeo</strong></span> <span class='ocrx_word' id='word_1_397' title='bbox 1070 3888 1193 3960; x_wconf 65' lang='lat' dir='ltr'><strong>agentes</strong></span> <span class='ocrx_word' id='word_1_398' title='bbox 1223 3877 1291 3959; x_wconf 65' lang='lat' dir='ltr'><strong>spesi</strong></span> <span class='ocrx_word' id='word_1_399' title='bbox 1310 3875 1421 3960; x_wconf 86' lang='lat' dir='ltr'><strong>potius</strong></span> <span class='ocrx_word' id='word_1_400' title='bbox 1450 3873 1496 3938; x_wconf 89' lang='lat' dir='ltr'><strong>ad</strong></span> <span class='ocrx_word' id='word_1_401' title='bbox 1523 3897 1613 3937; x_wconf 90' lang='lat' dir='ltr'><strong>suam</strong></span> <span class='ocrx_word' id='word_1_402' title='bbox 1644 3874 1743 3937; x_wconf 84' lang='lat' dir='ltr'><strong>lostes</strong></span> <span class='ocrx_word' id='word_1_403' title='bbox 1767 3873 2022 3959; x_wconf 81' lang='lat' dir='ltr'><strong>depredationem</strong></span> <span class='ocrx_word' id='word_1_404' title='bbox 2047 3876 2098 3936; x_wconf 85' lang='lat' dir='ltr'><strong>in-</strong></span> 
     </span>
     <span class='ocr_line' id='line_1_34' title="bbox 437 3980 2098 4066; baseline -0.001 -21"><span class='ocrx_word' id='word_1_405' title='bbox 437 3983 547 4060; x_wconf 87' lang='lat' dir='ltr'><strong>uitant,</strong></span> <span class='ocrx_word' id='word_1_406' title='bbox 577 3980 699 4044; x_wconf 90' lang='lat' dir='ltr'><strong>idcirco</strong></span> <span class='ocrx_word' id='word_1_407' title='bbox 723 3981 781 4044; x_wconf 81' lang='lat' dir='ltr'><strong>isac</strong></span> <span class='ocrx_word' id='word_1_408' title='bbox 805 3982 866 4044; x_wconf 88' lang='lat' dir='ltr'><strong>tibi</strong></span> <span class='ocrx_word' id='word_1_409' title='bbox 886 3983 1068 4044; x_wconf 89' lang='lat' dir='ltr'><strong>auctoritate</strong></span> <span class='ocrx_word' id='word_1_410' title='bbox 1084 3983 1296 4066; x_wconf 84' lang='lat' dir='ltr'><strong>precipimus,</strong></span> <span class='ocrx_word' id='word_1_411' title='bbox 1320 3995 1353 4043; x_wconf 93' lang='lat' dir='ltr'><strong>ut</strong></span> <span class='ocrx_word' id='word_1_412' title='bbox 1374 3983 1592 4066; x_wconf 85' lang='lat' dir='ltr'><strong>suprascripto</strong></span> <span class='ocrx_word' id='word_1_413' title='bbox 1622 3982 1767 4065; x_wconf 75' lang='lat' dir='ltr'><strong>episcopo</strong></span> <span class='ocrx_word' id='word_1_414' title='bbox 1797 3982 2004 4044; x_wconf 84' lang='lat' dir='ltr'><strong>·s&#39;·nterms&#39;nare</strong></span> <span class='ocrx_word' id='word_1_415' title='bbox 2034 4004 2098 4044; x_wconf 90' lang='lat' dir='ltr'><strong>non</strong></span> 
     </span>
     <span class='ocr_line' id='line_1_35' title="bbox 439 4086 2102 4174; baseline -0.001 -23"><span class='ocrx_word' id='word_1_416' title='bbox 439 4086 576 4168; x_wconf 88' lang='lat' dir='ltr'><strong>desinas,</strong></span> <span class='ocrx_word' id='word_1_417' title='bbox 608 4101 758 4171; x_wconf 74' lang='lat' dir='ltr'><strong>quatemus</strong></span> <span class='ocrx_word' id='word_1_418' title='bbox 788 4087 842 4151; x_wconf 80' lang='lat' dir='ltr'><strong>lec</strong></span> <span class='ocrx_word' id='word_1_419' title='bbox 873 4086 911 4150; x_wconf 89' lang='lat' dir='ltr'><strong>de</strong></span> <span class='ocrx_word' id='word_1_420' title='bbox 941 4101 1039 4151; x_wconf 89' lang='lat' dir='ltr'><strong>cetero</strong></span> <span class='ocrx_word' id='word_1_421' title='bbox 1062 4087 1178 4174; x_wconf 76' lang='lat' dir='ltr'><strong>facere</strong></span> <span class='ocrx_word' id='word_1_422' title='bbox 1208 4109 1268 4149; x_wconf 91' lang='lat' dir='ltr'><strong>non</strong></span> <span class='ocrx_word' id='word_1_423' title='bbox 1293 4100 1468 4172; x_wconf 83' lang='lat' dir='ltr'><strong>presumat,</strong></span> <span class='ocrx_word' id='word_1_424' title='bbox 1495 4086 1552 4150; x_wconf 88' lang='lat' dir='ltr'><strong>sed</strong></span> <span class='ocrx_word' id='word_1_425' title='bbox 1580 4089 1613 4150; x_wconf 86' lang='lat' dir='ltr'><strong>in</strong></span> <span class='ocrx_word' id='word_1_426' title='bbox 1644 4087 1796 4150; x_wconf 89' lang='lat' dir='ltr'><strong>aecclesia</strong></span> <span class='ocrx_word' id='word_1_427' title='bbox 1820 4110 1879 4150; x_wconf 88' lang='lat' dir='ltr'><strong>suo</strong></span> <span class='ocrx_word' id='word_1_428' title='bbox 1902 4087 2102 4152; x_wconf 86' lang='lat' dir='ltr'><strong>sacerdotali</strong></span> 
     </span>
     <span class='ocr_line' id='line_1_36' title="bbox 438 4193 2140 4279; baseline 0 -23"><span class='ocrx_word' id='word_1_429' title='bbox 438 4217 523 4257; x_wconf 87' lang='lat' dir='ltr'><strong>more</strong></span> <span class='ocrx_word' id='word_1_430' title='bbox 552 4193 698 4258; x_wconf 87' lang='lat' dir='ltr'><strong>resideat.</strong></span> <span class='ocrx_word' id='word_1_431' title='bbox 750 4193 844 4270; x_wconf 73' lang='lat' dir='ltr'><strong>Quem</strong></span> <span class='ocrx_word' id='word_1_432' title='bbox 875 4195 908 4258; x_wconf 92' lang='lat' dir='ltr'><strong>si</strong></span> <span class='ocrx_word' id='word_1_433' title='bbox 929 4201 1016 4272; x_wconf 83' lang='lat' dir='ltr'><strong>sorte</strong></span> <span class='ocrx_word' id='word_1_434' title='bbox 1046 4217 1107 4256; x_wconf 89' lang='lat' dir='ltr'><strong>nou</strong></span> <span class='ocrx_word' id='word_1_435' title='bbox 1132 4193 1297 4257; x_wconf 85' lang='lat' dir='ltr'><strong>ensendari</strong></span> <span class='ocrx_word' id='word_1_436' title='bbox 1317 4205 1393 4278; x_wconf 87' lang='lat' dir='ltr'><strong>post</strong></span> <span class='ocrx_word' id='word_1_437' title='bbox 1422 4206 1506 4255; x_wconf 77' lang='lat' dir='ltr'><strong>trram</strong></span> <span class='ocrx_word' id='word_1_438' title='bbox 1531 4195 1814 4256; x_wconf 83' lang='lat' dir='ltr'><strong>interminationem</strong></span> <span class='ocrx_word' id='word_1_439' title='bbox 1838 4195 2031 4279; x_wconf 66' lang='lat' dir='ltr'><strong>cognoveris,</strong></span> <span class='ocrx_word' id='word_1_440' title='bbox 2062 4197 2096 4256; x_wconf 86' lang='lat' dir='ltr'><strong>in</strong></span> <span class='ocrx_word' id='word_1_441' title='bbox 2115 4217 2140 4256; x_wconf 83' lang='lat' dir='ltr'><strong>ss</strong></span> 
     </span>
     <span class='ocr_line' id='line_1_37' title="bbox 438 4296 2096 4386; baseline 0.001 -24"><span class='ocrx_word' id='word_1_442' title='bbox 438 4301 625 4364; x_wconf 89' lang='lat' dir='ltr'><strong>monasterio</strong></span> <span class='ocrx_word' id='word_1_443' title='bbox 649 4323 717 4364; x_wconf 87' lang='lat' dir='ltr'><strong>eum</strong></span> <span class='ocrx_word' id='word_1_444' title='bbox 738 4300 897 4385; x_wconf 87' lang='lat' dir='ltr'><strong>deputare,</strong></span> <span class='ocrx_word' id='word_1_445' title='bbox 922 4314 950 4363; x_wconf 91' lang='lat' dir='ltr'><strong>et</strong></span> <span class='ocrx_word' id='word_1_446' title='bbox 971 4301 1061 4363; x_wconf 84' lang='lat' dir='ltr'><strong>nobis</strong></span> <span class='ocrx_word' id='word_1_447' title='bbox 1084 4296 1181 4386; x_wconf 85' lang='lat' dir='ltr'><strong>[loo]</strong></span> <span class='ocrx_word' id='word_1_448' title='bbox 1206 4300 1333 4362; x_wconf 79' lang='lat' dir='ltr'><strong>estradis</strong></span> <span class='ocrx_word' id='word_1_449' title='bbox 1355 4299 1458 4361; x_wconf 76' lang='lat' dir='ltr'><strong>triadis</strong></span> <span class='ocrx_word' id='word_1_450' title='bbox 1481 4300 1624 4362; x_wconf 85' lang='lat' dir='ltr'><strong>omnibus</strong></span> <span class='ocrx_word' id='word_1_451' title='bbox 1648 4298 1802 4375; x_wconf 86' lang='lat' dir='ltr'><strong>indicare,</strong></span> <span class='ocrx_word' id='word_1_452' title='bbox 1826 4299 1964 4384; x_wconf 86' lang='lat' dir='ltr'><strong>utquid</strong></span> <span class='ocrx_word' id='word_1_453' title='bbox 1979 4301 2096 4386; x_wconf 84' lang='lat' dir='ltr'><strong>facere</strong></span> 
     </span>
     <span class='ocr_line' id='line_1_38' title="bbox 438 4402 2093 4492; baseline -0.001 -24"><span class='ocrx_word' id='word_1_454' title='bbox 438 4405 560 4484; x_wconf 82' lang='lat' dir='ltr'><strong>deleas,</strong></span> <span class='ocrx_word' id='word_1_455' title='bbox 584 4420 690 4470; x_wconf 85' lang='lat' dir='ltr'><strong>nostra</strong></span> <span class='ocrx_word' id='word_1_456' title='bbox 714 4408 826 4470; x_wconf 89' lang='lat' dir='ltr'><strong>iterum</strong></span> <span class='ocrx_word' id='word_1_457' title='bbox 844 4409 1045 4492; x_wconf 84' lang='lat' dir='ltr'><strong>preceptione</strong></span> <span class='ocrx_word' id='word_1_458' title='bbox 1069 4429 1243 4492; x_wconf 74' lang='lat' dir='ltr'><strong>capu-oscas.</strong></span> <span class='ocrx_word' id='word_1_459' title='bbox 1290 4403 1374 4467; x_wconf 91' lang='lat' dir='ltr'><strong>Item</strong></span> <span class='ocrx_word' id='word_1_460' title='bbox 1390 4402 1543 4468; x_wconf 88' lang='lat' dir='ltr'><strong>Secundo</strong></span> <span class='ocrx_word' id='word_1_461' title='bbox 1567 4425 1661 4468; x_wconf 87' lang='lat' dir='ltr'><strong>servo</strong></span> <span class='ocrx_word' id='word_1_462' title='bbox 1677 4403 1744 4467; x_wconf 88' lang='lat' dir='ltr'><strong>Dei</strong></span> <span class='ocrx_word' id='word_1_463' title='bbox 1767 4404 1851 4468; x_wconf 88' lang='lat' dir='ltr'><strong>inter</strong></span> <span class='ocrx_word' id='word_1_464' title='bbox 1874 4415 1985 4468; x_wconf 88' lang='lat' dir='ltr'><strong>cetera</strong></span> <span class='ocrx_word' id='word_1_465' title='bbox 2009 4406 2093 4468; x_wconf 64' lang='lat' dir='ltr'><strong>sicss:</strong></span> 
     </span>
     <span class='ocr_line' id='line_1_39' title="bbox 439 4510 2095 4597; baseline 0.002 -25"><span class='ocrx_word' id='word_1_466' title='bbox 439 4510 585 4575; x_wconf 86' lang='lat' dir='ltr'><strong>Fratrem</strong></span> <span class='ocrx_word' id='word_1_467' title='bbox 609 4526 747 4575; x_wconf 88' lang='lat' dir='ltr'><strong>nostrum</strong></span> <span class='ocrx_word' id='word_1_468' title='bbox 771 4512 957 4575; x_wconf 87' lang='lat' dir='ltr'><strong>Marianum</strong></span> <span class='ocrx_word' id='word_1_469' title='bbox 981 4514 1158 4597; x_wconf 84' lang='lat' dir='ltr'><strong>episcopum</strong></span> <span class='ocrx_word' id='word_1_470' title='bbox 1188 4513 1291 4575; x_wconf 73' lang='lat' dir='ltr'><strong>cerlis</strong></span> <span class='ocrx_word' id='word_1_471' title='bbox 1322 4512 1434 4595; x_wconf 81' lang='lat' dir='ltr'><strong>quibus</strong></span> <span class='ocrx_word' id='word_1_472' title='bbox 1457 4511 1543 4574; x_wconf 85' lang='lat' dir='ltr'><strong>vales</strong></span> <span class='ocrx_word' id='word_1_473' title='bbox 1567 4513 1678 4590; x_wconf 71' lang='lat' dir='ltr'><strong>excita,</strong></span> <span class='ocrx_word' id='word_1_474' title='bbox 1708 4513 1785 4595; x_wconf 77' lang='lat' dir='ltr'><strong>quea</strong></span> <span class='ocrx_word' id='word_1_475' title='bbox 1808 4535 1877 4574; x_wconf 84' lang='lat' dir='ltr'><strong>eum</strong></span> <span class='ocrx_word' id='word_1_476' title='bbox 1901 4511 2095 4576; x_wconf 83' lang='lat' dir='ltr'><strong>obdormisse</strong></span> 
     </span>
     <span class='ocr_line' id='line_1_40' title="bbox 437 4617 2094 4702; baseline 0.002 -23"><span class='ocrx_word' id='word_1_477' title='bbox 437 4618 590 4702; x_wconf 87' lang='lat' dir='ltr'><strong>suspicor.</strong></span> <span class='ocrx_word' id='word_1_478' title='bbox 638 4617 724 4681; x_wconf 89' lang='lat' dir='ltr'><strong>Nam</strong></span> <span class='ocrx_word' id='word_1_479' title='bbox 749 4633 896 4682; x_wconf 84' lang='lat' dir='ltr'><strong>uenerunt</strong></span> <span class='ocrx_word' id='word_1_480' title='bbox 918 4618 1048 4702; x_wconf 87' lang='lat' dir='ltr'><strong>quidam</strong></span> <span class='ocrx_word' id='word_1_481' title='bbox 1073 4618 1118 4682; x_wconf 89' lang='lat' dir='ltr'><strong>ad</strong></span> <span class='ocrx_word' id='word_1_482' title='bbox 1139 4642 1197 4697; x_wconf 89' lang='lat' dir='ltr'><strong>me,</strong></span> <span class='ocrx_word' id='word_1_483' title='bbox 1221 4620 1256 4681; x_wconf 90' lang='lat' dir='ltr'><strong>in</strong></span> <span class='ocrx_word' id='word_1_484' title='bbox 1279 4619 1392 4702; x_wconf 85' lang='lat' dir='ltr'><strong>quibus</strong></span> <span class='ocrx_word' id='word_1_485' title='bbox 1415 4617 1546 4701; x_wconf 80' lang='lat' dir='ltr'><strong>quidam</strong></span> <span class='ocrx_word' id='word_1_486' title='bbox 1569 4641 1655 4681; x_wconf 89' lang='lat' dir='ltr'><strong>senes</strong></span> <span class='ocrx_word' id='word_1_487' title='bbox 1679 4617 1899 4697; x_wconf 84' lang='lat' dir='ltr'><strong>mendicantes,</strong></span> <span class='ocrx_word' id='word_1_488' title='bbox 1923 4621 1985 4702; x_wconf 83' lang='lat' dir='ltr'><strong>qui</strong></span> <span class='ocrx_word' id='word_1_489' title='bbox 2004 4644 2025 4682; x_wconf 88' lang='lat' dir='ltr'><strong>a</strong></span> <span class='ocrx_word' id='word_1_490' title='bbox 2048 4643 2094 4682; x_wconf 92' lang='lat' dir='ltr'><strong>me</strong></span> 
     </span>
     <span class='ocr_line' id='line_1_41' title="bbox 439 4722 2137 4810; baseline 0.001 -24"><span class='ocrx_word' id='word_1_491' title='bbox 439 4722 580 4786; x_wconf 80' lang='lat' dir='ltr'><strong>ds‘scttssi</strong></span> <span class='ocrx_word' id='word_1_492' title='bbox 598 4737 679 4803; x_wconf 88' lang='lat' dir='ltr'><strong>sunt,</strong></span> <span class='ocrx_word' id='word_1_493' title='bbox 704 4749 723 4786; x_wconf 93' lang='lat' dir='ltr'><strong>a</strong></span> <span class='ocrx_word' id='word_1_494' title='bbox 748 4724 861 4808; x_wconf 83' lang='lat' dir='ltr'><strong>quibas</strong></span> <span class='ocrx_word' id='word_1_495' title='bbox 884 4725 965 4808; x_wconf 86' lang='lat' dir='ltr'><strong>quid</strong></span> <span class='ocrx_word' id='word_1_496' title='bbox 986 4726 1173 4809; x_wconf 87' lang='lat' dir='ltr'><strong>acceperint,</strong></span> <span class='ocrx_word' id='word_1_497' title='bbox 1197 4738 1225 4787; x_wconf 91' lang='lat' dir='ltr'><strong>et</strong></span> <span class='ocrx_word' id='word_1_498' title='bbox 1239 4747 1303 4810; x_wconf 86' lang='lat' dir='ltr'><strong>per</strong></span> <span class='ocrx_word' id='word_1_499' title='bbox 1318 4724 1445 4808; x_wconf 79' lang='lat' dir='ltr'><strong>simpulo</strong></span> <span class='ocrx_word' id='word_1_500' title='bbox 1468 4724 1648 4802; x_wconf 84' lang='lat' dir='ltr'><strong>retulerunt,</strong></span> <span class='ocrx_word' id='word_1_501' title='bbox 1672 4737 1788 4808; x_wconf 74' lang='lat' dir='ltr'><strong>quarata</strong></span> <span class='ocrx_word' id='word_1_502' title='bbox 1812 4725 1858 4787; x_wconf 87' lang='lat' dir='ltr'><strong>eis</strong></span> <span class='ocrx_word' id='word_1_503' title='bbox 1881 4737 1909 4787; x_wconf 90' lang='lat' dir='ltr'><strong>et</strong></span> <span class='ocrx_word' id='word_1_504' title='bbox 1932 4727 1967 4788; x_wconf 90' lang='lat' dir='ltr'><strong>in</strong></span> <span class='ocrx_word' id='word_1_505' title='bbox 1983 4726 2094 4788; x_wconf 88' lang='lat' dir='ltr'><strong>itinere</strong></span> <span class='ocrx_word' id='word_1_506' title='bbox 2111 4749 2137 4787; x_wconf 80' lang='lat' dir='ltr'><strong>so</strong></span> 
     </span>
     <span class='ocr_line' id='line_1_42' title="bbox 440 4827 2092 4916; baseline -0.001 -24"><span class='ocrx_word' id='word_1_507' title='bbox 440 4828 515 4892; x_wconf 92' lang='lat' dir='ltr'><strong>data</strong></span> <span class='ocrx_word' id='word_1_508' title='bbox 537 4831 609 4892; x_wconf 88' lang='lat' dir='ltr'><strong>sint.</strong></span> <span class='ocrx_word' id='word_1_509' title='bbox 653 4827 745 4905; x_wconf 79' lang='lat' dir='ltr'><strong>Quod</strong></span> <span class='ocrx_word' id='word_1_510' title='bbox 752 4827 765 4866; x_wconf 72' lang='lat'><strong>‘¹</strong></span> <span class='ocrx_word' id='word_1_511' title='bbox 783 4828 856 4892; x_wconf 87' lang='lat' dir='ltr'><strong>dum</strong></span> <span class='ocrx_word' id='word_1_512' title='bbox 874 4829 912 4892; x_wconf 91' lang='lat' dir='ltr'><strong>de</strong></span> <span class='ocrx_word' id='word_1_513' title='bbox 921 4829 1068 4915; x_wconf 88' lang='lat' dir='ltr'><strong>predicto</strong></span> <span class='ocrx_word' id='word_1_514' title='bbox 1084 4831 1196 4916; x_wconf 77' lang='lat' dir='ltr'><strong>fratre</strong></span> <span class='ocrx_word' id='word_1_515' title='bbox 1219 4830 1373 4893; x_wconf 81' lang='lat' dir='ltr'><strong>sollicite⁰</strong></span> <span class='ocrx_word' id='word_1_516' title='bbox 1397 4831 1600 4913; x_wconf 83' lang='lat' dir='ltr'><strong>requirerem,</strong></span> <span class='ocrx_word' id='word_1_517' title='bbox 1624 4829 1706 4915; x_wconf 82' lang='lat' dir='ltr'><strong>quid</strong></span> <span class='ocrx_word' id='word_1_518' title='bbox 1726 4831 1772 4892; x_wconf 87' lang='lat' dir='ltr'><strong>eis</strong></span> <span class='ocrx_word' id='word_1_519' title='bbox 1795 4829 1942 4908; x_wconf 70' lang='lat' dir='ltr'><strong>dedisset,</strong></span> <span class='ocrx_word' id='word_1_520' title='bbox 1966 4853 2092 4916; x_wconf 85' lang='lat' dir='ltr'><strong>respon-</strong></span> 
     </span>
     <span class='ocr_line' id='line_1_43' title="bbox 439 4934 2093 5022; baseline 0 -24"><span class='ocrx_word' id='word_1_521' title='bbox 439 4934 552 4998; x_wconf 88' lang='lat' dir='ltr'><strong>derunt</strong></span> <span class='ocrx_word' id='word_1_522' title='bbox 572 4958 604 4999; x_wconf 90' lang='lat' dir='ltr'><strong>se</strong></span> <span class='ocrx_word' id='word_1_523' title='bbox 628 4959 696 4999; x_wconf 89' lang='lat' dir='ltr'><strong>eum</strong></span> <span class='ocrx_word' id='word_1_524' title='bbox 720 4959 856 5022; x_wconf 66' lang='lat' dir='ltr'><strong>rogasse,</strong></span> <span class='ocrx_word' id='word_1_525' title='bbox 886 4936 943 5000; x_wconf 89' lang='lat' dir='ltr'><strong>sed</strong></span> <span class='ocrx_word' id='word_1_526' title='bbox 965 4937 1004 4999; x_wconf 84' lang='lat' dir='ltr'><strong>ab</strong></span> <span class='ocrx_word' id='word_1_527' title='bbox 1028 4959 1061 4999; x_wconf 92' lang='lat' dir='ltr'><strong>eo</strong></span> <span class='ocrx_word' id='word_1_528' title='bbox 1085 4935 1170 4999; x_wconf 86' lang='lat' dir='ltr'><strong>nilu&#39;l</strong></span> <span class='ocrx_word' id='word_1_529' title='bbox 1191 4938 1357 5021; x_wconf 86' lang='lat' dir='ltr'><strong>accepisse,</strong></span> <span class='ocrx_word' id='word_1_530' title='bbox 1386 4937 1430 4999; x_wconf 87' lang='lat' dir='ltr'><strong>ita</strong></span> <span class='ocrx_word' id='word_1_531' title='bbox 1453 4948 1488 4998; x_wconf 91' lang='lat' dir='ltr'><strong>ut</strong></span> <span class='ocrx_word' id='word_1_532' title='bbox 1509 4959 1605 5020; x_wconf 85' lang='lat' dir='ltr'><strong>neque</strong></span> <span class='ocrx_word' id='word_1_533' title='bbox 1632 4959 1747 5021; x_wconf 90' lang='lat' dir='ltr'><strong>panem</strong></span> <span class='ocrx_word' id='word_1_534' title='bbox 1770 4938 1803 5000; x_wconf 89' lang='lat' dir='ltr'><strong>in</strong></span> <span class='ocrx_word' id='word_1_535' title='bbox 1828 4938 1882 4999; x_wconf 84' lang='lat' dir='ltr'><strong>uia</strong></span> <span class='ocrx_word' id='word_1_536' title='bbox 1905 4938 2093 5022; x_wconf 61' lang='lat' dir='ltr'><strong>accusarent,</strong></span> 
     </span>
     <span class='ocr_line' id='line_1_44' title="bbox 439 5040 2094 5129; baseline 0.001 -25"><span class='ocrx_word' id='word_1_537' title='bbox 439 5041 524 5125; x_wconf 86' lang='lat' dir='ltr'><strong>quod</strong></span> <span class='ocrx_word' id='word_1_538' title='bbox 546 5041 623 5104; x_wconf 88' lang='lat' dir='ltr'><strong>dare</strong></span> <span class='ocrx_word' id='word_1_539' title='bbox 648 5041 790 5104; x_wconf 85' lang='lat' dir='ltr'><strong>omnibus</strong></span> <span class='ocrx_word' id='word_1_540' title='bbox 813 5041 870 5104; x_wconf 90' lang='lat' dir='ltr'><strong>illi</strong></span> <span class='ocrx_word' id='word_1_541' title='bbox 890 5042 1038 5105; x_wconf 87' lang='lat' dir='ltr'><strong>aecclesie</strong></span> <span class='ocrx_word' id='word_1_542' title='bbox 1060 5065 1182 5126; x_wconf 90' lang='lat' dir='ltr'><strong>semper</strong></span> <span class='ocrx_word' id='word_1_543' title='bbox 1197 5041 1373 5129; x_wconf 82' lang='lat' dir='ltr'><strong>familiare</strong></span> <span class='ocrx_word' id='word_1_544' title='bbox 1389 5043 1471 5129; x_wconf 82' lang='lat' dir='ltr'><strong>fuit.</strong></span> <span class='ocrx_word' id='word_1_545' title='bbox 1508 5040 1668 5105; x_wconf 79' lang='lat' dir='ltr'><strong>Dieerunt</strong></span> <span class='ocrx_word' id='word_1_546' title='bbox 1685 5044 1786 5106; x_wconf 78' lang='lat' dir='ltr'><strong>enine:</strong></span> <span class='ocrx_word' id='word_1_547' title='bbox 1808 5041 1987 5127; x_wconf 86' lang='lat' dir='ltr'><strong>Respondit</strong></span> <span class='ocrx_word' id='word_1_548' title='bbox 2005 5044 2094 5106; x_wconf 83' lang='lat' dir='ltr'><strong>nolis</strong></span> 
     </span>
     <span class='ocr_line' id='line_1_45' title="bbox 439 5146 2094 5235; baseline -0.002 -25"><span class='ocrx_word' id='word_1_549' title='bbox 439 5146 564 5211; x_wconf 85' lang='lat' dir='ltr'><strong>dicens:</strong></span> <span class='ocrx_word' id='word_1_550' title='bbox 587 5146 660 5210; x_wconf 81' lang='lat' dir='ltr'><strong>Non</strong></span> <span class='ocrx_word' id='word_1_551' title='bbox 684 5147 780 5210; x_wconf 74' lang='lat' dir='ltr'><strong>liabeo</strong></span> <span class='ocrx_word' id='word_1_552' title='bbox 804 5147 890 5231; x_wconf 86' lang='lat' dir='ltr'><strong>quod</strong></span> <span class='ocrx_word' id='word_1_553' title='bbox 912 5149 999 5212; x_wconf 83' lang='lat' dir='ltr'><strong>colis</strong></span> <span class='ocrx_word' id='word_1_554' title='bbox 1022 5147 1100 5211; x_wconf 90' lang='lat' dir='ltr'><strong>dare</strong></span> <span class='ocrx_word' id='word_1_555' title='bbox 1116 5149 1249 5234; x_wconf 85' lang='lat' dir='ltr'><strong>possim.</strong></span> <span class='ocrx_word' id='word_1_556' title='bbox 1297 5147 1341 5210; x_wconf 85' lang='lat' dir='ltr'><strong>Et</strong></span> <span class='ocrx_word' id='word_1_557' title='bbox 1370 5149 1470 5211; x_wconf 86' lang='lat' dir='ltr'><strong>miror</strong></span> <span class='ocrx_word' id='word_1_558' title='bbox 1499 5149 1532 5211; x_wconf 87' lang='lat' dir='ltr'><strong>si</strong></span> <span class='ocrx_word' id='word_1_559' title='bbox 1559 5150 1670 5232; x_wconf 78' lang='lat' dir='ltr'><strong>eisqui</strong></span> <span class='ocrx_word' id='word_1_560' title='bbox 1690 5162 1785 5212; x_wconf 84' lang='lat' dir='ltr'><strong>vestes</strong></span> <span class='ocrx_word' id='word_1_561' title='bbox 1808 5149 1907 5228; x_wconf 22' lang='lat' dir='ltr'><strong>ltasbet,</strong></span> <span class='ocrx_word' id='word_1_562' title='bbox 1931 5163 2094 5235; x_wconf 76' lang='lat' dir='ltr'><strong>arpentum</strong></span> 
     </span>
     <span class='ocr_line' id='line_1_46' title="bbox 438 5252 2135 5341; baseline 0.002 -27"><span class='ocrx_word' id='word_1_563' title='bbox 438 5252 537 5331; x_wconf 69' lang='lat' dir='ltr'><strong>labet</strong></span> <span class='ocrx_word' id='word_1_564' title='bbox 562 5253 695 5316; x_wconf 88' lang='lat' dir='ltr'><strong>cellaria</strong></span> <span class='ocrx_word' id='word_1_565' title='bbox 720 5253 818 5333; x_wconf 81' lang='lat' dir='ltr'><strong>labet,</strong></span> <span class='ocrx_word' id='word_1_566' title='bbox 843 5253 924 5338; x_wconf 84' lang='lat' dir='ltr'><strong>quid</strong></span> <span class='ocrx_word' id='word_1_567' title='bbox 942 5255 1139 5339; x_wconf 83' lang='lat' dir='ltr'><strong>pauperibus</strong></span> <span class='ocrx_word' id='word_1_568' title='bbox 1162 5253 1239 5317; x_wconf 88' lang='lat' dir='ltr'><strong>dare</strong></span> <span class='ocrx_word' id='word_1_569' title='bbox 1262 5277 1324 5318; x_wconf 92' lang='lat' dir='ltr'><strong>non</strong></span> <span class='ocrx_word' id='word_1_570' title='bbox 1347 5254 1466 5318; x_wconf 85' lang='lat' dir='ltr'><strong>lubeat.</strong></span> <span class='ocrx_word' id='word_1_571' title='bbox 1502 5253 1567 5318; x_wconf 89' lang='lat' dir='ltr'><strong>Dic</strong></span> <span class='ocrx_word' id='word_1_572' title='bbox 1590 5277 1662 5341; x_wconf 78' lang='lat' dir='ltr'><strong>erpo</strong></span> <span class='ocrx_word' id='word_1_573' title='bbox 1686 5254 1742 5318; x_wconf 90' lang='lat' dir='ltr'><strong>illi</strong></span> <span class='ocrx_word' id='word_1_574' title='bbox 1761 5268 1795 5318; x_wconf 91' lang='lat' dir='ltr'><strong>ut</strong></span> <span class='ocrx_word' id='word_1_575' title='bbox 1817 5279 1886 5318; x_wconf 86' lang='lat' dir='ltr'><strong>cum</strong></span> <span class='ocrx_word' id='word_1_576' title='bbox 1910 5255 1977 5318; x_wconf 88' lang='lat' dir='ltr'><strong>loco</strong></span> <span class='ocrx_word' id='word_1_577' title='bbox 2001 5269 2095 5318; x_wconf 72' lang='lat' dir='ltr'><strong>madet</strong></span> <span class='ocrx_word' id='word_1_578' title='bbox 2110 5277 2135 5318; x_wconf 77' lang='lat' dir='ltr'><strong>u</strong></span> 
     </span>
     <span class='ocr_line' id='line_1_47' title="bbox 438 5359 2094 5446; baseline 0.001 -24"><span class='ocrx_word' id='word_1_579' title='bbox 438 5371 584 5439; x_wconf 72' lang='lat' dir='ltr'><strong>mentem5</strong></span> <span class='ocrx_word' id='word_1_580' title='bbox 613 5382 674 5422; x_wconf 90' lang='lat' dir='ltr'><strong>non</strong></span> <span class='ocrx_word' id='word_1_581' title='bbox 704 5360 772 5422; x_wconf 84' lang='lat' dir='ltr'><strong>sibi</strong></span> <span class='ocrx_word' id='word_1_582' title='bbox 791 5359 891 5423; x_wconf 85' lang='lat' dir='ltr'><strong>solam</strong></span> <span class='ocrx_word' id='word_1_583' title='bbox 915 5361 1074 5424; x_wconf 87' lang='lat' dir='ltr'><strong>lectionem</strong></span> <span class='ocrx_word' id='word_1_584' title='bbox 1105 5374 1132 5424; x_wconf 90' lang='lat' dir='ltr'><strong>et</strong></span> <span class='ocrx_word' id='word_1_585' title='bbox 1155 5362 1324 5424; x_wconf 89' lang='lat' dir='ltr'><strong>orationem</strong></span> <span class='ocrx_word' id='word_1_586' title='bbox 1349 5359 1457 5423; x_wconf 89' lang='lat' dir='ltr'><strong>credat</strong></span> <span class='ocrx_word' id='word_1_587' title='bbox 1478 5361 1628 5446; x_wconf 82' lang='lat' dir='ltr'><strong>sufficere</strong></span> <span class='ocrx_word' id='word_1_588' title='bbox 1635 5384 1645 5441; x_wconf 84' lang='lat'><strong>,·</strong></span> <span class='ocrx_word' id='word_1_589' title='bbox 1674 5383 1736 5424; x_wconf 91' lang='lat' dir='ltr'><strong>non</strong></span> <span class='ocrx_word' id='word_1_590' title='bbox 1760 5375 1793 5423; x_wconf 92' lang='lat' dir='ltr'><strong>ut</strong></span> <span class='ocrx_word' id='word_1_591' title='bbox 1814 5375 1949 5424; x_wconf 87' lang='lat' dir='ltr'><strong>remotus</strong></span> <span class='ocrx_word' id='word_1_592' title='bbox 1971 5361 2094 5425; x_wconf 71' lang='lat' dir='ltr'><strong>strideat</strong></span> 
     </span>
    </p>
   </div>
   <div class='ocr_carea' id='block_1_3' title="bbox 433 5499 2091 5657">
    <p class='ocr_par' dir='ltr' id='par_1_3' title="bbox 433 5499 2091 5657">
     <span class='ocr_line' id='line_1_48' title="bbox 545 5499 2091 5571; baseline 0.002 -18"><span class='ocrx_word' id='word_1_593' title='bbox 545 5499 666 5566; x_wconf 84' lang='lat' dir='ltr'><strong>a)ide1n</strong></span> <span class='ocrx_word' id='word_1_594' title='bbox 684 5503 751 5554; x_wconf 82' lang='lat' dir='ltr'><strong>deest</strong></span> <span class='ocrx_word' id='word_1_595' title='bbox 768 5503 801 5554; x_wconf 89' lang='lat' dir='ltr'><strong>B.</strong></span> <span class='ocrx_word' id='word_1_596' title='bbox 866 5500 894 5563; x_wconf 80' lang='lat' dir='ltr'><strong>b)</strong></span> <span class='ocrx_word' id='word_1_597' title='bbox 916 5503 1018 5554; x_wconf 89' lang='lat' dir='ltr'><strong>ultimis</strong></span> <span class='ocrx_word' id='word_1_598' title='bbox 1033 5503 1106 5570; x_wconf 72' lang='lat' dir='ltr'><strong>Grep.</strong></span> <span class='ocrx_word' id='word_1_599' title='bbox 1169 5500 1194 5565; x_wconf 91' lang='lat' dir='ltr'><strong>c)</strong></span> <span class='ocrx_word' id='word_1_600' title='bbox 1217 5506 1345 5556; x_wconf 86' lang='lat' dir='ltr'><strong>anthenio</strong></span> <span class='ocrx_word' id='word_1_601' title='bbox 1364 5506 1402 5555; x_wconf 86' lang='lat' dir='ltr'><strong>vel</strong></span> <span class='ocrx_word' id='word_1_602' title='bbox 1420 5505 1546 5555; x_wconf 85' lang='lat' dir='ltr'><strong>anthemo</strong></span> <span class='ocrx_word' id='word_1_603' title='bbox 1566 5503 1599 5555; x_wconf 88' lang='grc' dir='ltr'><strong>Β.</strong></span> <span class='ocrx_word' id='word_1_604' title='bbox 1655 5501 1682 5566; x_wconf 84' lang='lat' dir='ltr'><strong>d)</strong></span> <span class='ocrx_word' id='word_1_605' title='bbox 1705 5505 1779 5567; x_wconf 80' lang='lat' dir='ltr'><strong>Quos</strong></span> <span class='ocrx_word' id='word_1_606' title='bbox 1795 5505 1868 5571; x_wconf 76' lang='lat' dir='ltr'><strong>Grep.</strong></span> <span class='ocrx_word' id='word_1_607' title='bbox 1925 5503 1951 5566; x_wconf 91' lang='lat' dir='ltr'><strong>e)</strong></span> <span class='ocrx_word' id='word_1_608' title='bbox 1973 5505 2091 5556; x_wconf 87' lang='lat' dir='ltr'><strong>sollicite</strong></span> 
     </span>
     <span class='ocr_line' id='line_1_49' title="bbox 433 5591 627 5657; baseline -0.005 -16"><span class='ocrx_word' id='word_1_609' title='bbox 433 5599 493 5657; x_wconf 80' lang='lat' dir='ltr'><strong>post</strong></span> <span class='ocrx_word' id='word_1_610' title='bbox 510 5592 575 5642; x_wconf 88' lang='lat' dir='ltr'><strong>dnm</strong></span> <span class='ocrx_word' id='word_1_611' title='bbox 594 5591 627 5640; x_wconf 88' lang='lat' dir='ltr'><strong>B.</strong></span> 
     </span>
    </p>
   </div>
   <div class='ocr_carea' id='block_1_4' title="bbox 440 5717 2091 5898">
    <p class='ocr_par' dir='ltr' id='par_1_4' title="bbox 440 5717 2091 5898">
     <span class='ocr_line' id='line_1_50' title="bbox 549 5717 2091 5804; baseline 0.004 -31"><span class='ocrx_word' id='word_1_612' title='bbox 549 5717 578 5787; x_wconf 87' lang='lat'><strong>1)</strong></span> <span class='ocrx_word' id='word_1_613' title='bbox 603 5717 696 5794; x_wconf 75' lang='lat' dir='ltr'><strong>epse.</strong></span> <span class='ocrx_word' id='word_1_614' title='bbox 714 5719 751 5788; x_wconf 76' lang='lat' dir='ltr'><strong>r,</strong></span> <span class='ocrx_word' id='word_1_615' title='bbox 770 5719 799 5788; x_wconf 81' lang='lat'><strong>4,</strong></span> <span class='ocrx_word' id='word_1_616' title='bbox 825 5718 951 5788; x_wconf 78' lang='lat' dir='ltr'><strong>narr,</strong></span> <span class='ocrx_word' id='word_1_617' title='bbox 971 5740 1003 5794; x_wconf 73' lang='lat' dir='ltr'><strong>p.</strong></span> <span class='ocrx_word' id='word_1_618' title='bbox 1023 5717 1097 5776; x_wconf 83' lang='lat' dir='ltr'><strong>ess.</strong></span> <span class='ocrx_word' id='word_1_619' title='bbox 1167 5719 1198 5790; x_wconf 84' lang='lat'><strong>2)</strong></span> <span class='ocrx_word' id='word_1_620' title='bbox 1224 5720 1316 5796; x_wconf 75' lang='lat' dir='ltr'><strong>epac.</strong></span> <span class='ocrx_word' id='word_1_621' title='bbox 1332 5719 1380 5804; x_wconf 78' lang='lat' dir='ltr'><strong>rr,</strong></span> <span class='ocrx_word' id='word_1_622' title='bbox 1403 5719 1454 5791; x_wconf 79' lang='lat' dir='ltr'><strong>aa,</strong></span> <span class='ocrx_word' id='word_1_623' title='bbox 1480 5720 1549 5776; x_wconf 80' lang='lat' dir='ltr'><strong>aa.</strong></span> <span class='ocrx_word' id='word_1_624' title='bbox 1566 5721 1591 5791; x_wconf 84' lang='lat' dir='ltr'><strong>J,</strong></span> <span class='ocrx_word' id='word_1_625' title='bbox 1610 5740 1643 5797; x_wconf 76' lang='lat' dir='ltr'><strong>p,</strong></span> <span class='ocrx_word' id='word_1_626' title='bbox 1662 5719 1735 5778; x_wconf 85' lang='lat'>401.</span> <span class='ocrx_word' id='word_1_627' title='bbox 1807 5721 1838 5792; x_wconf 84' lang='lat' dir='ltr'><strong>s)</strong></span> <span class='ocrx_word' id='word_1_628' title='bbox 1865 5721 1957 5798; x_wconf 73' lang='lat' dir='ltr'><strong>epar.</strong></span> <span class='ocrx_word' id='word_1_629' title='bbox 1973 5721 2022 5794; x_wconf 82' lang='lat' dir='ltr'><strong>rr,</strong></span> <span class='ocrx_word' id='word_1_630' title='bbox 2041 5722 2091 5792; x_wconf 82' lang='lat' dir='ltr'><strong>aa,</strong></span> 
     </span>
     <span class='ocr_line' id='line_1_51' title="bbox 440 5822 799 5898; baseline 0.006 -20"><span class='ocrx_word' id='word_1_631' title='bbox 440 5822 508 5880; x_wconf 84' lang='lat' dir='ltr'><strong>ee.</strong></span> <span class='ocrx_word' id='word_1_632' title='bbox 533 5823 611 5898; x_wconf 68' lang='lat' dir='ltr'><strong>ap.</strong></span> <span class='ocrx_word' id='word_1_633' title='bbox 629 5823 702 5880; x_wconf 76' lang='lat' dir='ltr'><strong>sss.</strong></span> <span class='ocrx_word' id='word_1_634' title='bbox 726 5823 799 5880; x_wconf 79' lang='lat'>440.</span> 
     </span>
    </p>
   </div>
   <div class='ocr_carea' id='block_1_5' title="bbox 0 0 2205 6388">
    <p class='ocr_par' dir='ltr' id='par_1_5' title="bbox 0 0 2205 6388">
     <span class='ocr_line' id='line_1_52' title="bbox 0 0 2205 6388; baseline 0 0"><span class='ocrx_word' id='word_1_635' title='bbox 0 0 2205 6388; x_wconf 95' lang='lat' dir='ltr'><strong> </strong></span> 
     </span>
    </p>
   </div>
  </div>
 </body>
</html>
