4410 6406
502 389 555 443 DE
578 387 912 445 INVESTIGATIONE
937 387 1189 445 AN'I'IOHRIS'I‘I
1211 391 1245 445 L.
1262 390 1286 444 1.
1662 383 1726 447 329

67 572 202 660 ligionis
226 574 316 640 cultu
338 585 521 662 tepuerunt,
546 597 589 640 ex
612 598 677 662 quo
701 576 794 662 quasi
817 595 903 662 papa
927 585 1041 640 contra
1063 597 1183 663 papam
1207 577 1305 658 stetit,
1329 576 1391 641 hoc
1415 575 1541 642 solvere
1564 585 1727 665 temptans

68 679 160 768 quod
182 679 237 746 ille
260 680 378 768 ligaret
401 691 434 746 et
457 704 475 746 e
499 704 667 764 converso,
692 703 735 746 ex
758 704 822 769 quo
852 683 1091 769 parsimoniae
1122 681 1243 747 malum
1274 692 1306 747 et
1335 683 1589 748 incontinentiae
1619 685 1727 770 pravi-

67 797 171 852 tatem
195 787 261 852 lino
277 787 449 874 fumiganti
472 787 691 854 sacerdotium
707 787 810 852 simile
826 787 948 854 iactum
965 799 1023 870 est,
1048 787 1210 875 siquidem
1234 799 1266 854 et
1289 790 1395 876 ipsum
1412 791 1555 854 existens
1579 791 1613 854 in
1628 789 1727 877 pluri-
1745 817 1898 868 armana

68 891 133 958 bus
156 895 264 960 timori
287 917 353 960 non
376 894 453 960 mali
477 897 594 982 operis,
626 894 685 960 sed
712 893 800 976 boni,
825 893 902 960 dum
926 897 1098 983 episcopus
1122 897 1320 982 quicumque
1351 919 1443 960 rarus
1466 896 1579 961 volens
1603 896 1726 963 clerum

29 1026 45 1064 s
68 1023 167 1066 suum
190 1002 353 1088 corrigere
376 1003 491 1067 timore
507 1002 685 1084 Romanae,
710 1024 807 1088 quam
831 1001 953 1084 dicunt,
978 1003 1088 1067 curiae
1112 1025 1178 1068 non
1200 1001 1346 1086 auderet,
1372 1003 1493 1090 quippe
1517 1003 1606 1090 apud
1629 1026 1726 1090 quam

69 1109 171 1172 etiam
189 1108 309 1194 'iniqui
333 1107 523 1195 suffragium
546 1131 606 1195 per
620 1109 793 1195 pecuniam
816 1109 1010 1192 invenirent,
1035 1131 1077 1172 ex
1101 1130 1139 1174 eo
1164 1108 1286 1174 solutus
1303 1119 1353 1174 est
1375 1109 1539 1192 sathanas,
1563 1110 1726 1197 siquidem
1745 1134 1823 1183 ·p.n.

60 1215 162 1302 facta
190 1229 234 1280 eat
259 1241 331 1297 nox,
361 1216 396 1280 in
424 1239 488 1302 qua
517 1217 775 1302 pertransierunt
804 1240 908 1282 omnes
931 1219 1024 1282 batia
1047 1217 1137 1298 silva
1160 1218 1262 1282 catuli
1282 1219 1404 1282 leonem
1428 1220 1593 1306 rapientes,
1618 1205 1904 1307 atra-p„10⁰,'‚’m¹,

59 1324 165 1408 patrat
193 1337 220 1388 et
249 1337 382 1409 querant
409 1349 429 1388 a
458 1323 527 1388 Deo
557 1347 658 1388 ercam
687 1325 766 1404 ribi,
797 1321 937 1408 quodam
972 1323 1124 1387 nimirum
1158 1321 1265 1388 colore
1300 1323 1431 1410 pietatis
1467 1345 1599 1388 causam
1633 1346 1725 1388 suam

66 1426 232 1509 fucantes,
255 1439 290 1492 ut
313 1429 357 1512 id,
382 1428 469 1515 quod
493 1429 644 1515 nequiter
667 1438 700 1493 et
722 1427 902 1493 bestialiter
925 1439 1035 1516 agunt,
1065 1430 1139 1493 Deo
1169 1440 1303 1495 auctora
1327 1451 1426 1516 agere
1449 1429 1632 1512 videantur,
1665 1429 1726 1496 hoc

15 1561 46 1598 ιο
67 1545 132 1614 est,
156 1545 193 1598 ut
215 1545 353 1621 querant
376 1557 396 1598 a
418 1535 492 1600 Deo
516 1557 626 1600 escam
649 1533 722 1599 sibi.

179 1639 283 1706 Auxit
297 1664 376 1708 vero
392 1652 425 1707 et
440 1641 501 1707 boe
517 1643 622 1707 noctis
638 1641 724 1706 illius
740 1640 902 1724 tenebras,
920 1642 1008 1728 quod
1022 1644 1057 1707 in
1073 1641 1129 1708 illa
1144 1651 1338 1730 tempestate
1355 1641 1534 1730 Gregorius
1550 1667 1638 1731 papa
1650 1643 1725 1708 vn.

66 1747 228 1812 Romanis
244 1749 403 1834 pecuniae
426 1747 547 1814 multae
571 1771 709 1835 sponsor
723 1748 828 1813 factus
844 1754 926 1829 est1,
948 1758 1108 1835 quatenus
1132 1750 1162 1814 ei
1185 1749 1385 1815 defensionis
1409 1749 1566 1816 auxilium
1583 1751 1727 1816 ferrent·

65 1865 186 1920 contra
216 1855 303 1942 regis
326 1855 474 1920 Heinrioi
505 1856 612 1942 quarti
642 1853 848 1921 tirannidem.
896 1855 971 1936 Qua
1000 1854 1100 1920 semel
1130 1857 1345 1943 promissione
1375 1855 1474 1922 illecti
1506 1867 1538 1921 et
1567 1859 1726 1944 promissa

65 1971 210 2048 accepta
232 1963 373 2048 pecunia
396 1964 494 2027 etiam
517 1972 665 2027 cessante
689 1963 893 2042 necessitate,
917 1984 976 2048 pro
993 1985 1058 2048 qua
1081 1961 1195 2027 eadem
1212 1963 1353 2050 pecunia
1368 1963 1528 2049 promissa
1552 1974 1611 2046 est,
1635 1986 1727 2029 num·

14 2094 43 2133 rs
66 2091 172 2155 quam
202 2067 243 2133 ab
267 2069 459 2156 accipiendo
490 2092 619 2134 cessare
643 2068 824 2150 voluerunt,
849 2070 927 2156 quin
950 2091 1079 2156 semper
1102 2067 1144 2133 ab
1169 2090 1218 2152 eo,
1243 2070 1298 2156 qui
1322 2091 1409 2156 papa
1435 2080 1522 2134 esset
1550 2071 1725 2153 institutus,

66 2174 213 2240 eandem
228 2177 440 2262 quantitatem
465 2177 624 2262 pecuniae
648 2187 865 2262 exposcerent
880 2186 1051 2240 exactores
1073 2175 1260 2262 importuni.
1296 2174 1398 2240 Cuius
1413 2177 1617 2241 necessitatis
1633 2200 1726 2243 occa-

67 2283 164 2347 sione
188 2283 259 2347 suri
281 2293 315 2347 et
337 2283 463 2369 argenti
486 2305 580 2348 sacra
602 2282 729 2347 fames²
751 2281 834 2348 adeo
858 2282 966 2347 eidem
981 2283 1091 2346 curiae
1116 2293 1212 2347 aucta
1235 2293 1294 2364 est,
1315 2292 1351 2346 ut
1374 2305 1395 2346 a
1416 2292 1483 2348 toto
1507 2281 1585 2348 orbe
1601 2294 1726 2350 tantum

67 2401 216 2476 nequeat
241 2389 364 2470 inferri,
394 2399 550 2476 quantum
580 2387 627 2453 illi
658 2388 831 2454 exhaurire
862 2390 1097 2476 perstruere
1143 2389 1186 2453 Et
1217 2388 1277 2454 bec
1300 2389 1380 2454 mihi
1403 2389 1556 2454 videntur
1584 2393 1726 2456 maxime

70 2517 146 2560 esse
177 2517 285 2576 cause,
316 2494 434 2583 quibus
465 2495 587 2561 solutus
618 2495 785 2576 sathanas,
816 2495 893 2560 dum
923 2495 1088 2582 principes
1119 2497 1189 2561 sive
1220 2495 1436 2562 aeclesiastici
1465 2497 1535 2561 sive
1565 2496 1727 2563 seculares

14 2630 46 2668 ro
68 2603 181 2668 timori
211 2623 282 2666 esse
314 2613 471 2688 ceperunt
504 2623 570 2666 non
603 2601 681 2666 mali
713 2603 835 2688 operis,
871 2601 930 2666 aed
964 2600 1041 2667 boni
1072 2613 1104 2666 et
1134 2602 1273 2667 honores
1308 2601 1523 2668 ecclesiastici
1557 2601 1727 2690 flagitiosis

70 2708 193 2774 deferri
224 2731 262 2773 ao
286 2707 419 2773 venales
450 2707 564 2773 haberi
595 2718 627 2773 et
656 2708 713 2773 illa
743 2707 868 2773 diutina
892 2719 923 2772 et
946 2707 1162 2795 implacabilis
1187 2708 1347 2773 dissensio
1369 2707 1544 2774 sacerdotii
1569 2721 1601 2774 et
1623 2711 1726 2797 regni,

69 2837 132 2902 per
153 2837 251 2902 quam
278 2827 309 2880 at
337 2814 555 2880 sacerdotium
577 2837 643 2880 una
672 2837 746 2880 cum
777 2814 918 2880 ecelesia
948 2816 1084 2880 scissum
1115 2827 1174 2896 est,
1206 2816 1355 2903 quamvis
1385 2815 1546 2880 aecclesia
1576 2818 1639 2881 nisi
1662 2840 1727 2882 una

71 2935 104 2987 et
135 2921 352 2988 sacerdotium
381 2921 445 2986 nisi
474 2945 575 2986 unum
609 2944 681 2987 esse
716 2945 781 2988 non
814 2922 926 3008 possit.
981 2921 1047 2988 Sed
1082 2921 1182 2988 iaciat
1212 2922 1373 2987 Dominus
1408 2923 1499 2987 iuxta
1531 2924 1726 3010 promissum

72 3051 178 3110 suum,
215 3038 252 3093 ut
282 3028 398 3094 solutio
434 3027 490 3093 illa
526 3028 661 3093 sathane
700 3027 828 3094 modico
859 3027 954 3093 duret
993 3037 1157 3115 tempore:
1200 3029 1327 3116 Oportet
1362 3032 1460 3110 ιιιιίη,
1500 3029 1619 3116 inquit,
1657 3055 1726 3097 eum
1744 3054 1884 3106 sesana.

19 3163 51 3202 aa
71 3137 158 3202 solvi
177 3137 300 3202 modico
324 3151 467 3223 tempore.
515 3135 596 3202 Nisi
616 3137 703 3200 enim
726 3138 863 3202 &evicti
876 3137 1007 3225 suerint
1029 3136 1099 3201 dies
1122 3137 1185 3217 itti,
1208 3160 1269 3200 nort
1285 3139 1381 3224 fieret
1401 3138 1492 3201 solva
1516 3141 1903 3218 matronarumrque.

71 3243 131 3310 aad
145 3257 279 3331 propter
302 3244 420 3322 electos,
444 3242 499 3322 ait,
524 3245 747 3308 breviabuntur
771 3243 839 3308 dies
862 3243 924 3308 itti.
961 3241 1048 3307 Satis
1072 3242 1201 3306 sitiam
1225 3263 1284 3328 per
1300 3244 1508 3329 septuaginta
1530 3242 1598 3308 fere
1623 3266 1725 3308 annos

72 3348 246 3414 ecclesiam
270 3347 393 3414 Christi
422 3349 456 3413 in
479 3347 565 3413 illius
595 3351 749 3435 temporis
779 3346 923 3413 tenebris
951 3346 1128 3430 laborasse,
1152 3346 1271 3435 quibus
1294 3347 1417 3413 solutus
1442 3359 1491 3414 est
1521 3360 1661 3432 satanas,
1691 3351 1725 3414 in

72 3455 191 3546 quibus
216 3467 247 3520 et
267 3465 495 3542 pertranseunt
516 3480 620 3521 omnes
639 3457 733 3521 batis
753 3456 864 3536 divae,
888 3457 989 3521 catuli
1006 3456 1128 3520 borum
1147 3458 1314 3542 rapientes,
1338 3471 1371 3520 ιιι
1392 3459 1524 3544 rapiant
1545 3471 1573 3522 et
1595 3472 1728 3543 querant
1745 3480 1903 3530 saroam-aa

71 3589 93 3628 a
111 3563 178 3628 Deo
202 3588 302 3628 escam
325 3565 397 3629 siti.
437 3561 570 3628 Orr'atur
589 3583 675 3626 nunc
695 3564 753 3644 sol,
774 3561 858 3627 sicut
878 3571 1115 3648 consequenter
1135 3562 1290 3649 seriptum
1311 3571 1369 3643 est,
1392 3577 1420 3628 et
1442 3578 1662 3650 congregentur
1684 3563 1725 3628 he

24 3668 178 3737 sebastia
202 3679 298 3756 atque
323 3673 357 3735 ιἰι
381 3671 537 3734 mobilibus
559 3672 627 3734 autb
650 3670 845 3734 collocaretur.
892 3668 937 3733 Et
958 3683 1046 3733 exeat
1068 3668 1157 3733 bomo
1180 3669 1227 3734 od
1240 3693 1319 3756 opua
1340 3693 1431 3734 orrum
1454 3670 1550 3735 etad
1571 3672 1725 3757 operaa'o-

72 3801 142 3841 nem
165 3801 254 3841 samm
280 3801 374 3862 usque
396 3776 443 3841 ad
457 3801 617 3863 vesperam
642 3773 812 3861 dicatque:
839 3775 940 3853 Quam
956 3777 1158 3862 magnificata
1177 3791 1249 3840 artat
1264 3800 1360 3863 opera
1376 3790 1439 3857 tua,
1457 3777 1603 3857 Domine,
1620 3780 1725 3842 omnia

73 3886 108 3947 ιἰι
131 3885 288 3970 sapr'entt'o
305 3884 424 3972 sectili
451 3893 483 3946 et
506 3893 625 3947 nemra.
672 3881 768 3946 Nunc
791 3880 878 3946 unde
909 3879 1048 3967 digressi
1078 3903 1188 3945 sumus
1218 3881 1389 3946 redeamus
1420 3881 1518 3968 idque
1543 3882 1630 3968 quod
1653 3882 1724 3948 reli-

72 4011 172 4074 quum
195 3999 245 4053 est
271 3988 452 4076 tyrannidis
475 3988 624 4053 Heinrici
648 3998 849 4053 annotemus.

130 4186 182 4248 20.
224 4184 285 4249 De
315 4184 511 4249 Hainrici
542 4183 658 4248 ΙΙΙΙΗ
694 4181 742 4248 ab
774 4183 973 4270 imperiol
1004 4182 1246 4248 deiectione
1277 4193 1317 4248 et
1346 4183 1517 4249 Rudolfi
1547 4195 1671 4272 atque
1743 4210 1794 4261 (sn.

27 4317 53 4358 aa
367 4291 614 4356 Heremanie
639 4288 970 4372 substitucione,
1001 4290 1123 4355 simul
1146 4301 1185 4354 et
1208 4291 1433 4355 occisione.

180 4414 361 4480 videntes*
383 4437 523 4502 namque
546 4414 660 4480 fideles
683 4414 883 4480 Haeinrioum
908 4413 968 4479 sub
991 4415 1121 4478 nomine
1149 4415 1237 4501 regis
1265 4425 1380 4480 contra
1407 4414 1579 4481 ecclesiam
1603 4414 1724 4481 Christi

73 4521 268 4587 tirannidem
299 4545 397 4609 agere
428 4522 526 4609 idque
556 4521 676 4586 malum
701 4523 814 4608 augeri
837 4523 871 4585 in
895 4521 975 4602 dies,
1005 4523 1057 4585 usi
1087 4543 1172 4608 pape
1197 4519 1349 4608 Gregorii
1380 4520 1514 4587 consilio
1543 4524 1576 4586 in
1602 4527 1726 4588 unum⁵
1744 4512 1810 4606 {2¹22
1820 4565 1852 4607 1„

75 4630 273 4694 conveniunt
288 4641 321 4694 et
336 4652 437 4693 unum
449 4651 492 4693 ex
503 4626 717 4714 principibus,
728 4626 904 4692 Rudolsum
915 4629 1056 4708 nomine,
1068 4649 1178 4714 regem
1192 4629 1392 4693 constituunt
1401 4628 1559 4694 Hoeinrici
1571 4629 1725 4694 tirannidi

74 4733 208 4802 obviare
229 4737 408 4823 cupientes,
432 4735 641 4821 'interposito
662 4755 740 4798 sane
760 4733 943 4799 firmissimo
964 4745 1070 4820 pacto,
1090 4757 1132 4798 ne
1153 4757 1297 4821 unquam
1318 4733 1382 4799 sibi
1403 4734 1490 4799 idem
1511 4735 1670 4800 Rbdolfus
1690 4737 1724 4800 in
1744 4763 1818 4811 aaa.

26 4870 55 4910 ro
75 4842 306 4907 ecclesiasticis
323 4839 536 4928 dignitatibus
552 4838 742 4906 ordinandis
758 4839 856 4904 ullam
872 4850 1066 4927 potestatem
1082 4840 1274 4905 vendicaret
1283 4846 1305 4904 ⁶.
1346 4840 1418 4922 Quo
1441 4853 1606 4930 comperto
1622 4842 1723 4907 Hein-

179 5041 206 5104 a)
228 5042 311 5094 ferret
330 5059 365 5102 t.,·
382 5059 428 5093 ern.
449 5042 507 5093 Set.
580 5038 609 5102 b)
630 5042 777 5107 imperite.
851 5039 877 5103 c)
898 5041 1037 5092 baroniani
1055 5059 1075 5091 c.

183 5206 211 5274 l)
238 5205 286 5278 Cf.
308 5205 432 5264 Wearr'ci
449 5205 557 5263 Treuir.
575 5204 653 5280 epist.
675 5225 698 5260 c.
718 5203 747 5274 2,
773 5203 911 5274 Lttstttl,
931 5225 964 5280 p.
982 5203 1064 5274 286,·
1088 5204 1169 5262 Petri
1184 5203 1284 5262 Orata
1302 5225 1416 5264 carmen
1436 5207 1454 5262 l.
1472 5207 1489 5262 l.
1509 5225 1542 5281 p.
1561 5205 1642 5276 434,·
1665 5206 1723 5264 De

67 5313 168 5385 serrato
184 5312 315 5370 Heinrict'
328 5311 383 5370 IV.
408 5313 426 5369 l.
444 5314 461 5368 l.
481 5333 514 5389 p.
533 5311 607 5368 438.
625 5311 699 5367 439.
717 5311 791 5366 441.
809 5310 891 5380 tta·
914 5310 995 5368 Wido
1012 5311 1134 5367 Ferrar.
1152 5310 1177 5382 I,
1195 5332 1217 5368 c.
1236 5311 1287 5382 20,
1312 5314 1330 5369 l.
1348 5315 1366 5368 l.
1386 5333 1418 5388 p.
1437 5313 1516 5380 548,·
1540 5311 1580 5383 11,
1597 5333 1630 5390 p.
1648 5313 1721 5371 555.

76 5419 157 5490 556,·
190 5419 441 5500 cs.,Sturmlthel,
466 5417 608 5478 ‘Gerbob'
633 5413 651 5493 (
656 5413 752 5493 1888)
772 5437 804 5494 p.
823 5417 874 5488 30,
898 5436 927 5474 rr.
947 5415 1019 5472 147.
1111 5416 1142 5477 2l
1166 5417 1237 5475 Aen.
1262 5417 1318 5488 III,
1345 5417 1401 5475 57:
1428 5419 1497 5474 Auri
1521 5438 1601 5476 sacra
1623 5421 1721 5477 fames.
1756 5453 1761 5458 -

26 5543 53 5584 ιι
75 5524 105 5596 8)
136 5526 183 5584 De
212 5534 317 5603 quarta
345 5525 442 5604 ιιίμίἰίιι
471 5525 559 5582 noctis
589 5525 632 5582 ed.
658 5523 890 5601 Scleibelbnper,
915 5521 1050 5580 ‘Oeam
1066 5523 1344 5598 Vierteljalrrsctrr'st
1358 5525 1418 5597 fiir
1440 5525 1545 5583 kathol.
1565 5525 1722 5604 ibeobpr'e'

74 5633 108 5690 Χ
126 5626 255 5708 (latr),
275 5653 308 5709 p.
326 5631 388 5690 579
405 5653 447 5708 aq.
473 5631 535 5689 589
552 5651 594 5708 aq.
686 5627 718 5705 4)
743 5629 792 5702 Os.
809 5631 885 5687 Arsa.
902 5629 999 5687 astet.
1024 5649 1052 5686 a.
1073 5629 1167 5687 1073.
1191 5632 1209 5686 l.
1227 5632 1245 5687 l.
1338 5630 1368 5700 5)
1393 5630 1429 5688 In
1452 5631 1519 5689 vitta
1543 5631 1722 5690 Forclrltcim.

74 5739 105 5810 6)
129 5739 231 5797 Brnno
255 5740 290 5797 de
311 5738 380 5797 bello
404 5737 547 5796 Saronico
572 5757 594 5795 c.
612 5737 665 5806 91,
689 5737 733 5794 ed.
754 5737 796 5794 W.
817 5735 1000 5794 ll'attenbaclt
1016 5756 1051 5813 p.
1069 5736 1120 5793 67.

144 5859 246 5912 Libelli
264 5860 297 5911 de
319 5859 375 5911 lite.
406 5859 460 5911 111.
1474 5861 1507 5911 42
