4568 6428
502 377 542 438 14
869 379 1064 438 EPISTOLA
1086 383 1138 436 DE
1162 372 1436 438 suessanum
1459 382 1783 440 HAERETICORUM.

500 570 642 634 omnibus
664 570 843 633 errantibus
865 567 911 633 acl
932 569 1101 656 profectam
1123 592 1205 660 snos,
1233 570 1376 657 pentibus
1404 569 1449 634 ad
1478 573 1643 634 materiam
1674 572 1866 656 operationis
1888 594 1974 648 snae,
2004 570 2152 635 hereticis

409 696 481 740 sess.
500 675 773 762 adprobationem
794 674 966 754 doctrinae,
981 676 1170 740 sciunaticsis
1184 683 1228 739 ad
1241 675 1455 741 documentum
1470 677 1662 754 stabilitatis,
1679 675 1789 740 Iudeis
1805 676 1850 739 ad
1871 673 2151 762 ‘comparationem

492 781 758 868 pulchritudinis,
788 782 933 845 cannales
963 804 1034 844 vero
1064 804 1136 845 snos
1166 795 1314 866 tanquam
1338 783 1456 868 paleae
1485 783 1606 862 tolerat,
1637 784 1750 868 quibus
1779 785 1813 847 in
1843 807 1919 846 area
1943 784 2057 846 tutiora
2085 783 2153 846 sint

497 888 668 974 frumenta.
722 886 816 951 Alios
846 911 918 974 erpo
941 889 1071 968 invitat,
1101 888 1184 952 alios
1215 889 1367 969 occludit,
1398 889 1481 954 alios
1509 889 1676 973 relinquit,
1707 889 1790 953 alios
1812 887 1975 968 antecedit,
2006 889 2151 952 omnibus

499 1008 600 1058 tamen
631 995 755 1080 gratiae
791 993 1021 1080 participando
1058 994 1114 1058 dat
1140 1009 1338 1080 potestatem,
1373 996 1518 1060 cunata
1552 995 1663 1060 tolerat
1696 1018 1791 1080 usque
1826 994 1872 1058 ad
1906 995 2184 1059 ventilationem

499 1098 615 1162 Frater
637 1097 769 1180 dilecte,
803 1121 868 1162 non
896 1097 1100 1184 negligenter
1128 1098 1285 1163 intuenda
1313 1111 1362 1164 est
1391 1100 1452 1165 hec
1482 1099 1611 1186 galeata
1641 1101 1742 1185 patris
1770 1099 1944 1184 Augustini
1976 1100 2148 1162 sententia.

498 1203 745 1270 Hoscitantibus
776 1204 829 1268 vel
856 1204 945 1268 nulla
974 1204 1027 1269 vel
1051 1204 1145 1268 exilis
1168 1205 1308 1287 videtur,
1339 1206 1397 1270 sed
1420 1217 1486 1270 tarn
1508 1193 1765 1293 ponderosa-'est
1788 1228 1895 1284 sensu,
1924 1215 1990 1269 tam
2013 1203 2148 1269 illustris

499 1312 646 1392 veritate,
677 1321 743 1374 tam
774 1311 916 1376 discreta
946 1309 1111 1396 gradibus,
1142 1321 1210 1375 tam
1232 1311 1329 1398 plena
1357 1312 1523 1394 doctrinis,
1554 1323 1589 1378 ut
1619 1313 1675 1399 qni
1705 1322 1794 1378 recte
1825 1335 1896 1376 eam
1926 1309 2098 1398 perpendit
2128 1333 2150 1374 a

499 1416 607 1482 multis
632 1439 666 1480 se
688 1416 843 1503 expedire
868 1429 974 1502 queat.
1022 1415 1175 1503 Quinque
1199 1416 1319 1503 gradus
1343 1419 1586 1484 adversantium
1610 1418 1782 1482 visibiliter
1804 1419 2009 1483 inimicorum
2025 1415 2148 1483 Christi

499 1533 531 1587 et
554 1522 734 1587 aecclesiae
762 1524 938 1609 proposuit,
963 1546 1175 1609 paganorum,
1199 1524 1425 1606 hereticorum,
1451 1526 1717 1605 scismaticorum,
1740 1524 1925 1605 Iudeorum,
1957 1523 2147 1588 carnalium.
2169 1547 2196 1586 10

499 1629 567 1695 Sed
590 1629 630 1694 de
654 1630 790 1715 paganis
814 1639 846 1693 ct
868 1629 989 1710 Iudeis,
1019 1629 1060 1693 de
1091 1628 1208 1716 quibus
1240 1641 1362 1694 eertum
1387 1641 1444 1712 est,
1476 1631 1707 1717 relinquamus.
1753 1630 1807 1695 De
1831 1628 2015 1694 carnalibus
2043 1650 2147 1715 usque

499 1735 542 1801 ad
565 1747 803 1821 competentem
827 1757 906 1800 suae
930 1734 1158 1826 disputationis
1182 1735 1289 1800 locum
1313 1736 1511 1801 differamus.
1543 1738 1595 1801 De
1619 1723 1782 1801 hereticis
1796 1758 1874 1800 vero
1899 1747 1931 1800 et
1955 1735 2147 1800 scismaticis

498 1865 563 1907 non
586 1853 695 1906 nostro
720 1864 827 1924 sensu,
856 1841 915 1906 sed
939 1843 1129 1906 auctoritate
1153 1855 1339 1906 sanctarum
1362 1845 1595 1929 scripturarum
1626 1843 1812 1928 loquamur,
1844 1840 2036 1928 dequibus,
2068 1840 2147 1926 quid

499 1948 587 2034 apud
610 1971 665 2012 eos
689 1947 742 2012 vel
764 1971 824 2035 per
847 1971 902 2012 eos
927 1958 1051 2034 agatur,
1083 1971 1156 2013 cum
1186 1948 1338 2030 illuxerit,
1370 1949 1475 2014 facilis
1499 1951 1560 2013 erit
1584 1950 1624 2013 de
1649 1949 1804 2035 apostatis
1832 1949 2010 2035 responsio.
2057 1947 2148 2010 Inter

346 2077 480 2126 rarosm.
499 2053 642 2119 medium
671 2055 827 2118 montium
858 2064 1085 2141 pertranseunt
1115 2078 1218 2142 aquae
1250 2056 1496 2141 scripturarum,
1534 2055 1575 2119 de
1606 2054 1712 2119 medio
1743 2066 1908 2142 petrarum
1943 2053 2020 2118 dent
2047 2076 2147 2118 voces
2169 2077 2194 2115 rs

382 2183 482 2225 rurae.
500 2161 557 2248 qui
580 2183 659 2224 vera
681 2159 771 2247 loqui
794 2159 905 2227 velint.
952 2161 1025 2226 Non
1049 2160 1330 2247 transgrediantur
1352 2163 1517 2244 terminos,
1541 2185 1622 2248 quos
1647 2163 1882 2226 constituerunt
1898 2171 2007 2247 patres
2023 2182 2146 2240 eorum,

499 2289 540 2331 ne
556 2263 646 2331 ¹forte
670 2268 754 2331 sicut
777 2266 908 2356 Moyses
932 2269 1131 2332 constituens
1155 2269 1309 2332 terminos
1334 2269 1423 2332 circa
1445 2279 1587 2332 montem
1617 2267 1756 2355 lapidari
1780 2268 1874 2331 iussit
1903 2265 2051 2348 bestiam,
2083 2288 2147 2352 que

367 2357 479 2462 ¹¹⁰3}ss
499 2374 658 2458 tetigisset
680 2385 832 2438 montem.
865 2373 968 2459 Igitur
984 2395 1097 2437 sacrae
1114 2375 1293 2460 scripturae
1316 2372 1419 2438 verba
1442 2396 1626 2461 sequamur,
1651 2385 1836 2438 sanctorum
1851 2383 1980 2460 patrum
2001 2373 2147 2458 vestigiis

344 2501 479 2550 veresas.
498 2480 684 2560 innitamur,
715 2478 755 2543 de
784 2478 893 2543 medio
916 2489 1082 2565 petrarum
1111 2479 1225 2544 demus
1256 2503 1370 2546 vocem
1394 2502 1453 2567 per
1476 2482 1585 2544 omnia
1608 2481 1724 2561 securI,
1753 2480 1883 2544 domine
1906 2479 1984 2543 Iesu
2006 2476 2147 2559 Christe,

378 2606 479 2654 rums.
498 2585 532 2648 in
555 2607 636 2650 voce
661 2594 919 2649 cataractarum*
946 2596 1084 2650 tuarum.
1131 2587 1206 2651 Duo
1231 2599 1305 2651 sunt
1327 2587 1503 2652 auctoritas
1528 2598 1560 2651 et
1582 2588 1675 2666 ratio,
1707 2609 1770 2673 que
1793 2597 1870 2650 tunc
1900 2585 1961 2648 rite
1990 2607 2024 2648 se
2049 2585 2147 2648 comi·
2167 2610 2193 2648 20

498 2701 616 2772 tantur,
642 2713 715 2755 cum
739 2692 914 2756 auctoritas
938 2714 1026 2756 more
1054 2704 1221 2757 matronae
1252 2693 1409 2780 precedit,
1440 2695 1523 2758 ratio
1547 2715 1626 2757 vero
1655 2715 1745 2756 more
1776 2691 1914 2756 ancillae
1944 2689 2146 2775 subsequens

498 2796 615 2862 devote
640 2796 811 2862 subservit.
859 2798 895 2862 Si
919 2820 996 2862 vero
1021 2799 1133 2862 ordine
1163 2810 1352 2886 prepostero
1382 2801 1465 2865 ratio
1495 2798 1661 2886 precedat,
1694 2811 1783 2862 caret
1807 2797 2008 2862 auctoritatis
2032 2795 2146 2860 funda·

393 2989 394 2992 Ἴ
497 2915 606 2968 mento
630 2913 662 2968 et
685 2903 759 2968 ideo
783 2903 924 2985 vacillat,
948 2903 1030 2968 fides
1054 2905 1241 2991 periclitans
1265 2907 1390 2970 incerta
1412 2905 1558 2988 fluctuat,
1583 2928 1657 2992 spes
1681 2927 1745 2969 non
1770 2905 1914 2989 erigitur,
1946 2905 2064 2968 caritas
2087 2925 2147 2990 per

498 3008 697 3074 inflationem
728 3021 915 3075 evacuatum.
968 3010 1042 3075 Non
1065 3013 1225 3075 rationem
1248 3010 1478 3098 improbamus,
1510 3011 1569 3076 sed
1593 3011 1817 3076 auctoritatem
1847 3008 2050 3096 preterimus,
2080 3031 2146 3073 non

496 3117 656 3181 rationem
686 3116 910 3202 dampnamus,
941 3116 1000 3182 scd
1030 3117 1063 3180 in
1093 3117 1285 3203 obsequium
1316 3129 1348 3182 et
1377 3141 1472 3182 usum
1502 3118 1704 3182 auctoritatis
1727 3117 1915 3203 redigimus.
1976 3113 2146 3181 Salubrius
2166 3139 2192 3178 ss

401 3244 478 3285 aaa.
500 3223 676 3309 *Originae
702 3223 810 3306 Osius,
834 3223 982 3288 Bonosus
1006 3224 1231 3287 auctoritatem
1255 3235 1477 3309 sequerentur,
1509 3247 1574 3311 qua
1603 3232 1673 3288 tuta
1696 3234 1744 3287 est
1766 3223 1848 3287 fides
1872 3233 1904 3286 et
1929 3231 2018 3286 certa
2048 3220 2145 3303 salus,

498 3352 595 3416 quam
620 3339 792 3416 sequentes
816 3330 974 3394 rationem
997 3329 1203 3415 naufragium
1227 3328 1303 3394 fidei
1327 3341 1359 3394 et
1382 3329 1495 3394 salutis
1518 3332 1606 3417 passi
1631 3340 1714 3394 sunt.

384 3439 478 3542 'iffi-3
605 3437 794 3501 Scrutemur
809 3435 987 3522 hystoriam
1003 3434 1079 3499 libri
1094 3458 1207 3522 regum
1224 3446 1256 3500 et
1271 3435 1441 3501 videamus
1458 3435 1678 3501 execrabilem
1700 3437 1937 3522 separationem
1954 3435 1987 3498 X
2003 3432 2147 3498 tribuum

498 3565 517 3606 a
541 3542 629 3607 cultu
653 3543 727 3624 Dei,
753 3565 772 3606 a
795 3542 925 3628 templo,
950 3565 970 3606 a
994 3541 1090 3606 domo
1114 3541 1235 3624 David,
1263 3542 1443 3626 videamus,
1475 3543 1614 3630 qualiter
1635 3543 1719 3607 Iuda
1742 3554 1775 3606 et
1798 3542 1970 3606 Beniamin
2000 3539 2146 3605 incultu

355 3667 436 3719 onas,
445 3671 478 3710 rr.
497 3648 562 3713 Dei
585 3650 655 3713 veri
680 3650 928 3734 permanserint,
952 3646 1009 3712 ubi
1033 3671 1146 3712 verum
1171 3648 1348 3713 secundum
1373 3650 1478 3735 legem
1503 3649 1720 3714 sacerdotium
1744 3659 1776 3712 et
1799 3647 2005 3712 sacrificium.
2040 3645 2145 3733 Apud
2164 3672 2191 3710 so

354 3774 478 3826 rusa-c
497 3754 676 3844 Israhelem
690 3778 769 3820 vero
786 3757 856 3820 sive
878 3755 999 3840 Ioseph
1015 3755 1085 3819 sive
1101 3754 1247 3836 Effraim,
1272 3757 1350 3841 quia
1372 3755 1422 3820 bis
1439 3754 1607 3820 vocabulis
1624 3756 1657 3820 X
1677 3753 1780 3820 tribus
1797 3752 1838 3818 ab
1856 3754 1942 3819 Osee
1958 3753 2146 3840 frequenter

497 3861 711 3948 appellantur,
742 3884 803 3926 nee
834 3884 948 3925 verum
978 3860 1198 3926 sacerdotium
1228 3884 1289 3926 nee
1320 3885 1433 3926 verum
1464 3862 1644 3927 secundum
1673 3861 1780 3947 legem
1810 3861 1909 3924 fuerit
1939 3858 2144 3941 sacrificium,

498 3969 619 4055 quippe
643 3991 663 4032 a
678 3968 752 4032 Deo
775 3969 927 4055 separati,
952 3990 973 4031 a
994 3967 1114 4054 templo
1139 3967 1281 4051 alienati,
1305 3991 1325 4032 a
1348 3968 1443 4033 domo
1460 3967 1572 4032 David
1595 3967 1737 4053 elongati
1760 3989 1825 4031 non
1846 3966 1929 4048 Deo,
1954 3964 2012 4030 sed
2035 3965 2145 4030 vitulis

497 4074 605 4138 aureis
629 4072 689 4137 sub
713 4096 790 4159 rege
814 4073 996 4156 Ieroboam,
1020 4073 1087 4138 filio
1111 4073 1251 4156 Nabath,
1283 4075 1339 4161 qui
1366 4097 1505 4162 peccare
1536 4074 1614 4139 fecit
1636 4073 1748 4155 Israel,
1780 4071 2055 4137 sacrificaverunt.
2101 4072 2146 4136 Et

497 4179 654 4266 quicquid
677 4179 717 4244 de
742 4179 824 4244 Iuda
847 4190 880 4244 et
895 4181 1068 4245 Beniamin
1091 4179 1275 4266 legerimus
1301 4180 1362 4245 hoc
1386 4181 1427 4245 de
1451 4178 1632 4245 aeeclesiab
1654 4178 1814 4245 catholica
1837 4179 2030 4260 sentiamus;
2055 4179 2145 4264 quic·
2164 4201 2190 4240 ss

496 4285 574 4372 quid
597 4308 675 4349 vero
692 4285 732 4350 de
750 4286 783 4350 X
806 4285 956 4351 tribubus
978 4286 1165 4372 legerimus,
1189 4286 1277 4351 idem
1294 4287 1334 4352 de
1351 4287 1503 4351 hereticis
1527 4285 1744 4371 intelligamus
1769 4296 1801 4349 et
1817 4285 2020 4349 scismaticis.
2056 4284 2144 4348 Iero-

494 4393 601 4455 nimus
626 4414 724 4478 super
748 4392 855 4457 Oscae
879 4393 1022 4478 inquit1:
1064 4393 1156 4472 Quod
1185 4395 1219 4458 in
1242 4393 1349 4459 Israel
1376 4408 1405 4459 et
1426 4393 1511 4458 Iuda
1540 4393 1709 4458 secundum
1733 4394 1903 4480 hystoriam
1933 4391 2074 4456 deerimus
2096 4392 2147 4456 oel

496 4502 606 4585 turum,
631 4499 676 4564 ad
698 4500 903 4564 hereticorum
926 4501 1138 4564 conciliabula
1154 4513 1183 4565 ot
1204 4500 1250 4564 od
1271 4501 1453 4565 aecclesiam
1478 4502 1667 4588 referamus,
1692 4502 1787 4585 quia⁰
1809 4498 1894 4564 illud
1915 4500 2030 4583 absque
2053 4500 2144 4562 mise-

495 4605 639 4670 ricordia
655 4620 684 4670 et
697 4630 792 4692 repno
808 4607 928 4670 relictae
950 4607 1133 4670 aecclesiam
1150 4605 1217 4672 Dei
1230 4609 1341 4671 uirtute
1357 4621 1488 4692 superet.
1520 4605 1604 4669 Item
1619 4604 1801 4668 leronimus
1812 4609 1839 4667 ²:
1864 4604 1969 4668 Israel
1982 4606 2145 4690 proiectus

494 4737 515 4776 a
538 4711 676 4776 Domino
701 4726 729 4776 ct
751 4715 927 4798 captivatus
950 4726 978 4776 et
1000 4715 1034 4776 in
1057 4712 1215 4778 Babilone
1245 4714 1325 4777 cibis
1354 4727 1539 4777 sustentatus
1569 4711 1732 4777 inmundis
1763 4725 1891 4776 vocatur
1919 4733 1981 4775 aon
2002 4710 2145 4796 populus
2162 4732 2190 4770 n

495 4818 562 4883 Dei
588 4832 617 4883 et
645 4820 781 4883 abiectam
810 4820 845 4883 in
869 4832 1066 4904 perpaucum.
1121 4818 1194 4882 Hoc
1224 4818 1259 4881 in
1289 4839 1431 4904 persona
1463 4817 1681 4882 hereticorum
1711 4815 1920 4880 manifestum
1949 4825 2007 4878 est.
2061 4814 2145 4878 Item

493 4922 714 4988 Ieronimus³z
749 4923 815 5002 Qui
834 4925 1008 4988 ablactatus
1031 4923 1149 4988 recedit
1170 4951 1191 4988 a
1213 4938 1322 5004 matre,
1353 4925 1432 4989 lacte
1460 4949 1523 4990 noa
1553 4927 1696 5004 vescitur,
1727 4925 1863 4989 externis
1892 4923 2050 4986 alimentis
2077 4945 2144 4986 sus-

494 5044 635 5096 tentatur.
674 5029 792 5094 Frater
808 5028 936 5112 dilecte,
960 5052 1025 5094 non
1047 5051 1106 5093 nos
1122 5029 1236 5094 fallant
1256 5030 1452 5116 questiones,
1477 5052 1543 5094 non
1566 5029 1724 5094 seducant
1747 5034 1900 5108 rationes,
1925 5049 1990 5091 non
2014 5026 2144 5091 diversa

494 5135 702 5200 sentientium
725 5134 896 5222 inpediant
919 5137 1107 5222 opiniones3
1138 5134 1316 5222 hystoriam
1339 5135 1562 5223 ingrediamur
1590 5147 1623 5200 et
1646 5133 1802 5222 quicquid
1824 5132 1918 5198 nobis
1942 5132 1982 5197 de
2007 5132 2089 5197 Iuda
2112 5142 2145 5197 et

601 5349 628 5413 s)
657 5359 828 5403 caractarum
846 5370 867 5403 c.
958 5349 986 5414 b)
1007 5369 1166 5418 asperiano.
1258 5349 1284 5413 c)
1311 5352 1385 5418 quod
1404 5352 1460 5403 illis
1486 5354 1589 5418 absque
1609 5351 1797 5404 misericordis
1816 5350 1955 5402 derelictis
1974 5364 2143 5416 regnumque
2162 5359 2188 5398 tt

494 5441 671 5506 perdentibus
692 5441 811 5492 ecelesia
829 5442 882 5493 Dsi
901 5457 953 5492 sua
972 5443 1074 5492 virtute
1092 5443 1230 5507 superarit
1248 5441 1323 5492 Ister.

604 5603 632 5673 1)
666 5604 832 5678 Isteronym.
869 5577 1020 5662 Commeat.
1057 5603 1086 5661 in
1121 5602 1190 5660 Osee
1221 5603 1249 5673 I,
1284 5624 1306 5661 c.
1334 5605 1362 5674 l,
1396 5605 1438 5662 ed.
1471 5602 1628 5660 Vallarsius
1657 5602 1710 5672 VI,
1748 5603 1799 5659 col.
1824 5601 1853 5658 9.
1894 5600 1990 5659 Verbis
2020 5600 2141 5657 mutatas.

497 5707 526 5779 2)
550 5708 595 5765 Il.
621 5717 639 5766 t.
662 5709 710 5780 VI,
736 5711 786 5768 col.
805 5709 855 5766 10.
948 5709 979 5774 3)
1004 5709 1049 5767 lt.
1075 5709 1193 5766 Mutatis
1215 5709 1313 5767 cerlis⁸
