4568 6428
395 341 414 401 4
601 346 806 402 aPISTOLA
830 347 882 400 DE
906 345 1086 400 VITANDA
1110 344 1223 400 mssa
1248 333 1531 400 UXORATORUM
1554 343 1831 402 SACERDOTUM,

395 534 521 619 qnt'dem
556 535 666 597 absens
697 557 837 619 corpore,
865 557 999 618 presens
1029 547 1130 596 autem
1165 535 1281 618 spirita
1318 535 1382 596 iam
1419 529 1566 596 {vaticani
1593 548 1626 597 nt
1653 558 1786 618 presens
1816 559 1884 596 eitra
1916 537 1974 618 qai
2001 537 2048 598 sic

395 655 540 726 operatas
564 655 608 704 est
637 643 670 703 'irs
701 642 825 703 nomine
850 640 975 704 domini
1002 641 1106 703 nostri
1125 638 1198 703 Ias-n
1225 638 1348 702 Otrtsn·
1368 642 1562 726 eortprcpatis
1588 641 1673 703 cobis
1696 654 1724 702 et
1749 665 1815 704 oreo
1838 643 1956 725 spirita
1979 666 2046 704 carn

398 749 507 810 cirtate
532 747 657 810 dorrtini
677 745 750 810 Iesu
778 745 924 810 (finistia
952 745 1076 809 tradere
1107 746 1270 809 irreismodi
1297 759 1425 808 satan-ae
1457 748 1491 809 in
1523 748 1680 810 irneritnm
1705 749 1822 824 ca-mn's,
1854 761 1887 809 at
1915 749 2049 832 spiritns

395 855 502 917 solans
533 856 575 917 sit
605 855 639 916 in
671 853 754 916 diem
785 853 910 916 domini
937 854 1039 916 nostri
1067 851 1139 916 Issa
1170 851 1298 915 Cle-ran.
1347 851 1420 915 Non
1451 853 1531 916 bona.
1559 853 1710 938 pioriatio
1744 867 1851 916 cestra.
1899 853 2048 932 Nescitis,

397 963 473 1044 qnia
503 960 661 1024 modicam
684 961 879 1046 *fernientum
903 972 996 1022 totam
1020 961 1268 1044 conspersionem
1292 959 1490 1044 fermentat?
1529 959 1719 1045 ‚Erparpan
1745 975 1826 1023 retas
1842 961 2048 1046 fer-annana,
2072 991 2084 1030 5

397 1081 430 1130 at
452 1069 522 1131 sitis
547 1091 625 1130 noco
651 1068 829 1151 consprersio
852 1061 958 1128 sicatb
988 1079 1032 1128 est
1054 1067 1166 1150 aepmi,
1190 1067 1299 1128 etenim
1318 1065 1442 1149 prosena
1465 1079 1603 1128 nostram
1630 1067 1806 1130 inunoiatas
1829 1081 1873 1130 est
1894 1065 2046 1130 (threna.

399 1173 508 1258 Imque
531 1174 692 1258 spatiemur
717 1197 776 1236 non
801 1175 835 1235 in
850 1173 1011 1258 ferm-ento
1034 1173 1139 1250 reteri,
1163 1195 1224 1234 non
1250 1173 1281 1233 in
1298 1173 1459 1257 fermento
1478 1173 1599 1234 ortalitie
1623 1186 1651 1235 ct
1674 1175 1818 1256 nepesine,
1842 1174 1899 1237 sed
1923 1177 1955 1237 in
1978 1199 2048 1260 αις]-

313 1307 378 1348 ma.
400 1283 458 1344 mis
487 1282 678 1344 sinceritatis
709 1294 737 1342 et
766 1281 915 1342 raritatis.
965 1277 1094 1362 Scripsi
1121 1277 1208 1340 robes
1239 1279 1271 1339 ia
1303 1278 1445 1361 epistola,
1476 1303 1513 1340 ne
1543 1280 1812 1342 cornrnisceanrini
1833 1279 2048 1366 ‘fornicariis

399 1411 459 1449 non
490 1389 594 1470 atique
620 1387 820 1472 form'eariis
850 1385 944 1447 linias
974 1383 1089 1446 rainardi
1115 1397 1170 1446 ant
1198 1386 1308 1446 araris
1338 1397 1393 1446 out
1421 1386 1593 1469 rapacibus
1623 1399 1677 1447 ant
1708 1385 1804 1448 idolis
1834 1389 2048 1466 sarcientibus,

398 1494 541 1577 alioquin
574 1491 751 1555 deluseratis
782 1491 820 1553 eie
850 1490 906 1553 hoc
937 1490 1052 1552 arctando
1084 1492 1191 1552 essese.
1240 1489 1333 1553 Nunc
1364 1505 1464 1554 arctant
1494 1492 1615 1576 scripsi
1633 1493 1729 1554 robis
1759 1517 1821 1555 non
1844 1495 2046 1556 conrrrrisceri.
2069 1518 2094 1556 ιο

399 1599 439 1663 Si
461 1602 498 1677 is,
528 1601 587 1683 qai
600 1599 712 1684 frater
737 1599 926 1676 ntorninatnn
955 1610 999 1660 est
1014 1597 1200 1684 fornicator
1224 1610 1278 1658 aest
1301 1621 1418 1660 oneras
1441 1611 1495 1660 ont
1520 1597 1616 1660 r'dolis
1638 1600 1777 1662 sarriens
1799 1613 1854 1662 aut
1876 1599 2049 1664 maledicas

398 1720 453 1769 arn
475 1707 615 1768 ebriosas
646 1719 700 1768 ant
731 1729 843 1789 rapas,
875 1728 944 1766 crisa
974 1703 1158 1767 huiusmodi
1185 1727 1240 1766 neo
1264 1705 1366 1766 cr'barn
1396 1728 1524 1768 stentare.
1572 1703 1645 1766 Hoc
1670 1713 1772 1766 totum
1796 1703 1918 1768 idcirco
1942 1707 2049 1790 posui-

398 1835 479 1890 mus,
504 1821 540 1874 ut
563 1821 721 1896 appareat
744 1831 947 1894 summopere
972 1807 1122 1872 vitandos
1147 1829 1217 1872 esse
1242 1808 1274 1870 in
1299 1810 1520 1888 sacramentis,
1545 1809 1606 1873 hoc
1631 1819 1680 1872 est
1702 1809 1910 1894 paschalibus
1935 1811 2048 1897 epulis,

400 1939 480 2002 quos
504 1927 672 2002 tantopere
697 1915 847 1979 vitandos
872 1914 967 1978 docet
991 1913 1155 2000 apostolus
1179 1915 1278 1977 etiam
1302 1916 1335 1978 in
1360 1914 1575 1978 exterioribus
1599 1917 1744 2000 negociis
1770 1929 1801 1979 et
1825 1917 2049 1982 communibus

220 2045 380 2090 artemas.
401 2021 492 2088 cibis.
539 2023 631 2087 Idem
662 2023 705 2086 acl
728 2020 1036 2085 Thessalonicenses:
1062 2021 1302 2102 Denuntiannrs,
1327 2022 1440 2106 inquit,
1473 2025 1557 2086 robis
1573 2024 1701 2109 fratres
1727 2026 1758 2086 in
1782 2027 1905 2088 rsonn‘ne
1929 2025 2054 2089 domini
2071 2049 2095 2086 rs

400 2130 473 2195 Iesu
500 2130 630 2208 Christi,
663 2145 694 2192 at
715 2130 906 2193 sethtrairatis
931 2153 983 2191 aas
1006 2130 1045 2192 ab
1069 2131 1157 2192 onrni
1174 2130 1286 2215 fratre
1309 2131 1485 2192 attitulante
1510 2130 1688 2193 inordinate
1712 2155 1773 2194 non
1795 2131 1964 2194 secandum
1987 2147 2049 2194 tra-

282 2257 338 2304 tue,
349 2258 379 2296 1⁴.
400 2237 559 2317 ditionem,
584 2262 679 2323 qttarn
702 2238 867 2321 accepistis
890 2261 909 2299 o
933 2237 1031 2298 'nobis
1079 2233 1123 2297 Et
1146 2233 1243 2319 paulo
1268 2245 1356 2319 post:
1384 2235 1516 2320 Siquis
1539 2260 1600 2299 raon
1625 2237 1729 2299 obedit
1754 2238 1842 2300 aerbo
1867 2253 1971 2301 nostro
1988 2263 2051 2323 per

399 2345 573 2430 (pristinam,
597 2345 679 2406 itanc
702 2357 802 2407 iactate
826 2356 853 2406 ct
875 2366 936 2405 non¹
960 2344 1228 2405 cosnrmiscearm'ni
1249 2367 1318 2404 carn
1344 2343 1410 2421 illo,
1435 2357 1467 2405 ut
1489 2343 1713 2429 conscendatur.

507 2447 643 2513 Cessent
667 2471 743 2534 ergo
763 2447 944 2512 Nicolaitae
969 2469 1146 2532 eorumque
1171 2446 1358 2510 defensores
1383 2459 1495 2510 contra
1518 2457 1585 2510 tam
1608 2448 1794 2532 generalem
1819 2460 1850 2512 et
1875 2449 2050 2512 eternalem

399 2554 539 2619 doctoris
564 2556 709 2640 gentium
733 2555 935 2618 sanctionem
959 2552 1155 2638 singularem
1180 2563 1212 2615 et
1235 2553 1446 2638 temporalem
1464 2537 1592 2616 Nicolai
1614 2577 1699 2639 pape
1724 2554 1766 2618 ad
1785 2555 1955 2640 neophitos
1974 2556 2049 2619 Bul·
2069 2580 2096 2617 ao

399 2685 551 2748 garorum
574 2661 719 2748 proferre
744 2660 1030 2746 dispensationem.
1071 2658 1236 2744 Quicquid
1254 2659 1340 2722 enim
1364 2669 1476 2722 contra
1499 2659 1718 2723 universalem
1742 2660 1887 2746 regulam
1912 2674 1970 2743 est,
1995 2675 2051 2726 aut

399 2767 598 2854 dispensatio
622 2780 678 2831 aut
701 2768 918 2853 prevaricatio
943 2777 1001 2829 est,
1048 2765 1259 2851 Dispensatio
1284 2778 1392 2829 autem
1417 2777 1565 2834 cessante
1594 2769 1788 2830 necessitate
1813 2765 1911 2831 (lebet
1938 2769 2049 2853 utique

400 2897 539 2957 cessare,
571 2876 599 2938 si
622 2897 687 2938 non
710 2873 778 2938 vult
803 2872 905 2937 teneri
929 2873 1199 2958 prevaricationis
1224 2873 1368 2936 crimine.
1415 2873 1502 2936 Hine
1527 2884 1585 2954 est,
1618 2873 1705 2958 quod
1729 2873 1793 2936 iam
1818 2873 1939 2938 dudum
1963 2875 2051 2960 apud

399 2981 524 3066 Anglas
548 2982 689 3045 cessavit
712 2981 833 3044 terciae
859 2991 891 3043 et
915 2989 1028 3065 quarte
1053 2979 1272 3064 generationis
1297 2978 1423 3064 copula,
1449 3001 1546 3064 quam
1571 2980 1617 3041 eis
1642 2979 1685 3042 ad
1703 2991 1830 3065 tempus
1855 3003 1913 3065 pro
1933 2983 2049 3044 teneri-

401 3088 512 3152 tudine
544 3109 603 3151 sua
633 3086 831 3172 dispensatio
856 3085 1037 3149 contulerat
1061 3084 1264 3170 Gregoriana
1275 3090 1295 3148 1.
1342 3085 1428 3148 Hinc
1460 3086 1558 3148 ctiam
1590 3107 1668 3164 sors,
1700 3109 1759 3170 per
1790 3109 1887 3172 quam
1912 3087 2050 3150 Mathias
2067 3111 2093 3150 rs

228 3218 384 3266 satanas.
403 3195 525 3260 electus
550 3206 598 3258 est
621 3195 654 3256 in
679 3193 903 3278 apostolatum,
935 3191 1109 3256 interdicta
1133 3202 1182 3254 est
1206 3192 1238 3253 in
1263 3191 1432 3271 aecclesia,
1463 3192 1548 3276 qnia,
1581 3192 1664 3255 sicut
1688 3191 1767 3255 dicit
1790 3191 1905 3256 beatus
1928 3193 2050 3258 leroni-

402 3325 473 3366 mus
485 3308 505 3384 ²,
530 3302 708 3388 pririlcpia
731 3301 927 3386 sinpalorum
952 3323 1012 3362 reon
1029 3313 1165 3384 possunt
1187 3299 1281 3384 lepem
1305 3301 1420 3385 ‚forrare
1444 3323 1642 3362 constannens,
1692 3298 1758 3362 Sed
1782 3300 1846 3362 iam
1870 3299 2049 3383 videamus,

402 3419 509 3472 utrum
532 3408 648 3471 Petrus
673 3404 857 3491 coapostolo
883 3427 940 3468 suo
957 3403 1059 3468 Paulo
1083 3404 1123 3467 de
1148 3402 1295 3489 predicta
1319 3404 1546 3488 expectatione
1572 3406 1782 3468 consenserit.
1820 3405 2050 3470 Sanctissimae

401 3537 489 3602 papa
517 3513 707 3578 Alexander
739 3511 780 3575 ab
812 3510 926 3575 eodem
960 3509 1055 3574 beato
1083 3510 1180 3573 Petro
1205 3509 1245 3590 V,
1280 3510 1335 3595 qui
1368 3510 1474 3595 potius
1507 3511 1540 3572 in
1572 3511 1699 3574 camino
1732 3513 1817 3596 ignis
1851 3516 2050 3577 concremari

402 3645 499 3708 quam
522 3621 652 3684 mentiri
676 3619 869 3683 fortissimus
894 3617 1015 3681 athleta
1039 3615 1169 3701 delegit,
1196 3617 1265 3702 ipse
1289 3639 1351 3680 nec
1374 3615 1572 3701 loquendum
1596 3619 1642 3680 eis
1668 3641 1738 3682 esse
1763 3629 1908 3696 testatur,
1934 3619 2050 3705 quibus
2070 3644 2096 3681 ao

401 3728 455 3792 vel
479 3729 650 3814 episcopus
673 3749 732 3812 pro
757 3723 945 3805 sceleribus,
970 3746 1082 3787 eorum
1106 3723 1242 3786 sentitur
1265 3723 1432 3805 adversus,
1461 3735 1493 3786 et
1516 3723 1578 3787 hoc
1602 3726 1770 3810 exipsius
1794 3727 1950 3812 principis
1974 3749 2050 3812 apo-

402 3835 556 3899 stolorum
582 3832 648 3921 [ore
662 3831 710 3919 ῆι
756 3832 891 3895 Petras8
914 3834 948 3895 in
972 3831 1170 3894 ordinatione
1197 3832 1301 3894 sancti
1320 3831 1557 3916 predecessoris
1580 3835 1683 3895 nostri
1707 3823 1872 3896 (temnas
1898 3837 2052 3897 instruens

403 3943 533 4006 'cleram
556 3955 584 4004 et
600 3940 757 4026 populant
781 3941 845 4002 ait:
875 3936 927 4002 ‘Si
956 3937 1104 4001 inimicas
1127 3938 1236 4023 faerit
1262 3935 1402 4001 Clemens
1426 3938 1529 4001 alieni
1543 3961 1608 4022 pro
1632 3940 1752 4002 octilrns
1775 3943 1852 4019 sats,
1883 3965 1934 4004 ros
1959 3942 2051 4004 nolite

403 4063 573 4135 expectare,
605 4060 638 4109 ut
667 4048 734 4131 ipse
758 4047 845 4108 vobis
869 4044 973 4108 dicat:
1000 4042 1092 4106 ‘Cum
1118 4044 1174 4106 iilo
1197 4043 1292 4106 nolite
1315 4046 1416 4107 amici
1436 4068 1509 4122 esse,
1541 4044 1597 4106 sed
1612 4045 1787 4128 prudenter
1812 4047 1975 4110 obseruare
2000 4047 2051 4110 dr-

403 4157 479 4219 lretis
502 4168 529 4218 ct
554 4153 707 4216 uoluntati
727 4154 794 4215 eius
812 4153 928 4236 absque
947 4147 1202 4214 corrrneorn'tioned
1221 4137 1439 4213 ¹obsecundare
1462 4163 1490 4212 et
1511 4164 1650 4213 avertere
1675 4176 1727 4214 cos
1746 4153 1784 4214 ab
1804 4177 1848 4232 eo,
1873 4156 1928 4217 cni
1950 4157 2051 4239 masura
2071 4181 2097 4220 st

402 4263 522 4327 sentitis
545 4259 723 4338 adeersum,
754 4257 810 4322 sed
831 4283 886 4322 nec
911 4258 1001 4341 loqui
1024 4257 1083 4335 bis,
1116 4257 1229 4340 qtrt'bus
1259 4258 1326 4341 ipse
1350 4281 1410 4318 reon
1435 4257 1583 4340 loquitar,
1616 4271 1648 4319 at
1679 4261 1900 4344 rrrrnsqmsqne,
1932 4263 1991 4344 qai
2019 4264 2052 4325 in
2105 4329 2113 4342 ,

403 4369 496 4454 crebra
520 4380 572 4445 est,
597 4365 672 4428 datm
695 4367 783 4450 orarit
804 4367 941 4427 astartium
965 4376 1099 4426 oestrum
1122 4364 1288 4426 orreicicios
1304 4363 1409 4448 ferre,
1433 4363 1568 4448 festinet
1590 4365 1683 4426 citius
1706 4367 1913 4428 reconciliari
1933 4370 1972 4446 ei,
1997 4370 2056 4452 qai

403 4475 544 4538 omnibns
567 4486 685 4558 preest,
716 4485 744 4534 et
765 4494 829 4556 per
851 4471 907 4534 lzoe
938 4469 1045 4533 redeat
1071 4469 1278 4547 adsalutem,
1309 4493 1378 4530 crem
1402 4469 1527 4533 obedire
1550 4471 1668 4554 ceperit
1696 4473 1822 4535 rrrorn'tis
1845 4473 2049 4556 presidentis.

404 4581 444 4644 Si
465 4582 536 4665 qais
561 4602 631 4642 oero
656 4580 776 4641 arnicas
792 4577 902 4663 faerit
924 4577 984 4654 iris,
1015 4576 1128 4659 quibas
1152 4577 1219 4660 ipse
1243 4598 1303 4636 non
1329 4575 1476 4658 loquitar,
1509 4599 1589 4638 strias
1612 4589 1656 4638 est
1679 4590 1707 4639 et
1733 4579 1800 4662 ipse
1824 4602 1862 4640 aa
1885 4579 1964 4658 eliis,
1996 4581 2055 4664 qai

402 4689 609 4752 exterminare
642 4684 708 4749 Dei
737 4684 920 4747 aecclesia-m
953 4682 1076 4762 caluam·
1107 4694 1136 4744 et
1166 4705 1234 4744 cam
1266 4704 1394 4766 corpore
1427 4681 1584 4744 vobisc-am
1614 4705 1678 4745 esse
1713 4683 1865 4762 rideatur,
1899 4699 1995 4748 mente
2025 4699 2053 4748 et
2071 4713 2096 4750 ιο

402 4797 508 4858 areima
532 4806 639 4857 cont-ra
672 4815 724 4854 cos
747 4803 791 4853 est
813 4803 841 4853 et
867 4788 961 4850 rrenito
985 4789 1117 4871 nequior
1141 4787 1237 4850 hostes
1267 4786 1318 4849 ln'c
1342 4811 1436 4870 quom
1466 4787 1522 4850 itti
1543 4789 1601 4871 qui
1621 4787 1714 4874 foris
1744 4802 1816 4851 ⁴steret
1844 4803 1872 4852 et
1894 4790 2051 4854 evidenter

403 4903 531 4965 inimici
558 4913 637 4963 sarit.
685 4897 749 4960 Hic
773 4897 855 4960 enim
879 4917 942 4979 per
965 4895 1187 4957 arrtz'cicioram
1217 4894 1350 4978 pectem
1374 4916 1453 4976 qnae
1483 4895 1616 4956 inimica
1643 4908 1715 4957 san-t
1733 4897 1816 4980 perit
1838 4909 1867 4957 et
1889 4897 2050 4960 ecclesiam

404 5009 559 5093 disperpit
587 5030 624 5068 ac
657 5018 763 5068 rosnat.
809 4998 877 5064 Ubi
908 5019 985 5083 ergo
1016 4998 1086 5083 ipse
1116 4999 1268 5083 princeps
1300 4995 1518 5082 apostolorum
1548 5007 1614 5060 tam
1643 4997 1787 5062 districte
1818 4997 1978 5083 prohibet,
2010 5022 2050 5062 ne

403 5114 475 5198 quis
500 5111 614 5175 saltem
638 5111 684 5173 cis
708 5108 868 5193 loquatur,
898 5105 953 5190 qui
984 5102 1168 5189 apostolicis
1194 5105 1319 5167 stamtis
1344 5127 1408 5166 non
1432 5102 1656 5167 obsecundare
1681 5103 1974 5190 deprehendantur,
2005 5104 2051 5169 ibi

509 5325 536 5388 a)
557 5345 676 5392 eupasia.
696 5344 716 5376 c.
796 5322 824 5384 b)
847 5323 993 5373 Verborum:
1019 5323 1091 5372 sicut
1114 5346 1147 5354 -
1173 5323 1296 5371 veritatis
1321 5321 1432 5370 oninium
1451 5321 1509 5386 fere
1534 5329 1632 5371 arritum
1657 5321 1753 5371 litterae
1777 5321 1886 5371 initiales
1908 5323 2014 5388 scriptae
2031 5340 2052 5374 c.
2071 5331 2098 5370 ab

403 5416 428 5480 c)
450 5418 570 5483 appleri.
650 5413 678 5474 d)
701 5414 947 5464 communicatione
968 5405 1009 5454 all.

513 5599 541 5667 1)
568 5595 616 5668 Cf.
636 5593 808 5670 Greporiil.
836 5592 927 5667 Epist.
946 5591 1000 5661 XI,
1019 5591 1095 5663 56²,
1122 5589 1163 5646 M.
1190 5588 1226 5648 G.
1246 5589 1314 5646 EE.
1340 5590 1380 5646 II.
1399 5610 1432 5665 p.
1459 5590 1531 5660 335,
1556 5589 1643 5663 Jaffi
1658 5590 1751 5645 1843.
1845 5591 1875 5660 2)
1902 5589 2051 5650 Commeat.

404 5708 431 5764 in
456 5707 516 5762 Ion.
537 5703 643 5778 propit.
670 5697 756 5776 (app.
782 5699 829 5768 Vt,
854 5699 903 5754 col.
931 5692 1017 5772 398).
1111 5697 1140 5764 3)
1166 5695 1368 5752 Alexandril.
1395 5696 1471 5770 epist.
1497 5695 1521 5766 I,
1547 5716 1569 5752 c.
1589 5696 1618 5766 6,
1643 5696 1805 5767 Hinscltias,
1826 5718 1858 5772 p.
1878 5697 1945 5754 et„
