4544 6420
694 393 928 450 TllAC'l'ATUS
953 393 1004 446 DE
1029 391 1279 448 SClShlA'fICIS.
1756 382 1817 445 119

165 583 269 650 fidelis
294 598 353 666 est,
379 586 439 649 iste
463 583 569 648 fidelis
593 605 784 669 permanere
808 604 871 644 non
896 590 1012 666 potest,
1038 581 1115 664 quia
1137 577 1224 641 nulla
1243 603 1326 664 para
1343 578 1443 664 fideli
1463 603 1531 642 cram
1557 579 1714 665 infidelit
1762 576 1819 642 Set
1839 606 1990 654 saonam.

165 689 374 756 lamentabile
405 691 467 755 hoc
499 714 601 776 genus
632 689 797 752 hominum
820 686 951 750 videtur
974 685 1035 749 sibi
1060 707 1155 770 posse
1179 685 1352 748 veritatem
1375 685 1535 748 inmutare
1561 698 1593 748 et
1616 683 1820 770 inpossibilia

166 797 335 885 possibilia
358 798 479 880 facere,
504 797 581 861 dum
604 795 692 859 fideli
718 818 791 858 cnm
816 792 962 858 infideli*
987 803 1112 878 partem
1139 802 1171 855 et
1193 791 1258 855 luci
1284 814 1357 854 cum
1374 790 1517 854 tenebris
1542 793 1730 856 societatem
1747 815 1817 855 esse
1839 820 1867 860 n.

167 905 294 984 volnnt3
326 927 389 990 que
415 906 527 990 utique
551 903 646 966 valde
671 902 810 964 inaniter
833 901 954 965 volunt.
1001 900 1113 984 Longe
1138 897 1248 962 aliudb
1274 898 1445 962 voluerunt
1469 899 1617 984 superius
1641 909 1820 962 memorata

134 1012 290 1076 sChristi
315 1008 518 1100 [membra⁰],
549 1010 655 1094 longe,
687 1008 782 1092 longe
814 1007 923 1072 aliud‘l
949 1005 1069 1088 volunt,
1100 1004 1297 1092 ubicumque
1329 1004 1436 1068 adhuc
1467 1017 1550 1086 sunt,
1581 1004 1677 1090 lenge
1709 1005 1819 1069 aliudb

168 1119 323 1183 faciunt¹.

276 1225 385 1305 Quare
410 1224 575 1310 apostolus
598 1223 732 1307 negavit
755 1243 850 1307 posse
882 1220 945 1284 luci
971 1242 1042 1282 esse
1071 1220 1260 1282 societatem
1292 1241 1365 1282 cum
1396 1217 1549 1300 tenebris,
1581 1221 1643 1283 nisi
1675 1222 1752 1306 quia
1780 1221 1818 1302 is,
1839 1248 1978 1298 caman.

168 1333 225 1418 qui
255 1355 314 1418 per
337 1331 532 1396 catholicam
562 1331 719 1393 unitatem
744 1341 775 1391 et
799 1327 917 1391 bonam
942 1327 1170 1412 operacionem
1201 1327 1291 1411 prius
1321 1325 1378 1388 lux
1409 1339 1488 1406 erat,
1520 1327 1629 1390 statim
1660 1326 1715 1391 lux
1747 1350 1818 1392 esse

169 1438 288 1502 desinit
312 1452 344 1501 et
367 1438 402 1501 fit
425 1435 559 1501 tenebre
569 1447 592 1516 θ’,
624 1435 753 1522 quande
778 1457 812 1498 se
838 1433 882 1498 illi
907 1433 1126 1498 familiaritate
1151 1433 1326 1517 coniungit,
1359 1434 1414 1518 qui
1438 1431 1594 1496 tenebre⁹
1620 1445 1668 1497 est
1691 1457 1749 1520 per
1772 1436 1819 1497 in-

125 1547 322 1630 mpietatem
356 1543 498 1608 erroris?
546 1541 580 1608 Si
610 1566 644 1606 se
676 1542 721 1606 illi
752 1563 807 1628 per
837 1539 1088 1604 familiaritatem
1119 1537 1286 1624 prebendo
1317 1538 1375 1602 lux
1406 1551 1620 1624 permaneret,
1654 1563 1724 1604 esse
1755 1541 1820 1604 luci

170 1653 358 1715 societatem
383 1673 478 1737 posse
503 1673 577 1714 eum
593 1648 735 1712 tenebris
760 1667 966 1734 nequaquam
983 1657 1090 1709 tantus
1115 1645 1280 1732 apostolus
1304 1658 1439 1730 negaret
1450 1646 1471 1724 s,
1497 1647 1651 1732 quiahoc
1669 1647 1819 1734 negando

171 1781 234 1821 non
265 1768 415 1838 assertor,
448 1771 497 1820 set
527 1767 663 1842 negator
693 1756 838 1818 veritatis
869 1765 964 1816 esset.
1013 1752 1070 1818 Set
1101 1754 1177 1838 quia
1201 1752 1253 1818 ille
1278 1751 1434 1816 tenebras
1459 1765 1508 1816 est
1531 1777 1590 1839 per
1613 1753 1819 1840 sacrilegium

170 1865 341 1944 scismatis,
367 1863 502 1928 eedem⁰
527 1861 682 1926 tenebree
707 1873 738 1924 et
761 1863 821 1924 iste
846 1861 951 1924 factus
975 1870 1024 1923 est
1048 1883 1090 1923 ex
1114 1860 1283 1924 consorcia
1307 1859 1545 1924 familiaritatis.
1592 1861 1681 1946 Ergo
1705 1875 1737 1925 et
1760 1864 1819 1926 iste

171 1972 373 2034 scismaticus
398 1971 502 2034 factus
526 1981 576 2033 est
599 1970 682 2032 sieut
706 1967 769 2048 illc,
794 1979 905 2052 utpote
930 1967 1074 2052 peccatis
1099 1966 1183 2030 illius
1199 1966 1372 2044 involutus,
1398 1989 1507 2052 aquo,
1532 1991 1573 2030 ne
1590 1968 1819 2050 involveretur,

126 2107 151 2144 ra
171 2077 273 2141 noluit
297 2101 367 2141 esse
392 2088 571 2162 separatus

279 2183 390 2247 ⁸Inter
414 2183 473 2247 hec
498 2181 666 2246 sciendum
690 2193 748 2260 est,
774 2180 861 2266 qaod
884 2180 940 2259 hii,
965 2182 1021 2266 qai
1045 2181 1078 2243 in
1094 2179 1155 2244 hac
1172 2179 1328 2244 dualitate
1346 2181 1452 2244 neutri
1469 2191 1552 2261 sunt,
1578 2181 1699 2246 nichilh
1716 2183 1821 2246 minus

173 2314 270 2377 quam
294 2289 472 2354 Pascaliste
497 2290 574 2354 foris
599 2289 772 2353 ecclesiam
796 2301 880 2366 sunt,
912 2288 988 2373 quia
1012 2286 1112 2350 nichil
1136 2288 1242 2350 minus
1266 2309 1391 2373 pacem,
1424 2286 1458 2350 id
1482 2299 1530 2350 est
1554 2290 1818 2352 unanimitatemi

173 2397 311 2461 ecclesie
337 2399 368 2461 in
392 2396 580 2460 Alexandro
605 2417 691 2482 papa
715 2407 908 2480 spreverunt
931 2407 963 2456 et
987 2406 1153 2479 spernunt,
1179 2393 1219 2457 de
1244 2417 1308 2479 qua
1332 2393 1411 2457 dicit
1434 2394 1615 2479 apostolus:
1641 2395 1753 2460 Pacem
1776 2421 1821 2462 ae·
1841 2425 1992 2474 neaman.

174 2508 313 2591 patimini
334 2520 362 2568 ct
383 2507 633 2583 aorrctt'ment'um,
657 2507 724 2567 st'ae
748 2529 809 2587 qao
828 2526 914 2565 nserno
931 2502 1033 2564 Deam
1060 2501 1183 2564 ridebit.
1231 2499 1304 2566 Non
1328 2523 1405 2585 erge
1431 2499 1492 2564 sibi
1517 2500 1734 2584 blandiantur,
1758 2526 1821 2566 non

128 2641 155 2678 so
175 2634 208 2675 se
234 2610 416 2674 scismatis¹¹
439 2609 607 2673 inmunes¹
635 2610 831 2688 existiment,
864 2630 902 2671 eo
933 2607 1020 2693 quod
1048 2609 1239 2693 precipuum
1265 2605 1397 2693 aliquod
1421 2609 1539 2670 erroris
1563 2610 1613 2672 sui
1638 2620 1735 2694 eaput
1758 2633 1822 2674 nou

175 2717 305 2799 habent,
330 2719 407 2802 quia
429 2716 518 2780 nulla
541 2716 702 2780 distaneia
726 2727 784 2796 est,
809 2727 916 2778 utrum
935 2725 1009 2800 post
1033 2737 1204 2778 erroneum
1221 2727 1318 2800 eaput
1341 2736 1383 2777 an
1407 2714 1530 2800 absque
1556 2738 1690 2779 erroneo
1717 2718 1822 2802 capite

175 2826 246 2910 quis
271 2825 341 2904 erit,
366 2822 483 2910 quod¹¹¹
507 2825 540 2886 in
566 2821 714 2887 omuibus
739 2821 975 2885 heresiarchisn
1000 2835 1032 2884 et
1056 2821 1262 2884 scismarchis
1286 2832 1385 2906 patet.
1425 2821 1582 2906 Nunquid
1605 2824 1691 2886 enim
1708 2823 1822 2886 Arrius

174 2931 383 2994 heresiarcha
406 2943 438 2994 ct
453 2931 603 2994 Donatus
627 2928 825 2992 scismarcha
849 2939 1008 2991 eteorum
1026 2928 1145 2991 similes
1170 2950 1208 2990 eo
1233 2929 1338 2990 miuus
1362 2941 1553 2992 erraverunt
1576 2941 1632 2992 aut
1656 2953 1693 2992 eo
1717 2932 1823 2993 minus

175 3038 320 3123 perversi
350 3038 490 3118 fuerunt,
522 3035 610 3122 quod
640 3047 714 3098 ante
739 3058 773 3098 se
798 3057 854 3098 sue
879 3035 1101 3121 perversitatis
1126 3044 1158 3098 et
1182 3035 1299 3098 erroris
1324 3036 1496 3119 magistros
1526 3058 1590 3098 non
1616 3035 1823 3100 habuerunt?

129 3175 156 3212 aa
175 3145 256 3225 Quis
280 3144 341 3208 hoc
366 3144 418 3209 vel
442 3145 598 3229 insipiens
623 3143 734 3206 dicat?

283 3251 375 3315 'Non
400 3274 476 3336 ergo
501 3251 673 3337 quisquam
697 3261 822 3334 partem
847 3259 1033 3311 neutrorum
1064 3248 1138 3312 ideo
1169 3271 1233 3312 non
1258 3270 1367 3312 errare
1392 3261 1448 3312 aut
1471 3259 1560 3312 tanto
1584 3251 1690 3313 nriuus
1715 3274 1824 3315 errare

175 3358 307 3439 iudicet,
338 3357 425 3445 qnod
449 3381 548 3421 unum
572 3355 751 3442 principale
777 3357 861 3418 sicut
884 3355 1061 3418 Pascaliste
1087 3366 1185 3440 eaput
1207 3379 1272 3418 non
1297 3354 1427 3436 habent,
1459 3379 1522 3442 quc
1550 3357 1702 3420 nimirum
1726 3357 1824 3442 pluri-

175 3465 236 3529 bus
266 3489 324 3551 pro
349 3488 412 3529 urm
443 3464 527 3528 male
555 3462 697 3527 fecunda
721 3473 769 3526 est
793 3459 965 3548 capitibus.
1013 3461 1096 3525 Nam
1128 3473 1226 3547 quot⁰
1258 3461 1405 3525 subiecta
1429 3473 1478 3526 cst
1501 3465 1664 3548 episcopis
1696 3475 1727 3527 et
1751 3488 1822 3550 pre-

175 3573 258 3653 latis,
282 3585 329 3636 tot
353 3572 498 3658 profecto
523 3571 565 3635 ad
589 3572 714 3634 ruinam
739 3568 921 3654 subigiturp
947 3567 1107 3654 capitibus
1131 3569 1364 3653 perversitatis.
1412 3569 1486 3633 Una
1510 3572 1630 3655 qnippe
1655 3583 1687 3634 et
1711 3571 1824 3634 eadem

130 3681 365 3765 superomnia
390 3693 438 3742 est
463 3681 532 3743 eius
557 3693 589 3742 et
612 3675 864 3741 Pascalistarum
897 3675 938 3738 ab
963 3675 1103 3738 eeclesia
1126 3674 1281 3760 pestifera
1305 3674 1474 3756 dissensio,
1507 3678 1584 3762 quia
1607 3700 1672 3740 urta
1696 3678 1824 3741 eadem-

175 3809 238 3872 que
262 3787 397 3872 legitimi
421 3787 566 3872 episcopi
595 3783 796 3870 reprobatio,
826 3806 908 3846 unus
940 3782 1090 3867 idemque
1115 3781 1283 3845 amborum
1308 3793 1340 3844 et
1364 3805 1462 3845 error.
1509 3783 1605 3847 Hanc
1629 3784 1825 3870 parilitatem

175 3907 305 3956 sanetus
330 3894 531 3978 Augustinus
561 3892 706 3955 breviter
736 3890 885 3970 ostendit,
918 3877 994 3974 quia
1026 3890 1071 3952 sic
1102 3890 1136 3950 in
1160 3911 1308 3951 sermone
1333 3888 1373 3951 de
1398 3887 1622 3974 blasphemiaq
1646 3891 1824 3954 hereticum

175 4012 207 4064 et
231 4001 450 4064 scismaticum
475 3999 631 4063 diffinit²z
657 3999 822 4062 Herctr'cas
846 4011 898 4076 eat,
924 3999 982 4081 qni
1004 4023 1062 4060 raon
1086 3999 1226 4081 sepelitur
1246 3997 1429 4060 catholicum
1440 3998 1549 4082 fidem.
1600 3997 1823 4062 Ser'smats'eus¹

176 4122 228 4188 eat,
259 4111 318 4192 qni
346 4133 406 4171 noa
429 4108 628 4192 eritplecta'tar
651 4106 836 4169 catholicam
853 4129 977 4189 pacem.
1027 4102 1113 4182 erid
1144 4113 1252 4165 autem
1283 4102 1362 4166 dicit
1393 4103 1586 4167 catholicam
1617 4127 1731 4190 pacem
1762 4105 1824 4167 nisi

129 4214 367 4280 anniversalis
393 4213 530 4277 ecclesie
555 4210 811 4276 concordiam⁸?
837 4259 845 4274 .
871 4259 877 4274 .
904 4259 911 4273 .
936 4221 972 4272 ut
995 4232 1092 4295 super
1116 4232 1150 4272 sc
1174 4209 1245 4272 leco
1270 4209 1357 4272 beati
1382 4209 1470 4272 Petri
1501 4233 1729 4297 quamcunque
1753 4233 1825 4297 per·

176 4343 298 4400 sonam,
323 4322 357 4383 in
381 4343 478 4406 quam
503 4322 533 4383 ei
558 4318 789 4404 conplacuerit,
814 4318 897 4381 sicut
921 4316 1016 4380 modo
1041 4315 1086 4378 illi
1110 4317 1142 4378 in
1166 4315 1390 4379 Alexandrum
1416 4316 1631 4402 conplacuit⁵.
1659 4367 1665 4381 .
1692 4367 1698 4381 .
1725 4368 1732 4381 .

282 4427 368 4491 Hinc
393 4427 611 4512 Augustinus:
639 4426 744 4503 Quidt
767 4425 898 4510 prodeat
919 4425 1042 4486 batavini
1066 4425 1113 4487 ccl
1134 4450 1212 4487 sana
1230 4424 1315 4510 fides
1345 4426 1393 4486 cel
1414 4450 1524 4488 aonam
1541 4425 1628 4512 ⁸fidei
1648 4451 1825 4490 sacrasacra-

176 4549 239 4598 ιιι-ιιι
264 4545 295 4596 et
319 4547 428 4597 cetera
451 4547 487 4596 at
510 4555 608 4618 supra
618 4537 639 4596 ³.
687 4531 768 4594 Item
799 4531 885 4594 idem
914 4541 1028 4593 contra
1051 4529 1280 4592 Donatistasl:
1313 4530 1484 4594 Nobisemn
1508 4535 1580 4594 eatis
1606 4535 1637 4595 ln
1662 4535 1826 4618 baptismo,

179 4645 212 4704 aa
234 4643 382 4728 aym-bole,
415 4645 469 4704 a'nu
494 4641 663 4704 ‹letraa'nt'ct’s
692 4641 915 4702 castromartis:
947 4641 980 4701 in
1009 4639 1126 4722 spiritu
1157 4647 1279 4700 caraemv
1305 4640 1434 4701 sanitatis
1462 4653 1490 4702 ct
1513 4639 1637 4702 vincalo
1654 4642 1761 4725 pacis,
1792 4641 1827 4703 a'a

130 4777 158 4814 ro
180 4751 249 4834 apso
274 4749 406 4832 deniqne
430 4749 583 4828 catholico.
608 4748 737 4810 ecclesia
763 4771 822 4808 non
846 4748 919 4809 ania
943 4746 1110 4808 laodiceam.
1159 4744 1225 4807 Hec
1248 4747 1280 4807 εἰ
1301 4747 1479 4829 eccrpt'alt'a,
1511 4769 1571 4807 raon
1595 4759 1666 4808 trane
1690 4748 1826 4825 oberunt,

177 4871 222 4918 act
243 4870 313 4918 terrac
323 4855 510 4940 proderant,
535 4854 734 4938 praehabens.
773 4851 810 4914 ln
828 4849 945 4936 quibus
963 4850 1138 4913 sentenciis
1155 4849 1226 4912 luce
1244 4849 1362 4913 clarius
1381 4849 1569 4930 ostenditur,
1588 4850 1675 4936 quod
1692 4851 1744 4914 hic
1762 4874 1826 4914 non

284 5035 311 5096 a)
333 5034 442 5086 infidele
461 5054 481 5084 c.
551 5031 577 5096 b)
599 5033 667 5083 aliut
685 5051 705 5082 c.
770 5033 795 5092 c)
816 5033 920 5082 alceste.
989 5033 1016 5088 d)
1040 5032 1108 5082 aliut
1124 5041 1261 5096 postcom.
1283 5032 1356 5082 uliud
1376 5051 1396 5082 c.
1461 5031 1487 5094 e)
1509 5033 1583 5084 itae.
1657 5035 1677 5094 f)
1699 5051 1746 5099 aeq.
1767 5051 1826 5084 esse

179 5124 234 5174 luci
253 5127 413 5175 sacietatem
432 5143 452 5173 c.
508 5123 536 5188 gl
557 5123 617 5172 aelel.
636 5123 690 5172 aul.
710 5141 777 5172 naon.
797 5123 823 5170 in
842 5140 920 5187 usurp
941 5123 1086 5170 distinecia
1106 5122 1176 5170 111.ι
1195 5139 1214 5170 c.
1270 5119 1298 5183 h)
1320 5121 1386 5172 nibil
1407 5141 1469 5172 corr.
1482 5123 1683 5186 sapam-tanco
1702 5122 1786 5173 nichil
1805 5141 1826 5172 c.

177 5211 198 5274 i)
221 5216 398 5264 unamitatem
417 5231 479 5263 cerr.
500 5231 566 5262 atara
585 5213 638 5262 alia
657 5213 862 5262 unanimitatem
882 5229 902 5260 c.
959 5211 987 5270 k)
1010 5213 1171 5260 scismaticis
1190 5229 1210 5260 c.
1267 5209 1286 5272 1)
1307 5229 1355 5277 aeq.
1375 5212 1435 5261 exh.
1451 5221 1508 5276 pest
1526 5213 1607 5261 dala.
1664 5209 1700 5268 m)
1722 5214 1787 5276 quia
1804 5230 1824 5260 c.

132 5317 158 5355 ta
178 5303 206 5364 n)
227 5304 264 5352 bis
281 5321 336 5366 rer,
355 5304 428 5352 cernel
446 5303 592 5352 lreresiaeis
611 5319 673 5351 corr.
694 5301 873 5351 heresiarchis
891 5309 947 5366 post
965 5301 1012 5350 del.
1026 5319 1046 5349 c.
1103 5299 1129 5358 o)
1153 5301 1234 5364 quod,
1254 5301 1301 5351 litt.
1322 5302 1337 5350 d
1354 5309 1411 5366 poet
1429 5319 1499 5350 mona
1518 5318 1538 5350 c.
1594 5299 1622 5365 p)
1644 5302 1795 5366 subrigitur
1806 5319 1827 5350 c.

178 5391 206 5457 ql
228 5391 333 5458 plasph.
352 5411 372 5442 c.
437 5389 459 5450 τ)
481 5394 804 5440 ecism.nnen.rce.cerr.
825 5391 958 5440 Seianae.
1020 5389 1043 5448 s)
1065 5389 1088 5438 h.
1109 5390 1242 5454 deliquid
1260 5390 1375 5439 excidisse
1394 5390 1498 5439 tridetur.
1561 5389 1582 5442 tl
1605 5391 1669 5454 quid
1689 5391 1741 5439 alia
1759 5407 1827 5439 amn.

177 5501 240 5531 corr.
261 5483 333 5543 Quid
352 5501 373 5531 c.
446 5481 474 5540 ιι)
495 5499 615 5545 arrpnrscr.
634 5498 654 5528 e.
728 5481 755 5538 v)
779 5497 808 5528 ar
823 5488 880 5543 post
897 5497 960 5528 com.
980 5479 1014 5528 av
1033 5497 1053 5527 c.

289 5646 317 5714 1)
342 5647 373 5700 V.
397 5665 486 5720 supra
505 5665 538 5719 p.
559 5645 629 5700 111.
723 5643 753 5702 21
780 5645 870 5698 Scrnr.
897 5643 1008 5712 LXXI,
1034 5663 1055 5698 c.
1078 5643 1125 5710 13,
1151 5639 1170 5714 ᾖ
1196 5643 1246 5710 21,
1267 5643 1369 5718 'proruis
1394 5642 1520 5712 recedatis,¹
1550 5641 1622 5717 opp
1649 5644 1691 5699 ecl.
1717 5643 1825 5698 Bened.

186 5753 216 5824 V,
242 5754 293 5809 col.
320 5752 392 5808 394.
486 5751 515 5810 3)
543 5750 591 5821 Cf.
616 5771 705 5826 snpra
724 5771 756 5825 p.
779 5749 849 5820 ll‘2,
865 5749 892 5804 ⁶2.
987 5749 1016 5818 4)
1042 5750 1072 5804 l'.
1097 5769 1186 5824 supra
1206 5770 1239 5824 p.
1260 5749 1330 5818 llO,
1347 5749 1374 5804 2.
