4426 6398
442 357 506 420 652
958 361 1193 420 TRACTATUS
1216 360 1507 418 ascancstss.
1539 362 1576 416 11.

441 551 606 638 pertinent
635 549 679 616 ad
701 549 811 616 officia
841 551 959 632 carnis,
990 548 1050 614 sed
1077 547 1119 614 ad
1149 549 1294 614 misteria
1318 549 1458 636 Spiritus
1482 549 1597 630 sancti,
1621 559 1653 614 et
1676 547 1751 614 ideo
1775 549 1900 614 iustum
1923 557 1984 631 est,
2008 551 2090 614 utin

441 657 493 721 his
516 657 740 744 exequendis·
763 657 854 722 nulla
877 655 1016 722 carnalis
1040 654 1212 721 condiciob
1235 665 1399 742 pensetur,
1431 655 1489 719 sed
1513 654 1689 742 spiritualis
1713 657 1796 720 ratic
1821 667 2040 742 comparetur,
2061 671 2093 722 ut

265 787 422 836 assonant.
441 786 507 828 non
529 763 586 828 filii
603 765 711 828 caruis
727 763 948 846 admittantur,
973 763 1032 827 sed
1053 762 1112 827 filii
1135 761 1319 848 adoptionis
1336 784 1378 826 ex
1393 762 1460 826 Dei
1475 763 1591 847 spiritu
1606 763 1763 848 generati,
1789 763 1868 850 quia
1891 762 1981 849 quod
1994 779 2092 828 natan

318 895 422 944 nasa.
442 881 506 937 εειο
531 872 570 938 de
592 895 697 951 carne,
720 895 795 936 caro
818 885 871 952 cst,
895 886 924 936 ct
945 870 1032 956 quod
1052 885 1158 934 nomm
1182 884 1226 934 ast
1249 871 1287 936 de
1309 872 1437 956 spiritu,
1460 891 1526 933 non
1550 891 1636 952 caro,
1661 868 1719 936 sed
1741 872 1880 957 spiritu
1902 885 1958 950 est,
1987 878 2020 933 et
2045 870 2092 934 hic

441 978 556 1042 meritc
587 976 631 1041 ad
654 999 764 1042 sacros
795 976 935 1058 ordines,
965 977 1022 1063 qui
1051 977 1085 1040 in
1109 975 1224 1040 eodem
1255 976 1372 1061 spiritu
1400 974 1526 1058 danun,
1558 975 1777 1041 admittendus
1802 986 1861 1041 est.
1909 977 1965 1040 De
1989 988 2121 1062 ceteros

264 1108 503 1156 seiromasten
527 1099 572 1150 cst
589 1109 797 1172 personarum
821 1099 962 1168 acceptor
979 1084 1075 1165 Deus,
1099 1084 1156 1149 sed
1178 1087 1212 1148 iu
1235 1086 1324 1148 omni
1340 1097 1429 1171 pente
1452 1086 1512 1168 qui
1531 1085 1617 1148 timet
1635 1083 1759 1149 Denmt
1783 1099 1812 1150 ct
1833 1098 1987 1172 operatur
2009 1086 2094 1150 iusti·

442 1195 525 1256 ciam
548 1205 692 1278 acceptu
715 1206 760 1257 εει
781 1192 843 1256 ilii.
890 1191 963 1254 Hoc
979 1189 1096 1254 Petrus
1120 1188 1209 1271 dicit,
1234 1189 1287 1254 cui
1310 1190 1400 1276 prius
1424 1187 1466 1253 ab
1490 1188 1607 1275 angelo
1631 1189 1755 1254 dictum
1777 1189 1886 1255 fuerat
1907 1191 1943 1253 in
1960 1191 2035 1254 visu
2057 1189 2095 1254 de

350 1321 423 1361 turs.
442 1296 709 1385 quadrupedibus
733 1307 766 1362 et
788 1296 958 1383 reptilibus
982 1296 1023 1361 de
1048 1295 1118 1383 celo
1142 1294 1205 1360 sibi
1228 1296 1368 1377 missis⁰,
1392 1296 1478 1382 quod
1491 1296 1580 1361 Deus
1600 1299 1796 1385 purificavit,
1820 1311 1853 1362 ta
1876 1323 1915 1362 ne
1939 1321 2096 1362 caumana

443 1405 574 1470 daberis.
619 1401 741 1468 Contra
764 1404 852 1491 quod
874 1403 921 1468 illi
943 1403 1078 1486 iaciunt,
1103 1404 1159 1489 qui
1182 1402 1329 1467 homines
1352 1424 1374 1467 a
1395 1402 1469 1468 Deo
1492 1403 1681 1489 purificatos
1705 1425 1894 1468 communes
1918 1402 2043 1486 dicunt,
2067 1415 2097 1468 et

442 1521 595 1596 acceptos
610 1510 684 1575 Deo
708 1508 986 1598 inacceptabilcs‘
1010 1520 1167 1586 asserunt,
1204 1508 1282 1576 Sive
1306 1509 1392 1574 enim
1416 1511 1458 1574 sit
1481 1508 1522 1574 de
1538 1509 1683 1596 legitimo
1700 1511 1863 1597 coniugio,
1889 1512 1961 1574 sive
1977 1510 2018 1574 dc
2034 1533 2096 1574 non
2113 1537 2135 1575 ιε

330 1641 423 1692 uaso.
442 1615 597 1704 legitimo,
621 1619 648 1681 si
671 1618 764 1682 timet
779 1617 887 1682 Deum
912 1627 944 1682 et
967 1627 1120 1704 operabar
1136 1617 1298 1681 iusticiam
1322 1626 1477 1702 acceptus
1501 1621 1565 1680 ‘est
1587 1615 1644 1698 illi,
1669 1617 1725 1703 qui
1747 1638 1906 1704 personas
1931 1616 2097 1682 homiuum

441 1746 508 1788 non
538 1725 668 1811 accipit,
700 1725 758 1788 sed
787 1725 944 1788 virtutum
974 1725 1090 1788 merita
1119 1723 1236 1811 querit.
1283 1723 1350 1804 Qui
1372 1745 1451 1788 vero
1474 1733 1629 1809 acceptus
1653 1733 1703 1788 est
1731 1721 1788 1806 illi,
1820 1723 1863 1788 ad
1887 1723 2097 1788 serviendum

442 1831 473 1894 ei
497 1831 611 1896 merito
636 1829 734 1895 debet
758 1830 911 1895 ordinari.
952 1830 1035 1895 Nam
1059 1830 1115 1917 qui
1138 1829 1185 1894 illi
1208 1852 1273 1894 non
1297 1830 1395 1895 fuerit
1418 1840 1583 1915 acceptus,
1608 1829 1651 1894 ad
1674 1829 1886 1895 serviendum
1905 1831 1936 1894 ei
1961 1841 2098 1895 nonest

442 1936 652 2018 ordinandus,
682 1939 758 2024 quia
788 1939 955 2002 servitiam
986 1938 1056 2002 eius
1086 1958 1150 2001 non
1182 1946 1369 2022 acceptaret
1391 1936 1494 2001 Deus.
1540 1937 1614 2002 Hoc
1645 1938 1757 2018 sancti
1779 1937 1920 2024 apostoli
1952 1936 2097 2003 conside-

443 2053 551 2108 rantes
582 2043 816 2110 ordinaverunt
844 2043 999 2130 plurimos
1030 2042 1216 2110 sacerdotes
1248 2042 1288 2107 de
1318 2043 1432 2130 gentili
1463 2044 1625 2130 coniugio,
1655 2043 1743 2131 quod
1770 2044 1902 2108 videtur
1931 2066 1999 2108 non
2027 2065 2097 2108 esse
2116 2070 2138 2108 n

443 2149 633 2237 legitimum,
657 2152 735 2237 quia
757 2150 916 2215 timebant
938 2151 1058 2233 Deum,
1083 2160 1116 2215 et
1139 2149 1359 2237 operabantur
1381 2151 1554 2230 iusticiam,
1586 2149 1645 2214 sed
1666 2161 1840 2237 postquam
1864 2173 1908 2215 ex
1932 2149 2008 2215 Deo
2031 2152 2098 2215 nati

264 2281 424 2331 nonas-a.
443 2267 527 2338 sunt,
552 2267 584 2322 st
607 2261 642 2323 in
664 2273 761 2324 morte
777 2258 900 2324 &trau
919 2260 1081 2345 baptizati,
1104 2261 1139 2322 in
1161 2282 1222 2344 quo
1246 2272 1274 2322 ει
1296 2272 1381 2322 uetus
1396 2258 1485 2322 homo
1501 2271 1604 2322 noster
1618 2259 1717 2322 simul
1737 2259 1911 2346 cruaflrctas
1934 2273 1965 2323 ει
1987 2283 2099 2346 corpus

300 2387 423 2437 cacas.
436 2367 571 2451 peccati
586 2365 794 2430 deunana
818 2380 871 2447 est,
895 2379 924 2431 et
945 2389 1056 2430 nouum
1081 2365 1236 2430 taurinam
1259 2389 1366 2430 sumus
1388 2364 1504 2444 induti,
1535 2379 1568 2430 ut
1597 2367 1661 2430 tam
1692 2389 1754 2430 non
1783 2379 1909 2444 υειενεε,
1939 2365 1999 2430 sed
2025 2368 2101 2430 noui

442 2472 582 2536 tornines
603 2475 703 2537 simas
726 2487 754 2537 ει
776 2474 811 2537 in
832 2475 967 2538 nonime
988 2473 1048 2562 oitp
1077 2472 1278 2536 ambutemus.
1316 2470 1389 2560 Que
1410 2471 1480 2535 vita
1502 2471 1589 2536 omni
1607 2470 1792 2536 sacerdotio
1815 2481 1848 2536 et
1871 2472 1962 2536 omni
1986 2471 2098 2536 ordine

290 2601 423 2652 apaan.
441 2576 609 2662 religionis
632 2577 763 2644 videtur
792 2600 864 2644 esse
895 2577 1097 2664 dignissima.
1143 2577 1187 2642 Et
1210 2579 1266 2664 qui
1296 2576 1380 2643 hanc
1403 2601 1424 2641 a
1447 2576 1629 2642 sacerdotio
1659 2578 1767 2660 reicit,
1798 2603 1911 2644 novum
1944 2580 2098 2643 bominem
2114 2604 2138 2642 sa

441 2685 545 2766 reicit,
577 2689 636 2770 qui
662 2686 830 2751 secundum
858 2685 962 2750 Deum
991 2700 1113 2751 creata
1143 2699 1187 2750 εει
1216 2688 1250 2750 in
1280 2688 1408 2750 itaticitz
1438 2699 1467 2751 et
1494 2688 1657 2750 sanctitate
1686 2687 1839 2766 veritctst,
1868 2685 1970 2748 immo
2001 2687 2097 2749 etiam

440 2789 550 2854 Iesum
567 2789 742 2873 Christum,
767 2813 863 2878 quem
880 2793 1018 2879 quisque
1034 2790 1218 2878 baptizatus
1235 2790 1366 2856 indutus
1383 2803 1442 2855 est.
1476 2791 1560 2872 Hoc,
1579 2791 1724 2877 inquam,
1743 2791 1846 2856 sancti
1866 2790 2007 2878 apostoli
2023 2814 2097 2856 con·

441 2896 633 2980 siderantes,
654 2897 743 2985 quod
758 2897 911 2980 diximus,
935 2898 1084 2963 fecerunt
1103 2909 1136 2962 et
1151 2897 1317 2985 religionis
1333 2897 1427 2962 huius
1444 2895 1538 2963 nobis
1554 2898 1708 2962 terminos
1728 2906 1920 2980 statuerunt,
1943 2920 2025 2984 quos
2042 2899 2096 2984 qui

284 3028 421 3078 causa
440 3004 687 3090 nansgreditur,
704 3005 928 3091 prevaricator
942 3005 1024 3092 legis
1041 3007 1255 3070 constituitur.
1285 3005 1330 3068 Et
1345 3004 1424 3091 quid
1440 3003 1521 3068 dicit
1535 3003 1726 3090 apostolus?
1755 3003 1797 3070 Si
1812 3007 1885 3090 quis
1900 3005 1997 3070 aliud
2011 3007 2097 3070 noba

440 3115 684 3194 annuntiaverit,
698 3127 804 3200 preter
819 3113 857 3178 td
870 3113 956 3198 quod
971 3115 1228 3178 annuntiavimus
1244 3127 1272 3178 ει
1286 3115 1462 3198 accepistis,
1479 3113 1552 3176 licet
1565 3113 1695 3200 anysius
1710 3095 1749 3176 de
1764 3113 1839 3196 cpia,
1863 3112 2031 3176 condano
2046 3115 2095 3176 sit
2114 3137 2137 3174 u

546 3217 647 3284 Aliud
678 3229 727 3284 εει
756 3218 863 3306 plane,
892 3218 981 3306 quod
1009 3241 1096 3284 nunc
1126 3219 1337 3284 annuntiatur
1366 3227 1398 3282 et
1427 3217 1625 3303 predicatur,
1655 3217 1739 3283 tilios
1763 3211 1917 3282 videlicet
1940 3218 2018 3300 Dei,
2042 3221 2096 3305 qni

299 3349 479 3400 ros.1,1s.e.c
509 3329 580 3414 apso
611 3329 683 3392 nati
708 3341 796 3408 sunt,
825 3351 888 3392 noa
918 3351 958 3392 ea·
988 3329 1197 3414 sanpninibus
1226 3351 1323 3412 acque
1355 3350 1394 3390 en
1422 3327 1577 3391 calamato
1607 3328 1715 3390 carnis
1743 3349 1842 3412 neque
1870 3350 1911 3390 ec
1942 3328 2097 3391 autumate

438 3435 515 3514 viri,
538 3431 596 3497 sed
624 3454 667 3497 ex
690 3431 812 3519 Spiritu
839 3442 951 3498 sancto
975 3443 1008 3496 et
1029 3430 1239 3497 immaculata
1265 3453 1385 3518 sponsa
1408 3430 1561 3514 Chrisnh,
1585 3431 1620 3496 id
1644 3441 1693 3496 est
1716 3441 1831 3496 sancta
1853 3430 2005 3518 ecclesia,
2029 3433 2096 3496 nati

327 3562 421 3614 nau.
439 3549 523 3621 sunt,
553 3561 619 3604 non
649 3537 770 3604 debere
802 3539 946 3604 ordinari
975 3562 1034 3625 pro
1066 3561 1114 3621 eo,
1139 3537 1227 3625 quod
1252 3543 1330 3603 ‘non
1354 3537 1394 3603 de
1421 3538 1567 3625 legitimo
1594 3539 1702 3603 carnis
1730 3539 1882 3625 coniugio
1911 3541 1980 3604 nati
2012 3549 2095 3620 sunt,

439 3645 517 3731 quia
547 3645 686 3732 apostoli
715 3645 777 3711 hoc
807 3667 874 3711 non
903 3647 1178 3711 annuntiaverunt
1207 3668 1268 3710 nec
1297 3644 1561 3732 predicaverunt,
1592 3643 1651 3710 sed
1675 3645 1842 3710 conversis
1864 3643 2096 3732 peccatoribus
2113 3670 2137 3709 u

271 3777 377 3826 acus,
386 3777 420 3818 ιι.
440 3750 609 3816 dixerunt:
633 3753 678 3818 Et
699 3754 753 3838 ispe
776 3754 903 3840 quidem
919 3755 1049 3840 sumit,
1072 3753 1130 3818 scd
1144 3754 1247 3818 abluti
1265 3755 1349 3833 catab,
1372 3753 1429 3818 ssd
1449 3754 1643 3840 sanctificati
1663 3755 1737 3818 estis
1759 3755 1795 3818 in
1817 3755 1942 3818 nomiae
1961 3753 2097 3819 Domini

301 3883 421 3934 epuns.
440 3857 487 3923 et¹
514 3861 549 3923 ia
572 3862 685 3924 uirtute
708 3859 852 3946 Spiritus
874 3863 985 3925 sancti.
1024 3859 1067 3923 Et
1090 3859 1197 3923 fuistis
1220 3860 1396 3946 aliquando
1420 3862 1550 3945 tenebrp,
1574 3885 1662 3925 nunc·
1679 3874 1781 3926 autem
1805 3861 1862 3924 lua
1884 3863 1919 3925 in
1943 3861 2094 3926 Domino.

441 3963 652 4030 Sanctificate
675 3987 752 4051 ergo
775 3965 834 4030 lux
862 3966 897 4030 in
920 3965 1144 4030 sanctificante
1170 3965 1254 4048 luce,
1284 3965 1319 4030 id
1342 3967 1448 4030 estin
1470 3965 1624 4047 Domino,
1654 3987 1790 4030 manens
1820 3963 2095 4051 inseparabiliter,

441 4093 507 4157 qua
529 4071 655 4136 ratione
678 4081 830 4158 potesta
852 4073 960 4158 gratia
983 4071 1129 4136 eiusdem
1151 4072 1244 4154 lucis,
1268 4071 1368 4136 idest
1391 4095 1412 4136 a
1434 4072 1536 4137 sacris
1555 4070 1734 4155 ordinibus,
1759 4072 1915 4159 separari,
1940 4082 1975 4137 et
1997 4095 2096 4160 quem

439 4179 545 4264 magis
568 4177 687 4243 decent
716 4180 801 4244 sacri
825 4178 966 4262 ordines,
995 4201 1092 4265 quam
1116 4179 1353 4244 sanctificatam
1381 4178 1513 4244 lucem?
1559 4177 1614 4242 An
1637 4179 1767 4244 eciam*
1790 4178 1885 4244 decet
1908 4178 2018 4245 Deum
2042 4180 2096 4244 vel
2113 4205 2139 4244 u

439 4283 483 4348 ad
513 4284 667 4350 honorem
697 4286 800 4372 ipsius
822 4286 868 4368 fit,
893 4285 981 4373 quod
1003 4284 1088 4350 filius
1112 4287 1182 4350 eius
1206 4308 1226 4350 a
1249 4307 1308 4350 sua
1331 4286 1438 4372 gratia
1460 4284 1637 4371 repellitur,
1663 4285 1750 4372 quod
1774 4308 1832 4375 sue
1856 4296 1973 4373 natiue
1996 4287 2097 4373 parti·

440 4412 518 4478 ceps
546 4392 837 4479 aparticipationc
868 4415 926 4480 sue
955 4390 1192 4460 benedictionis
1222 4404 1401 4479 separatur,
1433 4391 1521 4479 quod
1549 4402 1646 4457 natus
1676 4415 1719 4457 ex
1742 4391 1867 4480 Spiritu
1897 4403 2022 4475 sancto,
2055 4392 2097 4458 ab

440 4497 547 4562 officio
571 4499 675 4563 sancti
699 4497 839 4585 Spiritus
868 4500 1041 4586 respuitur,
1070 4498 1158 4586 quod
1188 4499 1384 4586 septiformis
1415 4500 1519 4588 gratie
1547 4497 1693 4564 eiusdem
1717 4497 1858 4587 Spiritus
1881 4499 2021 4564 veritate
2046 4522 2097 4564 rc·

438 4603 545 4689 platus
575 4627 595 4669 a
624 4605 725 4692 tipica
754 4606 907 4671 unctione
937 4605 1040 4691 ipsius
1069 4605 1261 4670 refirtatur?
1300 4604 1367 4671 Sed
1396 4605 1468 4692 quis
1497 4604 1691 4670 familiarius
1721 4603 1860 4671 accedat
1892 4604 1936 4669 ad
1965 4615 2096 4691 patrem

439 4733 537 4797 quam
559 4710 670 4775 filius?
710 4711 791 4792 Quis
814 4713 936 4776 rectius
959 4712 1016 4776 liat
1038 4712 1203 4797 particeps
1219 4711 1331 4800 divine
1347 4710 1595 4794 benedictionis,
1620 4734 1720 4799 quam
1737 4712 1903 4799 particeps
1927 4735 1987 4800 sue
2011 4711 2096 4778 divi·
2115 4739 2142 4778 sc

437 4817 574 4881 nitatis?
622 4817 704 4897 Quis
733 4818 850 4882 iustius
880 4817 1070 4883 admittatur
1098 4817 1142 4883 ad
1169 4818 1313 4883 officium
1344 4819 1449 4884 sancti
1477 4818 1628 4904 Spiritus,
1660 4840 1759 4906 quam
1783 4829 1878 4884 natus
1903 4841 1946 4883 ex
1978 4817 2097 4883 eodem

439 4922 587 5009 Spiritu?
634 4923 716 5004 Quis
740 4925 883 4989 sanctius
907 4925 1066 5011 suscipiat
1088 4925 1252 5011 typiccm¹
1277 4925 1465 4990 unctionem
1488 4926 1592 4990 sancti
1616 4923 1757 5012 Spiritus
1792 4947 1890 5012 quam
1913 4926 1971 5012 qui
1995 4927 2097 5012 septi-

437 5027 581 5093 formism
603 5031 708 5118 gratie
732 5029 878 5096 eiusdem
906 5030 1046 5118 Spiritus
1069 5031 1207 5096 veritate
1231 5042 1281 5096 est
1304 5031 1473 5118 repletus?
1518 5030 1677 5097 Fidenter
1706 5031 1835 5097 ausim¹²
1857 5031 1980 5114 dicere,
2004 5033 2095 5118 quia,

438 5135 515 5200 dum
538 5137 608 5200 sic⁰
632 5137 749 5222 agitur,
772 5137 865 5202 Deus
888 5147 982 5224 pater
1004 5137 1188 5222 offenditur,
1213 5148 1330 5204 natus
1344 5139 1410 5202 Dei
1432 5138 1653 5222 inhonoratur,
1677 5137 1818 5226 Spiritus
1843 5148 2000 5204 sanctuar
2017 5161 2095 5204 con·

436 5251 577 5329 temptas
600 5243 815 5329 neglegturs,
840 5254 874 5308 et
895 5245 1000 5333 gratie
1015 5245 1137 5310 veritas
1152 5255 1253 5332 typo‘
1278 5267 1336 5310 suo
1360 5266 1399 5310 ac
1422 5245 1545 5334 ligure·
1562 5245 1777 5332 postponitur.
1813 5243 1880 5312 Sed
1905 5255 1938 5310 et
1960 5244 2095 5335 celestis
2114 5272 2141 5312 a

543 5458 570 5525 a)
593 5477 702 5526 exsequ.
721 5462 754 5513 Β.
837 5459 865 5522 b)
887 5462 1009 5514 conditio
1029 5463 1062 5515 Β.
1145 5460 1171 5527 c)
1191 5483 1239 5516 om.
1259 5463 1292 5516 Β.
1365 5461 1393 5527 d)
1415 5481 1476 5516 enm
1495 5464 1529 5516 B.
1601 5461 1627 5526 e)
1649 5465 1724 5515 misia
1743 5463 1777 5516 Β.
1848 5459 2012 5530 Oinaccpt.
2031 5463 2096 5515 ΑΒ.

434 5546 580 5615 g)destrt1
597 5550 631 5601 Β.
695 5547 723 5612 h)
747 5550 893 5602 Christi·-
908 5551 1028 5604 ecclesia
1044 5551 1187 5604 bissenA.
1247 5551 1268 5615 i)
1291 5560 1318 5604 et
1337 5579 1370 5588 -
1389 5555 1479 5604 sancti
1497 5571 1544 5604 cm.
1562 5553 1595 5604 B.
1650 5550 1680 5617 k)
1701 5555 1785 5605 etiam
1803 5552 1836 5605 Β.
1892 5549 1912 5615 l)
1926 5554 2041 5620 tipicam
2059 5551 2095 5604 Β.

435 5635 472 5703 m)
493 5633 639 5706 septilrnis
658 5639 691 5690 Β.
763 5637 792 5703 n)
815 5641 894 5691 ausin
912 5640 946 5691 Β.
1020 5639 1048 5704 o)
1073 5658 1119 5694 sec
1137 5659 1201 5694 carr.
1220 5644 1258 5693 sic
1278 5643 1311 5694 B.
1383 5639 1413 5709 p)
1434 5643 1523 5694 sancti
1542 5641 1602 5693 AB.
1666 5639 1695 5708 q)
1717 5641 1819 5708 neglig.
1837 5642 1872 5693 B.
1934 5639 1957 5704 r)
1978 5643 2039 5709 tipo
2059 5641 2094 5692 Β.

434 5723 458 5791 s)
478 5728 565 5794 ligure
584 5729 618 5780 B.
