4410 6406
649 370 766 425 LIBER
789 369 949 425 CONTRA
973 369 1078 425 DUAS
1102 369 1285 425 HERESES.
1729 363 1792 426 287

137 559 187 621 sui
212 559 361 645 corporis
384 558 614 640 nominatione,
646 579 714 621 rem
746 579 804 620 seu
827 558 979 621 virtutem
1009 558 1043 622 in
1067 581 1144 622 suae
1174 559 1335 644 passionis
1359 560 1676 640 commemoratione,
1702 560 1793 623 cuius

139 664 292 729 effectum
317 665 514 751 significavit
536 665 570 728 in
593 674 802 750 pcccatorum
826 664 1026 728 remissione.
1063 664 1130 729 Sed
1153 664 1316 729 hereticus
1337 664 1390 728 vel
1415 667 1618 730 scismaticus
1643 688 1682 730 ac
1704 688 1794 751 pres-

139 770 235 857 byter
266 771 448 858 depositus,
480 794 553 835 cum
583 793 650 835 non
680 772 721 834 sit
750 771 897 834 minister
926 769 1117 852 aecclesiae,
1149 771 1227 835 dum
1256 773 1416 857 presumit
1444 773 1638 853 ministrare,
1670 771 1793 837 habens

140 877 273 964 quidem
298 889 546 960 sacramentum,
571 877 629 942 sed
652 900 717 941 non
740 878 934 940 sacramenti
959 877 1112 960 officium,
1137 879 1282 964 speciem
1298 880 1441 964 corporis
1459 875 1579 943 Christi
1603 877 1702 944 habet
1718 880 1793 943 visi-

89 1015 112 1052 s
140 983 249 1066 bilem,
281 985 341 1050 sed
364 986 515 1066 essentia,
546 1007 598 1048 res
623 994 655 1048 et
679 983 812 1048 effeetus
837 982 933 1069 longe
958 993 1008 1047 est
1034 982 1076 1047 ab
1100 983 1173 1067 illo;
1205 986 1292 1070 quia,
1324 997 1360 1048 ut
1389 1007 1476 1071 papa
1498 985 1651 1071 Pelagius
1676 985 1792 1050 dicit¹:

141 1092 212 1156 Non
230 1107 398 1173 consecrat,
422 1092 479 1156 sed
494 1092 656 1172 dissecrat,
681 1100 713 1154 et
729 1089 889 1175 sacrilega
904 1089 1064 1154 divisione
1081 1092 1224 1177 speciem
1248 1113 1268 1154 a
1292 1114 1351 1155 sua
1374 1093 1515 1156 essentia
1539 1103 1572 1156 et
1594 1115 1629 1156 re
1647 1103 1792 1178 separat:

141 1197 226 1262 unde
250 1221 327 1262 reus
351 1198 490 1262 efficitur
513 1199 658 1283 corporis
683 1209 715 1260 et
738 1198 905 1282 sanguinis
930 1194 1061 1278 Christi,
1087 1199 1216 1262 omnino
1244 1197 1307 1261 illis
1337 1198 1524 1281 consimilis,
1549 1200 1605 1284 qui
1629 1197 1794 1264 Christum

142 1304 321 1369 occidendo
345 1306 446 1368 vitam
471 1327 490 1368 a
512 1303 678 1368 vivificato
710 1315 954 1390 separaverunt.
1002 1303 1286 1384 Quemadmodum
1315 1328 1456 1392 namque
1484 1305 1547 1369 illis
1572 1327 1647 1370 caro
1672 1303 1794 1369 Christi

141 1422 267 1475 mortua
282 1435 348 1476 non
364 1411 494 1497 profuit,
519 1410 609 1497 apud
623 1433 705 1496 quos
722 1421 755 1473 et
771 1432 906 1496 quorum
931 1409 1054 1474 scolere
1079 1421 1223 1475 mortuus
1248 1413 1281 1474 in
1297 1411 1395 1476 corde
1420 1423 1525 1476 terrae
1549 1413 1627 1477 fuit:
1653 1414 1699 1476 sic
1723 1413 1793 1476 istis

84 1541 203 1586 ronan
236 1518 369 1604 prodest
400 1519 526 1604 species
556 1519 625 1581 vita
656 1539 781 1582 carens.
836 1515 938 1580 Immo
969 1515 1064 1580 valde
1096 1515 1188 1581 obest
1218 1541 1282 1582 non
1314 1517 1416 1581 solum
1448 1519 1494 1582 sic
1525 1517 1793 1600 ministrantibus,

142 1648 255 1688 verum
280 1627 377 1689 etiam
401 1624 463 1689 illis
488 1626 630 1689 scienter
645 1621 960 1688 communicantibus
984 1633 1058 1709 post
1081 1623 1259 1688 aecclesiae
1284 1624 1501 1706 interdictum,
1527 1648 1625 1711 quarn
1649 1626 1704 1711 qui
1729 1647 1793 1689 non

142 1732 242 1814 audit,
268 1735 329 1795 erit
352 1733 437 1796 sicut
460 1731 607 1796 ethnicus
631 1743 664 1796 et
686 1729 889 1817 publicanus
936 1729 1024 1793 Hinc
1049 1741 1179 1794 sanctus
1197 1729 1375 1817 Gregorius
1399 1732 1432 1794 in
1449 1733 1586 1816 registro
1611 1733 1792 1818 suocapite
1812 1759 1971 1806 nastensis.

143 1837 263 1902 CCXL
287 1840 388 1925 partis
413 1838 575 1903 secundae
586 1844 607 1920 ²,
639 1837 850 1923 dampnatum
880 1835 1084 1900 sacerdotem
1111 1838 1239 1922 pristini
1264 1837 1363 1902 officii
1387 1849 1611 1924 usurpatorem
1635 1849 1794 1925 perpetua

143 1947 480 2010 excommunicatione
503 1946 652 2031 percutit,
683 1945 730 2008 ita
753 1955 788 2008 ut
811 1945 868 2006 vix
892 1944 922 2007 ei
947 1944 1102 2006 viaticum
1125 1945 1159 2006 in
1182 1944 1245 2006 fine
1270 1945 1336 2008 vite
1361 1944 1530 2008 concedat.
1577 1945 1664 2009 Hinc
1689 1947 1793 2009 sancti

104 2081 125 2120 a
142 2065 251 2138 patres
275 2053 309 2116 in
332 2051 536 2117 Antiocheno
560 2050 698 2116 concilio
723 2051 829 2136 capite
852 2048 948 2113 ΙΙΠ.3
971 2048 1105 2113 cuilibet
1128 2049 1313 2136 dampnato,
1346 2052 1373 2114 si
1397 2050 1521 2138 aliquid
1545 2051 1585 2115 de
1610 2074 1792 2116 sacramen-

141 2171 248 2223 torum
271 2161 451 2223 ministerio
475 2159 659 2243 attingeret,
684 2179 812 2221 omnem
837 2179 928 2242 spem
951 2157 1171 2220 restitucionis
1194 2157 1248 2220 vel
1276 2157 1382 2221 locum
1411 2158 1641 2223 satisfactionis
1665 2161 1793 2244 penitus

141 2265 391 2352 denegaverunt
425 2287 601 2350 omnesque
631 2265 663 2327 ei
692 2265 778 2327 intra
808 2261 1072 2348 dampnationem
1103 2265 1379 2328 communicantes
1410 2264 1470 2329 sub
1502 2266 1793 2330 communicatione

141 2372 413 2459 dampnaverunt.
467 2372 505 2436 In
536 2370 696 2435 aecclesia
724 2392 801 2434 vero
832 2368 1090 2434 ministrantibus
1122 2370 1219 2456 digne
1248 2370 1301 2434 vcl
1330 2371 1464 2457 indigne
1495 2371 1555 2454 his,
1588 2373 1643 2458 qui
1673 2371 1794 2436 habent

141 2479 297 2562 officium,
328 2491 433 2543 ratum
465 2489 514 2542 est
543 2487 791 2559 sacramentum,
824 2489 855 2540 et
886 2474 1015 2540 salubre
1047 2477 1243 2541 sacrificium
1272 2477 1323 2541 his
1354 2477 1513 2542 duntaxat
1544 2480 1600 2564 qui
1627 2501 1695 2542 rem
1720 2502 1794 2542 cum

100 2616 124 2654 aa
141 2587 262 2652 effectu
292 2587 477 2672 percipiunt
507 2586 576 2648 sive
603 2583 803 2647 manducent
826 2605 942 2668 corpus
967 2581 1087 2647 Christi
1111 2584 1290 2648 secundum
1315 2586 1488 2649 essentiam
1512 2584 1685 2649 visibiliter
1708 2609 1793 2650 com-

141 2692 350 2773 municando,
375 2694 444 2756 sive
469 2691 654 2756 abstineant
677 2713 697 2754 a
711 2688 834 2754 visibili
851 2702 883 2753 et
899 2689 1124 2754 sacramentali
1141 2690 1403 2772 manducatione,
1427 2691 1526 2756 solius
1542 2693 1590 2756 rei
1611 2703 1643 2757 et
1659 2692 1793 2756 effeetus

141 2802 287 2864 contenti
317 2800 564 2886 participatione
587 2797 640 2862 vel
664 2798 966 2877 communicatione,
990 2796 1165 2862 dummodo
1189 2796 1352 2861 visibilem
1377 2809 1409 2861 et
1432 2798 1701 2864 sacramentalem
1728 2821 1794 2862 non

142 2917 375 2992 contempnent
397 2906 451 2970 vel
474 2929 517 2970 ex
539 2903 691 2990 neglectu
720 2903 884 2967 dimittant
914 2926 971 2967 suo
1002 2914 1147 2989 tempore
1177 2903 1257 2968 illud
1282 2904 1510 2986 ‘attendentes
1535 2905 1622 2992 quod
1646 2903 1793 2970 Christus
1812 2933 1877 2972 nr.

142 3013 239 3078 dicit:
264 3014 346 3078 Nat
364 3014 632 3078 mandacaveritis
649 3021 797 3077 carne-m*
814 3011 902 3075 Filii
922 3012 1068 3091 hanania,
1093 3026 1121 3075 et
1144 3013 1286 3076 biberitis
1309 3015 1377 3076 aias
1399 3015 1593 3099 sanquinem,
1617 3038 1679 3077 non
1703 3013 1793 3077 lrabe-
1812 3039 1933 3088 roseas.

98 3149 124 3187 aa
142 3123 217 3185 br'n's
240 3124 337 3185 vitam
368 3124 401 3184 in
427 3121 521 3185 ¹rob-ia.
571 3118 667 3198 Quod
697 3129 761 3182 tam
794 3117 833 3182 dc
858 3115 989 3197 visibili,
1015 3139 1111 3202 quam
1136 3116 1176 3181 de
1201 3115 1357 3181 invisibili
1387 3116 1639 3183 manducatione
1671 3118 1792 3183 dictum

143 3225 343 3313 intelligitur,
367 3237 403 3291 ut
425 3237 540 3290 neutra
561 3224 755 3310 negligatur.
801 3224 902 3288 Porro
927 3224 954 3286 si
970 3224 1042 3308 quis
1058 3245 1124 3288 non
1140 3224 1307 3288 ordinatus
1324 3225 1482 3310 presumit
1505 3224 1699 3308 sacrificare,
1717 3228 1794 3312 quia

143 3334 349 3398 exorbitata
373 3335 436 3396 ritu
460 3332 712 3414 aecclesiastico,
737 3353 842 3417 neque
867 3331 1011 3416 speciem
1028 3332 1222 3395 sacramenti
1246 3330 1367 3395 habere
1384 3329 1542 3396 dicendus
1560 3343 1618 3413 est,
1643 3332 1685 3396 ad
1702 3335 1793 3397 cuius

143 3442 255 3527 utique
279 3440 414 3504 formam
439 3440 588 3526 pertinet,
613 3447 648 3502 ut
671 3438 800 3502 nonnisi
823 3448 1031 3501 consecratus
1056 3447 1233 3500 consecret.
1269 3437 1366 3502 Unde
1390 3437 1592 3523 Augustinus
1616 3441 1649 3501 in
1674 3438 1728 3502 lib.
1749 3439 1792 3504 H.

144 3557 257 3612 contra
280 3547 508 3611 Donatistas⁴:
538 3545 753 3625 Sacramenta,
783 3569 842 3630 qne
864 3547 1040 3608 scismatici
1061 3545 1111 3608 ael
1132 3545 1263 3609 heretici
1287 3569 1348 3609 non
1372 3547 1465 3609 alitor
1489 3546 1600 3610 babent
1622 3571 1677 3610 nec
1700 3548 1794 3611 aliter

98 3683 125 3721 so
143 3670 249 3742 apori-t,
273 3679 365 3740 quarn
385 3679 459 3718 aera>
475 3655 636 3733 aecclesia,
661 3677 730 3716 cam
745 3651 791 3715 ad
806 3676 861 3715 nos
877 3653 1012 3730 veniant,
1036 3674 1097 3714 non
1114 3651 1323 3731 emendamus,
1346 3652 1403 3716 sed
1417 3654 1638 3738 approbamus.
1676 3651 1793 3738 Colligi

144 3784 222 3824 sane
246 3771 352 3847 potest
377 3783 419 3824 ex
443 3761 590 3846 opposito
618 3763 683 3822 non
707 3780 777 3820 esse
802 3755 1015 3842 approbanda
1044 3779 1103 3842 pro
1132 3758 1343 3821 sacramentis
1368 3779 1451 3844 quae
1476 3769 1590 3822 contra
1619 3759 1792 3824 aecclesia-

144 3869 261 3932 sticum
292 3869 387 3932 n'tum
419 3868 489 3930 sive
519 3867 605 3929 intus
637 3866 705 3928 sive
736 3864 813 3928 foris
844 3873 986 3949 agimtur
1009 3885 1028 3926 a
1050 3885 1115 3926 non
1147 3862 1302 3927 ordinatis
1333 3865 1491 3949 personis,
1516 3866 1670 3952 quoniam
1700 3866 1794 3929 aliter

143 3987 244 4062 agunt
268 3997 364 4061 quam
388 3997 468 4038 vera
492 3973 660 4052 aecclesia,
687 3993 770 4056 quae
794 3993 858 4034 non
882 3969 1005 4034 iudicat
1028 3980 1232 4033 sacramenta
1255 3970 1406 4052 dicenda,
1436 3972 1498 4034 nisi
1527 3994 1611 4058 quae
1642 3970 1683 4036 ab
1708 3957 1792 4036 ordi·

144 4084 227 4146 natis
250 4082 372 4146 fuerint
394 4091 477 4162 acta,
502 4103 566 4144 non
590 4078 684 4142 aliter
708 4100 804 4164 quam
829 4078 896 4161 agit
918 4077 1000 4162 ipsa.

100 4216 126 4257 ss
249 4189 311 4253 His
342 4197 450 4252 autern
482 4209 565 4273 quae
601 4185 689 4249 dicta
723 4195 797 4248 sunt
830 4194 923 4248 caute
959 4185 1103 4269 pensatis
1135 4193 1167 4247 et
1197 4185 1376 4270 perspectis
1412 4185 1446 4248 in
1475 4195 1627 4271 promptu
1657 4196 1706 4250 est
1736 4209 1791 4250 eas

144 4297 352 4360 auctoritates
384 4281 610 4374 determinare,
636 4314 719 4378 quae
751 4290 791 4354 de
816 4291 1027 4355 sacramentis
1058 4289 1185 4375 agendo
1209 4289 1361 4354 videntur
1391 4291 1569 4372 dissonare,
1601 4291 1678 4356 dum
1708 4292 1792 4357 aliae

143 4415 209 4466 tam
232 4404 326 4484 intra,
352 4425 450 4488 quam
475 4411 568 4464 extra
591 4397 785 4463 aecclesiam
809 4397 928 4461 docent
949 4395 1200 4460 indifferentiam
1225 4409 1510 4480 sacramentorum,
1535 4398 1619 4462 aliae
1643 4399 1792 4463 differen-

142 4511 231 4574 tiam.
278 4509 362 4573 Nam
393 4529 477 4594 quae
508 4506 627 4572 docent
656 4504 917 4584 indifferentiam,
949 4503 1136 4586 asserendo,
1160 4503 1248 4590 quod
1272 4515 1476 4568 sacramenta
1498 4505 1684 4592 ubicunque
1709 4517 1792 4588 sunt,

144 4616 259 4680 eadem
289 4617 361 4702 ipsa
390 4625 474 4696 sunt,
504 4613 684 4699 respiciunt
713 4610 756 4674 ad
779 4611 922 4696 speciem
946 4609 1109 4674 visibilem
1140 4612 1211 4696 pari
1240 4610 1336 4674 modo
1359 4613 1446 4675 intus
1471 4622 1503 4675 et
1527 4622 1620 4676 extra
1643 4613 1736 4678 bonis
1761 4623 1793 4677 et

99 4751 126 4789 n
143 4722 237 4787 malis
266 4721 505 4786 indifferentem
538 4721 571 4784 in
601 4719 811 4805 baptismate,
843 4718 877 4780 in
908 4715 1121 4800 ordinatione,
1157 4718 1190 4780 in
1220 4719 1392 4782 missarum
1423 4717 1651 4784 celebratione.
1700 4719 1792 4800 Quae

143 4841 252 4894 autem
273 4829 391 4893 docent
414 4837 689 4891 sacramentorum
713 4823 938 4905 differentiam,
963 4825 1141 4909 respiciunt
1165 4823 1299 4888 adrem
1323 4835 1355 4888 et
1379 4826 1448 4888 eius
1473 4825 1691 4908 efficientiam,
1709 4848 1792 4912 quae

143 4935 222 5001 foris
252 4958 316 5000 non
347 4934 510 5000 obtineam
540 4955 689 5020 quaeque
724 4933 810 4995 intus
841 4953 861 4994 a
890 4929 983 4993 malis
1017 4952 1081 4994 non
1111 4929 1259 5012 habetur,
1291 4953 1478 5017 quanquam
1507 4942 1619 4996 tamen
1649 4930 1793 5019 corp'on's

145 5043 265 5108 Christi
289 5044 430 5106 essentia
453 5040 676 5106 indifferenter
699 5050 766 5103 tam
796 5059 855 5125 per
877 5036 980 5100 malos
1004 5058 1101 5121 quam
1126 5035 1214 5123 apud
1241 5035 1344 5101 bonos
1369 5039 1531 5102 ministros
1554 5039 1749 5122 inveniatur,
1773 5062 1794 5103 a

145 5149 261 5236 quibus
292 5149 466 5226 aecclesia
482 5169 547 5212 non
575 5145 817 5211 contradicente
848 5144 949 5206 missa
979 5141 1178 5227 celebratur3
1210 5165 1307 5229 quam
1332 5145 1387 5230 qui
1412 5156 1560 5209 carentes
1584 5145 1685 5210 offitio
1710 5145 1792 5210 cele·

99 5310 126 5348 45
250 5295 277 5359 a)
300 5315 323 5347 c.
342 5298 359 5346 f.
379 5297 405 5347 h.
425 5314 448 5346 e.
470 5297 494 5345 b.
515 5312 537 5345 e.
557 5313 578 5344 s.
597 5312 623 5345 n.
642 5295 713 5345 hv.
733 5294 750 5343 i.
768 5310 794 5342 v.
813 5309 833 5341 a.

254 5425 283 5496 l)
309 5423 357 5496 Cs.
385 5421 454 5482 Coll.
478 5423 553 5479 Brit.
579 5441 624 5478 nr.
645 5421 694 5491 11,
720 5419 768 5476 ίΝ.
793 5419 890 5476 ΑνςΙῑ.’
915 5420 945 5490 V,
965 5439 999 5494 p.
1018 5419 1099 5488 541,·
1122 5418 1210 5491 Jaffe'
1228 5439 1274 5475 nr.
1299 5418 1360 5474 983
1369 5441 1380 5490 ,·
1403 5419 1561 5477 Dandcdit
1585 5417 1653 5478 Call.
1679 5439 1742 5477 can.
1767 5420 1791 5491 I,

145 5532 258 5602 0142,
277 5531 410 5608 p.103,·
436 5529 521 5589 Grat.
541 5528 571 5587 Ο.
591 5528 642 5599 24,
666 5527 760 5604 qul,
786 5547 808 5582 c.
828 5526 878 5582 34.
949 5525 980 5594 2)
1000 5525 1088 5602 (drop.
1105 5526 1177 5601 Rea.
1198 5526 1228 5594 V,
1247 5525 1276 5594 6,
1303 5525 1370 5582 ΕΕ.
1397 5527 1421 5596 I,
1440 5547 1473 5602 p.
1493 5526 1566 5583 285.
1638 5526 1668 5596 3)
1695 5527 1794 5584 Maner'

144 5639 184 5710 Il,
210 5641 259 5697 col.
277 5639 381 5708 4322;
405 5638 445 5709 cs.
470 5637 578 5694 Dand.
606 5635 666 5692 Lib.
692 5635 747 5704 IV,
771 5631 859 5707 §IL
885 5634 902 5689 l.
921 5635 938 5689 l.
958 5653 992 5708 p.
1012 5632 1085 5688 364.
1190 5629 1221 5705 4)
1246 5630 1354 5690 Contra
1377 5632 1485 5690 Donat.
1511 5635 1528 5691 l.
1555 5633 1578 5704 I,
1603 5629 1691 5706 §2l,
1718 5631 1790 5709 opp.

145 5747 187 5804 ed.
212 5745 318 5802 Bened.
344 5745 397 5814 IX,
423 5747 473 5801 col.
499 5743 558 5810 91‚·
582 5743 622 5814 cf.
648 5740 798 5798 Benna-adi
820 5739 931 5810 libellos,
958 5739 1058 5796 Liteltt
1081 5739 1121 5810 II,
1140 5759 1173 5814 p.
1192 5738 1242 5794 92.
1264 5739 1335 5796 153.
