4386 6390
426 379 489 442 552
705 384 882 440 CARMINA
906 385 960 439 AD
985 383 1152 438 SCHISMA
1177 383 1495 440 ALEXANDRINUM
1518 381 1797 438 PERTINENTIA.

426 571 499 659 (ll.)
524 573 665 636 Versus
683 581 818 636 contra
836 571 1216 656 Octavianum⁸qui
1241 581 1435 656 papatum
1461 567 1542 632 sibi
1568 567 2058 634 adversusAlexundrum

503 701 649 766 papam
672 679 911 765 usurpavit,
937 679 1007 763 qui
1031 679 1154 740 etiam
1180 700 1198 740 a
1222 675 1461 740 fautoribus
1487 676 1633 740 Victor
1657 685 1720 738 est
1743 672 1996 760 appellatus.

745 802 883 867 Nomine
900 803 1013 866 Victor
1037 825 1119 865 erae.
1155 801 1203 864 Te
1227 801 1309 865 fallit
1332 801 1470 864 nominis
1495 797 1639 882 umbra1,

799 909 851 973 De
876 921 907 973 te
931 910 1084 974 mentitur
1107 931 1223 972 nomen
1247 910 1343 972 inane
1367 907 1436 971 tibi.

745 1017 860 1080 Victus
885 1039 930 1097 es,
955 1015 1119 1078 oVietor!
1145 1015 1241 1079 Victo
1258 1015 1401 1096 Victore,
1427 1019 1568 1100 papatu²

799 1123 956 1209 Splendet
978 1121 1176 1204 Alexander,
1201 1122 1305 1186 dictus
1331 1121 1450 1208 ubique
1475 1132 1575 1207 poter.

701 1241 718 1295 ὅ
746 1231 896 1294 Fratrum
920 1251 1001 1316 paee
1026 1227 1111 1292 bona
1135 1239 1299 1314 promotus
1324 1229 1483 1314 preminet
1507 1227 1586 1292 orbi.

800 1335 924 1418 Palles,
949 1359 1015 1422 pax
1040 1359 1154 1421 pacem
1178 1335 1315 1398 destruit
1338 1335 1393 1399 illa
1416 1345 1514 1398 tuam.

747 1443 892 1528 insurgis
916 1443 1000 1528 paci.
1047 1443 1143 1506 Pacis
1167 1441 1262 1505 iubar
1285 1452 1355 1506 atra
1379 1464 1527 1506 screnum

799 1549 946 1613 invidiae
972 1572 1108 1634 surgens
1132 1549 1234 1612 inficit
1257 1571 1337 1612 aura
1359 1559 1444 1612 tuae.

745 1657 824 1742 Igne
850 1657 920 1742 spei
944 1666 1048 1720 motus
1072 1657 1171 1720 animi
1195 1665 1226 1719 tc
1250 1654 1332 1719 fallit
1355 1657 1500 1741 iniquum

687 1775 720 1828 10
803 1763 969 1828 Summum
994 1763 1087 1827 dulce
1112 1761 1170 1826 tibi
1195 1763 1333 1848 spondet
1355 1761 1485 1825 honoris
1510 1785 1600 1825 onus.

748 1871 852 1935 Omne
878 1869 965 1955 quod
989 1878 1047 1950 est,
1072 1868 1150 1933 nulli
1174 1870 1252 1932 satis
1276 1879 1334 1932 est.
1382 1867 1448 1934 Sed
1473 1867 1596 1932 habens
1619 1867 1705 1932 bona
1729 1879 1840 1954 sperat

800 1978 942 2062 Optima.
990 1975 1088 2062 Spem
1114 1977 1259 2061 sequitur
1282 1975 1323 2039 ad
1347 1997 1432 2039 nova
1456 1977 1593 2061 quisque
1617 1998 1718 2040 suam.

748 2083 803 2148 Sic
827 2085 1031 2165 miseresce,
1056 2082 1144 2168 quod
1167 2105 1212 2164 es,
1237 2083 1317 2146 odis.
1363 2083 1463 2146 Pater
1487 2105 1557 2146 esse
1582 2081 1719 2146 laboras,

804 2191 900 2270 Quod
923 2213 989 2254 non
1013 2213 1058 2272 es,
1082 2189 1135 2254 vel
1160 2189 1246 2275 quod
1270 2211 1333 2252 non
1358 2190 1432 2270 eris,
1456 2189 1535 2252 illud
1559 2211 1659 2252 amas.

688 2307 721 2362 15
750 2297 810 2378 Tu,
836 2296 1003 2382 reprobus,
1028 2307 1153 2382 patrem
1177 2295 1341 2382 reprobas.
1389 2296 1441 2360 Tu
1463 2295 1564 2360 frater
1587 2306 1619 2359 et
1641 2295 1742 2360 hostis

802 2402 981 2484 Fratribus,
1005 2405 1039 2467 in
1063 2413 1188 2489 patrem
1211 2401 1296 2466 filius
1320 2426 1410 2466 arma
1433 2425 1539 2488 paras.

750 2509 901 2574 Consulis
926 2521 1000 2573 ante
1024 2521 1132 2573 tamen
1156 2511 1272 2572 fratres
1296 2509 1337 2572 de
1361 2509 1484 2590 fraudo,
1510 2509 1568 2573 sed
1591 2509 1700 2574 hostes

802 2617 960 2701 Percipis.
1008 2617 1089 2678 Esse
1115 2615 1179 2680 doli
1204 2615 1290 2680 solus
1313 2617 1345 2679 in
1370 2625 1437 2680 arte
1462 2616 1561 2680 doles.

750 2723 865 2804 Querit
889 2721 975 2786 bella
998 2733 1070 2787 tuus
1094 2722 1186 2786 dolor
1208 2733 1264 2786 aut
1288 2722 1389 2786 dolus.
1437 2722 1489 2786 Ad
1513 2725 1614 2809 petris
1638 2728 1773 2786 ausum⁸

686 2842 722 2894 20
804 2829 959 2915 Aspirerc
984 2829 1084 2892 decus
1108 2830 1233 2893 invenit
1257 2852 1347 2894 arma
1371 2829 1485 2894 seclus

750 2935 919 3000 Fratribus
944 2937 1070 3000 amissis
1095 2936 1174 2998 emis
1198 2947 1337 3000 armatos
1361 2935 1420 3000 tibi
1444 2936 1569 3000 fratres.

804 3043 908 3106 Pallet
932 3043 1028 3106 etad
1052 3053 1187 3106 matrem
1213 3043 1358 3128 confugit
1382 3065 1460 3128 egre
1482 3043 1593 3106 fides⁴.

751 3151 837 3214 Lesa
859 3151 941 3214 fides
965 3149 1005 3213 de
1029 3160 1061 3213 te
1086 3151 1240 3235 queritur.
1288 3150 1424 3214 Miratur
1448 3149 1634 3236 alumpnum

804 3257 858 3322 Sic
882 3256 995 3321 lesisse
1019 3256 1116 3319 fidem
1140 3257 1232 3320 curia
1255 3266 1369 3320 sancta
1392 3280 1494 3321 suum.

687 3375 723 3428 25
750 3365 856 3428 Lesae
881 3364 1073 3450 compatitur
1097 3362 1183 3444 fidei,
1208 3373 1240 3426 te
1265 3363 1419 3450 dampnat
1443 3374 1475 3427 et
1498 3363 1604 3428 aufert

803 3471 915 3556 Teque
940 3480 1076 3554 tuosque
1101 3468 1173 3551 sibi,
1198 3492 1298 3555 scque
1323 3493 1463 3556 suosque
1487 3469 1556 3534 tibi.

752 3579 802 3641 Ve
827 3576 896 3658 tibi,
921 3599 961 3640 ve
986 3576 1055 3658 soli,
1080 3577 1149 3639 sine
1174 3575 1326 3640 fratribus
1350 3589 1382 3641 et
1405 3578 1474 3641 sine
1498 3587 1610 3641 matre.

805 3685 898 3764 Quae
922 3683 1018 3747 mode
1043 3693 1145 3746 mater
1168 3695 1246 3764 erat,
1273 3705 1349 3748 ecce
1373 3707 1516 3748 noverca
1539 3683 1614 3748 tibi!

751 3791 860 3856 Causa
883 3789 1023 3854 dolenda
1046 3789 1115 3853 tibi.
1162 3789 1266 3854 Dolus
1290 3790 1353 3854 hic.
1400 3789 1532 3872 Deleda,
1557 3801 1590 3854 et
1612 3791 1722 3876 iniquo

689 3911 724 3962 30
805 3899 924 3961 Puniat
948 3907 1078 3960 ctemus
1103 3897 1187 3960 hune
1212 3896 1304 3960 dolor
1326 3899 1401 3982 igne
1425 3897 1549 3961 dolum!

752 4005 886 4090 lamque
911 4003 1010 4082 doles,
1035 4003 1196 4089 videoque
1221 4003 1294 4067 dolo
1317 4003 1361 4067 nil
1385 4005 1499 4068 iustius
1523 4006 1594 4086 isto,

805 4111 888 4175 Nam
912 4121 985 4174 tuus
1009 4111 1069 4173 iste
1093 4109 1178 4173 redit
1201 4113 1234 4174 in
1257 4121 1313 4174 tua
1337 4111 1478 4198 dampna
1501 4111 1604 4176 dolus.

751 4217 867 4282 Perdis
891 4217 925 4280 id
949 4239 1019 4280 esse
1044 4217 1131 4303 quod
1155 4239 1200 4298 es,
1225 4219 1302 4302 quia
1324 4220 1374 4281 vis
1399 4218 1486 4304 quod
1510 4241 1574 4283 nen
1597 4229 1690 4306 potes
1714 4240 1795 4282 esse.

805 4325 878 4388 Hoc
902 4323 1001 4388 habet
1025 4323 1223 4410 amplectens
1247 4325 1371 4388 omnia:
1396 4324 1483 4389 nulla
1506 4335 1605 4389 tenet.

691 4445 725 4496 35
753 4432 864 4495 Factis
888 4430 988 4516 digna
1011 4432 1074 4494 tuis
1098 4430 1297 4516 respondent
1319 4433 1453 4516 premia.
1488 4432 1614 4515 Perdis,

805 4538 893 4602 Dum
918 4539 1002 4623 petis
1026 4539 1142 4600 iniuste
1166 4559 1231 4601 nen
1255 4549 1320 4620 tua,
1345 4539 1413 4602 iure
1437 4549 1502 4602 tue.

756 4644 810 4708 lus
835 4667 991 4708 concessa
1015 4643 1074 4707 tibi
1097 4653 1195 4728 negat
1217 4645 1409 4708 inconcessa
1433 4646 1564 4730 petenti,

807 4751 942 4814 Icharus
967 4772 1018 4830 es,
1044 4773 1168 4813 summa
1192 4750 1268 4814 dum
1293 4753 1385 4836 petis,
1410 4753 1475 4815 ima
1498 4763 1600 4816 tenes.

262 4855 414 4950 Provfssgst,
755 4857 861 4938 Quam
884 4857 975 4938 facis,
1001 4857 1034 4920 in
1057 4857 1184 4921 foveam
1209 4857 1309 4922 cadis.
1356 4859 1467 4944 Ipsum
1490 4870 1522 4922 te
1546 4870 1602 4923 tua
1625 4858 1740 4924 fallunt

691 4976 727 5029 40
808 4965 912 5028 Retia.
960 4964 1094 5026 Summa
1117 4965 1163 5026 tui
1186 4975 1221 5027 tu
1244 4963 1303 5027 tibi
1327 4987 1426 5029 eausa
1449 4965 1535 5029 mali.

756 5070 844 5150 Quid
867 5071 971 5154 magis
996 5068 1139 5133 offendat
1161 5070 1260 5132 vitam
1284 5071 1434 5154 viventis,
1459 5073 1580 5158 apertis

807 5178 873 5242 Nos
898 5177 993 5240 docet
1016 5175 1174 5261 exemplis
1198 5199 1249 5239 res
1272 5189 1338 5257 tua,
1362 5178 1465 5242 forma
1488 5178 1591 5243 malis.

691 5317 692 5322 ¹
754 5284 807 5349 Nil
831 5284 953 5348 homini
977 5284 1108 5366 gravius
1132 5281 1270 5347 hominis
1294 5307 1393 5370 qoam
1416 5309 1519 5371 prona
1541 5286 1707 5351 voluntas:

808 5392 881 5455 Hac
906 5390 988 5453 duce
1013 5388 1089 5452 dum
1113 5412 1279 5476 properas,
1304 5391 1388 5455 hacb
1412 5393 1479 5456 ruis
1502 5394 1572 5479 ipse
1596 5391 1749 5479 probans.

541 5538 568 5602 a)
591 5540 772 5592 Octoviunum
791 5559 811 5590 r.
885 5535 912 5596 1))
934 5555 965 5587 ac
985 5555 1014 5597 c,
1034 5555 1096 5587 corr.
1117 5537 1196 5588 Dutlt.

545 5662 573 5745 1)
600 5667 647 5740 Cf.
668 5666 762 5725 Cetera
787 5688 810 5723 o.
830 5667 880 5722 39.
899 5665 949 5721 40.
1043 5655 1073 5744 2)
1098 5665 1133 5722 L.
1151 5668 1169 5722 l.
1193 5665 1472 5724 v.12.105.106.
1554 5662 1584 5746 3)
1611 5670 1644 5726 L.
1663 5671 1680 5725 l.
1705 5689 1730 5726 o.
1750 5669 1800 5724 61.
1820 5667 1870 5724 62.

434 5795 458 5833 v.
481 5774 535 5832 10:
561 5777 654 5832 Pallet
677 5775 839 5831 Alexandro
863 5779 923 5828 losa
946 5775 997 5827 sub
1022 5773 1102 5827 hoste
1127 5772 1209 5828 fidos.
