4410 6406
440 361 504 422 288
732 364 912 422 GERHOHI
934 365 1167 428 PRAEPOSITI
1190 364 1598 422 REICHERSBERGENSIS
1623 365 1789 420 LIBELLI.

440 552 544 634 brant,
569 555 597 616 si
620 575 784 639 nunquam
802 551 942 616 ordinati
965 551 1105 635 fuerunt,
1129 575 1190 618 nec
1215 554 1358 639 speciem
1383 554 1577 617 sacramenti
1600 551 1722 617 habere
1747 551 1879 616 dicendi
1903 563 1990 631 sunt,
2012 573 2096 636 quae

440 659 596 724 ordinatis
620 671 653 724 et
676 659 783 724 officio
800 660 936 746 privatis
952 659 1109 745 denegari
1124 682 1190 724 non
1206 670 1313 746 potest
1327 671 1460 746 propter
1475 659 1575 725 officii
1600 669 1849 740 sacramentum,
1867 657 1957 744 quod
1974 655 2098 722 auferri

438 789 503 831 non
532 777 639 853 potest
670 766 767 830 etiam
797 765 847 830 his
872 765 991 852 quibus
1016 766 1160 831 aufertur
1182 767 1334 831 officium.
1383 763 1466 830 Oum
1489 788 1568 851 ergo
1597 765 1676 831 dicit
1707 765 1921 829 auctoritas¹z
1954 764 2032 828 Noa
2057 779 2100 828 est

443 874 565 938 Obristi
578 898 702 960 corpus,
726 873 812 960 quod
825 876 1022 938 scismaticus
1038 876 1171 961 conficit,
1196 871 1504 959 subintelligendum
1520 883 1571 937 est
1587 883 1744 959 quantum
1761 870 1804 935 ad
1820 872 2011 952 essentiam,
2028 892 2099 934 rem

440 991 472 1044 et
495 978 715 1060 efficientiam,
740 979 827 1066 quod
855 989 964 1043 umen
988 979 1249 1066 quodammodo⁸
1273 980 1479 1066 specietenus
1504 989 1536 1043 et
1559 988 1858 1044 sacramentotenus
1890 977 1957 1042 dici
1988 987 2130 1063 potesta

440 1085 561 1151 Christi
592 1109 719 1173 corpus.
773 1086 935 1150 Iudicium
966 1085 1029 1150 sibi
1059 1086 1258 1151 manducant
1288 1087 1343 1173 qui
1378 1085 1459 1150 tales
1491 1085 1661 1151 existendo
1692 1083 1860 1150 celebrent
1889 1084 1945 1148 vel
1975 1082 2100 1148 talibus

439 1195 581 1258 scienter
611 1194 851 1257 communicant
881 1194 914 1256 in
939 1193 1055 1257 officiis
1085 1193 1268 1258 interdictis
1297 1203 1329 1256 et
1357 1192 1598 1258 aecclesiastico
1629 1191 1750 1256 iudicio
1784 1193 1920 1256 cassatis
1952 1214 1992 1255 ac
2026 1213 2101 1277 pre-

439 1299 634 1386 dampnatis.
681 1298 747 1364 Ubi
776 1322 854 1364 vero
885 1301 971 1363 intus
1002 1323 1021 1364 a
1051 1299 1144 1364 malis
1174 1300 1329 1364 ministris
1360 1321 1424 1364 non
1455 1298 1636 1364 interdictis
1667 1299 1767 1363 missa
1797 1297 1993 1380 celebratur,
2020 1297 2102 1384 quia

439 1407 566 1493 species
591 1418 624 1471 et
647 1407 788 1470 essentia
812 1407 958 1492 corporis
975 1403 1097 1470 Christi
1119 1405 1208 1493 apud
1231 1428 1287 1471 eos
1311 1417 1369 1487 est,
1394 1405 1494 1470 nichil
1511 1405 1613 1470 officit
1628 1428 1739 1470 eorum
1755 1405 1887 1470 malicia
1903 1404 2103 1491 simpliciter

439 1512 753 1578 communicantibus
778 1524 810 1578 et
825 1536 894 1577 rem
911 1511 1177 1600 percipientibus,
1195 1512 1312 1600 quibus
1329 1535 1496 1599 nunquam
1513 1511 1663 1576 salutaris
1680 1512 1815 1577 effectus
1832 1512 1949 1577 deesse
1965 1511 2101 1598 poterit,
2121 1538 2147 1576 ro

440 1622 567 1685 etiamsi
590 1620 695 1685 malus
719 1621 865 1684 minister
889 1620 939 1700 sit,
964 1642 1143 1707 perquem
1159 1618 1298 1684 visibilis
1322 1620 1364 1682 sit
1387 1619 1633 1684 amministratio
1657 1619 1830 1684 invisibilis
1854 1620 1993 1704 gratiae,
2013 1641 2103 1704 quae

440 1728 601 1792 desursum
627 1743 671 1792 eet
693 1728 880 1792 descendeus
903 1753 923 1792 a
939 1727 1034 1792 Patre
1059 1728 1212 1791 luminum
1235 1748 1295 1813 per
1317 1725 1530 1790 mediatorem
1546 1726 1611 1789 Dei
1636 1736 1668 1790 et
1692 1727 1858 1791 hominum
1875 1726 1986 1790 lesum
2003 1723 2102 1789 Chri-

440 1845 534 1916 stum,
560 1835 613 1898 cui
636 1857 702 1898 una
726 1857 800 1898 cum
816 1833 913 1898 Patre
937 1855 975 1898 ac
993 1833 1117 1919 Spiritu
1141 1843 1254 1897 sancto
1279 1833 1321 1897 sit
1343 1831 1447 1918 gloria
1470 1843 1502 1896 et
1525 1832 1629 1897 honor
1652 1856 1711 1919 per
1734 1833 1843 1897 omnia
1867 1831 1981 1897 secula
2005 1853 2102 1895 secu-

440 1941 552 2004 lorum.
600 1940 716 2004 Amen.

579 2311 660 2423 nx
692 2310 866 2396 niano
898 2189 1401 2397 herovallius
1433 2311 1609 2397 nutris
1644 2310 1946 2397 sansonis,

547 2454 690 2542 Eupenio
707 2452 772 2517 III.
798 2469 928 2534 mortuo,
953 2457 1007 2518 cui
1027 2457 1249 2541 eaposs'tiorsem
1274 2457 1309 2518 ia
1326 2479 1378 2541 ps.
1398 2457 1450 2518 64.
1477 2457 1571 2543 infra
1587 2455 1739 2519 edendam
1756 2457 1894 2534 suaserat,
1914 2454 2044 2519 Gerbob
2062 2455 2100 2518 dc

440 2575 520 2625 statu
544 2562 692 2626 ecciesiae
713 2561 920 2648 reformando
937 2585 999 2624 rsou
1014 2575 1189 2626 cessaverat
1211 2563 1366 2626 laborare.
1402 2561 1453 2626 Ab
1469 2561 1641 2626 Arrastasio
1658 2562 1795 2647 quide-m,
1819 2565 1887 2627 eius
1910 2586 2098 2640 srsccessore,

441 2668 604 2754 aeplcctus,
628 2668 776 2732 Adriano
800 2681 901 2732 tarsen
932 2682 1043 2752 quarto
1073 2692 1134 2731 sors
1162 2668 1253 2732 modo
1270 2693 1333 2754 per
1357 2669 1580 2733 Eberbardum
1603 2672 1782 2755 episcopum
1806 2669 2095 2756 Babersberperrsem

440 2775 604 2860 epistotam
627 2776 715 2838 misit
724 2779 746 2853 ²,
769 2774 826 2838 sed
848 2776 941 2837 etiam
962 2774 1049 2838 baad
1057 2799 1198 2860 parcum
1214 2799 1292 2860 opus
1309 2775 1347 2839 de
1363 2778 1552 2840 siccitatibus
1575 2790 1603 2840 et
1624 2778 1829 2840 abusionibus
1851 2779 2003 2862 temporis
2026 2801 2096 2840 cou-
2116 2805 2143 2840 eo

439 2883 579 2966 scripsit,
603 2881 689 2965 quod
706 2879 908 2966 Ituodsperus
923 2881 1035 2967 frater
1053 2880 1197 2946 Gerbobi
1217 2895 1330 2947 aestate
1354 2907 1382 2946 a.
1403 2884 1497 2947 1156.
1517 2885 1669 2970 pontifici
1690 2883 1863 2947 Beneuenti
1882 2886 2025 2947 mora-uti
2046 2884 2095 2946 ob·

441 2989 540 3066 trelitl,
554 3012 620 3050 cum
636 2987 674 3050 de
686 2986 832 3050 Conrado
846 2989 990 3072 episcopo
1003 2986 1186 3074 Aupustauo
1198 2988 1288 3074 apud
1297 2989 1400 3054 sedem
1413 2991 1618 3075 apostolicam
1631 2993 1837 3075 querereturl.
1868 2989 1965 3067 Quem
1980 2991 2096 3053 librum

440 3093 621 3158 Adriauum
642 3095 834 3180 approbasse
858 3118 954 3178 neque
979 3117 1050 3157 uero
1073 3097 1273 3180 respersione
1298 3096 1427 3182 dipsium
1452 3097 1597 3161 babuisse
1620 3112 1728 3162 auctor
1736 3111 1848 3182 postea
1871 3099 2049 3160 narrauit.
2145 3176 2149 3182 ¹

547 3201 656 3264 Etiam
682 3203 714 3265 iu
737 3201 793 3264 boc
818 3200 924 3264 libello
948 3200 1074 3264 Gerbob
1098 3201 1215 3265 clerum
1237 3203 1408 3267 assutorem
1433 3204 1685 3290 reformandum,
1710 3204 1791 3289 quid
1813 3204 1850 3268 dc
1874 3205 2096 3268 ecclesiasticis

441 3309 539 3386 boues,
554 3307 591 3372 de
608 3307 739 3372 decimis
754 3308 945 3372 secularium
962 3308 1158 3388 clericorum,
1172 3307 1210 3372 de
1226 3309 1345 3395 legistis
1362 3312 1491 3394 iureque
1503 3310 1647 3375 Romano
1662 3313 1797 3391 sentiret,
1808 3312 1925 3398 ¹facisse
1941 3314 2093 3397 esi-posuit.
2115 3337 2141 3375 ss

441 3414 549 3500 Neque
572 3416 800 3478 commorersias
824 3414 1027 3502 dogmaticas,
1052 3438 1131 3499 quas
1155 3439 1224 3477 cum
1248 3415 1418 3501 descipulis
1434 3415 1525 3481 Petri
1537 3417 1719 3482 Abaeiarcii
1740 3432 1767 3481 et
1792 3417 1933 3482 Gilberti
1954 3421 2098 3504 episcopi

441 3521 635 3586 Pictaoeasis
665 3522 784 3600 babuit,
808 3523 1028 3608 praetermisit
1036 3524 1056 3583 ⁶.
1109 3519 1346 3586 Oomrrseudavit
1368 3525 1461 3587 etiam
1479 3526 1631 3610 pomifiai
1652 3524 1769 3588 bibrum
1793 3524 1962 3588 Beruordi
1987 3524 2095 3588 Clare-

442 3629 593 3692 vailenss's
617 3628 655 3692 de
678 3628 927 3692 consideratione
950 3630 1111 3714 scriptum.

549 3770 575 3836 a)
598 3776 749 3839 quoniam?
768 3792 789 3824 c.

550 3902 578 3971 1)
606 3901 654 3974 Os.
676 3921 766 3977 supra
777 3921 810 3977 p.
830 3901 903 3970 286,
921 3923 949 3958 u.
966 3903 993 3957 1.
1064 3901 1094 3970 2)
1119 3902 1187 3958 Vide
1202 3902 1286 3974 iufra
1297 3923 1331 3978 p.
1351 3903 1423 3959 289.
1443 3905 1566 3979 praefi:
1589 3905 1968 3976 meminiameaparritate
1987 3907 2094 3978 episto·
2115 3926 2141 3964 so

441 4011 505 4078 lam,
531 4028 613 4082 quam
639 4017 668 4065 et
692 4010 809 4082 cognovi
832 4028 885 4081 per
909 4011 1038 4064 domnum
1054 4009 1325 4082 Bahcnbergcuscm
1348 4017 1447 4066 sancto
1471 4011 1641 4082 apostolatui
1665 4019 1714 4067 tuo
1730 4020 1941 4083 presentatum
1968 4011 2098 4069 Gerlsobi

441 4117 553 4192 epistl
581 4111 694 4192 (Miprse
718 4125 734 4171 t.
757 4115 828 4184 193,
854 4117 904 4172 col.
923 4111 1016 4190 489):
1048 4123 1077 4172 et
1107 4117 1163 4171 iarn
1192 4119 1319 4173 secundo
1344 4119 1370 4173 ei
1394 4119 1500 4189 scripta
1523 4135 1602 4174 meae
1634 4120 1782 4190 parvitatis
1812 4119 1919 4175 fuerint
1949 4127 2093 4191 porrecta,

440 4225 528 4295 primo
557 4241 611 4295 per
634 4224 774 4278 dominum
798 4222 1080 4295 Babenbergensem,
1110 4223 1213 4279 deiude
1244 4243 1296 4295 per
1318 4225 1435 4279 fratrem
1464 4243 1555 4280 meum
1579 4227 1720 4281 uterinum
1745 4226 1779 4280 R.
1895 4222 1926 4299 3)
1951 4225 2038 4282 Liber
2062 4227 2096 4282 de

438 4329 532 4405 pieria
556 4337 583 4385 ct
604 4329 710 4386 bonore
718 4328 777 4406 filii
800 4328 918 4385 bominis
942 4323 1054 4404 (Mipue
1077 4337 1095 4384 t.
1113 4328 1183 4396 194,
1205 4330 1255 4386 col.
1272 4325 1385 4404 1078).·
1411 4330 1547 4386 Similiter
1563 4331 1688 4388 Adriano
1704 4351 1806 4404 papae,
1825 4351 1887 4386 cum
1904 4341 1981 4389 esset
1997 4333 2093 4390 Bene·

441 4438 518 4491 venti
543 4454 631 4508 agens
653 4437 710 4491 illic
735 4437 771 4492 de
796 4437 945 4491 concordia
967 4437 1043 4491 inter
1066 4455 1096 4490 se
1121 4455 1153 4491 sc
1178 4435 1301 4492 Siculum
1324 4446 1485 4510 tyranuum,
1516 4446 1699 4510 presentatus
1731 4447 1773 4493 est
1805 4439 1919 4494 libellus
1943 4441 1978 4494 ad
2003 4442 2094 4512 ipsum
2113 4458 2139 4497 se

441 4544 574 4609 dictatus,
605 4543 634 4597 in
658 4561 713 4614 quo
743 4544 885 4598 novitates
914 4543 996 4597 huius
1026 4545 1159 4614 temporis
1190 4562 1291 4616 magna
1322 4563 1356 4600 ex
1379 4552 1461 4617 parte
1494 4547 1639 4617 congessi;
1672 4545 1750 4620 epist.
1771 4545 1820 4600 18.
1852 4548 1870 4603 t.
1892 4549 1908 4602 l.
1935 4549 1984 4602 col.
2012 4547 2092 4602 571:

443 4647 568 4712 Quorum
586 4650 790 4705 assertionibus
813 4650 998 4704 auctoritates
1014 4657 1126 4720 patrum
1142 4652 1295 4706 soumarias
1319 4661 1349 4707 ct
1372 4660 1486 4708 nostrae
1511 4654 1660 4708 assertioni
1684 4671 1820 4709 consonas
1844 4654 1872 4708 in
1889 4673 1974 4709 unum
1998 4656 2093 4710 studui

442 4756 586 4828 colligere,
616 4757 705 4828 primo
735 4758 763 4810 in
787 4757 922 4828 opusculo
945 4758 981 4811 sd
1004 4775 1105 4827 papam
1130 4757 1284 4812 Adria-num
1308 4760 1415 4814 dictato
1441 4767 1471 4814 et
1496 4761 1599 4826 eidem,
1624 4778 1686 4814 cum
1711 4767 1788 4816 esset
1813 4761 1984 4829 Beneventi,
2008 4781 2092 4833 prae-

442 4870 570 4928 sentat03
596 4862 674 4938 epist.
693 4862 744 4919 21.
769 4865 787 4918 l.
805 4865 822 4918 l.
849 4865 898 4919 col.
918 4861 997 4917 578:
1023 4862 1131 4919 Beatae
1153 4882 1264 4936 quoque
1288 4869 1437 4922 memoriae
1462 4886 1554 4938 papae
1572 4868 1698 4923 Adriano
1722 4869 1782 4922 misi
1806 4869 1970 4940 opusculum
1995 4877 2094 4924 contra

441 4971 583 5025 novitates
608 4978 638 5025 et
662 4970 811 5024 abusiones
834 4987 934 5041 pravas
959 4977 1130 5024 contextum.
1179 4969 1334 5028 Beneuenti
1351 4993 1434 5048 papa
1458 4993 1476 5028 a
1500 4973 1545 5029 die
1573 4973 1624 5029 21.
1650 4973 1721 5031 Nou.
1747 4995 1775 5030 a.
1797 4974 1889 5030 1155.
1908 5005 1952 5014 -
1971 4975 2020 5031 10.
2038 4975 2091 5031 Iul.
2111 4992 2137 5031 so

442 5096 470 5132 a.
491 5076 583 5132 1156.
616 5076 789 5144 morabatur,
821 5075 909 5148 Jaffc'
934 5095 979 5132 ur.
1000 5075 1271 5134 10097—10197.
1303 5077 1443 5155 Rudipsri
1471 5079 1523 5135 iter
1547 5099 1574 5135 a.
1596 5079 1689 5136 1156.
1721 5082 1762 5137 ari
1788 5082 1879 5137 sedem
1910 5082 2093 5156 apostolicam

441 5191 595 5258 acceptam
620 5183 649 5238 iu
667 5181 771 5240 Comm.
796 5183 824 5238 in
836 5203 883 5258 ps.
901 5181 971 5238 123.
990 5190 1229 5239 corrrrncruoratur.
1267 5183 1316 5255 Cf.
1335 5183 1439 5241 Obroa.
1459 5185 1563 5262 Mapui
1575 5186 1670 5261 presb.
1688 5186 1899 5264 Beicbersbcrp.
1919 5187 1973 5244 SS.
1991 5188 2092 5256 XVII,

438 5309 470 5364 p.
489 5288 562 5345 495.
633 5287 664 5358 4)
688 5289 719 5345 V.
743 5309 833 5364 stupra
851 5309 884 5364 p.
903 5289 975 5344 133.
1046 5285 1077 5362 5)
1102 5289 1194 5363 Epist.
1212 5290 1238 5345 1.
1264 5291 1281 5345 l.
1299 5291 1334 5345 t:
1358 5310 1410 5346 nec
1435 5293 1550 5362 aliquod
1573 5295 1660 5348 abeo
1686 5295 1843 5365 acceperim
1859 5313 2024 5366 responsum
2040 5315 2093 5368 per

444 5397 607 5468 epistolam,
633 5396 712 5470 epist.
730 5396 782 5451 21.
808 5398 825 5452 l.
843 5398 879 5452 t:
904 5397 949 5450 Ad
974 5397 1049 5468 quod
1073 5397 1141 5451 licet
1164 5396 1203 5450 nil
1226 5398 1406 5468 responderit
1430 5400 1545 5470 scripto,
1568 5407 1696 5456 attamen
1720 5402 1796 5456 dicto
1819 5401 1889 5456 illud
1913 5403 2091 5473 approbarit.

444 5503 475 5572 6)
502 5501 550 5574 Of.
575 5503 604 5584 iu
627 5505 775 5578 opusculo:
797 5502 894 5560 Utrum
914 5499 1040 5559 Christus
1064 5502 1143 5559 bour-o
1165 5502 1201 5558 sit
1215 5502 1296 5580 filias
1312 5502 1369 5559 Dei
1390 5505 1533 5562 staturalis
1555 5501 1637 5580 (Coti.
1657 5505 1687 5564 S.
1705 5507 1786 5563 Petri
1801 5507 1950 5584 Salzburp.
1965 5508 2013 5577 Vl,
2040 5509 2091 5579 33,
2110 5525 2136 5564 ee

436 5604 570 5682 f.164‘).·
595 5609 724 5664 Sufficiat
747 5611 783 5665 ad
799 5628 918 5682 presens
941 5610 995 5665 hec
1018 5627 1118 5681 pauca,
1143 5611 1272 5681 quoniam
1297 5611 1332 5666 de
1353 5612 1472 5666 materia
1495 5613 1596 5669 eadem
1611 5614 1694 5684 plura
1716 5615 1834 5669 diximus
1859 5623 1889 5671 et
1911 5615 1940 5670 iu
1956 5616 2092 5687 opusculo

443 5718 478 5770 ad
502 5735 603 5788 papam
628 5715 782 5770 Adrianum
813 5723 842 5770 et
872 5718 901 5770 in
925 5717 979 5770 alio
1003 5715 1111 5770 scilicet
1134 5722 1269 5787 opusculo
1292 5716 1338 5770 Ad
1361 5718 1557 5773 Eberhardum
1581 5718 1814 5792 salzburgensem
1839 5723 2090 5795 archiepiscopum,

444 5825 519 5894 quod
543 5822 603 5878 eius
626 5823 740 5878 hortatu
763 5824 923 5894 scripsimus
948 5823 1030 5892 eique
1055 5823 1207 5893 legendum
1230 5825 1413 5893 porreximus.
