4410 6406
556 393 674 448 LIBER
697 393 748 446 DE
774 391 1039 448 NOVITA'I'IBUS
1063 392 1183 450 HUIUS
1206 392 1413 448 TEMPORIS.
1749 386 1812 450 289

263 581 364 647 Libri·
391 581 430 646 de
459 582 650 646 novitatibus
679 581 773 645 liuius
803 582 962 666 temporis,
993 604 1082 665 quern
1114 594 1288 666 excerptum
1321 581 1444 643 invenie
1474 582 1507 643 iu
1533 579 1733 668 ‘Zeitacbrift
1747 581 1814 668 fiir

147 689 351 754 karliolisclie
371 687 402 752 Τ
398 687 553 776 beolopz'e’
577 702 596 752 t.
622 686 679 750 IX
699 686 834 771 (1885),
857 711 894 774 p.
921 687 1143 766 546-5531,
1175 700 1202 749 et
1224 710 1280 750 nos
1296 687 1485 774 frapriienta
1509 686 1636 751 lecturis
1656 711 1812 774 propone·

146 820 236 876 snus,
267 798 328 861 etsi
354 796 451 860 multo
478 798 602 860 maiora
634 796 676 858 iis
707 819 786 879 quiue
808 793 851 856 H.
873 793 992 858 Grrbur
1016 791 1048 856 S.
1074 792 1100 856 I.
1134 795 1218 880 typis
1248 793 1419 856 niaridauit.
1471 791 1643 858 Omisimus
1667 818 1703 858 eo
1733 819 1812 880 quoe

146 926 218 966 non
254 905 322 967 nisi
353 902 560 990 theologorum
597 903 742 966 interesse
770 915 912 986 possunt.
966 900 1099 987 Lepitur
1129 901 1311 986 opusculum
1343 902 1376 964 in
1408 900 1513 964 codiee
1543 900 1816 966 admuntensi·

109 1035 124 1073 s
149 1035 204 1072 nr.
224 1011 301 1090 434,
323 1033 402 1074 saec.
429 1007 511 1089 XII,
534 1009 625 1088 rubr,
648 1007 784 1071 recaredo
805 1021 908 1094 purte,
932 1009 1022 1071 cuius
1045 1030 1190 1070 itamaros
1205 1009 1403 1094 popinarum
1428 1006 1657 1070 adnomrimus.

294 1133 382 1198 Wru
391 1136 445 1197 tis
454 1135 568 1198 lavia
577 1157 610 1212 e,
634 1158 664 1196 a.
685 1133 779 1212 1895,
804 1155 906 1196 merrae
930 1129 1114 1217 Septembri.
1438 1130 1478 1194 Ε.
1505 1129 1560 1196 SA
1567 1129 1702 1194 CKUR.

268 1363 334 1429 'Ad
356 1375 399 1446 te,
424 1365 569 1429 Romane
593 1363 741 1450 pontifex
763 1362 920 1442 Adriane,
951 1371 1076 1448 patrem
1107 1372 1140 1425 et
1170 1361 1335 1426 dominum
1366 1383 1474 1426 meum
1503 1361 1627 1449 loquar,
1652 1385 1725 1427 cum
1751 1363 1811 1427 sim
1831 1384 1896 1435 *aa

151 1471 266 1558 pulvis
290 1483 322 1536 et
344 1473 436 1554 cinis,
461 1493 543 1535 ausu
566 1468 721 1556 loquendi
744 1493 809 1534 non
825 1471 1008 1551 temerarie,
1033 1467 1100 1551 sed,
1124 1479 1161 1532 ut
1184 1466 1333 1550 arbitror,
1357 1469 1553 1532 necessario.
1598 1468 1753 1556 Denique
1777 1470 1811 1533 in

153 1578 221 1643 hoc
245 1589 388 1664 tempore
414 1577 612 1664 apostolatus
642 1578 690 1641 tui
719 1599 784 1641 non
812 1576 915 1641 solum
938 1575 1072 1639 flumina
1095 1574 1252 1639 secularis
1276 1576 1562 1661 concupiscentiae
1585 1577 1753 1662 regnantis
1777 1577 1810 1640 in

97 1713 131 1750 rc
157 1686 247 1750 clero
271 1683 395 1771 absque
418 1683 540 1771 regulis
563 1695 629 1749 tam
654 1682 866 1770 synodalibus
882 1705 979 1769 quam
997 1679 1235 1746 cenobitalibus
1260 1693 1475 1746 conversante
1499 1681 1677 1764 illiduntur,
1700 1681 1810 1746 domui

154 1793 223 1856 Dei
251 1815 348 1878 supra
372 1802 497 1878 petram
521 1790 688 1871 fundatae,
717 1790 814 1855 Petro
839 1790 1042 1870 commissae,
1074 1787 1132 1852 sed
1164 1799 1196 1852 et
1219 1799 1388 1852 ventorum
1420 1789 1538 1852 nimius
1568 1790 1708 1876 impetus
1738 1790 1811 1875 ipsa
1829 1776 1974 1880 ,1„,l,‘,·,‚25‚

156 1899 271 1963 domus
295 1898 389 1962 huius
413 1897 625 1962 fundamenta
646 1920 707 1983 per
722 1896 927 1984 quorundam
943 1905 1113 1960 ventosam
1137 1895 1366 1982 loquacitatem
1391 1894 1580 1960 subvertere
1604 1896 1728 1960 nititur.
1766 1895 1810 1960 Et

155 2005 288 2092 quidem
319 2016 433 2070 contra
462 2004 605 2069 insanias
637 2003 828 2069 clericorum
860 2002 1052 2067 seculariter
1079 2024 1119 2067 ac
1142 2001 1315 2088 plusquam
1338 2001 1498 2066 laicaliter
1520 2001 1754 2067 luxuriantium
1778 2013 1811 2067 et

154 2113 300 2198 graciam
324 2112 459 2176 Domini
488 2111 753 2175 transferentium
783 2112 817 2174 in
841 2133 917 2174 suas
947 2109 1103 2192 luxurias,
1133 2107 1209 2172 dum
1238 2130 1392 2194 perverse
1417 2119 1610 2173 consumunt
1639 2108 1810 2175 facultates

106 2247 136 2284 rs
155 2218 428 2300 aecclesiasticas,
459 2220 524 2282 iam
549 2217 763 2282 saluberrima
786 2217 919 2282 decreta
942 2216 1148 2303 promulgata
1172 2227 1247 2280 sunt
1275 2217 1309 2280 in
1333 2215 1479 2280 conciliis
1503 2238 1542 2280 ac
1567 2214 1707 2280 decretis
1737 2239 1809 2303 pre·

155 2325 364 2390 decessorum
395 2336 523 2390 tuorum
550 2324 686 2389 elericos
709 2326 911 2389 incestuosos
936 2335 968 2388 et
992 2323 1180 2388 ambitiosos
1204 2323 1452 2409 dampnantium
1475 2336 1508 2387 et
1534 2322 1808 2408 interdicentium,

155 2455 293 2518 quoium
318 2433 455 2497 crimina
478 2431 653 2496 manifesta
676 2442 750 2496 sunt
766 2431 977 2518 precedentia
1001 2430 1043 2494 ud
1067 2430 1234 2512 iudicium,
1259 2431 1304 2493 ita
1321 2442 1357 2494 ut
1373 2453 1428 2495 eos
1445 2432 1594 2495 accusari
1617 2452 1656 2495 ac
1673 2430 1808 2496 testibus

155 2540 307 2604 convinci
337 2562 401 2604 non
432 2541 474 2603 sit
504 2540 608 2624 magis
631 2540 852 2602 necessarium
877 2561 973 2624 quam
998 2538 1228 2602 fornicatorem
1252 2537 1342 2602 illum
1365 2536 1543 2624 publicum,
1568 2560 1665 2625 quem
1687 2537 1808 2604 Paulus

155 2647 320 2733 apostolus
344 2645 503 2710 iudicavit
532 2669 598 2710 non
621 2656 687 2709 tam
712 2645 964 2710 examinandum
990 2667 1088 2732 quam
1112 2644 1355 2732 dampnandum
1380 2656 1413 2710 et
1436 2646 1529 2732 quasi
1553 2657 1647 2710 vetus
1670 2644 1810 2711 fermen-
1829 2667 1959 2719 rosana

109 2781 135 2820 ao
155 2765 222 2817 turn
254 2752 512 2840 expurgandum.
560 2752 634 2832 Que
664 2753 816 2816 nimirum
848 2752 980 2816 decreta
1004 2753 1030 2816 si
1054 2753 1320 2839 manciparentur
1350 2752 1480 2817 effectui
1511 2764 1624 2818 contra
1652 2752 1809 2818 illisiones

154 2859 324 2924 fluminum
348 2859 459 2925 domui
482 2860 557 2942 Dei,
583 2861 667 2924 sicut
690 2870 836 2946 apparet,
865 2859 994 2946 illisque
1019 2861 1096 2923 satis
1120 2859 1242 2924 utiliter
1265 2868 1351 2924 esset
1374 2859 1562 2924 confultum.
1610 2860 1717 2946 Super
1740 2861 1809 2947 qui-

153 2966 216 3030 bus
240 2979 297 3031 aut
320 2967 450 3031 effectui
477 2966 705 3053 mancipandis
736 2977 791 3030 aut
815 2988 925 3030 eorum
951 2965 1247 3052 prevaricatoribus
1272 2977 1304 3030 et
1327 2965 1568 3052 neglectoribus
1592 2966 1690 3053 digne
1714 2969 1809 3032 casti-

155 3073 274 3159 gandis
305 3075 436 3138 memini
461 3096 481 3138 a
504 3095 578 3138 mea
608 3075 770 3160 parvitate
802 3073 960 3138 directam
991 3072 1172 3159 epistolam,
1205 3097 1302 3159 quarn
1334 3086 1365 3138 et
1396 3075 1535 3160 cognovi
1566 3096 1626 3161 per
1655 3074 1809 3139 domnum

156 3179 488 3267 Babenbergensem²
519 3191 630 3245 sancto
662 3180 856 3267 apostolatui
886 3191 941 3246 taio
971 3191 1201 3267 presentatam,
1234 3182 1326 3245 cuius
1357 3182 1485 3245 initium
1515 3181 1591 3244 fuit:
1628 3183 1675 3246 Tu
1699 3186 1986 3268 aequiternam.

107 3315 135 3353 aa
155 3303 302 3353 omnum
325 3313 357 3352 es
379 3313 421 3352 an
445 3290 545 3354 alium
569 3290 810 3375 ceperanum
854 3287 1077 3374 Expectamus
1102 3288 1188 3351 enirn
1212 3289 1295 3351 sicut
1318 3287 1384 3352 illic
1408 3289 1525 3374 partim
1543 3279 1808 3374 significavimus,

154 3397 273 3481 partim
297 3394 489 3481 prudentiae
513 3404 588 3459 tuae
611 3417 728 3481 perse
752 3393 1078 3458 animadvertendum
1102 3395 1352 3476 reservavimus,
1377 3394 1474 3458 talem
1498 3393 1585 3458 sedis
1609 3394 1808 3481 apostolicae

155 3503 342 3583 antistitem,
372 3501 425 3566 cui
448 3500 603 3566 videlicet
626 3501 715 3564 velut
745 3501 837 3565 alteri
862 3501 957 3566 Iosue
989 3500 1077 3565 dicat
1099 3501 1277 3565 Dominus:
1306 3501 1497 3591 Consortore
1520 3517 1548 3566 et
1570 3517 1631 3567 esto
1655 3505 1930 3575 robertianum.

161 3609 209 3672 Tu
232 3612 315 3674 enim
338 3609 517 3674 introduces
534 3611 691 3696 populum
721 3633 821 3673 meum
853 3612 887 3673 in
910 3624 1026 3673 terrum
1052 3610 1129 3673 lecte
1152 3624 1181 3673 et
1202 3610 1292 3674 vitella
1321 3624 1507 3674 vacuantem.
1548 3608 1662 3673 Talem
1688 3619 1808 3673 terram
1828 3633 1965 3682 concaua

154 3715 189 3778 in
220 3717 287 3779 suis
317 3715 458 3780 decretis
482 3715 690 3779 Innocentius
721 3725 753 3778 et
782 3714 951 3800 Eugenius
982 3716 1106 3800 egregii
1137 3715 1388 3800 predecessores
1419 3716 1465 3779 tui
1496 3717 1590 3802 quasi
1613 3715 1745 3802 Moyses
1776 3725 1808 3780 et

107 3849 136 3888 so
154 3821 267 3886 Aaron
297 3821 577 3908 preostenderunt,
609 3820 668 3884 sed
695 3831 797 3885 morte
826 3822 975 3907 preventi
998 3844 1063 3886 non
1087 3821 1281 3886 introierunt
1303 3844 1410 3908 neque
1434 3821 1684 3887 introduxerunt
1706 3846 1807 3909 popu-

154 3928 221 3992 lum
244 3929 309 3993 Dei
340 3930 374 3992 in
404 3949 486 4008 eam,
516 3950 582 3992 non
604 3927 751 3992 valentes
781 3929 815 3991 in
846 3927 961 3992 diebus
993 3929 1059 3992 suis
1090 3927 1221 3992 effectui
1250 3930 1438 4015 mancipare
1470 3951 1533 4016 que
1558 3939 1737 3994 statuerant
1767 3928 1808 3993 de

154 4034 396 4100 concubinariis
421 4045 453 4098 et
476 4034 689 4100 conducticiis
713 4032 905 4118 abiciendis,
932 4033 972 4098 de
996 4034 1085 4098 falsis
1116 4035 1303 4120 penitentiis
1328 4036 1494 4118 cavendis,
1526 4035 1567 4100 de
1597 4035 1807 4101 incendiariis

153 4141 338 4229 puniendis,
362 4142 404 4206 de
429 4142 554 4207 clericis
580 4141 836 4227 disciplinandis,
866 4140 906 4205 de
931 4140 1230 4206 sanctimonialibus
1254 4142 1420 4207 claustrali
1444 4142 1591 4208 custodia
1619 4144 1807 4230 mancipan-

155 4248 216 4330 dis,
241 4248 281 4313 de
305 4263 421 4335 treuga
445 4247 607 4312 servanda
630 4258 663 4311 et
686 4247 726 4312 de
751 4250 889 4313 caeteris
913 4247 956 4312 ad
980 4248 1130 4312 decorem
1155 4248 1269 4313 domus
1289 4249 1356 4313 Dei
1378 4249 1616 4336 pertinentibus
1639 4273 1806 4337 novasque

109 4384 136 4424 as
154 4355 328 4420 abusiones
352 4366 575 4441 competenter
596 4353 845 4419 medicantibus.
893 4354 980 4435 Quia
1004 4378 1080 4441 ergo
1104 4354 1242 4419 verbum
1267 4354 1307 4420 de
1333 4379 1388 4420 ore
1403 4356 1470 4421 Dei
1493 4379 1552 4442 per
1566 4357 1656 4420 Petri
1680 4380 1807 4423 succes·

156 4485 245 4526 sores
269 4485 435 4548 egressum
459 4485 524 4525 non
548 4472 728 4526 revertetur
752 4461 884 4525 adeum
901 4484 1051 4544 vacuum,
1077 4461 1134 4526 sed
1158 4462 1257 4526 faciet
1281 4464 1477 4550 quicumque
1494 4463 1596 4528 voluit
1619 4473 1652 4528 et
1674 4487 1807 4551 prospe·
1827 4489 1954 4540 canani.

155 4567 280 4633 rabitur
302 4571 336 4632 in
359 4569 420 4652 his,
451 4569 493 4632 ad
518 4591 580 4654 que
611 4569 745 4632 missum
769 4579 827 4648 est,
857 4568 993 4654 pusillae
1017 4569 1094 4632 fidei
1119 4570 1277 4655 arguendi
1302 4593 1423 4653 sumus,
1453 4571 1515 4634 nisi
1543 4569 1698 4635 mandata
1720 4571 1963 4646 aedicularum.

156 4675 352 4762 apostolicae
388 4673 561 4740 salubriter
595 4676 713 4739 emissa
748 4676 919 4739 credamus
955 4675 1085 4740 effectui
1117 4676 1312 4762 quandoque
1344 4677 1575 4763 mancipanda,
1611 4679 1657 4741 ita
1686 4689 1723 4741 ut
1752 4688 1808 4742 aut

155 4782 287 4847 flectant
316 4793 372 4847 aut
402 4782 564 4868 frangant,
594 4781 728 4846 flectant
758 4792 993 4846 consentaneos
1024 4781 1066 4846 ad
1098 4781 1327 4866 obedientiam,
1359 4783 1512 4870 frangant
1535 4783 1740 4848 adversarios
1764 4784 1806 4848 ad

593 5017 595 5022 ’
657 5017 683 5078 1.
719 5014 778 5077 De
804 5011 931 5077 verbo
956 5013 1035 5077 Dei
1059 5015 1304 5078 victorioso.

264 5325 293 5394 1)
320 5324 369 5397 Cf.
387 5325 468 5382 etiam
485 5325 569 5381 Barla
592 5325 621 5380 iu
639 5323 772 5382 ‘Oestcrr¹
790 5324 1068 5398 I‘⁷icr·teljalir·selirift
1080 5325 1140 5396 siir
1155 5323 1326 5382 buthcliscbe
1345 5325 1503 5402 Theolopie'
1528 5321 1657 5401 (1865),
1679 5347 1710 5402 p.
1727 5327 1806 5397 115,-

156 5432 271 5504 Hbffer,
289 5431 363 5489 ‘Der
378 5431 476 5508 beilipe
491 5431 651 5489 anbard
664 5451 717 5488 uon
736 5429 908 5488 Ulciruuur’
928 5451 960 5506 p.
981 5430 1052 5486 202.
1124 5431 1154 5499 2)
1181 5432 1379 5488 Eberhardmu
1397 5432 1437 5502 II,
1462 5432 1511 5508 qui
1531 5433 1604 5489 sedit
1624 5453 1652 5489 α.
1673 5432 1806 5488 1146-

111 5538 252 5601 451172.
368 5537 398 5608 3)
430 5539 507 5595 lulis
531 5538 647 5614 epistole
678 5538 752 5595 inter
775 5537 864 5594 editos
895 5539 985 5606 deest;
1017 5538 1057 5608 cf.
1088 5546 1180 5594 utitem
1206 5536 1334 5596 Gmbolii
1363 5539 1441 5613 epist.
1463 5540 1489 5595 1.
1521 5540 1563 5594 ad
1584 5539 1618 5595 A..
1642 5539 1806 5615 niapistrum

157 5640 268 5723 (Mipne
292 5653 309 5702 t.
330 5644 401 5714 193,
428 5647 478 5702 ccl.
497 5640 591 5720 489).·
622 5647 703 5700 Nunc
728 5653 824 5700 autem
848 5646 1002 5700 successori
1028 5647 1087 5700 eius
1111 5645 1237 5700 Adriano
1260 5664 1352 5716 papae
1382 5665 1444 5702 cum
1468 5648 1518 5702 sim
1541 5647 1615 5702 facie
1639 5648 1752 5718 ignotus
1777 5655 1806 5702 et

158 5754 210 5808 iam
233 5755 359 5808 secundo
384 5754 410 5808 ei
434 5754 540 5824 scripta
562 5771 642 5808 nicae
666 5753 814 5824 parvitat-is
838 5752 945 5806 fuerint
960 5759 1101 5822 porrecta,
1125 5753 1214 5823 primo
1238 5769 1289 5822 per
1305 5753 1445 5807 dominum
1461 5753 1732 5826 Babenbergcnsem
1756 5762 1805 5810 ete.

228 5872 328 5924 Libelli
346 5874 380 5924 do
400 5873 456 5924 lite.
489 5874 543 5923 111.
1560 5876 1592 5925 37
