4426 6398
464 408 527 472 602
1170 413 1381 470 APPENDIX.

464 601 550 668 Sane
575 602 679 665 eciam
704 599 826 665 discolo
850 600 980 665 domino
1004 599 1150 665 debitum
1174 599 1311 665 reddere
1335 598 1502 682 debemus,
1526 602 1572 664 its
1594 611 1703 664 temen
1717 611 1754 665 ut
1768 599 1844 664 Deo
1861 596 2010 663 debitum
2025 622 2098 666 suun

462 729 527 771 non
551 706 761 792 denegemus,
786 707 906 793 quippe
930 717 965 772 ut
987 708 1095 794 potius
1117 708 1210 790 mon',
1235 729 1332 793 quem
1356 708 1387 771 ei
1410 709 1444 771 in
1460 707 1568 794 aliquo
1585 707 1754 772 adversari
1771 705 1814 771 ab
1830 705 1946 792 ulique
1961 715 2100 792 potestate

464 813 623 878 saeculari
640 835 805 899 cogemur.
841 813 896 879 Sic
912 815 1024 901 utique
1041 837 1153 880 omnes
1169 815 1273 880 saneti
1296 817 1445 879 martires
1469 815 1615 880 coronati
1632 825 1714 898 sunt,
1733 837 1771 880 eo
1788 812 1879 902 quod
1903 812 1986 878 nulli
2000 813 2101 881 vellent

464 919 597 986 obedire
622 929 736 984 contra
751 919 939 986 Dominum.
976 921 1031 988 Sic
1048 921 1319 986 Valentinianus*
1343 920 1542 986 tribunatum
1565 923 1672 1008 potius
1695 921 1799 986 voluit
1822 919 1966 1007 perdere
1978 924 2004 1002 ¹,·
2023 943 2102 1006 quun

463 1026 589 1092 Iuliano
614 1038 751 1112 augusto
776 1037 889 1092 contre
910 1027 1019 1092 Deum
1050 1026 1193 1093 obedire.
1240 1029 1284 1092 Et
1313 1039 1399 1110 note,
1431 1027 1518 1114 quod
1547 1029 1724 1115 imperator
1754 1051 1820 1092 nou
1851 1025 1956 1091 multu
1987 1037 2058 1112 post
2081 1045 2125 1092 ets

463 1135 564 1198 vitum
588 1132 683 1198 simul
707 1143 739 1197 et
760 1155 898 1220 regnum
921 1134 1058 1221 turpiter
1081 1134 1232 1221 perdidit,
1257 1133 1310 1198 ille
1334 1146 1442 1200 autem
1460 1135 1515 1222 qui
1531 1158 1590 1221 pro
1606 1135 1749 1200 Domino
1766 1133 1973 1198 tribunatum
1990 1131 2103 1214 dimisit,

287 1267 445 1318 statutum.
465 1263 507 1305 ex
523 1240 590 1305 Dei
605 1239 807 1305 ordinatione
831 1263 968 1327 regnum
984 1241 1129 1305 eiusdem
1154 1253 1300 1328 apostate
1325 1240 1463 1306 obtinuit
1487 1253 1519 1307 et
1542 1243 1634 1306 iuxta
1658 1240 1876 1328 euangelium,
1904 1241 1961 1326 qui
1985 1261 2103 1325 pervum

464 1370 533 1411 rem
556 1369 615 1433 pro
638 1347 781 1412 Domino
805 1346 937 1430 dimisit,
962 1347 1148 1434 centuplum
1173 1349 1270 1412 etiam
1294 1349 1327 1412 in
1351 1348 1412 1414 hee
1435 1350 1504 1414 vita
1527 1351 1674 1437 recipere
1697 1350 1824 1413 memit.

573 1545 600 1610 a)
622 1548 829 1600 Valentinianus
848 1565 869 1599 c.

575 1728 604 1800 1)
629 1729 716 1788 Pauli
737 1729 810 1788 Hist.
835 1730 917 1788 Rom.
942 1732 960 1788 l.
979 1731 1032 1802 XI,
1056 1732 1099 1788 ed.
1124 1731 1256 1805 Droysetz
1277 1752 1307 1807 p.
1328 1731 1399 1788 185.
