4478 6396
461 395 523 457 192
751 401 932 458 GERHOHI
953 401 1187 458 PRAEPOSITI
1210 399 1617 457 REICHERSBERGENSIS
1641 400 1805 454 LIBELLI.

457 589 542 653 sicut
562 589 597 651 in
621 611 660 653 ea
684 589 893 653 constitutum
918 599 977 671 est,
1002 590 1225 674 cuiuscunque
1250 588 1372 652 ordinis
1397 585 1517 666 clerici,
1543 587 1598 672 qui
1622 587 1841 650 coniventiam
1870 587 1904 649 in
1928 585 2113 649 aecclesiae

456 694 599 781 dampna
622 696 770 777 miscent,
795 693 908 760 ordine
933 705 1030 782 atque
1055 697 1281 760 communione
1298 693 1522 780 privarentur!
1558 691 1693 757 Utinam
1709 691 1765 774 illi,
1790 691 1909 779 quibus
1927 691 2113 756 aecclesiae

455 799 597 887 dampna
621 801 803 888 displicent,
828 801 963 867 clericos
980 801 1160 875 aecclesiae
1177 823 1255 866 suae
1271 801 1451 865 nuditatem
1469 798 1687 886 deplorantes
1712 799 1751 862 16
1776 798 1895 885 quihus
1918 798 1966 862 ibi
1990 798 2113 862 lectum

455 918 513 988 661,
538 909 756 972 imitarentur!
793 906 890 972 Certe
914 909 942 972 si
965 908 1026 972 hoc
1042 909 1166 990 fierent,
1192 907 1348 994 quicquid
1365 919 1478 971 contra
1493 907 1588 970 istam
1605 915 1752 970 sanctam
1769 906 2034 971 constitutionem
2052 905 2113 968 im-

454 1013 556 1100 probe
572 1025 699 1102 gestum
715 1017 899 1102 iniustaque
916 1025 1138 1101 presumptum
1156 1025 1214 1096 est,
1239 1023 1295 1079 aut
1317 1013 1425 1094 finem,
1442 1014 1515 1077 Deo
1533 1013 1761 1099 triumphante,
1786 1013 1951 1098 acciperet
1968 1023 2024 1076 aut
2042 1012 2111 1097 epi·
2131 1033 2145 1074 s

365 1143 436 1188 ⁸r.rs.
454 1123 562 1207 scopis
586 1131 619 1186 et
642 1121 769 1187 clericis
789 1120 1052 1208 dampnationem
1069 1131 1260 1208 perpetuam
1284 1144 1349 1185 non
1373 1122 1577 1206 importaret:
1603 1119 1733 1206 quando
1750 1123 1823 1183 'aut
1844 1118 1897 1182 hic
1914 1119 2114 1205 punirentur

454 1238 511 1293 aut
534 1251 593 1293 sua
616 1228 847 1294 reclamatione
872 1239 984 1292 contra
1007 1227 1169 1315 predones
1193 1227 1373 1292 aecclesiae
1397 1226 1573 1312 pugnando
1597 1227 1657 1290 1611
1682 1249 1791 1291 661616
1815 1226 1900 1306 Dec,
1924 1224 2112 1290 laudabiles

454 1357 564 1400 coram
576 1335 738 1400 aecelcsia
750 1333 973 1399 redderentur.
1005 1335 1099 1418 Nam,
1117 1335 1143 1398 si
1156 1343 1405 1421 perseverarent
1418 1335 1572 1398 continua
1588 1332 1818 1398 reclamatione
1832 1332 1966 1396 forsitan
1979 1355 2111 1418 parurn,

453 1442 588 1506 forsitan
604 1441 739 1506 multum
756 1440 917 1527 predones
934 1451 1095 1522 movente,
1113 1442 1177 1506 cito
1194 1440 1326 1505 daretur
1349 1451 1381 1506 ct
1405 1439 1446 1504 ab
1463 1440 1522 1522 his,
1548 1441 1604 1527 qui
1628 1463 1670 1503 cx
1686 1439 1816 1504 diverso
1841 1451 1958 1520 essent,
1985 1437 2111 1502 bonum

453 1548 672 1612 testimonium
688 1558 754 1612 tam
771 1549 934 1634 episcopis
959 1547 999 1612 de
1021 1547 1125 1612 malae
1150 1549 1366 1634 usurpationis
1383 1548 1572 1634 penitentia,
1590 1569 1688 1632 quam
1705 1545 1832 1611 clericis
1849 1546 1889 1610 de
1906 1546 2110 1610 innocentia.
2133 1570 2159 1607 1⁰

563 1675 635 1738 159.
671 1672 745 1737 Non
769 1684 949 1738 astantem
973 1674 1111 1737 victoria
1142 1672 1357 1759 desperanda,
1381 1683 1416 1736 61
1439 1683 1523 1736 16616
1549 1670 1690 1735 16616161
1713 1693 1786 1734 6661
1811 1681 1919 1757 66116;
1950 1693 2013 1734 666
2039 1694 2109 1734 661-
2173 1715 2176 1720 ,

453 1780 529 1847 nino
561 1778 710 1844 dubitare
741 1777 909 1862 debemus,
941 1781 1019 1866 quin
1050 1781 1129 1844 assit
1151 1780 1313 1843 Dominus
1343 1802 1402 1865 pro
1434 1802 1492 1842 sua
1523 1777 1703 1842 hereditate
1735 1777 1950 1842 certantibus:
1984 1788 2019 1841 ut
2051 1787 2110 1840 aut

453 1887 633 1952 communis
658 1887 725 1950 vita
755 1909 814 1973 661
837 1887 988 1951 matrices
1017 1885 1194 1950 aecclesias
1224 1887 1412 1952 restituatur
1442 1885 1621 1950 secundum
1652 1884 1831 1971 apostolica
1860 1886 2008 1948 instituta
2038 1895 2106 1964 aut,

453 1993 481 2056 si
503 1992 564 2057 hoc
587 1991 658 2056 fieri
682 2015 747 2056 non
770 2003 886 2078 potest,
912 2003 1083 2058 serventur
1106 1993 1220 2057 saltem
1239 1991 1409 2078 synodalia
1425 2002 1598 2078 precepta:
1624 1994 1669 2056 ita
1693 1991 1827 2074 scilicet,
1851 2001 1974 2056 utnon
1999 1991 2107 2054 solum

453 2110 570 2188 quarta
600 2098 801 2182 clericorum,
834 2110 949 2186 quarta
972 2121 1163 2185 pauperum,
1189 2109 1304 2186 quarta
1327 2097 1525 2164 fabricarum
1550 2099 1865 2163 aecclesiasticarum
1893 2099 1927 2161 in
1952 2099 2107 2183 antiquos
2129 2121 2156 2160 rs

453 2227 492 2270 ac
516 2204 643 2269 debitos
667 2229 744 2269 usus
768 2207 996 2288 restituantur3
1021 2205 1080 2270 sed
1103 2207 1175 2292 ipsa
1198 2208 1295 2270 etiam
1321 2216 1437 2292 quarta
1460 2207 1606 2291 episcopi
1631 2229 1650 2268 a
1673 2204 1851 2288 monachis,
1876 2216 1910 2269 et
1925 2207 2069 2269 maxime
2087 2226 2108 2267 a

453 2310 609 2382 militibus
640 2313 796 2397 requisita
819 2311 860 2376 ab
885 2334 934 2396 ec,
965 2313 1049 2378 sicut
1072 2312 1117 2377 illi
1142 2314 1349 2377 constitutum
1375 2322 1433 2392 est,
1465 2312 1687 2398 expendatur3
1718 2313 1779 2375 nisi
1810 2312 1893 2376 forte
1924 2311 2105 2376 secundum

453 2441 593 2484 canones
618 2417 876 2483 collaudantibus
901 2429 933 2483 et
957 2417 1236 2484 subscribentibus
1261 2419 1387 2483 clericis
1412 2420 1682 2506 quinquagesima
1702 2419 1807 2504 portio
1832 2418 1872 2483 de
1898 2418 2008 2504 aliqua
2031 2440 2106 2482 666-

453 2524 636 2589 clesiastica
659 2527 863 2611 possessione
887 2526 1054 2590 monachis
1078 2525 1197 2589 tradita
1221 2525 1386 2590 doceatur.

563 2651 634 2714 160.
670 2649 865 2714 Huiusmodi
897 2650 981 2714 enim
1013 2649 1194 2713 subsidium
1224 2651 1414 2736 permittunt
1444 2651 1547 2714 sancti
1578 2660 1687 2735 patres
1715 2649 1786 2714 11611
1817 2649 1858 2714 ab
1883 2651 2036 2736 episcopo
2064 2649 2154 2713 adso

453 2753 689 2819 sublevandum
713 2767 746 2820 et
769 2749 1001 2821 consolandum
1029 2755 1161 2842 aliquod
1192 2758 1421 2820 monasterium
1446 2757 1486 2822 de
1511 2755 1608 2820 rebus
1632 2756 1822 2820 facultatum
1846 2757 2104 2821 aecclesiastica-

452 2886 534 2943 rum,
558 2871 594 2926 ut
618 2863 888 2949 quinquagesima
911 2863 1015 2948 portio
1040 2862 1080 2926 de
1104 2862 1287 2949 aliquorum
1310 2862 1497 2949 prediorum
1521 2862 1733 2949 pensionibus
1761 2887 1819 2927 seu
1843 2863 1992 2927 villarum
2016 2863 2104 2928 deci·

452 2967 649 3033 mationibus
677 2969 844 3034 monachis
875 2969 1058 3055 deputetur.
1106 2967 1206 3034 Cuius
1231 2971 1521 3056 quinquagesimae
1546 2971 1703 3056 portionis
1727 2970 1858 3035 traditio
1883 2969 2105 3056 sollempniter

453 3087 486 3141 et
509 3075 651 3162 legitime
675 3074 935 3140 collaudantibus
959 3075 1086 3140 clericis
1103 3075 1200 3158 facta,
1223 3090 1333 3141 manet
1357 3077 1545 3158 insolubilis,
1571 3079 1648 3163 quia
1671 3078 1830 3163 permissa
1854 3087 1903 3140 est
1925 3079 1959 3140 in
1974 3088 2105 3163 patrum

453 3184 645 3249 constitutis.
693 3182 729 3247 Si
752 3194 860 3246 autem
884 3181 925 3246 de
949 3181 1010 3246 hac
1033 3183 1106 3268 ipsa
1121 3184 1393 3270 quinquagesima
1416 3195 1546 3248 nonest
1568 3184 1655 3248 16616
1679 3183 1865 3270 sollempnis
1890 3194 1922 3248 et
1945 3185 2151 3248 6666616666

453 3288 594 3372 traditio,
625 3289 702 3354 licet
732 3290 886 3374 episcopo
916 3312 977 3353 666
999 3290 1111 3353 vivum
1141 3313 1202 3354 666
1233 3291 1389 3376 scriptum
1412 3291 1631 3354 testimonium
1659 3314 1758 3376 super
1780 3290 1842 3355 hoc
1865 3291 2045 3354 invenienti
2070 3301 2105 3354 ut

453 3396 643 3460 matricibus
667 3395 834 3460 aecclesiis
859 3396 1004 3460 iusticias
1029 3419 1104 3460 suas
1127 3397 1285 3478 restituat,
1310 3420 1350 3460 66
1375 3396 1415 3460 16
1439 3395 1536 3461 rebus
1561 3397 1813 3462 aecclesiasticis
1832 3397 1920 3461 facta
1936 3400 2103 3483 usurpatio

452 3503 629 3568 monachos
645 3504 718 3567 Deo
734 3502 834 3566 faciat
850 3501 998 3583 odibiles,
1022 3513 1148 3588 partem
1164 3504 1328 3589 peregrini
1345 3502 1385 3567 ab
1404 3504 1557 3589 episcopo
1581 3495 1762 3568 subsidium
1778 3505 1952 3591 poscentis,
1976 3515 2103 3589 partem

356 3636 385 3676 ·.
420 3638 434 3676 ¹.
453 3609 565 3676 clerici
580 3610 654 3674 Deo
677 3609 854 3690 militantis,
873 3613 1011 3695 ‘partem
1036 3610 1189 3696 pauperis
1213 3609 1466 3674 consolationem
1489 3611 1522 3673 in
1547 3633 1605 3674 666
1628 3609 1789 3675 aecclesia
1812 3633 1877 3674 666
1896 3612 2103 3693 invenientis,

452 3728 578 3804 partem
609 3716 788 3781 aecclesiae
819 3715 1017 3780 fabricarum
1046 3717 1280 3780 restauratione
1304 3716 1481 3802 indigentis
1505 3719 1697 3802 pervasione
1721 3716 1863 3803 quadam
1886 3716 2102 3803 possidentes.
2122 3742 2150 3780 sc

564 3844 635 3905 161.
671 3841 735 3904 Η16
760 3839 905 3904 61161661
928 3839 1094 3904 monachi:
1120 3839 1192 3920 ⁴St’,
1217 3841 1377 3926 inquiunt,
1402 3838 1454 3904 ‘ab
1480 3841 1632 3926 episcopo
1657 3865 1716 3905 sua
1740 3853 1856 3927 quarta
1879 3841 1919 3906 de
1943 3852 2010 3906 toto
2035 3843 2101 3928 epi-

453 3959 589 4034 scopatu
606 3946 741 4012 collecta
756 3947 790 4009 in
806 3947 1052 4032 peregrinorum
1076 3957 1108 4010 et
1131 3946 1293 4031 hospitum
1317 3949 1533 4032 susceptione,
1557 3970 1623 4011 non
1645 3949 1679 4012 in
1703 3949 1850 4030 militum,
1875 3949 2101 4030 scutariorum,

453 4054 675 4136 ioculatorum,
706 4053 899 4117 histrionum
929 4052 1022 4116 donis
1046 4061 1079 4116 et
1101 4051 1339 4138 epulationibus
1368 4065 1620 4136 consumeretur,
1653 4056 1680 4118 si
1703 4077 1768 4118 vox
1798 4054 2011 4120 ioculatorum
2035 4065 2101 4119 tam

453 4184 554 4225 exosa
578 4171 663 4224 esset
685 4161 719 4223 in
743 4182 799 4234 suo
824 4159 971 4244 prandia,
1000 4161 1084 4223 sicut
1107 4159 1153 4222 illi
1176 4169 1288 4223 666616
1313 4161 1498 4246 661666661,
1523 4183 1620 4247 66661
1643 4160 1758 4225 beatus
1784 4159 1961 4246 Gregorius
1985 4163 2019 4226 in
2043 4185 2101 4226 suo

453 4267 606 4353 dialogo²
629 4265 844 4348 commendat,
873 4288 910 4330 6ο
935 4264 1022 4352 6661
1052 4265 1222 4329 ioculatori
1252 4289 1316 4330 666
1347 4266 1539 4348 detrahenti,
1570 4291 1635 4331 666
1666 4269 1791 4332 6611616
1822 4269 1980 4354 pruritum
2011 4269 2102 4332 inani
2120 4291 2147 4330 aa

453 4373 651 4438 fabulatione
683 4374 836 4453 moventi,
868 4371 925 4436 sed
957 4394 1029 4435 cum
1058 4373 1163 4457 symia
1186 4373 1385 4458 6111166666
1417 4373 1607 4460 simpliciter
1629 4386 1662 4439 et
1684 4375 1875 4438 innocenter
1903 4375 2028 4439 ludenti
2059 4374 2102 4439 ad

454 4504 547 4545 suum
564 4480 734 4566 prandium
751 4502 817 4542 666
833 4479 980 4564 permisit
995 4501 1180 4542 accessum:
1205 4480 1284 4564 6616
1299 4481 1406 4565 661166
1422 4491 1555 4566 6166161
1570 4481 1632 4545 hoc
1648 4483 1809 4545 nuntiavit
1832 4481 1921 4545 illum
1945 4483 2100 4546 citissime

452 4588 653 4668 moriturum,
678 4585 766 4672 quod
789 4586 943 4672 episcopo
967 4585 1085 4650 divinis
1108 4587 1232 4650 intento
1257 4597 1344 4650 stans
1373 4586 1416 4651 ad
1438 4588 1570 4651 ianuam
1593 4587 1752 4652 ioculatcr
1774 4590 1910 4674 ingessit
1939 4588 2101 4654 ludicrum

453 4717 584 4758 sonum:
609 4694 637 4756 61
660 4693 805 4778 66166661
830 4693 972 4756 66616611
992 4691 1150 4776 religiosis
1167 4691 1385 4774 cubiculariis,
1410 4695 1540 4758 remotis
1564 4717 1584 4758 a
1608 4717 1642 4758 se
1666 4694 1803 4758 militum
1826 4696 1940 4759 turmis
1964 4695 2100 4760 6116111-

452 4799 577 4866 taribus
607 4801 773 4880 ministris,
802 4799 849 4862 ita
867 4800 1030 4879 viverent,
1054 4808 1091 4862 ut
1113 4799 1205 4862 iuxta
1229 4799 1399 4864 consilium
1421 4799 1511 4864 beati
1534 4801 1688 4866 leronimi
1718 4824 1863 4866 mensam
1887 4824 1997 4867 eorum
2020 4825 2145 4889 666-16

452 4929 548 4994 66166
572 4917 605 4971 61
627 4907 792 4992 peregrini
816 4916 848 4969 et
871 4927 945 4970 cum
968 4904 1030 4968 illis
1048 4904 1195 4969 Christus
1216 4907 1356 4970 conviva
1378 4918 1526 4990 nossent,
1552 4909 1579 4971 si
1595 4909 1742 4994 episcopi
1765 4907 1805 4972 de
1829 4908 1890 4990 his,
1914 4932 1998 4995 quae
2022 4932 2101 4974 suae

454 5014 630 5079 domestice
655 5024 687 5076 et
710 5013 841 5076 strictae
860 5012 1046 5076 necessitati
1064 5034 1233 5097 superesse
1251 5025 1394 5098 possent,
1418 5013 1635 5096 xenodochia,
1659 5013 1759 5078 idest
1782 5015 1957 5101 hospitales
1977 5015 2100 5096 domos,

452 5131 681 5207 procurarent;
706 5121 744 5201 si,
767 5119 927 5205 inquiunt,
951 5119 998 5182 616
1022 5119 1124 5182 etsie
1149 5118 1275 5203 agendo
1300 5120 1445 5205 episcopi
1470 5131 1618 5206 quartam
1635 5144 1726 5185 suam
1750 5132 1839 5185 recte
1863 5120 2099 5207 dispensarent,

453 5226 634 5313 periculose
659 5225 701 5290 ad
717 5249 788 5303 eam
805 5225 1008 5289 retinendam
1031 5247 1089 5288 nos
1113 5225 1263 5290 monachi
1282 5225 1561 5307 contenderemus,
1587 5229 1663 5314 qnia
1686 5228 1859 5292 mundanis
1882 5227 2100 5293 oblationibus

371 5391 434 5438 tw.
561 5377 715 5449 Gregorius
745 5396 821 5448 papa
850 5395 942 5432 coram
972 5377 1157 5432 sacratissimo
1180 5377 1259 5431 beati
1282 5377 1361 5432 Petri
1385 5378 1505 5448 apostoli
1529 5397 1644 5450 corpore
1669 5398 1732 5434 6616
1756 5381 1895 5451 episeopis
1920 5387 1950 5435 ct
1973 5381 2100 5437 omnibus
2119 5393 2145 5433 to

455 5485 598 5541 Romanae
615 5486 771 5540 aecclesiae
787 5484 963 5556 presbyteris
978 5485 1117 5551 residens,
1142 5483 1300 5538 astantibus
1324 5483 1487 5539 diaconibus
1512 5492 1542 5541 et
1565 5482 1884 5543 666616616161111111
1910 5487 2101 5543 Verecuadum

452 5599 549 5648 nostro
572 5600 695 5666 ternpore
717 5589 922 5648 indiscretionis
944 5591 1048 5646 maium
1070 5588 1189 5660 inolevit,
1213 5597 1309 5648 61-.-
1332 5621 1375 5629 -
1398 5593 1552 5665 aesopiam
1570 5593 1721 5667 prosectis
1742 5601 1863 5650 amant.

563 5746 593 5824 1)
615 5749 772 5821 Bonifatio
795 5749 878 5826 episc.
903 5749 1020 5806 Ferant.
1135 5745 1165 5822 2)
1190 5749 1224 5805 L.
1249 5749 1273 5820 I,
1298 5768 1321 5805 6.
1347 5749 1376 5820 9,
1403 5748 1541 5826 06611,
1566 5753 1616 5808 661.
1638 5751 1709 5808 188.
1824 5752 1854 5824 3)
1879 5753 2004 5810 Decreta
2028 5773 2051 5810 c.
2070 5753 2099 5823 6,

455 5854 529 5934 Opp.
553 5856 594 5928 ΙΙ,
619 5855 792 5928 661129ος
817 5855 962 5932 EpistV,
988 5855 1056 5926 576,
1083 5855 1152 5912 ΕΕ.
1176 5855 1200 5926 Ι,
1219 5875 1252 5931 p.
1272 5855 1345 5912 363.
