4568 6428
447 368 488 429 54
582 373 734 428 LIBELLI
758 372 922 427 HONORH
948 343 1329 428 AUGUSTOlffiNEiiSlS
1357 371 1596 426 PRESBYTERI
1621 372 1671 424 ET
1695 369 1960 425 SCHOLASTICI.

276 589 426 636 aetuans.
447 563 642 648 precipitur:
671 562 757 638 Quae
781 561 898 639 dri-unt,
916 562 1032 648 ‚suavita
1055 560 1222 623 aecurtdum
1247 571 1349 624 asuten
1374 585 1469 645 opera
1494 561 1645 623 illoruma
1669 559 1764 622 nolite
1780 559 1904 644 faeere.
1942 555 2009 620 Sed
2032 555 2097 618 Dei

270 661 428 762 „nefffflg
448 678 652 732 sacramenta
675 691 740 732 non
764 676 839 730 sunt
862 665 903 730 ab
928 666 1057 730 ethnico
1080 665 1264 752 polluenda.
1311 665 1408 730 Unde
1432 689 1506 729 cum
1531 664 1648 729 demon
1672 663 1811 727 diceret:
1844 663 1979 742 Sar‘ntns,
2004 663 2098 748 qra‘al’

450 779 513 840 aa:
528 777 623 863 ¹iltius
650 775 720 852 [lei.
752 774 872 837 dicitur
895 773 946 836 ei‘'
971 795 991 836 a
1014 773 1173 836 Domino:
1208 773 1396 850 llbnuatesce,
1428 773 1576 838 iarnnande
1603 774 1745 857 spiritus.
1793 771 1892 850 Ecce,
1924 771 2001 855 quia
2030 781 2099 833 erat

449 881 633 962 inmundus,
665 881 781 945 sacrad
805 881 942 944 recitare
967 889 1036 942 erat
1059 879 1222 964 indignus.
1269 879 1343 942 Non
1367 877 1469 943 verba
1492 879 1568 960 Dei,
1600 876 1657 941 sed
1686 878 1747 964 ipsi
1773 898 1926 962 peruerse
1950 877 2100 940 viventes

343 998 686 1074 ·r.nr.asper1nintur⁰
718 999 750 1052 et
781 1010 800 1050 a
831 987 1016 1051 christianis
1051 987 1084 1049 in
1115 987 1341 1066 sacramentis,
1378 1009 1462 1071 quae
1498 984 1631 1070 indigne
1667 994 1699 1048 et
1730 994 1842 1048 cotnra
1874 983 2139 1046 'interdictums

450 1105 561 1180 agunt,
593 1093 788 1174 devitantur,
821 1116 861 1157 ne
893 1116 952 1179 por
981 1094 1201 1178 responsionis
1225 1093 1502 1156 confirmationem
1534 1092 1650 1156 amens
1680 1114 1792 1155 eorum
1822 1091 1916 1154 malis
1947 1087 2101 1176 operibus

450 1203 690 1265 communicent
713 1211 745 1264 et
769 1223 828 1287 per
851 1199 911 1263 hoc
936 1201 1033 1264 etiam
1059 1199 1299 1284 dampnationis
1324 1198 1451 1264 illorum
1476 1200 1651 1286 participes
1675 1199 1763 1262 fiant.

1027 1399 1080 1460 46.
1123 1395 1181 1460 De
1214 1419 1340 1482 opere
1371 1419 1520 1460 esurum.

555 1520 599 1584 At
624 1522 768 1607 inquies:
802 1520 933 1584 ‘Nonne
956 1519 1078 1584 bonum
1103 1542 1183 1606 opus
1207 1532 1391 1606 operantur,
1417 1543 1491 1584 cum
1514 1521 1630 1584 nrissas
1655 1518 1863 1584 celebrant‘l’
1910 1517 2016 1582 Audi:
2040 1517 2102 1580 Re-

450 1629 539 1714 gium
563 1651 682 1691 nomen
705 1627 825 1692 bonum
850 1638 908 1691 est.
956 1627 991 1692 Si
1013 1649 1091 1712 ergo
1115 1637 1151 1690 tu
1173 1626 1348 1691 diademass
1372 1627 1471 1712 capiti
1497 1626 1660 1708 indueres,
1685 1637 1849 1716 sceptrum
1874 1625 1989 1689 dextra
2013 1646 2103 1688 assu·
2123 1649 2151 1686 ιο

450 1757 551 1816 mens,
583 1733 745 1821 apopulo
774 1745 808 1798 ut
838 1756 948 1820 regem
978 1744 1011 1797 te
1042 1733 1175 1797 salutari
1206 1732 1345 1812 iuberes,
1376 1756 1484 1798 nonne
1516 1733 1556 1796 de
1587 1732 1673 1796 bono
1703 1733 1824 1800 malum
1854 1729 2006 1796 faceres?
2053 1729 2104 1793 Ita

451 1843 512 1928 ipsi
536 1840 657 1906 bonum
682 1842 715 1904 in
738 1840 858 1904 malum
883 1840 1107 1914 convertuntl,
1137 1839 1212 1904 dum
1237 1841 1352 1904 missas
1376 1863 1396 1904 a
1420 1840 1496 1903 solis
1520 1841 1618 1904 castis
1643 1851 1675 1904 et
1699 1839 1866 1906 catholicis
1890 1837 2104 1903 celebrandas

451 1948 616 2013 luxuriose
640 1947 692 2012 vel
723 1949 910 2034 symoniace
934 1947 1082 2011 viventes
1114 1946 1279 2011 celebrare
1311 1957 1424 2011 contra
1454 1946 1660 2011 interdictum
1691 1946 1871 2014 aecclesiae
1903 1953 2103 2032 presumunt.

454 2055 532 2120 Ideo
563 2077 628 2119 non
658 2056 766 2136 missa,
799 2054 857 2118 sed
887 2054 1157 2139 prevaricationis
1187 2053 1406 2139 presumptioi
1433 2063 1465 2117 et
1492 2052 1732 2118 inobedientiae
1764 2052 1897 2120 rebellio
1927 2062 1985 2132 est,
2017 2049 2105 2136 quod

275 2155 431 2258 ,filim
453 2173 563 2248 agunt.
610 2160 707 2226 Unde
738 2160 872 2225 dicitur:
905 2159 1014 2225 Scelus
1037 2175 1080 2225 est
1100 2161 1280 2247 ydolatriae
1310 2162 1392 2226 nolle
1419 2161 1553 2226 obedire.
1602 2159 1701 2242 Ecce,
1732 2158 1860 2226 illorum
1890 2159 2104 2224 ministerium
2124 2181 2152 2220 rs

452 2268 633 2355 ydolatriae
662 2277 878 2353 comparatur.
925 2267 1018 2331 Neck
1043 2268 1141 2331 etiam
1164 2267 1214 2330 fas
1238 2277 1287 2331 est
1311 2265 1400 2331 credi
1431 2266 1472 2330 ab
1504 2268 1550 2331 eis
1581 2289 1677 2353 posse
1708 2277 1947 2334 sacramentum
1978 2265 2104 2358 confici,

310 2403 432 2452 saiano.
455 2399 529 2440 cum
545 2375 678 2439 Petrus¹
707 2374 795 2439 dicat
811 2375 964 2461 Symoni:
989 2375 1195 2439 Existimasti
1211 2399 1304 2460 posse
1320 2377 1490 2460 pecunia¹¹¹
1515 2375 1628 2439 donarat
1648 2374 1790 2460 Spiritus
1812 2376 1917 2442 sancti
1929 2373 2104 2462 possideri.

456 2480 666 2564 Subauditur,
692 2481 779 2568 quod
802 2503 867 2544 non
891 2491 998 2567 potest
1021 2480 1101 2544 fieri.
1148 2480 1212 2545 Hic
1233 2480 1338 2544 dices:
1364 2479 1411 2545 ‘Si
1435 2490 1661 2546 sacramenta¹1
1685 2503 1750 2544 non
1775 2480 1982 2560 conficiunt⁰‚
2005 2489 2105 2544 tunc⁰

455 2587 541 2676 quod
565 2590 599 2651 in
623 2587 716 2652 altari
741 2597 879 2668 sumunt,
905 2588 965 2651 etsi
989 2586 1069 2651 nihil
1092 2585 1235 2673 prodest,
1259 2586 1338 2650 nihil
1363 2587 1461 2652 etiam
1478 2588 1524 2650 eis
1548 2596 1644 2652 nocet
1667 2587 1720 2651 vel
1743 2585 1804 2668 his,
1829 2587 1885 2674 qui
1908 2585 1969 2656 hoo
1994 2583 2035 2650 ab
2060 2586 2107 2649 eis

453 2693 664 2782 percipiunt'.
718 2692 823 2758 Audi:
856 2692 949 2758 Sicut
978 2692 1116 2780 gentiles
1146 2717 1212 2758 non
1242 2695 1427 2775 veritatem,
1458 2692 1517 2757 sed
1546 2695 1650 2780 magis
1682 2693 1910 2779 sacnlegiumr
1941 2703 2107 2773 exercent,
2126 2715 2155 2754 ao

454 2801 531 2866 dum
557 2800 736 2866 secundum
760 2799 1003 2864 similitudinem
1027 2799 1180 2866 sacrificii
1196 2800 1262 2864 Dei
1285 2801 1351 2864 suis
1374 2799 1481 2887 ydolis
1505 2800 1703 2866 sacrificium
1726 2799 1891 2882 exhibent,
1916 2801 1961 2864 ita
1984 2798 2108 2886 absque

342 2936 434 2977 une.
454 2908 553 2974 dubio
589 2909 642 2974 isti
677 2905 874 2994 ydolatriam
909 2917 1093 2993 operandis,
1129 2907 1206 2972 dum
1241 2907 1303 2994 ipsi
1340 2907 1481 2971 servitiis
1517 2906 1714 2972 demonum*¹
1749 2906 1963 2971 inmunditiae
1993 2905 2109 2976 'dediti

454 3038 569 3080 verum
593 3013 790 3079 sacrificium
814 3015 943 3096 imitari,
975 3037 1040 3078 non
1070 3015 1103 3078 in
1128 3036 1163 3078 re
1187 3015 1315 3100 operari
1340 3012 1602 3100 comprobantur.
1649 3013 1757 3095 Unde,
1788 3013 1874 3100 quod
1903 3025 2033 3083 sumunt
2056 3012 2109 3076 vel

275 3114 436 3216 „yyffffl
457 3122 545 3206 dant,
569 3145 633 3186 non
658 3131 907 3203 sacramentum,
933 3120 991 3185 sed
1015 3131 1064 3185 est
1086 3120 1312 3207 ydolothitum.
1352 3120 1404 3184 De
1422 3119 1646 3185 sacerdotibus
1662 3121 1859 3186 Iudeorum‘
1884 3120 2019 3186 dicitur:
2047 3120 2113 3204 Qui

455 3230 624 3296 comederit
646 3230 684 3294 de
701 3253 788 3316 pane
811 3231 990 3316 sacrificato
1013 3243 1042 3293 et
1064 3229 1257 3293 inmunditia
1280 3243 1325 3292 est
1347 3232 1381 3292 iu
1404 3239 1470 3309 eo¹⁴,
1487 3230 1612 3314 peribit
1634 3229 1671 3293 de
1688 3230 1811 3316 populo
1834 3229 1901 3294 Dei
1905 3253 1916 3310 ,·
1943 3227 1984 3292 dc
2008 3227 2109 3298 omni·
2128 3249 2155 3289 as

276 3329 435 3430 wilm
456 3335 518 3401 bus
542 3345 660 3417 autem,
685 3336 742 3423 qui
764 3335 849 3398 infra
873 3333 1068 3400 aecclesiam
1084 3345 1174 3398 sunt:
1202 3335 1268 3413 Qut
1288 3335 1418 3422 indique
1437 3359 1551 3422 corpus
1567 3335 1703 3400 Domini
1723 3338 1851 3422 coemit,
1875 3336 2030 3400 iudiciuin
2046 3337 2114 3402 sibi

457 3444 628 3508 ntanducut
650 3457 678 3507 et
700 3445 796 3524 titia
826 3440 866 3505 de
891 3440 1052 3522 hisvero,
1081 3441 1137 3526 qui
1160 3440 1246 3504 infra
1269 3440 1464 3506 aecclesiam
1487 3451 1613 3505 tantum
1637 3451 1711 3505 sunt
1734 3442 1874 3522 nomine,
1899 3440 1977 3505 foris
2001 3450 2109 3508 autam

284 3577 435 3626 struant.
456 3551 663 3636 operatione:
696 3549 865 3614 [amandis
888 3563 917 3613 et
939 3551 1151 3635 coinquinatis
1180 3549 1266 3612 nilu'l
1287 3549 1512 3613 ratmundum.
1560 3547 1616 3612 Hii
1647 3549 1682 3611 in
1712 3546 1903 3634 apocalypsi
1933 3569 2032 3612 canes
2063 3547 2109 3616 di·

284 3648 435 3751 ffiss'tffssj
456 3667 588 3721 cuntur:
616 3657 733 3720 Forist
760 3681 852 3720 canes
875 3670 903 3720 et
924 3656 1080 3720 inmundi.
1116 3655 1169 3718 De
1193 3653 1243 3717 his
1267 3653 1428 3718 Dominus
1452 3653 1548 3719 dicit:
1573 3655 1680 3720 Nolite
1703 3670 1842 3720 satiatum
1867 3655 1945 3719 dare
1969 3657 2108 3722 ‹eantbau

457 3763 507 3828 Ac
532 3765 559 3827 si
584 3762 724 3828 diceret:
757 3762 860 3826 ‘Haec
884 3783 944 3846 ego
969 3761 1010 3826 do
1035 3761 1103 3826 eis'.
1149 3761 1254 3848 Igitur
1277 3785 1352 3825 cum
1376 3783 1474 3825 canes
1499 3771 1531 3825 et
1553 3760 1701 3825 inmundi
1725 3771 1778 3825 et¹¹
1802 3760 1880 3824 foris
1904 3772 1988 3842 sunt,
2017 3783 2109 3825 sanc·
2129 3783 2155 3826 ro

457 3881 526 3934 tum
550 3871 598 3934 eis
622 3869 834 3955 denegatam,
860 3879 892 3933 et
915 3868 989 3932 ideo
1013 3890 1079 3931 non
1103 3879 1152 3932 est
1176 3879 1333 3948 sanctum,
1365 3868 1424 3932 sed
1450 3867 1651 3949 inmundum,
1683 3868 1771 3954 quod
1794 3866 1836 3931 ab
1861 3868 1907 3931 eis
1931 3869 2111 3954 percipitur

456 3977 509 4041 vel
533 3976 638 4041 datiis.
684 3975 730 4038 Hi
754 3975 845 4056 tales,
870 3997 944 4040 cum
968 3973 1050 4038 haec
1074 3972 1185 4059 legant
1207 3974 1260 4038 vel
1284 3975 1427 4054 audiant,
1459 3974 1625 4038 irridendo
1652 3973 1847 4060 despiciunt,
1878 3975 1976 4039 immo
2003 3974 2110 4039 detra·

458 4082 565 4147 hendo
588 4082 735 4146 lacerant
758 4091 790 4145 et
814 4079 1040 4167 persequendo
1065 4081 1266 4165 impugnant.
1313 4081 1356 4144 Et
1379 4103 1484 4144 sermo
1508 4081 1656 4145 veritatis
1680 4104 1744 4144 nou
1769 4082 1857 4167 capit
1887 4083 1921 4144 in
1945 4083 2001 4162 eis,
2033 4083 2111 4168 quia

280 4182 437 4285 „nffiff‘tglg
456 4213 521 4254 non
552 4199 626 4253 sunt
657 4188 697 4251 de
729 4189 798 4252 eius
830 4185 957 4251 ovibus.
1011 4186 1090 4250 Ideo
1121 4186 1186 4250 tale
1217 4188 1369 4273 poculum
1400 4188 1447 4250 eis
1478 4185 1520 4251 ab
1553 4209 1591 4251 eo
1622 4188 1814 4273 porrigitur:
1852 4189 1892 4253 Ve
1923 4192 2024 4269 arabis,
2055 4191 2114 4274 qai

457 4321 586 4384 rayniarii
610 4297 745 4377 celorum
769 4296 948 4359 horninibus
971 4295 1131 4374 erlauditis,
1163 4319 1217 4358 ros
1244 4320 1305 4358 astru
1334 4297 1461 4359 intratis
1484 4309 1513 4358 et
1535 4295 1668 4359 taetantes
1691 4297 1811 4359 intrare
1835 4321 1894 4360 aton
1913 4299 2156 4382 praesidalium

864 4509 916 4570 47.
958 4507 1018 4570 De
1049 4506 1202 4593 populo
1234 4509 1294 4570 eis
1326 4507 1701 4572 communicantew.

566 4631 664 4713 Quod
688 4630 826 4717 populus
851 4631 922 4693 eis¹
946 4632 1190 4695 communicans
1219 4633 1360 4695 inimicis
1391 4631 1458 4694 suis
1489 4630 1531 4695 ob
1555 4631 1616 4696 hoc
1640 4633 1787 4697 tradatm·
1810 4643 1843 4697 et
1867 4633 1966 4698 multa
1990 4634 2109 4696 incom-

461 4739 558 4804 moda
580 4749 714 4825 propter
733 4737 861 4801 illorum
877 4738 993 4801 merita
1009 4739 1160 4823 patiatur,
1186 4760 1278 4801 sacra
1302 4738 1447 4824 hystoria
1464 4737 1619 4820 declarat,
1645 4763 1729 4825 quae
1746 4739 1786 4804 de
1803 4739 1877 4804 filiis
1893 4739 1980 4820 Heli,
2005 4763 2110 4804 sacer-

353 4874 440 4914 rine.
459 4844 588 4911 dotibus
622 4845 757 4925 scilicet,
788 4856 909 4925 narrat,
942 4844 1029 4930 quod
1052 4845 1117 4908 Dei
1142 4845 1337 4908 sacrificium
1362 4847 1561 4932 surriperent
1586 4853 1633 4910 'et
1657 4870 1730 4910 curn
1753 4846 1942 4910 mulieribus
1967 4847 2040 4911 Deo
2064 4847 2110 4910 di-

460 4955 541 5018 catis
566 4953 752 5033 donnirent,
778 4960 809 5015 et
832 4950 906 5014 ideo
931 4949 1069 5037 populus
1094 4951 1140 5014 eis
1165 4952 1407 5015 communicans
1431 4952 1568 5017 traditus
1593 4953 1633 5016 sit
1657 4953 1794 5017 cumeis
1818 4955 1851 5016 in
1868 4977 1983 5018 manus
2007 4955 2110 5017 inimi·
2129 4977 2157 5015 so

566 5203 593 5267 a)
616 5222 710 5257 eornm
732 5205 758 5255 0.
842 5203 870 5264 u)
893 5204 958 5268 qnid
978 5204 1010 5254 B.
1094 5200 1120 5264 c)
1141 5205 1207 5254 deest
1227 5206 1253 5255 C.
1337 5203 1364 5264 d)
1386 5207 1446 5257 add.
1466 5208 1550 5257 verim
1571 5207 1643 5257 uc.
1717 5205 1743 5267 e)
1765 5214 1915 5273 aspernunt
1935 5208 1961 5258 C.
2034 5208 2055 5268 t')
2077 5216 2111 5258 aii

459 5315 522 5346 corr.
542 5303 584 5345 ant
604 5295 637 5345 B.
692 5290 720 5358 g)
745 5294 876 5344 deadema
895 5311 967 5353 corr„
987 5294 1138 5354 orateur,
1159 5295 1231 5344 diad.
1247 5296 1273 5345 ζ’.
1329 5293 1356 5354 n)
1380 5298 1516 5346 convertit
1534 5314 1598 5346 corr.
1613 5313 1680 5346 atrata.
1695 5300 1719 5346 2.
1739 5305 1902 5347 corn·ertunt
1921 5299 1954 5346 A.
2011 5293 2031 5356 i)
2053 5314 2111 5362 pre·

460 5385 623 5450 sumptionis
640 5384 666 5434 (l.
739 5383 769 5442 k)
792 5382 935 5446 lrecA.B.
1009 5381 1028 5443 l)
1050 5383 1138 5432 litteris
1156 5384 1295 5433 carnalibus
1313 5387 1407 5433 scr.A.
1480 5381 1517 5444 m)
1539 5401 1694 5450 pecposse
1713 5385 1746 5435 B.
1820 5383 1847 5444 n)
1869 5385 2111 5436 sacramentumll.

461 5469 487 5534 o)
511 5481 551 5523 est
573 5473 601 5522 ζ’.
692 5469 721 5539 p)
743 5473 907 5522 sacrificium
926 5489 989 5522 corr.
1008 5473 1208 5536 napea-scribundo
1226 5491 1293 5522 atrati.
1314 5474 1337 5522 2.
1358 5472 1532 5538 sacrilegium
1554 5474 1586 5522 Α.
1678 5470 1705 5538 q)
1728 5475 1850 5524 dcnnmis
1871 5474 1903 5524 B.
1994 5479 2017 5535 r)
2038 5475 2110 5534 meat,

459 5580 584 5627 suprascr.
604 5581 670 5612 irrata.
691 5565 715 5612 2.
736 5563 769 5610 A.
854 5557 878 5620 s)
900 5563 928 5610 in
948 5579 980 5610 eo
1002 5569 1042 5611 est
1061 5563 1124 5611 inm.
1145 5561 1176 5610 B.
1263 5563 1283 5622 t)
1306 5563 1378 5612 fores
1398 5581 1460 5610 erarr.
1481 5563 1547 5612 foris
1567 5563 1600 5612 u.
1686 5561 1714 5622 u)
1735 5564 1800 5612 deest
1821 5565 1852 5620 Α,
1872 5565 1914 5613 sed
1932 5581 1979 5628 seq.
1995 5573 2052 5628 posu
2071 5566 2110 5613 in-
2130 5573 2157 5611 tt

462 5652 554 5701 mundi
571 5669 651 5716 yrorra
670 5669 769 5701 rantra.
844 5647 871 5709 v)
896 5651 1014 5715 denegnt
1036 5651 1062 5700 ζ’.
1143 5648 1176 5710 w)
1198 5651 1293 5700 litterae
1315 5646 1378 5713 [eils
1397 5659 1419 5700 et
1441 5647 1680 5713 [communicnnltc
1700 5652 1817 5702 abscissae
1835 5661 1893 5702 uarat
1912 5653 1944 5701 B.
2026 5649 2054 5712 x)
2075 5653 2111 5702 tis

460 5758 506 5790 scr.
526 5741 558 5800 B,
578 5741 650 5790 serrael
667 5741 715 5790 del.
