4478 6396
688 337 926 396 OPUSCULUM
949 339 1002 394 DE
1025 336 1199 394 snrrrclo
1223 339 1302 394 DEI.
1759 333 1821 397 163

168 523 236 587 Dei
261 522 386 606 dilexit,
410 524 508 589 talem
531 526 692 612 picturam
716 547 781 590 non
804 524 1025 612 lippientibus,
1054 524 1113 589 sed
1136 527 1224 590 sanis
1248 525 1350 590 oculis
1373 527 1551 613 proposuit,
1576 538 1611 591 ut
1634 528 1820 614 quicunque
1933 549 1934 552 ’

168 629 302 694 domum
324 630 389 696 Dei
412 631 552 696 voluerit
574 653 702 712 ornare,
726 655 840 696 manus
865 655 940 696 suas
963 630 1005 695 ab
1030 632 1117 696 omni
1139 655 1274 698 munere
1299 631 1404 697 discat
1428 643 1599 716 excutere,
1627 656 1693 698 non
1717 633 1820 699 solum

168 736 257 824 quod
280 737 484 802 machinatur
506 739 632 802 ruinam
648 737 808 802 venaliter
823 736 976 818 oblatum,
1001 737 1059 802 sed
1083 738 1170 824 quod
1193 738 1468 825 pulchritudinem
1483 739 1604 804 edificii
1628 739 1820 805 dehonestat

168 867 189 908 a
211 843 390 908 liberaliter
414 844 568 909 offerente
592 853 789 930 susceptum.

135 985 149 1023 ὁ
277 972 328 1032 44.
365 968 431 1034 Sed
448 967 527 1033 dicit
546 969 679 1055 aliquis:
705 968 831 1033 ‘Nonne
855 969 940 1033 sacri
965 991 1116 1052 canones,
1142 971 1197 1057 qui
1221 971 1254 1033 in
1270 970 1503 1035 aecclesiarum
1519 970 1818 1036 consecrationibus

168 1075 230 1140 hoc
255 1074 442 1140 terribiliter
464 1075 671 1156 interdicunt,
695 1097 736 1139 ne
760 1075 883 1161 aliquid
907 1098 926 1140 a
949 1075 1175 1140 fundatoribus
1198 1078 1392 1163 requiratur,
1415 1077 1478 1142 hoc
1493 1089 1604 1142 tamen
1619 1079 1818 1164 permittunt,

167 1193 214 1262 ut,
239 1183 266 1246 si
289 1184 389 1268 gratis
413 1184 567 1269 episcopo
591 1181 715 1268 aliquid
731 1182 839 1246 offerri
857 1183 1033 1268 contingat,
1057 1204 1123 1246 non
1146 1182 1344 1269 respuatur?
1382 1183 1499 1249 Nonne
1523 1193 1555 1247 et
1577 1185 1707 1249 iusticia
1730 1184 1817 1250 deci-

168 1312 294 1354 marum
318 1291 447 1375 penitus
471 1288 699 1375 negligeretur,
728 1289 756 1352 si
778 1288 917 1375 populus
941 1311 961 1352 a
983 1288 1208 1354 sacerdotibus
1232 1289 1275 1354 ad
1298 1312 1353 1354 eas
1377 1290 1610 1376 persolvendas
1634 1313 1699 1355 non
1723 1314 1818 1378 coge·

168 1395 283 1460 retur?
330 1395 418 1476 Quid
441 1405 490 1460 est
513 1418 602 1482 erge,
626 1395 714 1482 quod
737 1395 889 1460 Heliseus
913 1405 946 1459 et
967 1395 1089 1460 Paulus
1112 1395 1156 1460 ad
1178 1397 1392 1461 imitationem
1415 1401 1662 1483 '‘proponuntur,
1687 1398 1816 1484 quando
1837 1422 1915 1463 *aaa

133 1530 160 1568 ro
170 1513 202 1567 et
224 1526 339 1567 munus
362 1504 464 1588 gratis
488 1502 632 1567 oblatum
662 1504 696 1566 in
719 1504 820 1566 sacris
845 1501 1024 1566 canonibus
1048 1503 1155 1589 accipi
1181 1526 1246 1566 non
1269 1502 1475 1589 prohibetur,
1506 1505 1541 1567 in
1571 1503 1689 1590 quibus
1720 1506 1816 1570 etiam

169 1609 316 1696 populus,
341 1611 368 1673 si
392 1609 536 1674 decimas
561 1609 638 1673 dare
661 1608 811 1690 noluerit,
833 1608 943 1673 banno
968 1610 1145 1694 constringi
1168 1609 1384 1695 precipiturf'

276 1738 327 1798 45.
363 1734 457 1798 Haec
481 1745 513 1798 et
529 1733 689 1798 eiusmodi
712 1744 820 1820 potest
842 1733 959 1820 aliquis
976 1732 1116 1816 obicere,
1142 1733 1259 1820 quibus
1284 1755 1332 1815 ea,
1357 1755 1442 1821 quae
1458 1736 1694 1820 proposuimus,
1720 1759 1816 1800 cona-

169 1843 277 1905 turin
299 1840 435 1906 dubium
458 1863 587 1906 vocare.
634 1839 700 1906 Sed
731 1840 887 1922 attendat,
920 1841 1067 1926 quisquis
1090 1839 1144 1904 ille
1168 1851 1226 1922 est,
1252 1840 1339 1926 quod
1361 1863 1420 1906 nos
1445 1840 1518 1905 talis
1542 1843 1816 1907 constructionem

170 1947 289 2012 edificii
320 1947 544 2012 contendimus
576 1947 806 2028 demonstrare,
838 1947 925 2033 quod
954 1970 1020 2011 non
1050 1946 1153 2011 solum
1177 1947 1327 2011 firmitate
1352 1947 1489 2011 solidum
1514 1950 1679 2030 consistat,
1702 1972 1815 2014 verum

124 2080 151 2120 rs
169 2055 239 2141 ipso
271 2055 369 2118 etiam
400 2065 514 2118 ornatu
544 2055 726 2140 preciosam
757 2064 790 2118 et
819 2064 885 2118 tam
917 2052 1144 2118 delectabilem
1175 2055 1226 2117 sui
1257 2055 1400 2140 speciem
1436 2054 1622 2140 protendat,
1653 2066 1689 2120 ut
1719 2057 1815 2120 etiam

169 2171 372 2225 transeuntes
396 2162 573 2224 invitentur
596 2160 638 2224 ad
661 2160 847 2225 intrandum
871 2172 904 2224 et
926 2161 1071 2225 interiori
1102 2183 1216 2247 sapore
1245 2160 1440 2247 gustandum
1471 2161 1548 2248 quid
1579 2163 1611 2225 in
1643 2161 1737 2227 domo
1760 2162 1815 2227 illa

169 2266 417 2332 convivantibus
441 2278 651 2354 proponatur,
676 2289 759 2353 quae
782 2267 861 2331 foris
891 2278 957 2331 tam
988 2269 1106 2350 aureis,
1136 2279 1202 2331 tarn
1226 2269 1360 2331 musivis
1384 2269 1520 2354 picturis
1544 2279 1685 2333 ornatur.
1733 2268 1815 2334 Cum

169 2376 255 2438 enim
279 2375 438 2460 propheta
462 2374 550 2438 dicat
572 2372 703 2438 beatum
727 2375 843 2456 virum,
869 2375 924 2461 qui
948 2378 1063 2440 caralit
1084 2401 1195 2439 manas
1218 2400 1292 2439 suns
1315 2377 1354 2439 oh
1379 2379 1467 2439 orarii
1487 2401 1622 2456 manere,
1646 2377 1709 2458 isti,
1735 2399 1815 2463 quos
1835 2399 1949 2448 insani.

168 2480 341 2546 imitandos
371 2483 535 2568 proposui,
566 2481 648 2550 tales
678 2481 809 2545 fuerunt
839 2504 1041 2562 excussores,
1072 2504 1187 2544 manus
1210 2480 1365 2545 videlicet
1395 2503 1470 2545 suas
1501 2480 1542 2545 ab
1567 2483 1654 2546 omni
1681 2505 1814 2547 munere

122 2615 151 2653 so
167 2590 297 2674 penitus
327 2589 538 2670 excutientes,
569 2597 613 2669 ut,
645 2589 831 2674 quicunque
861 2588 982 2652 fuerint
1011 2589 1189 2651 imitatores
1214 2610 1335 2670 eorum,
1366 2589 1481 2652 merito
1505 2588 1655 2653 dicantur
1670 2591 1744 2677 filii
1764 2615 1815 2654 err-

169 2721 338 2760 cassoram.
377 2695 430 2758 De
454 2693 571 2759 talibus
596 2692 675 2759 dicit
698 2694 857 2780 psalmus:
884 2694 973 2760 Sicut
994 2698 1104 2782 sopr'tte
1128 2698 1160 2759 in
1180 2721 1276 2759 ranna
1285 2698 1433 2781 potentis,
1457 2698 1502 2760 ita
1511 2697 1586 2783 filii
1606 2720 1813 2761 cartaeorum.
1835 2719 1957 2768 saraam.

167 2802 256 2866 Ecce
282 2801 442 2888 quomodo
466 2800 530 2864 sibi
552 2812 732 2866 consonant
754 2800 946 2888 prophetica
969 2803 1169 2884 testimonia,
1201 2800 1267 2866 illic
1292 2801 1425 2865 dicitur:
1456 2802 1575 2866 Beatus
1599 2805 1659 2882 air,
1685 2807 1744 2888 qni
1764 2829 1814 2867 sr-

168 2913 244 2974 crtr't
266 2935 377 2973 mansis
399 2935 474 2974 arras
497 2911 536 2973 ab
560 2911 648 2972 omni
668 2933 810 2990 sternere,
840 2907 893 2971 hic
923 2909 1182 2972 commemoratis
1214 2907 1444 2972 excussoribus
1476 2909 1627 2972 continuo
1653 2910 1814 2996 sequitur:

168 3017 288 3080 Beatus
310 3019 371 3096 vir,
399 3018 458 3101 qai
478 3016 621 3101 implear-'t
643 3015 835 3080 desideriam
859 3041 949 3078 snam
973 3040 1011 3079 es
1033 3018 1123 3102 apsis.
1171 3014 1290 3079 Infelix
1314 3015 1377 3095 ille,
1403 3017 1458 3101 qui
1482 3016 1595 3101 implet
1618 3015 1815 3080 desiderium
1835 3040 1894 3080 ms.

122 3148 150 3186 aa
168 3145 262 3185 suurn
286 3131 399 3186 contra
421 3123 509 3208 ipsos
532 3143 667 3185 munera
695 3120 919 3206 suscipiendo;
951 3119 1066 3184 beatus
1097 3121 1161 3204 ille,
1193 3123 1249 3208 qui
1279 3122 1391 3208 implet
1421 3121 1618 3185 desiderium
1650 3145 1743 3187 suum
1774 3145 1816 3187 ex

168 3230 247 3315 ipsis
270 3251 385 3293 manus
409 3251 485 3292 suas
509 3226 551 3291 ab
575 3229 662 3292 omni
685 3251 818 3292 munere
844 3227 1049 3292 excutiendo.
1095 3227 1153 3291 llle
1178 3227 1291 3313 implet
1314 3227 1511 3292 desiderium
1528 3239 1640 3292 contra
1655 3230 1743 3315 ipsos
1760 3252 1815 3293 ex-

169 3357 333 3417 cussores3
357 3337 418 3400 iste
443 3345 550 3399 autem
573 3335 686 3420 implet
710 3334 907 3398 desiderium
932 3357 1024 3398 suum
1049 3357 1092 3397 ex
1107 3336 1197 3420 ipsis,
1223 3335 1299 3421 quia
1323 3335 1473 3420 exempla
1497 3335 1675 3399 honestatis
1692 3347 1829 3400 mutua'

168 3453 221 3505 tur
244 3463 285 3505 ex
309 3442 398 3527 ipsis.
444 3441 514 3522 Ille,
538 3453 692 3527 tanquam
717 3463 759 3504 ex
783 3464 861 3505 arcu
883 3463 995 3527 pravo,
1020 3464 1084 3504 non
1108 3441 1212 3504 tendit
1236 3443 1269 3504 in
1293 3441 1467 3524 directum,
1495 3443 1566 3522 iste,
1592 3443 1676 3505 sicut
1698 3443 1816 3528 sagitta

169 3549 203 3612 in
225 3570 323 3611 manu
345 3549 496 3634 potentis,
520 3550 554 3611 in
579 3548 737 3612 directum
759 3549 912 3631 mittitur3
944 3570 1003 3634 per
1026 3570 1153 3611 omnem
1176 3547 1382 3633 parrochiam
1407 3571 1498 3611 sunm
1522 3549 1683 3633 attingens
1708 3571 1728 3612 a
1750 3548 1814 3611 fine

120 3683 150 3720 ao
169 3677 271 3740 usque
302 3654 344 3718 ad
372 3655 472 3719 finem
501 3654 636 3736 fortiter,
668 3665 700 3718 et
730 3653 872 3740 disponit
902 3656 1010 3719 omnia
1040 3654 1192 3717 suaviter.
1240 3653 1350 3718 Verbo
1379 3655 1498 3740 quippe
1523 3653 1607 3717 illius
1631 3653 1731 3718 nichil
1755 3655 1816 3718 erit
1835 3680 1913 3730 sans,
1923 3683 1941 3722 1.
1966 3731 1967 3736 η

169 3761 282 3826 fortius
306 3772 439 3848 propter
462 3762 697 3843 auctoritatem,
722 3760 822 3825 nichil
845 3762 976 3824 suavius
1000 3769 1133 3846 propter
1157 3762 1335 3825 caritatem.

274 3869 361 3933 Huic
384 3867 485 3932 verbo
509 3868 635 3932 fortiter·
658 3869 750 3931 suavi
775 3879 807 3931 et
830 3869 973 3931 suaviter
993 3867 1068 3931 forti
1089 3867 1184 3931 cedet
1206 3869 1309 3931 omnis
1331 3867 1496 3932 mundana
1518 3878 1661 3954 potestas
1685 3866 1814 3953 quando

168 3985 259 4039 tanta
283 3977 335 4039 'in
358 3977 428 4061 ipso
453 3976 606 4061 episcopo
630 3973 768 4060 fulgebit
791 3975 952 4054 honestas,
985 3984 1019 4038 ut
1050 3997 1123 4038 cum
1146 3974 1248 4038 Paulo
1277 3973 1421 4060 apostolo
1452 3974 1588 4059 gloriam
1618 3996 1710 4037 suam
1740 3995 1814 4036 ava·
1834 3962 1913 4058 1‘032,
1922 4019 1942 4067 9,
1952 4017 1985 4058 1„

170 4084 260 4146 cuari
282 4104 346 4146 non
371 4083 471 4164 sinat,
497 4081 646 4167 exemplo
664 4081 748 4145 illius
765 4083 863 4145 etiam
880 4080 1024 4145 debiturn
1049 4104 1126 4144 suae
1151 4080 1284 4145 militiae
1309 4081 1506 4166 stipendium
1524 4081 1695 4166 negligens
1718 4081 1814 4144 inter-

123 4217 150 4256 ss
169 4189 246 4254 dum
276 4189 319 4252 ad
343 4187 583 4274 expediendum
607 4187 700 4252 verbi
723 4188 788 4252 Dei
819 4211 959 4268 cursum,
991 4188 1019 4251 si
1043 4186 1136 4251 aliter
1159 4211 1224 4252 non
1247 4199 1354 4273 potest
1385 4187 1542 4274 expediri,
1574 4188 1636 4251 nisi
1666 4187 1815 4273 neglecto

169 4296 258 4360 lucro
289 4296 386 4360 etiam
417 4293 519 4359 debiti
550 4295 712 4380 stipendii.
758 4294 802 4359 Et
831 4305 866 4358 ut
895 4317 968 4358 cum
992 4294 1125 4359 Heliseo
1150 4295 1308 4380 propheta
1336 4318 1396 4359 nec
1420 4307 1493 4382 post
1517 4297 1697 4380 impensum
1723 4296 1815 4380 spiri-

169 4403 254 4466 tuale
279 4401 409 4488 aliquod
434 4401 627 4466 beneficium
652 4425 767 4465 munus
792 4401 935 4466 oblatum
960 4401 1124 4486 suscipiat,
1150 4403 1176 4464 si
1193 4401 1321 4485 viderit,
1347 4413 1379 4466 et
1401 4401 1458 4466 ubi
1475 4401 1594 4465 viderit
1610 4424 1669 4487 per
1685 4423 1815 4486 suscep-

169 4510 289 4574 tionem
320 4509 432 4572 talium
462 4531 633 4572 munerum
659 4507 752 4571 verbi
780 4509 846 4571 Dei
876 4531 1005 4572 cursum
1035 4507 1167 4571 tardari.
1216 4507 1313 4588 Quod
1341 4509 1457 4573 leviter
1487 4509 1605 4589 evenit,
1638 4505 1693 4570 nbi
1723 4507 1817 4570 dator

171 4615 325 4682 secularis
357 4625 388 4679 ct
418 4615 565 4679 Naaman
596 4614 680 4701 Syro
717 4613 892 4679 consimilis
928 4625 986 4694 cst,
1018 4615 1074 4700 qui
1104 4624 1226 4677 casta-m
1257 4615 1470 4678 intentionem
1500 4613 1608 4678 oblata
1638 4615 1737 4677 xenia
1767 4637 1815 4676 ro·
1835 4639 1984 4687 criseas.

123 4750 151 4789 ro
170 4724 314 4809 spuentis
338 4722 434 4786 facile
458 4721 618 4806 intelligit.
667 4721 904 4807 Suscipicntem
921 4743 999 4783 vcro
1022 4719 1184 4784 interdurn
1207 4721 1277 4805 ipse
1302 4723 1356 4807 qui
1381 4721 1474 4785 offert
1498 4743 1561 4806 quo
1585 4721 1692 4784 animo
1717 4721 1815 4783 susci-

169 4831 246 4915 piat,
272 4852 336 4892 non
361 4828 447 4893 clare
472 4828 643 4909 discernit;
669 4829 753 4891 sicut
775 4827 828 4890 ille
853 4827 1001 4890 Naaman
1025 4826 1127 4912 Syrus
1150 4827 1218 4890 lezi
1242 4828 1384 4890 animum
1408 4849 1473 4891 non
1497 4827 1662 4908 discrevit,
1688 4825 1747 4889 sed
1769 4827 1816 4891 in-

170 4936 308 5000 discrete
340 4935 411 5021 plus
436 4937 543 5016 etiam,
574 4957 671 5021 quam
695 4944 894 5020 quereretur,
919 4931 1044 4997 obtulit.
1091 4932 1160 4996 Nec
1191 4943 1301 4997 tamen
1332 4933 1506 5015 offerentis,
1538 4933 1596 4996 sed
1626 4934 1816 5018 accipientis

170 5043 368 5106 conscientia
398 5042 467 5106 lesa
497 5052 546 5106 est
575 5043 609 5105 in
639 5041 696 5104 tali
725 5042 865 5126 negotio.
918 5040 1073 5103 Attamen
1103 5040 1256 5124 quoniam
1287 5038 1517 5104 offendiculum
1547 5062 1657 5104 coram
1687 5039 1815 5103 homine

169 5149 282 5234 gentili
305 5161 458 5235 posuerat
480 5149 557 5228 lezi,
582 5147 668 5211 unde
692 5147 847 5211 Hclesei¹
873 5147 958 5210 servi
981 5145 1046 5210 Dei
1076 5147 1220 5209 avaricia
1250 5147 1365 5226 notari,
1395 5157 1427 5209 et
1457 5170 1499 5210 ex
1522 5146 1609 5210 mala
1633 5146 1815 5231 suspicione

121 5284 151 5322 ss
170 5256 333 5320 offerentis
365 5256 463 5319 etiam
494 5255 694 5318 conscientia
724 5263 851 5340 poterat
881 5252 1105 5334 scandalizari,
1137 5253 1268 5316 omnino
1299 5253 1418 5316 iustum
1442 5252 1512 5334 fuit,
1543 5263 1579 5316 ut
1601 5251 1726 5339 lepram
1748 5253 1816 5316 lezi

169 5365 312 5445 sentiret,
338 5384 420 5449 quae
445 5385 465 5426 a
487 5361 634 5425 Neaman
657 5371 855 5442 recesserat;
887 5361 940 5423 cui
970 5360 1041 5445 ipsc
1066 5360 1271 5424 occasionem
1295 5359 1442 5423 scandali
1464 5358 1648 5445 prebuerat,
1672 5369 1707 5423 ut
1730 5358 1816 5423 solus

170 5471 239 5555 ipse
271 5480 416 5555 portaret
444 5467 622 5549 infamiam,
653 5468 708 5554 qui
739 5466 931 5552 neglexerat
960 5489 1051 5529 suam
1083 5477 1124 5547 et,
1157 5466 1246 5552 quod
1275 5467 1367 5552 peius
1399 5476 1478 5548 erat,
1509 5467 1656 5550 magistri
1686 5464 1815 5530 famam.

171 5576 277 5656 Quam
308 5599 376 5640 rem
407 5577 434 5639 si
463 5576 619 5660 magister
648 5573 893 5655 dissimulasset,
925 5583 957 5636 et
986 5574 1057 5658 ipse
1087 5574 1253 5659 propriam
1279 5572 1399 5636 famam
1422 5572 1598 5657 neglegens
1623 5582 1655 5636 et
1678 5571 1816 5636 crudelis

275 5737 302 5802 a)
322 5741 360 5790 ita
378 5759 398 5790 r.
1581 5789 1587 5800 .

1552 5808 1604 5859 21*
