4568 6428
548 1336 1047 1473 EPISTOLA
1094 1335 1229 1467 DE
1281 1333 1988 1474 SACRAMENTIS

841 1575 1690 1711 HAERETICORUM.

1183 1873 1345 1937 EDIDIT

937 2071 1067 2168 ERN
1073 2069 1190 2167 EST
1195 2069 1274 2166 US
1316 2067 1593 2168 SAOKUR.

560 2321 623 2400 Eu
645 2333 749 2398 eodem
767 2333 871 2396 codice
890 2330 1132 2418 Guelferbitaao
1149 2355 1197 2394 nr.
1217 2329 1291 2410 782,
1315 2355 1375 2416 quo
1400 2331 1540 2395 bebelium
1565 2331 1602 2396 de
1627 2333 1757 2398 uitanda
1773 2335 1869 2398 missa
1888 2351 2121 2406 unoratorums

441 2441 636 2508 sacerdotum
670 2441 801 2518 inuenit,
832 2438 877 2501 M.
903 2437 1041 2501 Sdraiek
1070 2451 1243 2521 sequentem
1266 2438 1429 2522 epistolam
1461 2437 1502 2525 (f.
1526 2439 1702 2522 etr-33¹)
1730 2441 1861 2526 publici
1888 2445 1970 2506 iuris
1992 2444 2088 2530 fecit,

442 2574 503 2634 qua
537 2547 576 2612 G.
610 2545 741 2631 quidam
771 2546 919 2630 mapister
951 2543 1110 2628 desciptdo
1144 2542 1225 2627 quid
1258 2551 1293 2606 de
1323 2547 1527 2608 sacramentis
1564 2545 1789 2610 baereticorum
1825 2549 2019 2612 sentiendum
2048 2553 2091 2614 sit

442 2655 607 2740 quaerenti
620 2652 796 2738 praecipue
818 2651 977 2736 scriptura
1000 2674 1093 2712 sacra
1117 2651 1206 2712 nisus
1229 2649 1417 2735 respondit1.
1464 2649 1593 2730 Auctor,
1624 2655 1683 2736 qui
1710 2655 1773 2716 iam
1804 2669 1895 2718 antea
1925 2656 2089 2741 epistolam

442 2762 480 2825 de
503 2783 633 2846 corpore
663 2771 691 2822 et
719 2758 871 2843 eanptsinc
894 2755 1030 2820 Domini
1056 2757 1237 2841 scripserat,
1262 2758 1474 2840 provectioris
1501 2760 1611 2822 aetates
1633 2759 1743 2845 frume
1772 2761 1905 2842 videtur,
1936 2785 2005 2826 mern
2028 2786 2090 2826 non

442 2867 536 2931 semei
558 2866 596 2930 de
622 2865 803 2951 infirmitate
825 2887 883 2926 sua
907 2877 1064 2946 queratur.
1098 2862 1147 2925 De
1171 2875 1305 2947 tempere
1329 2885 1390 2946 quo
1414 2863 1596 2948 opimentum
1620 2868 1821 2951 conpositum
1844 2870 1886 2931 sit
1908 2868 1992 2932 nibil
2013 2871 2094 2932 certi
2110 2899 2136 2938 ιο

443 2973 589 3037 babemus
596 2997 607 3054 ,·
636 2995 705 3035 cum
737 2993 807 3034 uero
838 2968 876 3033 de
906 2971 1084 3053 quaestione
1113 2981 1203 3054 apat,
1234 2992 1313 3052 qtcae
1343 2993 1422 3032 saec.
1455 2967 1515 3032 XI.
1541 2984 1569 3034 et
1590 2969 1669 3034 XII.
1700 2975 1829 3058 saepius
1859 2973 2089 3060 disputabatur,

443 3079 547 3143 eodem
564 3080 641 3165 fere
664 3091 799 3162 tempore
823 3076 917 3139 etr'esm
940 3088 1078 3138 nostrum
1109 3074 1247 3138 libellum
1272 3077 1474 3160 compositum
1502 3099 1566 3140 esse
1590 3101 1623 3140 eo
1639 3078 1783 3165 facilius
1806 3081 1866 3144 tibi
1880 3081 2089 3166 persuadeas,

443 3185 528 3270 quod
550 3187 584 3248 ia
607 3183 712 3248 eodem
737 3182 842 3246 codice
865 3181 934 3245 abia
958 3204 1077 3266 quoque
1101 3180 1146 3244 ad
1169 3181 1254 3245 litem
1278 3182 1479 3246 investiturae
1496 3185 1689 3267 pertinentia
1714 3185 1864 3272 tepenter.

549 3308 838 3395 Arpentorati,
861 3329 963 3370 mertse
987 3303 1165 3390 Septembri
1184 3330 1213 3368 a.
1242 3305 1335 3367 1892.
1719 3309 1758 3372 Ε.
1785 3307 1980 3377 SAOKUR.
2037 3349 2041 3356 ·

816 3497 993 3580 Questia
1025 3496 1072 3561 de
1103 3498 1383 3562 sacramentis
1413 3498 1709 3565 hereticorum.
2111 3537 2136 3576 η

549 3642 692 3706 Domino
715 3664 753 3706 ac
776 3642 932 3728 magistro
957 3662 1015 3704 suo
1040 3637 1092 3722 Gn,
1125 3639 1195 3702 viro
1227 3637 1358 3703 divinae
1387 3638 1470 3725 legis
1500 3641 1679 3706 eruditione
1710 3644 1855 3729 perfecto
1886 3659 1918 3712 et
1945 3651 2090 3716 inomni

443 3772 569 3815 morum
599 3748 767 3812 honestate
798 3749 903 3834 gratia
930 3746 996 3810 Dei
1026 3746 1213 3832 perspicuo,
1253 3743 1293 3808 G.
1326 3745 1483 3832 quicquid
1517 3748 1639 3833 optimo
1677 3750 1900 3838 catholicoque
1934 3757 2090 3842 magistro

444 3855 633 3942 discipulus.
679 3853 732 3917 De
757 3853 966 3918 sacramentis
991 3852 1221 3932 hereticorum,
1252 3850 1438 3915 dulcissime
1462 3853 1621 3936 viromm,
1650 3854 1763 3920 limine
1785 3856 1938 3924 bonitatis
1961 3873 2090 3928 vestrae

443 3961 619 4048 pulsemus.
650 3959 783 4023 Diversi
808 3961 927 4023 etenim
951 3958 992 4022 de
1017 3957 1066 4021 his
1089 3957 1246 4021 hactenns
1270 3957 1401 4022 diverse
1423 3957 1576 4023 dixemnt
1600 3970 1632 4024 et
1654 3983 1713 4024 nos
1736 3963 1771 4026 in
1787 3962 1885 4029 dubio
1902 3989 1962 4032 suu
1984 3967 2090 4034 diver-

445 4068 538 4131 sitate
563 4067 735 4153 liquerunt.
767 4064 820 4128 Ad
843 4087 902 4127 vos
925 4064 1024 4150 igitur
1046 4063 1088 4127 de
1112 4073 1202 4127 tanta
1225 4063 1413 4128 diversitate
1435 4065 1639 4150 confugimus
1656 4065 1865 4134 obsecrantes
1888 4072 1922 4136 in
1937 4072 2090 4158 Domino,
2111 4107 2138 4146 eo
2259 4051 2262 4056 Δ

445 4183 603 4259 quatenus
628 4170 770 4258 quidde
795 4171 1004 4234 sacramentis
1029 4179 1249 4255 apostatarum
1274 4181 1306 4233 et
1329 4169 1555 4253 hereticorum,
1587 4195 1667 4258 quos
1698 4175 1890 4260 euangelica
1911 4177 1996 4245 falce
2019 4205 2091 4268 pre-

445 4277 526 4342 cidit
548 4277 719 4357 aecclesia,
743 4277 862 4340 sentire
887 4274 1075 4357 debeamus,
1106 4272 1200 4338 nobis
1231 4277 1358 4361 aperire
1381 4275 1500 4341 velitis.
1548 4277 1583 4343 Si
1608 4301 1685 4365 ergo
1710 4280 1868 4365 dixeritis,
1900 4285 1988 4370 quod
2013 4309 2091 4352 vere

446 4394 683 4450 sacramentnm
708 4383 851 4470 corporis
868 4380 988 4447 Christi
1013 4381 1197 4470 conficiant,
1222 4393 1309 4446 certe
1326 4383 1481 4446 miramur
1505 4382 1545 4447 de
1569 4383 1625 4448 illu
1649 4386 1809 4453 catholiea
1832 4390 2004 4476 scriptura,
2028 4416 2091 4480 qne

446 4493 501 4573 ait,
526 4489 614 4577 quod
636 4489 726 4554 locus
749 4489 820 4553 veri
836 4487 988 4552 sacrificii
1008 4498 1118 4574 preter
1141 4487 1334 4552 aecclesiam
1358 4510 1430 4552 esse
1453 4511 1519 4553 non
1541 4491 1673 4576 possim,
1698 4503 1730 4557 et
1753 4493 1851 4577 illem,
1876 4519 1939 4583 que
1963 4499 1998 4562 in
2020 4521 2091 4585 per·

447 4619 528 4661 sone
542 4596 676 4660 Domini
699 4595 830 4659 videtur
851 4594 940 4681 loqui
960 4593 1003 4657 de'
1017 4592 1154 4658 talibus:
1178 4595 1373 4660 Maledicam
1390 4596 1655 4663 benedictionibus
1678 4603 1788 4666 uestris
1808 4611 1841 4666 et
1863 4611 1902 4666 e*
1923 4626 2091 4670 converso.
2111 4637 2137 4677 ss

317 4691 426 4786 ¹¹⁸¹sff¹2ssj
446 4704 490 4768 Et
512 4705 645 4768 iterum:
677 4702 778 4766 Panis
800 4726 906 4766 eorum
921 4704 1023 4788 panes
1052 4702 1169 4784 luctum
1199 4703 1300 4766 munis
1330 4703 1389 4786 qui
1414 4703 1653 4770 manducaverit
1675 4703 1727 4772 'ee
1755 4732 1789 4774 eo
1819 4713 2090 4778 contaminabitur.

331 4835 426 4884 osse
447 4810 483 4876 Si
506 4831 584 4874 vero
609 4807 767 4888 dixeritis,
793 4805 880 4893 quod
901 4829 967 4870 non
991 4805 1174 4888 conficient,
1198 4807 1315 4870 iterum
1331 4808 1514 4894 itemmque
1530 4810 1696 4894 miremur,
1721 4812 1800 4898 quid
1815 4813 1938 4896 fideles,
1963 4819 2019 4904 qui
2036 4841 2091 4882 eos

447 4930 480 4982 et
502 4925 665 5003 apostatas
690 4925 722 4978 et
752 4913 1048 4977 excommunicatos
1072 4913 1233 4996 ignorent,
1263 4913 1297 4975 in
1328 4935 1439 4977 eorum
1468 4928 1671 4981 sacramento
1701 4921 1893 5006 percipiant.
1941 4923 1993 4988 De
2016 4947 2091 5010 pec-

446 5021 610 5088 catoribus
641 5018 832 5106 euangelica
865 5018 948 5083 falce
982 5019 1119 5104 precisis
1149 5019 1212 5081 iste
1246 5020 1456 5104 quesivimus.
1511 5019 1647 5088 Constet
1677 5026 1763 5089 enim
1793 5025 1834 5091 de
1864 5028 2092 5114 peccatoribus

553 5221 580 5281 a)
601 5222 635 5272 hc
653 5238 674 5272 e.
2112 5239 2139 5279 ω

556 5403 585 5464 1)
612 5399 661 5472 Cf.
686 5400 917 5472 ‘Wolfenbt'tttler
942 5398 1125 5476 Frapmente’
1145 5397 1318 5474 p.107sq.
1422 5399 1452 5470 2)
1482 5401 1621 5478 Hesperi
1644 5404 1851 5464 Sententiarum
1879 5429 1915 5467 ea·
1938 5411 2093 5488 Auptmtino

447 5528 470 5566 e.
495 5509 562 5578 XV,
595 5507 710 5582 disputet.
737 5504 810 5580 opp.
836 5505 878 5562 ed.
903 5503 1010 5562 Bened.
1036 5505 1073 5573 X,
1097 5523 1166 5580 app.
1191 5505 1242 5561 col.
1269 5503 1385 5576 22435
1416 5506 1554 5584 Prospcri
1578 5507 1650 5586 Opp.
1677 5506 1785 5585 (Paris.
1806 5511 1902 5590 l'ill)
1934 5519 1984 5574 col.
2010 5516 2093 5587 545,-

396 5661 400 5668 .
446 5634 472 5672 u.
498 5612 598 5670 Libedi
620 5612 659 5681 11,
679 5631 712 5687 p.
731 5610 805 5667 323.
