4568 6428
543 425 737 483 EPISTOLA
759 427 813 481 DE
838 422 1110 481 SACRAMENTIS
1133 422 1456 480 HAERETICORUM.
1782 415 1821 478 13

167 615 260 680 infra
281 611 497 696 manentibus,
523 612 612 699 quod
626 635 689 677 nec
705 635 724 676 a
739 609 825 676 bono
848 612 952 696 magis
975 633 1037 675 nec
1061 633 1081 673 a
1102 609 1188 674 malo
1210 611 1340 674 minusl
1363 632 1481 696 corpus
1498 607 1619 674 Christi
1643 608 1822 693 conficitur,

170 724 252 808 quia
276 722 304 785 si
326 722 360 784 in
382 720 497 784 merito
522 729 610 784 esset
641 717 831 800 sacerdotis,
861 740 927 782 non
957 717 1135 803 pertineret
1165 715 1208 780 ad
1231 715 1406 780 Christum.
1452 715 1521 780 Ista
1550 715 1591 779 de
1619 725 1823 780 sacramento

172 829 320 915 corporis
345 837 377 892 et
400 826 568 912 sanguinis
592 823 713 890 Christi
737 825 864 911 quesita
888 823 1061 888 sufficiant.
1520 901 1525 908 ι

281 934 396 998 Restat
425 932 465 996 de
496 931 674 995 eorundem
703 930 922 994 hereticorum
951 927 1114 1015 baptismo
1145 928 1362 1015 querendum,
1398 939 1505 993 utrum
1534 929 1569 991 in
1599 929 1824 992 remissionem

138 1041 303 1127 speccati
326 1038 493 1125 baptizent
516 1061 559 1102 an
582 1060 656 1100 non.
697 1035 733 1101 Si
757 1036 915 1118 dixeritis,
941 1035 1028 1122 quod
1051 1035 1085 1098 in
1108 1036 1332 1099 remissionem
1355 1036 1483 1121 peccati
1506 1032 1684 1121 baptizent,
1708 1057 1824 1098 manus

174 1147 340 1233 impositio
364 1147 453 1210 iussa
474 1144 528 1209 vel
553 1143 628 1208 data
658 1165 717 1229 pro
739 1141 802 1206 illis
834 1143 890 1228 qui
913 1140 1120 1228 baptizantur
1143 1164 1164 1205 a
1187 1139 1306 1205 talibus
1330 1140 1462 1206 videtur
1491 1141 1621 1206 omnino
1650 1139 1823 1227 superflua.

175 1253 212 1318 Si
235 1275 314 1317 vero
337 1251 536 1337 negaveritis
560 1271 616 1314 eos
639 1250 673 1312 in
689 1249 914 1312 remissionem
929 1246 1096 1333 baptizare
1113 1248 1251 1334 peccati,
1276 1246 1355 1333 quid
1378 1246 1524 1312 dicemus
1548 1246 1590 1311 de
1613 1247 1686 1329 illis,
1711 1248 1767 1333 qui
1789 1247 1824 1311 in

175 1358 384 1446 simplicitate
407 1356 484 1421 fidei
508 1379 586 1421 suae
616 1356 832 1441 precisionem
863 1355 1050 1440 ignorantes
1081 1377 1193 1418 eorum
1222 1352 1430 1440 baptizantur
1459 1377 1479 1417 a
1506 1352 1650 1418 talibus?
1690 1352 1726 1418 Si
1749 1364 1824 1417 ante

175 1487 291 1555 manus
306 1464 548 1550 impositionem
564 1461 605 1526 de
621 1461 683 1526 hac
699 1463 768 1525 vita
784 1461 1003 1541 discesserint,
1021 1471 1170 1524 utrumne
1185 1458 1383 1547 baptizantis
1398 1459 1590 1524 infidelitate
1608 1459 1826 1546 dampnentur

128 1595 218 1638 roan
243 1570 320 1635 fidei
343 1591 421 1635 suae
439 1569 646 1655 simplicitate
671 1567 862 1632 salventur?
891 1567 926 1632 Si
950 1565 1146 1654 baptizantis
1162 1565 1353 1630 infidelitate
1371 1565 1598 1652 dampnantur,
1624 1566 1703 1652 quid
1726 1566 1824 1632 facie-

84 1679 87 1684 ’
175 1701 248 1742 mus
272 1677 313 1741 de
337 1676 393 1740 illa
416 1674 529 1740 divina
552 1676 712 1739 sententia
734 1674 910 1738 Iohannis*
938 1673 1116 1760 loquentis:
1147 1671 1250 1758 Super
1273 1699 1362 1758 quem
1386 1673 1507 1738 viderie
1529 1676 1676 1759 spir-itura
1701 1674 1824 1740 deacea-
1844 1701 1964 1750 naras.

177 1786 298 1850 dentem
320 1786 402 1848 aieret
424 1784 596 1848 columbam
621 1797 649 1846 et
671 1795 839 1846 mareote-m
864 1805 959 1868 saper
982 1805 1061 1861 eam,
1085 1781 1136 1844 lic
1160 1777 1222 1866 eqeb
1250 1782 1309 1865 qui
1322 1782 1482 1865 baptizat?
1510 1779 1546 1845 Si
1568 1802 1647 1844 vero
1667 1779 1825 1867 baptizati

176 1890 334 1955 fidelitate
351 1902 383 1954 et
405 1889 590 1974 ignorantia
614 1910 672 1952 sua
693 1887 869 1968 salvantur,
894 1887 973 1973 quid
988 1886 1146 1950 faciemus
1170 1885 1210 1950 de
1231 1885 1299 1949 1111
1314 1884 1459 1972 paradisi
1481 1884 1678 1969 fluminibus,
1702 1887 1756 1950 id⁰
1777 1899 1826 1951 est

178 1997 246 2061 IIII
270 1995 433 2082 euangelii
456 1993 558 2075 libris,
583 1995 639 2080 qui
662 1992 898 2058 beatitudinem
922 1992 1066 2079 paradisi
1089 1993 1151 2056 nisi
1175 1993 1209 2055 in
1232 1991 1385 2079 paradiso
1408 2015 1474 2056 non
1496 1992 1644 2057 habent?

132 2219 159 2256 rs
629 2188 829 2276 Sequitur
858 2187 1155 2275 respondentis
1186 2187 1379 2275 epistola.

287 2313 328 2379 G.
353 2314 444 2379 fratri
468 2311 509 2378 G.
534 2313 681 2378 salutern.

285 2420 434 2485 Prudens
459 2421 614 2507 sapientis
638 2421 849 2505 interrogatio
873 2420 1063 2505 interrogati
1087 2429 1136 2482 est
1159 2419 1202 2482 ad
1223 2417 1487 2504 respondendum
1509 2418 1703 2484 informatio.
1745 2417 1827 2483 Cra·

178 2528 264 2594 tulor
287 2539 318 2592 et
342 2528 463 2613 gratias
486 2524 546 2590 tibi
570 2526 685 2606 refero,
711 2526 798 2612 quod
821 2525 1051 2611 interrogando
1081 2547 1133 2588 me
1164 2524 1338 2610 plurimum
1363 2524 1507 2607 erudisti,
1539 2527 1617 2612 quia
1641 2535 1673 2590 et
1695 2548 1827 2612 respou-

177 2634 287 2699 dendo
312 2645 344 2698 et
367 2631 541 2712 scribendo
571 2632 706 2719 profeci.
754 2630 900 2697 Obsecro
924 2653 1013 2716 ergo,
1043 2642 1079 2696 ut
1106 2632 1191 2695 sicut
1219 2641 1275 2695 tua
1305 2632 1426 2717 peticio
1456 2631 1522 2696 suis
1553 2631 1642 2717 apud
1663 2654 1715 2696 me
1742 2634 1827 2697 votis

132 2768 160 2806 so
177 2763 238 2804 usa
262 2751 320 2822 est,
346 2741 393 2803 sic
417 2749 450 2802 et
472 2761 546 2802 mea
570 2736 715 2806 obtineat
738 2738 826 2825 apud
848 2749 880 2802 te
905 2760 968 2824 que
993 2747 1155 2801 secuntur.
1189 2737 1225 2803 Si
1249 2759 1314 2823 qua
1337 2738 1465 2802 caritati
1489 2747 1564 2801 tuae
1585 2739 1711 2825 scripsi,
1736 2738 1828 2803 defer

178 2847 221 2912 ad
251 2845 435 2924 torcularia,
468 2844 559 2909 defer
589 2844 631 2908 ad
660 2846 771 2929 ignem
794 2845 884 2931 prius
908 2843 1078 2930 probanda
1101 2843 1213 2930 ‘quam
1242 2842 1451 2930 publicanda.
1498 2843 1592 2910 Sacri
1622 2846 1709 2909 senis
1733 2867 1828 2910 aures
1846 2869 1877 2911 ⁸.
1911 2870 1925 2910 ¹.

178 2951 369 3016 fidelissima
385 2949 508 3017 Christi
531 2950 707 3015 torcularia
730 2961 819 3032 sunt3
844 2952 976 3036 spiritus
1000 2973 1130 3037 quoque
1152 2949 1238 3014 illius
1263 2973 1336 3014 cum
1353 2950 1516 3036 Seraphin
1539 2950 1657 3016 ardens
1674 2963 1724 3016 est
1747 2953 1827 3017 cari-

178 3069 260 3139 tate,
294 3057 473 3122 incendens
504 3056 669 3143 exemplo,
705 3056 817 3121 lucens
848 3058 996 3121 veritate.
1049 3057 1104 3120 Ad
1133 3058 1239 3144 ipsum
1269 3057 1365 3140 refer,
1402 3067 1561 3144 quatenus
1591 3057 1676 3122 illius
1706 3057 1828 3123 iudicio

180 3163 351 3250 eliquatur,
382 3162 467 3227 illius
490 3164 674 3228 testimonio
698 3165 905 3226 examinetur
927 3164 1140 3248 interipsum
1164 3174 1197 3228 et
1219 3175 1262 3245 te,
1294 3175 1326 3228 et
1349 3164 1507 3251 quicquid
1528 3163 1575 3228 illi
1599 3166 1705 3230 visum
1732 3164 1830 3230 fuerit

136 3298 162 3337 ss
179 3281 356 3351 remaneat,
382 3267 469 3355 quod
492 3291 570 3334 vero
595 3270 665 3333 eius
688 3269 846 3333 iudicium
871 3268 1042 3333 offenderit
1065 3271 1263 3357 competenti
1286 3269 1442 3336 desubtus
1467 3272 1629 3357 signatum
1649 3270 1765 3346 obelo²
1787 3273 1830 3338 ad

180 3398 232 3440 me
256 3377 394 3458 remitte,
418 3386 578 3461 quatenus
602 3397 622 3439 a
644 3397 696 3439 me
719 3377 790 3461 ipso
808 3373 961 3439 abrasum
983 3377 1018 3439 in
1041 3398 1127 3440 nova
1144 3375 1380 3441 emendationis
1397 3377 1480 3442 cude
1496 3378 1700 3443 reformetur.
1737 3379 1829 3444 Salu-

181 3483 337 3547 tationem
365 3480 433 3546 illic
455 3504 522 3546 non
548 3479 676 3567 prefixi‚
706 3480 780 3568 plus
811 3481 949 3567 diligens
972 3484 1123 3546 meritum
1147 3504 1221 3547 curn
1245 3483 1371 3547 silentio
1401 3506 1499 3570 quarn
1528 3485 1624 3548 inane
1654 3507 1773 3550 nomen
1795 3487 1830 3549 in

182 3586 324 3674 publico.
368 3587 410 3652 Id
431 3597 464 3652 te
488 3610 614 3652 summa
637 3587 806 3674 diligentia
829 3611 849 3652 a
871 3611 923 3652 me
947 3590 1105 3653 monitum
1129 3600 1161 3653 et
1185 3599 1355 3653 exoratum
1377 3589 1533 3676 intellige,
1564 3601 1600 3655 ut
1629 3613 1690 3656 nec
1717 3591 1830 3655 oculus

183 3693 308 3758 alienus
331 3694 444 3758 videat
465 3716 527 3759 nec
551 3695 638 3758 auris
662 3694 769 3758 aliena
792 3693 904 3758 audiat
926 3695 990 3758 nisi
1013 3697 1102 3780 prius
1126 3697 1358 3779 examinatum,
1389 3697 1453 3759 nisi
1476 3695 1532 3760 diu
1554 3695 1737 3782 probatum,
1766 3698 1829 3761 nisi

140 3829 165 3868 so
183 3799 248 3864 alta
265 3799 525 3864 consideratione
543 3799 730 3886 eliquatum,
746 3801 809 3864 nisi
826 3800 978 3866 diuturno
995 3801 1124 3867 silentio
1139 3802 1370 3889 ponderatum
1395 3802 1456 3867 hoc
1473 3803 1668 3888 sapientium
1683 3826 1753 3868 mos
1770 3813 1829 3886 est,

183 3905 244 3970 hoc
267 3905 435 3992 religionis
453 3907 629 3971 auctoritas
653 3917 711 3970 est.
743 3906 818 3970 Non
841 3906 931 3970 aliud
953 3930 1005 3971 me
1029 3906 1090 3972 tibi
1114 3909 1283 3994 scripsisse
1306 3910 1436 3973 noveris
1461 3931 1558 3996 quam
1582 3909 1670 3996 quod
1694 3909 1829 3974 ducrum

183 4021 448 4076 testamentorrun
471 4013 646 4077 auctoritas
670 4011 849 4077 confirmat.
1341 3997 1342 4000 Ἴ

184 4188 382 4253 Predicte
412 4189 677 4275 quaestionis
702 4187 749 4253 de
780 4192 1058 4254 sacramentis
1082 4192 1366 4257 hereticorum
1390 4192 1579 4280 eliquata
1597 4196 1830 4281 responsio.

290 4312 382 4376 Assit
403 4311 496 4378 nobis
520 4314 664 4377 omnium
687 4324 963 4378 sacramentorum
986 4314 1117 4398 arbiter,
1150 4315 1288 4402 Spiritus
1311 4327 1454 4399 sanctus,
1485 4340 1549 4404 quo
1580 4328 1612 4382 et
1641 4329 1696 4383 tuo
1726 4319 1831 4384 studio

143 4447 167 4486 ss
185 4431 218 4483 et
239 4429 350 4483 nostro
374 4417 536 4483 desiderio
559 4419 808 4484 satisfaciamus.
857 4419 1033 4506 Speremus
1058 4432 1090 4486 et
1112 4415 1240 4486 firmam
1261 4424 1296 4486 in
1318 4422 1461 4488 Domino
1484 4423 1638 4489 fiduciam
1661 4424 1830 4508 habemus,

185 4524 274 4611 quod
295 4547 358 4590 nee
380 4525 481 4589 menti
505 4524 638 4589 humilia
661 4525 831 4590 meditanti
854 4549 916 4592 nec
939 4526 1069 4612 linguae
1093 4550 1173 4592 sana
1187 4528 1333 4614 loquenti
1356 4551 1417 4594 nec
1440 4552 1539 4595 manu
1562 4541 1653 4596 reeta
1676 4530 1832 4596 scribenti

186 4629 298 4714 deerit,
321 4631 492 4718 presertim
510 4653 585 4695 cum
608 4632 765 4718 scriptum
789 4633 846 4696 sit:
871 4633 1075 4699 Desideriam
1092 4659 1274 4721 pauperum
1298 4637 1462 4702 caeaadivit
1475 4637 1634 4702 Dominus
1649 4662 1831 4726 praeparo-
1851 4666 1889 4706 r..
1897 4666 1929 4714 ro,
1939 4666 1973 4706 rr.

185 4737 319 4803 tioaem‘l
346 4738 453 4802 cordele
475 4763 582 4804 eorum
604 4739 731 4804 audivit
751 4742 843 4804 carth
865 4753 927 4804 tua.
963 4738 1165 4825 Augustinus
1189 4739 1230 4804 de
1252 4763 1333 4805 vera
1355 4741 1512 4828 religione
1536 4745 1676 4830 inquit³:
1701 4744 1776 4809 Noa
1798 4747 1833 4810 ia

186 4846 371 4932 ceastaioae
391 4868 590 4932 papauerum
606 4869 661 4910 aee
684 4847 719 4910 io
734 4848 956 4933 purgamentis
978 4847 1183 4912 hereticorum
1205 4872 1260 4912 aee
1284 4851 1318 4912 ia
1335 4849 1484 4935 languore
1507 4851 1756 4915 scebmatieoram
1778 4875 1834 4916 rtee
1906 4869 1910 4880 “

143 4979 169 5018 so
188 4952 221 5014 ia
244 4952 368 5015 cecitate
391 4949 562 5014 Iudecram
589 4951 807 5036 quorundam⁰
843 4966 887 5016 eat
915 4953 1039 5039 relipio,
1069 4953 1126 5018 ced
1154 4953 1243 5040 apud
1271 4978 1321 5019 eos
1344 4958 1404 5040 qui
1423 4957 1594 5022 christiani
1620 4958 1833 5044 appellantur,

187 5056 336 5122 catholici
358 5056 407 5120 cel
429 5053 608 5137 ortodoaeif,
633 5057 670 5122 id
691 5072 736 5122 eat
757 5060 947 5146 integritatis
969 5059 1109 5126 cicadas
1125 5075 1154 5124 ct
1167 5075 1251 5126 recta
1274 5076 1429 5128 camara.
1470 5062 1617 5128 Ecclesia
1640 5087 1712 5151 erqo
1736 5067 1834 5130 utitur

293 5267 320 5332 a)
342 5272 458 5323 Iohanni
477 5290 497 5323 c.
578 5269 606 5334 b)
628 5290 651 5324 e.
671 5291 697 5339 q.
716 5275 742 5324 b.
761 5292 781 5325 c.
864 5271 890 5336 c)
912 5277 940 5326 in
953 5276 1024 5342 fabo
1043 5275 1104 5328 Sdr.
1187 5275 1214 5338 d)
1236 5295 1260 5329 c.
1280 5295 1302 5330 e.
1323 5295 1347 5330 a.
1367 5295 1390 5329 a
1410 5285 1429 5331 t.
1448 5297 1468 5331 c.
1542 5277 1568 5340 e)
1590 5281 1747 5346 quaerenda
1765 5281 1833 5348 Aug.

187 5355 209 5420 i)
230 5361 278 5426 qui
297 5360 447 5422 christiani,
467 5360 597 5412 catholici
617 5362 660 5413 vel
681 5363 826 5415 orthodoxi
845 5365 1021 5416 nominantur
1038 5365 1106 5432 Aup.

297 5537 326 5610 1)
353 5538 401 5612 Cf.
426 5540 578 5599 Parrhasii
598 5541 738 5601 Radberti
766 5543 851 5602 Liber
882 5545 916 5601 de
946 5564 1065 5621 corpore
1094 5554 1121 5603 et
1147 5547 1286 5624 sanquine
1308 5548 1393 5606 Dora
1425 5568 1448 5606 c.
1477 5547 1516 5604 12
1549 5544 1636 5626 (opp.
1668 5550 1711 5607 ed.
1736 5519 1833 5608 Paris.

146 5657 172 5697 se
193 5641 299 5721 1618),
316 5648 366 5704 ml.
383 5646 476 5703 1588.
547 5646 578 5718 2)
597 5646 646 5720 Gs.
663 5649 782 5708 ffleroa.
797 5650 891 5727 Epist.
908 5650 980 5722 106,
998 5671 1020 5708 c.
1035 5652 1064 5723 ’1,
1083 5651 1156 5728 opp.
1175 5654 1217 5710 ed.
1233 5654 1430 5727 Vallarsitaf,
1448 5657 1498 5712 col.
1513 5655 1586 5714 645.
1669 5654 1699 5726 3)
1717 5656 1833 5733 August.

192 5749 225 5807 de
246 5770 316 5808 vera
336 5752 417 5846 reliq.
442 5773 465 5810 c.
483 5753 513 5825 5,
538 5753 599 5824 89,
625 5756 667 5813 ed.
692 5754 800 5814 Bened.
825 5757 850 5828 Ι,
875 5759 924 5814 col.
944 5757 1017 5830 751,
1041 5759 1093 5816 sed
1112 5759 1203 5817 verbis
1225 5761 1430 5836 aliquantalum
1451 5762 1573 5820 mutati.
