4426 6398
451 379 514 442 664
961 381 1198 439 TRACTATUS
1222 379 1511 438 EBORACENSES.
1546 379 1597 435 IV.

449 593 586 658 reguum
609 581 720 654 sancte
745 569 883 660 ecclesie
907 568 1081 652 desoletur,
1106 569 1184 655 quia
1214 579 1246 632 et
1274 569 1347 656 ipsa
1371 566 1512 656 eeclesia
1535 589 1650 631 carens
1681 588 1783 652 regno
1806 566 1872 631 cito
1897 564 2100 631 desolaretur.

450 677 585 743 Carebit
615 687 724 742 autern
754 698 866 762 regno,
898 677 925 740 si
955 698 1050 762 reges
1082 674 1124 740 ab
1156 677 1225 740 eius
1255 675 1484 762 procuratione
1515 683 1547 738 et
1574 675 1710 738 tuitione
1734 683 1939 760 separentur.
1987 671 2102 738 Sedet

450 806 587 872 corpora
610 783 860 849 christianorum
891 783 1024 847 minime
1054 791 1256 868 regerentur,
1287 782 1316 845 si
1344 779 1464 867 regalis
1495 789 1639 868 potestas
1663 778 1705 845 ab
1729 779 1872 870 ecclesia
1895 778 2100 845 divideretur.

449 892 523 956 Hoc
546 892 652 955 sancti
675 901 793 976 patres,
825 889 887 954 hoo
911 897 944 953 et
967 888 1137 975 apostolici
1161 887 1331 974 pontifices
1361 886 1579 974 intelligentes
1609 907 1668 974 per
1691 886 1837 951 divinam
1867 886 2103 973 providentiam

449 1019 544 1085 reges
575 1005 850 1062 consecraverunt
878 997 912 1060 in
942 996 1178 1082 protectionem
1208 1005 1320 1082 sancte
1351 994 1489 1082 ecclesie
1519 1003 1552 1059 et
1581 993 1804 1059 defensionem
1835 993 1997 1080 catholice
2020 993 2126 1076 fideii

450 1105 527 1192 quia
542 1104 604 1168 nisi
620 1102 723 1190 regali
740 1112 902 1190 potestate
920 1102 1171 1167 cohercerentur
1186 1101 1323 1188 gentiles
1347 1111 1380 1166 et
1402 1101 1547 1183 heretici,
1572 1111 1605 1165 et
1626 1099 1798 1188 ecclesiam
1822 1109 1856 1164 et
1878 1098 1980 1164 fidem
1999 1098 2102 1164 catho-

449 1211 546 1276 licam
577 1221 609 1274 et
639 1210 849 1274 christianam
880 1208 1072 1294 religionem
1103 1209 1136 1272 in
1159 1209 1287 1272 irritum
1310 1207 1514 1294 redegissent
1538 1217 1570 1272 et
1592 1208 1626 1271 in
1650 1207 1884 1272 confusionem.
1934 1205 2002 1272 Sed
2025 1205 2103 1270 chri·

450 1318 547 1382 atiani
570 1339 665 1403 reges
689 1314 827 1403 gentiles
851 1314 893 1380 ab
911 1314 1050 1400 ecclesia
1067 1315 1288 1402 reppulerunt,
1308 1313 1469 1380 hereticos
1487 1314 1809 1401 condempnaverunt
1825 1323 1989 1378 eteorum
2005 1335 2104 1399 prava

450 1423 603 1510 dogmata
632 1424 666 1487 in
697 1424 770 1487 sinu
801 1422 940 1508 ecclesie
971 1422 1100 1508 penitus
1131 1422 1358 1504 extinxeruut3
1390 1420 1519 1486 Christo
1550 1423 1636 1485 enim
1667 1419 1923 1506 conregnabant,
1951 1421 2050 1485 immo
2072 1421 2104 1484 in

451 1529 571 1596 Christi
594 1552 695 1616 regno
720 1529 898 1594 christiana
922 1531 994 1593 iura
1018 1527 1262 1616 dispensabant.
1309 1528 1383 1592 Non
1408 1528 1494 1592 enim
1518 1528 1709 1592 auctoritate
1733 1525 1930 1592 sacerdotali
1954 1525 2024 1590 sola
2046 1526 2103 1611 hec
2119 1553 2139 1590 o

449 1637 520 1701 fieri
550 1646 710 1724 poterant,
735 1647 768 1700 et
797 1635 872 1701 ideo
903 1635 1021 1722 regalis
1051 1644 1195 1722 potestas
1224 1635 1411 1700 necessaria
1440 1644 1510 1699 erat
1540 1633 1744 1712 sacerdotali,
1774 1643 1810 1699 ut
1832 1634 1939 1720 ipsam
1963 1643 2105 1698 tueretur

450 1754 547 1830 atque
571 1742 772 1824 defenderet,
800 1741 842 1807 et
863 1765 929 1829 pax
960 1742 1098 1828 ecclesie
1129 1751 1161 1806 et
1191 1743 1348 1806 securitas
1379 1742 1572 1806 intemerata
1596 1752 1810 1827 permaneret.
1857 1740 1896 1804 In
1921 1740 1985 1804 hoc
2008 1741 2105 1826 igitur

449 1852 510 1938 iste
535 1849 598 1936 due
621 1873 770 1938 persone,
796 1848 948 1914 sacerdos
972 1847 1127 1913 videlicet
1150 1859 1183 1913 et
1204 1870 1275 1930 rex,
1294 1849 1385 1913 vices
1409 1847 1529 1912 Christi
1552 1859 1662 1912 tenere
1686 1847 1840 1912 videntur
1862 1857 1896 1912 et
1918 1847 2102 1933 imaginem.

559 1955 653 2021 Sicut
692 1957 778 2022 enim
811 1954 929 2020 beatus
968 1955 1171 2040 Augustinus
1206 1955 1321 2020 asserit
1355 1957 1389 2019 in
1425 1956 1530 2041 primo
1565 1952 1648 2018 libro
1683 1953 1724 2018 de
1762 1975 1925 2018 consensu
1965 1976 2103 2040 euange-

449 2063 594 2128 listarum
607 2068 633 2126 ¹:
670 2064 828 2128 Dominus
862 2078 964 2128 noatm
1000 2063 1087 2127 Iesus
1121 2063 1279 2142 Christus,
1314 2087 1394 2127 uorsa
1428 2087 1519 2126 veros
1553 2087 1611 2128 rex
1645 2075 1674 2127 et
1706 2086 1787 2126 unua
1821 2085 1914 2126 aarum
1948 2061 2104 2141 sacerdos,
2120 2084 2140 2124 rs

449 2171 536 2236 illud
562 2171 608 2235 ad
635 2170 787 2258 rependas
816 2194 882 2249 noa,
916 2171 1002 2234 illud
1029 2170 1075 2234 ad
1096 2169 1272 2256 espiandoa
1294 2169 1352 2234 tas
1375 2169 1456 2244 draca
1472 2193 1630 2256 personas
1652 2168 1742 2256 apud
1758 2183 1869 2255 patres
1890 2169 2104 2254 singillatim*

449 2277 679 2342 commendatas
708 2302 799 2341 msam
821 2278 964 2364 figuram
994 2279 1092 2364 spisse
1123 2277 1307 2342 declaravit.
1355 2274 1517 2356 Quoniam
1541 2285 1574 2340 et
1602 2275 1663 2360 iste
1687 2273 1751 2360 due
1773 2295 1914 2361 persone
1944 2274 1980 2337 in
2004 2276 2105 2338 veteri
2184 2257 2188 2264 ’

450 2393 642 2447 testamento
667 2383 730 2448 olei
755 2384 860 2447 sancti
883 2383 1036 2447 unctione
1060 2382 1272 2447 consecrateb
1296 2393 1329 2446 et
1359 2381 1472 2446 divina
1501 2379 1730 2446 benedictione
1760 2380 1964 2445 sanctificate
1994 2380 2104 2466 legun·

448 2500 502 2554 tur
531 2488 573 2553 ad
604 2489 676 2571 hoc,
703 2500 740 2554 ut
771 2490 804 2553 in
832 2488 977 2574 regendo
1008 2488 1148 2575 populo⁰
1173 2487 1295 2553 Christi
1317 2489 1453 2553 Domini
1482 2487 1620 2574 figuram
1647 2488 1818 2574 vicemque
1842 2496 1995 2552 tenerent
2019 2487 2104 2551 etin

450 2606 655 2660 sacramento
690 2595 873 2682 preferrent
907 2597 1092 2681 imaginem.
1146 2595 1200 2660 Ad
1234 2597 1339 2682 ipsam
1374 2596 1495 2682 quippe
1532 2595 1719 2659 unctionem
1759 2603 1791 2658 et
1824 2593 1974 2658 divinam
2008 2592 2104 2658 bene·
2120 2619 2143 2656 so

452 2703 626 2766 dictionem
662 2701 828 2766 insiliebat
861 2702 895 2766 in
930 2724 986 2766 eos
1019 2703 1151 2788 spiritus
1185 2702 1320 2766 Domini
1355 2712 1388 2767 et
1420 2703 1524 2766 virtus
1559 2699 1729 2783 deificans,
1764 2723 1823 2787 per
1853 2723 1954 2787 quam
1985 2700 2104 2766 Christi

450 2807 554 2894 figura
588 2807 703 2872 fierent
739 2819 771 2873 et
804 2809 913 2894 imago
948 2819 980 2873 et
1010 2831 1073 2896 que
1102 2819 1244 2874 mutaret
1273 2831 1328 2874 eos
1359 2809 1392 2872 in
1427 2809 1514 2872 viros
1545 2807 1636 2891 alios,
1671 2808 1717 2872 ita
1745 2817 1781 2871 ut
1815 2818 1953 2894 uterque
1988 2809 2105 2894 imper-

450 2915 552 2979 sonad
582 2937 641 2980 sua
671 2926 778 2980 esset⁰
809 2915 891 2980 alius
921 2917 981 2998 vir,
1013 2926 1046 2981 et
1074 2915 1157 2980 alius
1187 2917 1221 2980 in
1252 2916 1367 3002 spiritu
1397 2925 1429 2980 et
1451 2916 1582 2979 virtute.
1628 2915 1712 2978 Nam
1736 2912 1829 2979 verbi
1853 2915 1961 3000 gratia
1982 2913 2104 2994 Aaron,

452 3023 574 3108 primus
599 3045 641 3086 ex
664 3024 817 3087 unctione
841 3022 999 3109 pontifex,
1025 3033 1057 3086 et
1073 3022 1153 3086 Saul
1168 3023 1291 3109 primus
1315 3044 1357 3086 ex
1373 3023 1526 3086 unctione
1550 3043 1608 3085 rex
1632 3020 1714 3084 aliua
1730 3021 1781 3084 vir
1803 3032 1875 3085 erat
1897 3021 2106 3107 impersouad

451 3151 510 3192 sua
533 3139 565 3192 et
588 3129 671 3194 alius
696 3129 730 3193 in
754 3130 869 3216 spiritu
893 3139 925 3192 et
947 3129 1077 3194 virtute.
1126 3128 1289 3210 Quoniam
1319 3128 1451 3216 quidem
1481 3129 1542 3193 iste
1573 3127 1779 3214 impersona‘1
1802 3150 1862 3192 sua
1889 3138 1961 3193 erat
1983 3127 2104 3208 Aaron,
2122 3149 2145 3189 ss

449 3233 504 3298 ille
529 3245 637 3300 autem
661 3235 757 3318 Saul;
782 3236 815 3300 in
839 3236 955 3321 spiritu
977 3257 1056 3300 vero
1087 3245 1119 3299 et
1148 3237 1268 3300 virtute
1299 3257 1515 3323 nequaquam,
1540 3234 1599 3300 sed
1629 3234 1768 3300 christus
1797 3234 1945 3299 Domini.
1991 3235 2105 3320 Itaque

451 3341 484 3404 in
508 3364 702 3428 unoquoque
734 3343 865 3428 gemina
894 3341 1085 3427 intelligitur
1113 3343 1214 3408 fuisse
1237 3364 1386 3429 persona,
1411 3364 1476 3406 una
1499 3363 1542 3406 ex
1557 3351 1683 3424 namra,
1708 3340 1810 3406 altera
1833 3364 1877 3407 ex
1899 3343 2019 3427 gratia,
2043 3365 2106 3405 una

451 3448 485 3511 in
508 3447 646 3512 hominis
670 3451 878 3535 proprietate,
903 3448 1005 3514 altera
1028 3450 1062 3512 in
1090 3449 1206 3536 spiritu
1229 3459 1262 3513 et
1288 3450 1417 3513 virtute.
1457 3449 1542 3530 Una,
1567 3471 1632 3535 qua
1654 3471 1715 3535 per
1741 3448 1963 3513 conditionem
1989 3459 2105 3535 naturp

452 3555 569 3619 ceteris
598 3554 785 3620 hominibus
816 3565 1019 3641 congrueret,
1051 3555 1154 3621 altera
1185 3579 1249 3642 qua
1279 3578 1338 3642 per
1368 3556 1576 3621 eminentiam
1607 3554 1820 3620 deificationis
1851 3564 1884 3619 et
1906 3557 1975 3619 vim
2000 3577 2105 3619 sacra-

449 3662 550 3725 menti
581 3663 706 3726 cunetis
737 3661 808 3726 aliis
839 3662 1041 3748 precelleret.
1088 3662 1148 3726 In‘
1171 3685 1237 3726 una
1267 3662 1388 3749 quippe
1419 3673 1490 3727 crat
1515 3662 1706 3726 naturaliter
1727 3661 1916 3727 individuus
1940 3662 2050 3742 homo,
2074 3662 2107 3725 in
2124 3685 2147 3724 so

451 3767 553 3832 altera
568 3790 627 3854 per
643 3769 781 3854 gratiam
799 3766 978 3852 Christusss,
1002 3769 1037 3833 id
1053 3778 1102 3834 est
1116 3768 1339 3834 Deus-homo.
1374 3769 1418 3833 Et
1440 3791 1506 3833 una
1521 3769 1653 3856 quidem
1676 3770 1852 3856 unicuique
1875 3770 2012 3856 propria
2028 3778 2105 3850 erat,

451 3873 553 3938 altera
584 3875 774 3939 eommunis.
828 3875 911 3960 Regi
942 3876 1029 3940 enim
1059 3887 1092 3940 et
1121 3875 1266 3962 pontifici
1296 3885 1366 3940 erat
1396 3897 1582 3957 commune,
1605 3887 1642 3941 ut
1671 3887 1758 3940 esset
1788 3876 1927 3940 christus
1959 3875 2105 3956 Domini,

451 3981 599 4067 quamtis
629 3981 663 4044 in
694 3981 854 4068 scriptura
884 4004 978 4046 sacra
1008 3982 1209 4069 frequentius
1240 3992 1273 4046 et
1303 3983 1477 4068 specialius
1506 3983 1655 4048 invenire
1682 3983 1788 4069 possis
1811 4005 1923 4068 regem
1949 3982 2105 4046 christum

450 4085 585 4150 Domini
608 4087 806 4174 appellatum
831 4109 913 4169 esse,
937 4111 1035 4175 quam
1058 4088 1254 4174 pontificem.
1292 4089 1359 4154 Sed
1382 4099 1417 4153 ut
1432 4112 1545 4154 verum
1565 4111 1637 4153 esse
1660 4088 1792 4176 liqueat,
1817 4088 1904 4175 quod
1920 4091 1973 4153 vir
1988 4101 2105 4154 unctus

450 4192 521 4258 oleo
546 4204 657 4259 saneto
681 4205 714 4258 et
737 4193 849 4258 divina
871 4193 1098 4259 benedictione
1123 4194 1343 4260 sanctificatus
1366 4206 1508 4260 mutetur
1529 4198 1564 4261 in
1579 4197 1685 4261 virum
1708 4195 1817 4277 alium,
1841 4195 1947 4260 idest
1969 4196 2147 4260 inchri-aa

450 4310 534 4364 stum
554 4300 698 4382 Domini,
724 4312 757 4366 et
779 4301 900 4367 habeat
923 4302 957 4365 in
981 4323 1015 4365 sc
1039 4302 1187 4388 spiritum
1211 4301 1277 4366 Dei
1300 4312 1332 4366 et
1355 4303 1518 4384 virtutem,
1543 4303 1613 4368 sine
1637 4301 1755 4388 quibus
1779 4301 1917 4366 christus
1943 4325 2016 4366 esse
2040 4325 2103 4366 non

340 4434 431 4484 raaa
450 4417 566 4493 potest,
592 4417 625 4471 et
655 4431 729 4473 eum
752 4407 870 4495 quibus
900 4431 964 4472 non
994 4419 1101 4494 potest
1127 4431 1192 4473 non
1216 4431 1287 4473 esse
1312 4407 1460 4491 christus,
1491 4408 1631 4474 adhibeo
1654 4419 1769 4474 testem
1793 4408 1933 4491 fidelem,
1959 4409 2017 4474 *de
2040 4431 2103 4496 quo

280 4535 544 4590 1.Reg.10,1.nem0
569 4512 717 4578 dubitare
744 4514 872 4596 debeat,
898 4514 1081 4580 Samuelem
1105 4515 1306 4602 prophetam,
1335 4517 1391 4603 qui
1414 4517 1461 4580 sic
1486 4516 1611 4581 locutus
1636 4525 1685 4580 est
1708 4515 1749 4580 ad
1773 4515 1868 4580 Saul:
1899 4517 1983 4581 Ecce
2014 4518 2106 4581 ararit

373 4647 431 4686 rae.
451 4635 478 4685 te
502 4620 659 4685 Donamus
688 4647 782 4708 armar
812 4623 1012 4687 hereditatem
1042 4648 1131 4686 arram
1163 4626 1195 4687 io
1213 4626 1407 4709 prinoipem,
1438 4639 1466 4688 et
1495 4625 1617 4688 similist
1641 4625 1676 4688 ira
1706 4637 1732 4687 te
1761 4625 1895 4709 spiritua
1918 4621 2058 4688 Deosiai
2077 4638 2105 4688 et

372 4753 431 4794 ms.
448 4728 652 4813 prophetabis
675 4743 703 4793 et
724 4731 894 4794 memberis
919 4732 950 4792 iu
975 4731 1078 4793 viram
1102 4731 1211 4793 alt'um.
1262 4729 1395 4807 Quaado
1419 4754 1490 4817 erpo
1514 4733 1671 4794 evenerint
1698 4732 1790 4816 signa
1820 4731 1874 4811 hee
1902 4732 2011 4794 amm-'a
2035 4731 2102 4810 tibi,
2120 4750 2146 4788 4⁰

443 4833 508 4919 fao
531 4856 709 4919 quecunque
740 4837 895 4899 invenerit
923 4861 1034 4899 monus
1064 4849 1127 4914 tuo,
1158 4838 1234 4920 qaia
1258 4836 1415 4901 Dominus
1445 4851 1540 4901 tecum
1568 4851 1622 4916 eat,
1652 4851 1680 4900 et
1709 4837 1874 4901 descendes
1903 4851 1974 4901 ante
1998 4862 2046 4901 me
2069 4840 2104 4901 irs

453 4939 602 5027 Galpala.
639 4941 708 5027 Epo
725 4944 843 5027 quippe
859 4941 1044 5005 descendam
1067 4941 1113 5004 ed
1134 4955 1171 5022 te,
1196 4957 1229 5005 at
1243 4945 1359 5029 efferos
1375 4944 1561 5008 oblationem
1584 4957 1613 5008 et
1634 4943 1775 5008 immoles
1796 4944 1914 5008 hostim
1931 4946 2101 5030 pacificas.

371 5071 431 5112 rua.
452 5045 561 5131 Itaque
591 5071 659 5110 eam
690 5050 852 5112 avertisset
881 5049 1042 5112 humerum
1070 5073 1171 5128 aanor,
1202 5063 1235 5113 at
1263 5052 1365 5114 abiret
1394 5075 1413 5113 a
1438 5051 1592 5130 Samuele,
1617 5052 1794 5114 immutavit
1815 5052 1848 5114 ei
1867 5049 2027 5114 Dominus
2050 5075 2104 5114 cor

450 5152 550 5216 alind.
583 5151 626 5215 Et
642 5151 702 5238 hec
720 5153 852 5238 quidem
870 5153 1010 5218 Samuel.
1035 5153 1156 5218 Verum
1175 5156 1202 5218 si
1217 5157 1312 5219 unxit
1328 5156 1488 5220 Dominus
1506 5155 1584 5220 Saul
1606 5177 1705 5241 super
1719 5155 1930 5220 hereditatem
1956 5178 2049 5218 sumn
2068 5157 2102 5219 in

557 5365 583 5428 a)
599 5369 715 5434 sigillo.
770 5368 799 5432 b)
814 5371 1190 5422 abiaimAetBoommtiuat.
1218 5373 1397 5438 Apraemisit:
1417 5373 1621 5442 Dupinveteri
1640 5379 1943 5442 testamentopersoue‚
1962 5374 2101 5440 pontificia
2119 5382 2146 5421 ta

449 5455 556 5507 scilieet
575 5464 602 5508 et
620 5459 701 5524 regis,
722 5459 777 5510 olei
795 5462 883 5510 saneti
904 5462 1033 5512 unctione
1054 5467 1220 5532 consecrate.
1318 5459 1343 5523 c)
1365 5461 1408 5512 vel
1429 5463 1565 5529 expiando
1591 5462 1651 5512 add.
1671 5461 1705 5512 B.
1799 5458 1828 5523 d)
1849 5463 1885 5512 ita
1905 5463 1945 5524 A3
1974 5463 2001 5512 in
2022 5481 2048 5528 p.
2068 5463 2102 5512 B.

449 5541 476 5607 s)
498 5551 569 5596 esset
588 5548 617 5596 in
636 5565 661 5612 p.
681 5563 732 5597 sua
750 5547 784 5599 B.
856 5546 878 5612 f)
899 5549 932 5600 In
951 5575 984 5584 -
1004 5550 1187 5602 Deus-homo
1205 5569 1253 5602 am.
1271 5551 1304 5601 B.
1377 5547 1406 5615 gl
1429 5549 1529 5600 Christi
1549 5549 1582 5600 A.

559 5725 588 5795 1)
613 5726 716 5798 Lim,
742 5748 764 5785 c.
784 5728 812 5798 3,
837 5727 857 5802 ξ
882 5729 917 5799 5,·
943 5728 1015 5806 Opp.
1034 5730 1090 5801 III,
1109 5752 1142 5807 p.
1162 5731 1190 5800 2,
1216 5733 1266 5788 eol.
1286 5732 1315 5787 4.
