4426 6398
338 563 373 604 Pe.
381 563 415 611 st,
423 563 443 604 t.

319 668 388 711 neor.
395 669 415 718 1,
423 669 443 710 8.

282 1515 442 1564 mmihi—'l-

352 1728 387 1778 Ἰ).
397 1729 443 1769 lit·

284 3321 348 3359 Rom.
357 3321 390 3371 lt,
397 3323 444 3361 Μ.

352 3852 388 3901 ⁸p.
397 3851 444 3892 rte.

462 343 527 407 oto
969 345 1205 406 reuertens
1229 323 1520 404 nnossouu'sns.
1554 347 1606 403 ιι.

461 538 494 602 in
510 535 737 603 benedietione
753 557 814 602 sus
828 535 958 619 dieitur,
981 539 1035 601 ut¹
1052 539 1086 602 ia
1101 537 1244 602 omnibus
1258 536 1352 621 sequi
1363 536 1516 600 merearis
1530 559 1610 614 eum,
1633 535 1680 600 ad
1692 557 1784 621 quem
1799 535 1941 600 dioiuer:
1963 533 2050 600 sedeo
2063 549 2110 601 tua

463 644 550 709 Deua
574 646 608 708 ia
630 644 769 708 seculum
791 645 901 723 seoali,
925 645 1018 730 virpa
1034 645 1203 728 equitatis·
1219 644 1311 728 oirpa
1335 642 1428 728 reperi
1447 643 1502 706 tui.
1542 639 1617 704 Non
1640 639 1775 705 dicitnr:
1798 651 1836 704 nt
1852 640 1948 727 sequi
1963 643 2110 706 merearis

461 749 594 814 Petrum
613 747 666 813 vel
681 747 823 814 Paulum
838 748 892 812 vel
909 757 1036 835 eeteros
1054 746 1228 834 apostolos,
1248 747 1333 811 siout
1347 747 1493 833 episcopi
1509 745 1634 810 faciunt
1654 746 1746 811 iuxta
1761 745 1912 812 ordinem
1936 768 2041 828 snum,
2059 746 2112 812 sed

461 853 589 936 dieitur,
613 865 649 920 ut
670 855 706 919 in
721 853 872 920 omnibus
896 855 988 941 sequi
1011 853 1167 919 merearis
1183 875 1268 934 eum,
1292 851 1335 916 ed
1353 873 1451 939 quem
1474 852 1594 917 dicitur
1618 851 1713 917 sedes
1731 863 1789 917 tua
1803 852 1898 918 Dens
1922 853 1958 916 in
1974 851 2113 918 seculum

461 959 573 1042 seculi,
598 960 694 1046 virga
723 961 876 1048 equitatis
899 961 994 1046 virga
1022 959 1116 1046 regni
1144 959 1201 1025 tui.
1247 959 1320 1023 Rex
1350 958 1437 1024 enim
1459 958 1684 1045 pr'inoipaliter
1706 959 1853 1045 sequitur
1877 957 2056 1040 Christum,
2082 958 2137 1024 ido

461 1075 511 1131 est
541 1087 584 1130 ex
614 1067 684 1131 eius
714 1067 787 1131 vioe
818 1075 850 1130 et
880 1066 1092 1148 imitationeb,
1123 1064 1269 1153 episcopi
1296 1085 1385 1146 vero,
1416 1065 1479 1130 etei
1508 1075 1681 1130 ιοοιιιιιιιιο
1706 1062 1882 1147 Christum,
1914 1064 1979 1129 hoo
2009 1075 2114 1129 tamen

461 1171 585 1236 faciunt
607 1173 799 1260 interposito
821 1171 917 1237 vioe‘l
941 1181 973 1236 et
995 1172 1231 1238 immitatione⁰
1254 1170 1483 1258 apostolorum.
1525 1170 1622 1236 Unde
1642 1179 1675 1235 ot
1696 1171 1784 1258 regis
1806 1181 1955 1258 potestas
1978 1180 2013 1235 et
2035 1169 2114 1236 ordi-

460 1279 549 1344 natio
573 1279 801 1366 episcoporum
826 1289 986 1366 potestate
1011 1287 1044 1344 et
1066 1277 1269 1344 ordinatione
1294 1275 1462 1343 sublimior
1477 1297 1549 1342 esse
1568 1277 1722 1359 cernitur,
1745 1287 1779 1342 et
1796 1277 1825 1342 si
1847 1299 1915 1342 non
1939 1275 2113 1358 sublimior,

461 1407 528 1450 non
549 1394 659 1450 nmen
682 1407 755 1450 esse
779 1384 929 1450 videtur‘
953 1384 1096 1450 inferior.

569 1489 636 1556 Sed
652 1490 741 1578 quod
756 1491 904 1578 superior
919 1491 969 1572 sit,
990 1490 1155 1577 apostolus
1171 1489 1344 1576 designare
1360 1489 1499 1572 videtur,
1515 1487 1572 1555 ubi
1588 1489 1681 1555 dieit:
1702 1489 1812 1556 Omnis
1828 1493 1941 1556 anima
1955 1492 2114 1556 sublimio
2129 1515 2150 1553 ro

461 1599 551 1662 rr‘bus
559 1599 766 1684 potestatibus
780 1597 907 1662 reddita
921 1600 973 1662 sit.
996 1597 1070 1662 Nou
1086 1600 1224 1662 estasim
1236 1599 1466 1685 praetermisi
1476 1623 1497 1662 a
1508 1597 1586 1662 Deo.
1614 1595 1699 1682 Ques
1711 1611 1813 1662 amru
1826 1611 1900 1662 rant
1913 1623 1935 1662 a
1947 1597 2018 1662 Deo
2032 1597 2115 1662 ordi·

461 1717 536 1768 trata
550 1717 630 1768 suat.
667 1703 778 1790 Itaque
797 1707 858 1790 qui
875 1706 994 1769 resistit
1006 1707 1164 1791 potestati,
1181 1703 1249 1769 Dei
1267 1703 1505 1769 'lordinatieni
1520 1705 1646 1768 ress'etit.
1681 1702 1863 1781 Quianam
1877 1705 2039 1782 resbacus,
2054 1705 2118 1789 ipsi

461 1811 528 1874 sibi
543 1809 798 1896 dampnationem
814 1810 998 1897 adquirunt.
1029 1809 1116 1875 Nam
1132 1811 1301 1897 principes
1322 1833 1385 1874 uon
1402 1823 1474 1874 suat
1496 1811 1606 1874 timori
1625 1810 1703 1874 tout
1722 1812 1839 1896 ορατ-ἡ,
1861 1809 1921 1874 sed
1942 1810 2033 1874 maii
2066 1809 2116 1874 Vir

461 1929 564 1981 autem
578 1939 641 1981 nou
655 1919 763 1982 umas
780 1918 986 2004 potestatem?
1016 1916 1140 1982 Bonum
1156 1917 1221 2003 sao
1244 1931 1272 1981 et
1286 1916 1414 1981 debebis
1436 1915 1562 1980 uadem
1580 1939 1620 1980 ecs
1633 1915 1702 1980 illa.
1734 1915 1802 1981 Dei
1814 1919 1898 1981 euim
1914 1918 2062 1980 minimi·
2076 1930 2117 1981 est

461 2023 523 2087 tibi
535 2024 569 2086 ia
585 2023 708 2103 bonum,
723 2025 757 2088 si
768 2023 851 2088 reale
859 2022 994 2111 seceris,
1010 2024 1091 2088 time.
1116 2021 1190 2086 Non
1205 2025 1288 2088 enim
1302 2023 1371 2086 siue
1386 2043 1483 2087 eausa
1495 2021 1642 2109 phidiam
1649 2035 1768 2109 portat
1793 2022 1862 2087 Dei
1873 2024 1958 2086 euim
1975 2024 2115 2087 minum
2131 2044 2152 2084 u

461 2142 515 2208 eet,
539 2127 657 2193 vindex
678 2131 714 2192 in
735 2131 820 2194 iram
843 2131 876 2193 ei
892 2131 951 2214 qui
971 2125 1119 2216 operetur·
1140 2129 1267 2193 malum.
1303 2127 1441 2214 Ideoque
1462 2131 1642 2194 stemmate
1663 2128 1786 2193 sssbditi
1805 2141 1907 2208 estote,
1931 2151 1995 2193 aaa
2017 2123 2114 2193 solum

458 2247 590 2321 propter
605 2237 700 2314 iram,
715 2235 773 2299 sed
787 2237 881 2299 etiam
890 2248 1025 2320 propter
1041 2236 1270 2300 oensciattiant
1299 2233 1377 2300 ldeo
1393 2247 1494 2298 auum
1510 2247 1539 2299 et
1553 2235 1839 2321 mshmaprestutis.
1869 2233 2024 2298 Miar‘stri
2035 2236 2114 2299 euim

463 2340 529 2406 Dei
543 2354 617 2405 seat
632 2342 667 2406 iu
690 2341 747 2406 lroe
765 2343 870 2427 ipsum
885 2343 1060 2406 eminatas.
1096 2339 1232 2406 Reddite
1247 2365 1320 2429 erpo
1336 2335 1529 2406 in'omnttus
1544 2340 1658 2405 debita
1696 2339 1760 2405 Oai
1772 2342 1933 2420 tributum,
1957 2342 2115 2420 tribmm,

463 2448 518 2512 aei
539 2447 682 2534 veetipal,
701 2445 867 2535 oeatipall,
886 2448 942 2511 oui
957 2449 1109 2527 umorem,
1128 2449 1279 2528 umorem,
1302 2449 1358 2512 eui
1373 2447 1530 2527 hormen,
1553 2447 1708 2510 honorem.
1747 2443 1837 2510 Eece
1856 2444 2006 2527 audistis,
2031 2445 2116 2532 quod

463 2550 628 2638 apostolus
654 2550 859 2618 sublimiores
882 2561 1059 2639 potestates
1078 2552 1159 2617 dieit
1173 2553 1349 2640 principes,
1373 2553 1429 2639 qui
1444 2551 1583 2617 ministri
1600 2549 1720 2616 Christi
1737 2562 1812 2616 sunt
1832 2553 1867 2615 in
1882 2550 2008 2616 bonum
2023 2550 2115 2616 bonis
2129 2575 2153 2614 a

463 2666 496 2721 et
518 2655 663 2742 gladium
687 2667 818 2744 portant
841 2667 874 2722 et
896 2657 1043 2723 vindices
1067 2669 1142 2724 sunt
1169 2659 1205 2722 in
1234 2659 1316 2724 iram
1345 2659 1393 2722 eis
1417 2658 1472 2744 qui
1495 2667 1672 2745 operantur
1694 2656 1823 2740 malum,
1856 2669 1888 2723 et
1918 2668 2031 2723 tamen
2055 2657 2115 2722 dek

463 2761 638 2848 gentilibus
668 2762 871 2850 loquebatur.
917 2764 1007 2848 ideo,
1037 2765 1152 2851 inquit,
1183 2763 1306 2830 subditi
1336 2775 1438 2830 estote
1469 2765 1515 2828 eis
1545 2787 1612 2828 uon
1641 2763 1744 2829 solum
1773 2774 1907 2851 propter
1933 2765 2028 2846 iram,
2060 2764 2115 2829 sod

462 2869 561 2934 etiam
591 2879 727 2957 propter
757 2872 1001 2936 conscientiam.
1048 2869 1179 2936 Subditi
1207 2880 1320 2952 estote,
1350 2871 1466 2958 inquit,
1497 2870 1559 2936 hoo
1589 2880 1647 2952 est,
1675 2871 1779 2934 omnis
1810 2871 1930 2934 anima.
1979 2869 2015 2936 Si
2040 2893 2114 2956 ergo

462 2976 577 3058 omnis,
608 2998 671 3042 neo
702 2976 855 3042 sacerdos
886 2977 1058 3063 excipitur.
1103 2977 1156 3042 Ita
1184 2978 1317 3064 quippe,
1348 2987 1384 3042 ut
1406 2975 1566 3057 videmus,
1590 2975 1740 3041 ordinata
1762 2987 1811 3042 est
1833 2986 1980 3063 potestas
2003 2999 2113 3062 regum

462 3082 532 3146 sivo
569 3083 788 3169 principum¹,
827 3093 862 3147 ut
900 3083 1028 3148 etiamm
1062 3082 1286 3149 sacerdotibus
1324 3082 1517 3148 dominetur.
1576 3081 1736 3148 Ordinato
1770 3092 1832 3164 est,
1864 3082 1949 3147 sed¹
1977 3105 1998 3146 a
2032 3083 2113 3148 Deo.
2130 3105 2171 3165 a·

461 3186 532 3252 Nisi
563 3189 650 3252 enim
678 3211 699 3252 a
720 3188 794 3254 Deo
825 3190 872 3254 ite
900 3198 986 3253 esset
1017 3188 1177 3272 ordinata,
1206 3187 1392 3254 inordinata
1420 3189 1528 3276 potius
1558 3199 1680 3275 quam¹²
1710 3187 1859 3254 ordinato
1889 3199 1987 3268 esset,
2019 3190 2115 3254 immo

463 3295 561 3359 etism
594 3316 658 3358 neo
691 3305 835 3382 potestas
871 3305 966 3360 esset.
1019 3296 1094 3361 Nou
1123 3311 1168 3362 est
1195 3299 1294 3375 enim,
1323 3295 1442 3382 inquit,
1469 3309 1608 3383 potestas
1642 3297 1710 3360 assi
1738 3322 1759 3359 o
1788 3295 1866 3360 Deo.
1920 3295 1988 3380 Qup
2017 3311 2115 3360 autem

461 3415 542 3482 sunt,
565 3426 586 3465 a
609 3401 677 3467 Deo
710 3403 859 3468 ordinata
890 3417 969 3466 suat.
1016 3401 1128 3488 Itaque
1155 3405 1214 3488 qai
1239 3405 1359 3467 restitit
1382 3397 1541 3488 potestati,
1565 3401 1632 3467 Dei
1659 3401 1858 3467 ordinationi
1877 3404 2006 3468 resistit.
2056 3402 2118 3480 Qui

461 3521 563 3572 autem
597 3511 758 3589 resistunt,
794 3511 862 3594 ipsi
896 3510 963 3574 sibi
999 3507 1277 3596 dampnationem⁰
1311 3509 1494 3594 adquirunt.
1548 3507 1629 3572 Ideo
1666 3508 1766 3593 igitur
1803 3508 1906 3572 saneti
1946 3507 2115 3594 pontifices

462 3610 585 3678 subditi
619 3623 694 3678 sunt
728 3612 860 3699 regibus
895 3625 928 3678 et
962 3613 1179 3700 principibus,
1212 3635 1252 3678 ne
1285 3614 1351 3679 Dei
1381 3612 1576 3678 ordinationi
1609 3614 1762 3678 resistent
1796 3623 1828 3677 et
1852 3599 1926 3678 sihi
1962 3613 2115 3701 dampna·
2132 3637 2155 3676 a

461 3718 583 3783 tionem
606 3719 790 3806 adquirant.
825 3719 981 3806 Alioquin
1004 3742 1105 3806 grave
1129 3721 1252 3785 crimen
1274 3721 1486 3802 incurrerent,
1513 3717 1621 3808 [nilsiP
1639 3728 1751 3784 eontra
1767 3719 1834 3784 Dei
1856 3719 2116 3786 ordinationemq

464 3827 592 3911 *sponte
623 3826 671 3889 eis
701 3823 932 3891 subderentur.
979 3825 1046 3891 Sed
1068 3837 1183 3914 sponte
1211 3825 1343 3913 quidem
1367 3824 1558 3907 subduntur,
1587 3847 1650 3890 neo
1679 3836 1788 3890 tamen
1811 3825 2016 3913 delinquunt,
2041 3829 2117 3913 quia

463 3931 642 3996 seeundum
677 3931 743 3996 Dei
780 3931 1017 3997 ordinationem
1051 3954 1086 3997 se
1121 3931 1278 4014 subdunt,
1314 3933 1368 3996 oui
1401 3932 1552 3996 resistere
1587 3941 1750 4013 verentur,
1783 3954 1825 3996 ne
1860 3930 1923 3996 sibi
1960 3933 2115 4020 dampna·

463 4038 605 4101 tionsm⁰
638 4037 821 4125 adquirant.
872 4037 946 4103 Non
980 4039 1067 4103 euim
1095 4040 1261 4125 ignorant,
1292 4037 1380 4124 quod
1410 4047 1553 4124 potestas
1583 4037 1715 4124 regibus
1746 4061 1843 4125 super
1874 4061 1988 4103 omnes
2015 4038 2115 4104 homi-

461 4164 521 4207 nes
550 4143 664 4230 celitus
698 4143 775 4208 data
806 4155 856 4209 est
882 4155 915 4209 et
948 4144 1103 4209 tributum
1135 4155 1184 4208 est
1214 4146 1261 4208 eis
1292 4143 1408 4209 aDeo
1437 4143 1598 4210 dominari
1628 4166 1694 4209 non
1723 4144 1826 4209 solnm
1858 4143 2016 4210 militibus
2047 4147 2155 4210 sivero

461 4248 564 4330 laicis,
589 4249 768 4314 sedetiam
792 4250 1015 4315 sacerdotibus
1039 4250 1184 4316 Domini.

569 4355 733 4435 Quoniam
763 4367 796 4420 et
824 4354 1031 4422 beatissimus
1060 4379 1148 4443 papa
1175 4355 1363 4444 Gregorius,
1387 4358 1439 4420 vir
1468 4358 1565 4422 totius
1589 4358 1769 4423 sanctitatis
1800 4367 1832 4422 et
1855 4380 1982 4442 summe
2005 4369 2116 4423 auoto-

462 4462 575 4542 ritatis,
600 4483 659 4525 vas
694 4472 727 4525 et
756 4461 973 4549 loquuturium
997 4462 1136 4549 Spiritus
1167 4463 1285 4544 saneti,
1313 4463 1347 4527 in
1378 4462 1515 4549 epistola
1545 4463 1588 4528 ad
1610 4463 1798 4528 Mauritium
1825 4471 2025 4550 augustum²
2050 4488 2115 4528 non

462 4567 565 4632 solum
600 4567 743 4655 reliquos
779 4568 979 4650 secerdotes,
1014 4568 1072 4634 sed
1107 4570 1204 4633 etiam
1239 4591 1274 4632 se
1309 4570 1429 4656 ipsum,
1463 4571 1520 4655 qui
1550 4569 1636 4635 solus
1670 4570 1818 4656 pontifex
1853 4582 1924 4634 erat
1959 4593 2113 4652 summus,

462 4672 569 4738 eidem
597 4674 787 4760 imperatori
818 4697 838 4738 a
860 4675 934 4740 Deo
965 4697 1037 4740 esse
1067 4675 1230 4740 subditum
1261 4685 1294 4740 et
1323 4674 1467 4740 debitam
1498 4677 1529 4739 ei
1558 4674 1778 4742 obedientiam
1807 4675 1997 4741 exhibuisse
2028 4699 2114 4741 asse-
2131 4699 2156 4738 a

406 4865 409 4870 Ι
461 4779 535 4844 ruit.
581 4779 638 4843 Ait
672 4781 776 4844 enim:
811 4781 894 4858 Quia
929 4797 1036 4847 curura
1071 4796 1225 4847 auctorem
1257 4784 1394 4846 omnium
1428 4781 1531 4846 Deum
1560 4783 1641 4846 lano
1674 4783 1833 4848 intendere
1866 4787 2114 4848 oeswtitutiouem

460 4888 569 4967 sentio,
593 4885 731 4951 dominis
753 4901 854 4952 taoere
876 4911 935 4952 nou
959 4912 1101 4974 possem.
1147 4887 1204 4952 Ad
1229 4889 1285 4953 doc
1315 4890 1398 4952 enim
1424 4903 1561 4974 potestas
1588 4913 1684 4976 super
1710 4913 1814 4954 omues
1836 4890 1977 4954 domines
1997 4892 2118 4977 pietati

461 4990 660 5056 dominorum
682 5017 821 5059 meorum
844 4995 975 5058 celitusr
1000 4994 1075 5058 data
1098 5007 1151 5072 est,
1181 5008 1216 5058 at
1241 4996 1300 5079 qui
1326 4995 1406 5059 dona
1433 5008 1591 5080 oppetunt,
1620 4996 1820 5076 adiuventur,
1844 5009 1877 5059 ut
1899 4997 2038 5078 celorum
2061 4999 2114 5060 oia

568 5206 595 5269 s)
617 5209 694 5275 virge
713 5223 774 5274 equ.
792 5209 829 5259 bis
845 5225 893 5260 aar.
911 5210 985 5260 seriel
1001 5209 1089 5260 delerit
1107 5209 1140 5259 B.
1201 5207 1229 5272 bl
1250 5209 1307 5259 rad.
1325 5227 1389 5259 eorr.
1407 5226 1437 5260 ee
1455 5211 1549 5260 immit
1569 5210 1603 5260 A.
1658 5209 1683 5272 o)
1705 5217 1855 5276 sequuntur
1874 5211 1907 5262 B.
1967 5209 1995 5273 d)
2016 5213 2047 5264 iu
2065 5214 2115 5264 leon

460 5313 517 5376 raso
531 5295 564 5346 A.
620 5295 646 5359 el
666 5297 701 5347 sio
719 5314 739 5348 o.
794 5293 816 5357 i)
838 5297 921 5348 videt.
936 5313 994 5349 esse
1007 5297 1041 5348 B.
1095 5294 1124 5362 g)
1146 5299 1205 5368 Que
1219 5323 1252 5332 -
1266 5298 1327 5350 Deo
1341 5299 1426 5363 priora
1443 5299 1533 5348 emim
1550 5299 1606 5348 ead.
1624 5317 1703 5349 mana
1719 5300 1839 5366 iumary.
1851 5300 1942 5352 addita
1959 5311 2022 5352 rant
2038 5303 2068 5352 ia
2082 5303 2114 5353 ,4.
2132 5311 2158 5351 ιι

461 5380 489 5445 h)
510 5385 713 5450 preater-nianihm
725 5386 827 5435 metatis
841 5387 873 5436 12
884 5386 996 5452 popinae
1007 5386 1047 5437 die
1053 5394 1155 5452 praeter·
1166 5387 1310 5436 minantur.
1365 5384 1385 5446 i)
1406 5387 1435 5437 ia
1446 5387 1644 5453 marpaddri.
1700 5384 1729 5448 k)
1744 5390 1912 5454 uipersemi.
1969 5389 1989 5453 l)
2012 5393 2114 5456 prinei·

461 5474 535 5539 pium
547 5474 580 5524 A.
636 5470 672 5535 nr)
693 5474 834 5524 diremit.
889 5470 918 5536 n)
939 5475 985 5540 qui
999 5475 1032 5525 A.
1087 5471 1115 5535 o)
1131 5475 1323 5540 depastionem
1336 5475 1368 5526 B.
1423 5472 1452 5541 p)
1473 5476 1593 5540 suppleri.
1648 5473 1676 5543 q)
1699 5477 1821 5528 ordinem
1834 5478 1868 5528 B.
1922 5474 1945 5541 r)
1968 5478 2068 5550 celitus
2082 5475 2114 5529 B.

571 5669 601 5738 1)
628 5669 676 5741 os.
701 5670 786 5742 offra
806 5691 837 5747 p.
855 5671 928 5740 ors,
953 5691 981 5727 n.
1000 5671 1027 5727 5.
1122 5669 1152 5740 ι)
1177 5672 1248 5748 aa,
1266 5672 1322 5741 111,
1341 5672 1403 5742 or,
1419 5673 1487 5729 aa.
1504 5673 1528 5743 ι,
1547 5693 1581 5749 p.
1599 5673 1672 5728 221.
