4410 6406
442 353 507 416 250
734 358 914 414 GERHOHI
937 358 1169 416 PRAEPOSITI
1193 357 1599 416 REICHERSBERGENSIS
1623 359 1789 415 LIBELLI.

443 573 512 611 000(
536 547 605 611 illis
629 549 975 612 eacancmunicationem
997 548 1146 612 subimus.
1197 545 1281 624 Quos
1310 547 1436 633 quidem
1464 547 1639 612 sacerdotes
1662 572 1726 612 esse
1748 549 1858 612 saitem
1882 548 2010 613 credere
2034 572 2097 610 om-

302 681 352 720 ((0.
360 679 381 730 0,
389 679 422 718 se.
443 657 518 718 ruine
542 678 650 718 erra-re
674 667 726 732 est,
758 679 826 716 cuns
850 653 961 717 Petrus
985 653 1120 740 Symoni
1147 653 1250 718 dicat:
1280 654 1430 718 ‘Pecunia
1460 669 1513 719 tua
1544 669 1640 719 10000(
1670 657 1712 720 sit
1742 656 1776 718 iu
1792 655 1988 741 perditione,
2021 656 2100 740 quia

444 762 634 824 em'stimasti
662 760 777 824 donnum
801 760 867 824 Dei
887 763 1027 846 pecunia
1051 760 1220 846 possideri
1225 761 1245 841 ’,
1278 763 1334 826 ubi
1361 785 1430 824 mem
1454 761 1668 825 ‘emete'masti’
1694 761 1845 842 d·icitur⁵,
1876 786 1936 826 non
1966 785 2030 847 pro
2054 784 2099 840 ea,

444 867 530 952 quod
543 868 674 955 fecerit,
697 867 754 931 sed
776 867 863 952 quad
883 868 1039 955 sefacere
1063 867 1201 932 credidit
1223 867 1478 954 condempnatur,
1502 893 1571 931 cum
1594 870 1699 932 min-us
1721 870 1764 933 sit
1785 870 1978 949 existimare,
2002 893 2100 954 quam

302 1001 424 1050 ((0.0οι.
444 973 578 1038 credere.
626 973 666 1036 Iu
689 975 745 1038 bac
769 998 841 1061 erpa
869 973 955 1059 quod
975 975 1193 1060 subiuupitar:
1223 974 1307 1038 ‘Non
1330 989 1375 1038 est
1396 975 1457 1038 tibi
1470 999 1555 1060 pars
1577 998 1674 1060 neque
1697 999 1765 1038 sors
1788 976 1822 1039 in
1845 999 1988 1040 sermone
2011 975 2131 1054 isto’,s

438 1095 583 1166 patenter
599 1082 781 1160 osmruditur,
805 1081 891 1166 quod
905 1082 1007 1144 uicbil
1027 1105 1137 1144 sacrae
1161 1081 1373 1146 ordinationis
1397 1081 1513 1145 iubae
1532 1084 1728 1167 promotione
1736 1084 1927 1168 perce'pritur.
1964 1079 2102 1144 Audeat

444 1186 551 1251 adhuc
583 1186 683 1272 aliqui
714 1197 787 1272 post
816 1187 895 1250 istas
926 1186 1071 1272 aliasque
1102 1186 1294 1250 fortissimas
1328 1187 1537 1251 auctoritates
1572 1186 1794 1251 conducticias
1829 1185 1871 1252 ab
1901 1187 2011 1252 heresi
2045 1187 2100 1252 de·

445 1293 589 1375 tendere,
615 1293 760 1357 dicentes
785 1316 824 1356 ea
847 1315 910 1379 que
934 1293 975 1357 de
1000 1294 1196 1379 symoniacis
1220 1293 1308 1357 dieta
1331 1304 1405 1357 sunt
1428 1316 1493 1358 non
1518 1293 1560 1357 ad
1584 1315 1639 1357 000
1663 1295 1836 1380 pertinere,
1860 1317 1918 1380 pro
1944 1317 1983 1358 οο
2008 1294 2101 1380 quod

444 1401 688 1480 conductiones,
719 1400 759 1465 de
791 1399 909 1486 quibus
940 1401 1077 1485 agimus,
1108 1423 1174 1465 000
1197 1400 1350 1464 videntur
1379 1401 1569 1464 nominatim
1599 1401 1632 1464 in
1662 1400 1817 1486 predictis
1848 1399 2101 1466 auctoritatibus

445 1530 609 1593 expresse.
646 1507 690 1572 Hi
714 1507 849 1571 audiant
872 1506 951 1571 illud
976 1529 1018 1570 ex
1042 1506 1179 1570 concilio
1197 1505 1373 1570 Clementis
1397 1511 1542 1593 papae¹:
1568 1508 1693 1572 Iussum
1717 1523 1761 1572 est
1782 1511 1967 1594 antiquitus,
1991 1523 2021 1573 et
2045 1533 2101 1572 aas
2120 1531 2145 1567 n

444 1617 500 1680 sub
528 1616 720 1680 ann-theonesto
752 1619 786 1678 in
802 1630 991 1702 perpetuum
1022 1615 1239 1680 interdicimus
1266 1615 1304 1678 de
1327 1616 1432 1679 berosi
1451 1618 1644 1702 symon-ioca,
1675 1639 1754 1700 quoe
1784 1618 1882 1679 creuit
1911 1619 2030 1702 inepta,
2063 1616 2101 1680 de

445 1748 506 1808 qua
531 1737 638 1786 sartcta
663 1723 800 1786 decreuit
821 1722 969 1808 sporadas,
993 1722 1115 1785 nullam
1138 1736 1193 1786 aut
1207 1723 1429 1786 aecclesiarum
1447 1724 1717 1802 cornccrationem,
1740 1737 1796 1785 aut
1810 1722 2099 1809 archipresbytera-

445 1844 518 1908 tum,
543 1844 598 1893 aest
620 1829 899 1893 conrmendationes
921 1829 1083 1907 altarium,
1107 1842 1162 1891 aut
1184 1828 1369 1892 traditiones
1384 1830 1619 1908 aecclesiarum,
1643 1843 1698 1893 aut
1719 1830 1863 1893 abbatias
1885 1843 1941 1893 aut
1948 1832 2099 1915 preposi-

445 1951 533 2000 turas
559 1935 705 2016 rendere,
736 1939 851 2020 quiqu-e
874 1936 1060 1999 condonarit
1081 1949 1136 1998 aret
1158 1935 1345 2015 trandiderit,
1376 1949 1431 2000 aut
1459 1938 1577 2016 eriserit,
1607 1936 1772 2000 anacteam
1799 1938 1848 2000 sit.
1895 1935 2008 2000 Amen.
2057 1936 2101 1998 Et

447 2043 673 2130 responderunt
695 2067 798 2106 omnes
822 2045 929 2106 tertio:
953 2043 986 2104 F
986 2045 1039 2122 iat,
1055 2045 1128 2130 siat.
1174 2039 1320 2104 Audiant
1342 2040 1422 2105 illud
1439 2040 1638 2124 conductitii,
1663 2064 1703 2105 00
1728 2063 1847 2106 novum
1871 2051 1987 2128 putent
2010 2042 2099 2128 quod
2118 2064 2142 2102 rs

446 2149 677 2214 conductiones
711 2148 939 2213 nichilominus
971 2171 1069 2234 quam
1099 2149 1278 2234 emptiones
1314 2158 1369 2211 aut
1400 2147 1602 2212 venditiones
1637 2147 1955 2212 aecclesiasticarum
1990 2171 2098 2213 rerum

446 2257 584 2321 dicimus
615 2257 778 2342 pertinere
814 2254 856 2319 ad
887 2253 1196 2319 anathematizatum
1226 2256 1372 2340 symonia
1408 2256 1662 2319 mercimonium.
1716 2239 1799 2320 Item
1829 2266 1905 2320 sunt
1935 2257 1991 2342 qui
2023 2278 2097 2320 con-

446 2363 598 2428 ductitios
629 2385 668 2426 ac
699 2373 825 2427 ceteros
856 2361 1040 2426 huiusmodi
1071 2371 1268 2426 mercatores
1298 2384 1357 2447 per
1386 2360 1447 2426 boc
1477 2362 1623 2426 nitantur
1653 2361 1829 2427 defendere
1860 2385 1880 2426 a
1908 2363 2098 2448 symoniaca

446 2471 563 2552 heresi,
595 2469 683 2555 quod
713 2479 852 2556 peccant
882 2468 1060 2555 cupiditate
1090 2469 1197 2554 potius
1225 2467 1317 2550 lucri,
1342 2491 1441 2555 quam
1465 2467 1643 2533 seducendi
1669 2468 1775 2533 studio
1799 2468 1972 2552 stimulati;
2004 2472 2096 2557 quasi

446 2599 603 2663 perversa
626 2598 738 2640 eorum
762 2574 924 2661 cupiditas
948 2576 1073 2639 minuat
1095 2597 1134 2639 ac
1158 2597 1223 2640 non
1245 2576 1353 2661 potius
1377 2586 1496 2661 augeat
1512 2575 1633 2640 malum
1650 2575 1737 2661 quod
1753 2586 1862 2661 agunt,
1880 2577 1937 2662 qui
1953 2578 2141 2642 maximam

447 2707 505 2770 per
528 2685 632 2770 ipsam
657 2682 869 2768 cupiditatem
893 2681 1095 2746 accusabiles
1119 2681 1209 2746 fiunt.
1256 2682 1370 2768 Neque
1402 2683 1488 2746 enim
1513 2681 1609 2745 Giezi
1638 2681 1713 2747 idco
1743 2683 1891 2767 potuita
1915 2706 1949 2747 se
1974 2683 2097 2770 lepram

444 2812 600 2854 amovere
623 2790 773 2854 Naaman
796 2787 883 2875 Syri,
915 2789 1003 2875 quod
1032 2799 1228 2875 peccaverat
1257 2791 1362 2874 magis
1393 2787 1572 2875 cupiditate
1602 2790 1742 2852 vestium
1775 2799 1806 2853 et
1837 2791 1975 2875 argenti,
2000 2813 2097 2876 quam

448 2897 554 2962 studio
579 2919 776 2983 quemquam
800 2895 988 2960 seducendi.
1024 2894 1159 2959 Talibus
1184 2895 1354 2960 manifeste
1379 2893 1490 2960 obviat
1506 2893 1660 2960 Urbanus
1676 2917 1763 2981 papa
1777 2895 1852 2977 ΗΜ,
1877 2897 1924 2960 110
1945 2896 2097 2961 dicens²t

451 3007 633 3090 Quicunque
656 3030 706 3068 res
729 3005 978 3068 aecclesiasticas
1001 3029 1061 3066 non
1085 3004 1130 3067 ad
1152 3005 1218 3083 boc,
1246 3003 1291 3066 ud
1313 3003 1398 3088 qscod
1421 3006 1578 3067 institutae
1601 3019 1680 3082 erunt,
1704 3004 1761 3067 sed
1782 3004 1828 3067 ad
1845 3007 1984 3090 propria
2009 3007 2098 3070 lucra

448 3137 573 3177 ricemere
597 3113 723 3198 lrispuae
746 3111 797 3174 uel
818 3111 954 3175 indebiti
975 3112 1119 3195 obsequii
1140 3111 1189 3173 0·οΙ
1196 3113 1335 3196 peccone
1360 3111 1496 3197 larpitur
1520 3112 1569 3173 uel
1590 3111 1793 3196 adipiscitum,
1816 3115 2017 3198 symoniacus
2039 3127 2099 3176 est:
2116 3135 2142 3173 ss

449 3245 516 3282 crem
537 3219 739 3305 principalis
768 3220 896 3282 intentio
922 3217 1068 3304 Syracusis
1084 3218 1194 3304 fuerit
1221 3218 1290 3280 sola
1307 3219 1464 3303 peceusiae
1494 3232 1522 3280 et
1550 3219 1701 3296 auaritia,
1735 3218 1770 3281 id
1798 3232 1842 3281 est
1873 3219 2037 3299 idolatria,
2068 3235 2100 3284 ut

298 3353 428 3403 apaan.
448 3329 496 3390 ait
517 3326 694 3411 apostolus:
723 3324 940 3388 ί1300000100
964 3349 1022 3408 que
1045 3323 1268 3388 estidolorum
1291 3323 1448 3387 servs'ues'.
1496 3322 1582 3386 Huic
1606 3322 1744 3387 Romani
1774 3324 1935 3409 pontificis
1960 3327 2097 3389 auctori·

356 3460 428 3500 aas.
447 3433 506 3496 tati
530 3431 663 3517 quidam
686 3431 811 3495 faciunt
833 3432 978 3516 ineptam
1002 3430 1248 3515 oppositionem.
1295 3429 1419 3493 Dicunt
1443 3429 1546 3493 enim:
1572 3429 1626 3494 ‘Si
1648 3451 1756 3494 rerum
1781 3430 2097 3496 aecclesiasticarum

448 3561 507 3624 per
529 3560 646 3602 munus
669 3537 789 3624 lingue,
818 3535 967 3622 obsequii
998 3534 1134 3600 indebiti
1165 3558 1289 3622 perque
1319 3559 1436 3600 munus
1466 3537 1604 3622 pecunie
1628 3535 1716 3600 faeta
1738 3535 1867 3622 largitio
1891 3537 1944 3602 vel
1968 3539 2097 3625 adeptio

448 3657 498 3709 est
521 3645 707 3730 symoniae,
738 3645 804 3708 iam
835 3644 1031 3730 symoniacis
1055 3642 1153 3728 plena
1177 3652 1225 3706 est
1249 3644 1352 3706 omnis
1384 3653 1479 3724 terra,
1508 3644 1662 3728 quoniam
1692 3653 1724 3708 et
1747 3642 1865 3708 villicis
1894 3646 2096 3731 0010010000ο
2116 3670 2141 3706 so

449 3752 570 3817 colonis
600 3774 727 3815 000000
758 3748 914 3814 militibus
937 3749 1029 3814 laicis
1054 3749 1216 3812 donantur
1237 3749 1400 3813 interdum
1425 3749 1678 3832 aecclesiastica,
1709 3751 1945 3815 interveniente
1977 3751 2098 3838 lingue,

449 3857 598 3944 obsequii
621 3881 659 3922 ac
683 3858 826 3922 muneris
850 3856 1087 3921 mercimonio’.
1135 3855 1200 3936 Qui
1228 3856 1288 3920 hec
1312 3856 1426 3920 dicunt
1454 3879 1519 3920 000
1544 3857 1622 3920 satis
1652 3857 1736 3920 inter
1759 3857 1966 3943 sacrilegium
1991 3869 2024 3922 et
2047 3881 2097 3945 sy·

448 3966 587 4030 moniam
613 3965 825 4050 distinguunt.
872 3963 955 4028 Nam
979 3986 1052 4026 eum
1077 3961 1271 4026 beneficium
1296 3973 1328 4027 et
1352 3961 1494 4026 officium
1518 3962 1796 4027 aecclesiasticum
1820 3965 1865 4028 ita
1889 3966 1955 4029 sint
1976 3967 2096 4046 100010,

448 4071 722 4158 quemadmodum
739 4094 855 4158 corpus
880 4081 913 4134 et
935 4071 1044 4134 anima
1054 4075 1075 4152 ³,
1100 4070 1247 4156 quisquis
1264 4091 1376 4134 eorum
1398 4069 1535 4133 alterum
1559 4071 1606 4135 ita
1629 4081 1805 4155 comparat,
1822 4081 1858 4134 ut
1874 4071 2011 4135 alterum
2028 4074 2096 4137 sinc

448 4179 549 4244 altero
573 4202 639 4243 000
661 4179 841 4265 proveniat,
866 4178 936 4263 ipse
960 4177 1071 4262 utique
1095 4177 1129 4239 in
1146 4176 1302 4261 Spiritum
1322 4186 1470 4239 sanctum
1493 4187 1619 4261 peceat,
1644 4177 1712 4240 0100
1737 4199 1801 4263 quo
1825 4176 1948 4242 nullum
1972 4179 2096 4244 aeccle·
2115 4201 2139 4241 ss

447 4287 614 4350 siasticum
638 4285 781 4349 officimn
804 4307 899 4371 posse
924 4285 983 4348 rite
1008 4284 1238 4347 amministrari
1263 4292 1398 4347 constat.
1440 4281 1558 4347 Officia
1581 4282 1827 4348 aecclesiastica
1851 4294 1934 4366 sunt,
1960 4308 2096 4371 quorum

447 4392 510 4456 ista
533 4403 607 4456 sunt
626 4393 768 4472 nomina,
786 4392 1003 4478 episcopatus,
1027 4388 1282 4476 presbyteratus,
1299 4389 1500 4471 diaconatus,
1524 4391 1740 4474 prepositura,
1764 4389 1906 4472 abbatia,
1924 4390 2096 4457 clericatus

448 4509 480 4562 et
504 4500 531 4561 si
555 4521 620 4584 qua
643 4509 716 4562 sunt
739 4497 933 4577 huiusmodi,
958 4521 1021 4583 que
1046 4499 1115 4560 sine
1140 4497 1225 4561 dono
1250 4497 1510 4583 sancti'Spiritus
1534 4519 1599 4560 non
1615 4507 1750 4582 possunt
1773 4497 1832 4560 rite
1856 4499 2096 4563 amministrari.

449 4605 492 4669 Ut
516 4606 614 4691 igitur
630 4604 670 4669 de
687 4627 751 4669 uno
775 4627 921 4690 agamus,
947 4603 987 4668 (10
1013 4604 1079 4667 0010
1104 4605 1295 4689 episcopatu
1311 4627 1529 4689 proponamus
1546 4626 1642 4690 posse
1665 4603 1747 4684 lieri,
1771 4614 1807 4668 ut
1830 4603 1947 4690 aliquis
1972 4607 2096 4691 episco-

447 4711 538 4798 pales
559 4711 729 4776 facultates
753 4735 812 4798 per
827 4734 943 4775 munus
961 4709 1106 4775 obtineat
1122 4707 1280 4796 villasque
1305 4733 1343 4774 00
1368 4720 1476 4774 cetera
1500 4709 1587 4774 bona
1610 4709 1790 4796 episcopali
1813 4712 2096 4777 amministrationi
2114 4736 2141 4774 a

447 4818 558 4884 debita
581 4821 627 4884 sic
651 4818 826 4906 possideat,
851 4829 887 4882 ut
910 4820 1040 4882 omnino
1064 4819 1237 4903 episcopus
1259 4839 1321 4880 000
1346 4838 1417 4880 0000
1441 4838 1502 4880 000
1527 4817 1592 4880 dici
1617 4819 1835 4903 concupiscat,
1864 4818 1952 4904 quod
1975 4842 1995 4883 a
2017 4842 2096 4883 000-

447 4925 543 4989 nullis
567 4927 768 4990 tirannorum
792 4926 888 4988 sociis
912 4925 1033 4988 factum
1060 4934 1202 5016 constat3
1233 4923 1381 5010 nunquid
1411 4923 1496 4986 hunc
1525 4923 1622 4988 talem
1650 4922 1867 4988 iudicabimus
1893 4947 1964 4989 0000
1989 4949 2097 5012 symo-

447 5033 586 5114 niacum,
611 5033 666 5118 qui
690 5031 872 5096 nullatenus
898 5032 1062 5095 existimat
1084 5030 1136 5093 vel
1161 5029 1222 5094 hoc
1246 5029 1286 5094 de
1311 5053 1345 5092 se
1370 5031 1461 5115 cupit
1483 5031 1662 5094 existimari
1686 5031 1774 5116 quod
1797 5031 1918 5096 donum
1933 5032 1999 5096 Dei
2022 5055 2095 5118 pos-

555 5231 581 5293 0)
602 5240 679 5297 putet
698 5234 762 5296 quia
779 5231 840 5282 add.
857 5232 893 5280 W.
967 5227 993 5292 b)
1015 5233 1174 5296 synroniaca
1194 5233 1218 5281 2.
1293 5229 1318 5286 01
1341 5232 1439 5280 ceteris
1458 5233 1483 5282 2.

558 5395 586 5470 1)
609 5397 663 5472 Ap.
691 5395 790 5453 llarssi
813 5404 831 5452 t.
855 5394 940 5464 XIX,
973 5394 1115 5451 001627,
1149 5414 1184 5451 ea
1206 5393 1315 5450 schedis
1337 5414 1401 5450 ons.
1426 5393 1487 5450 bibl.
1513 5395 1597 5471 capit.
1623 5395 1749 5453 cathedr.
1775 5398 1839 5452 eccl.
1861 5397 2018 5466 110000010-
2048 5399 2100 5454 sed
2116 5412 2141 5448 ss

447 5512 555 5562 tontum
578 5523 664 5578 usque
687 5504 837 5558 anathema
859 5504 905 5558 sit.
985 5499 1326 5577 nannetensium,
1350 5499 1437 5572 Jaffe'
1458 5501 1553 5571 5743,
1580 5502 1680 5559 illaesi
1694 5503 1762 5571 XX,
1787 5503 1926 5560 001661.
1997 5503 2027 5574 3)
2047 5501 2096 5576 Cf.

447 5610 629 5667 Humbertum
660 5619 760 5667 contra
786 5609 953 5667 simoniacos
981 5608 1037 5678 III,
1069 5629 1091 5664 0.
1119 5607 1169 5678 21,
1202 5606 1264 5663 Lib.
1289 5606 1313 5676 I,
1333 5627 1366 5681 p.
1386 5605 1466 5674 225,·
1497 5607 1645 5664 Placidum
1677 5607 1803 5666 Nonant.
1836 5629 1858 5665 c.
1884 5609 1935 5680 82,
1961 5609 2029 5666 Lib.
2055 5609 2096 5681 II,

441 5738 476 5792 p.
495 5716 568 5774 605.
