4426 6398
668 410 904 469 anscrnrus
928 408 1218 468 ssonsosnsss.
1363 487 1364 490 Ν
1708 402 1773 466 645

118 614 277 688 suspectus
299 599 466 666 uidebatur
489 613 518 664 et
539 599 678 686 capitulo
701 623 757 664 suo
781 598 854 665 odio
878 613 954 681 erat,
978 613 1012 664 ut
1034 599 1129 681 illud,
1152 601 1319 686 quominus
1342 602 1376 664 in
1393 600 1514 664 maiore
1538 599 1668 664 ecclesia
1688 622 1773 685 sepe·

119 708 241 788 liretur,
258 709 469 794 pertinaciter
490 719 650 771 reonsaret
658 709 678 768 ¹.

225 812 302 878 Etsi
322 837 394 900 erpo
417 815 584 878 sententias
606 835 687 899 quas
709 814 833 878 iuvenis
855 812 1011 900 defendit,
1041 835 1144 893 sena,
1175 814 1294 898 impias
1324 826 1380 876 aut
1408 826 1487 877 certe
1516 813 1645 878 inutiles
1674 826 1773 893 ratus,

118 923 229 986 reiecit
249 920 382 1007 ideoque
404 920 442 984 bi
463 919 576 1001 libelli,
603 943 681 1004 quos
703 921 736 984 ei
756 920 806 984 vel
827 921 888 984 uni
907 943 946 984 ea
968 921 1035 984 eius
1051 919 1284 1006 familiaribus
1306 919 1517 999 attribuimus,
1537 920 1668 1006 penitus
1690 919 1777 984 nibil

88 1026 166 1092 sad
186 1027 430 1114 componendam
454 1027 539 1091 litem
563 1025 601 1090 de
624 1028 810 1092 investitura
834 1039 972 1090 ecorum
988 1025 1149 1112 fecerunt,
1173 1039 1274 1090 tamen
1297 1049 1334 1090 ea
1357 1049 1438 1110 quae
1460 1027 1627 1111 scripsisse
1649 1025 1774 1090 uidetur

119 1157 181 1198 non
200 1136 303 1220 parvi
322 1135 471 1198 momenti
491 1156 555 1198 esse
578 1134 730 1198 existimo.
785 1132 825 1197 Ut
846 1134 929 1197 enim
951 1134 1021 1218 epse
1042 1155 1105 1196 non
1127 1132 1209 1196 mule
1232 1155 1333 1196 mores
1356 1145 1385 1197 et
1405 1135 1572 1197 sententias
1595 1132 1773 1218 capelbmo-

119 1264 191 1304 rum
215 1254 243 1305 et
264 1240 449 1305 clericorum
469 1238 632 1304 Wilbelmi
644 1237 691 1302 ΙΙ.
716 1237 808 1326 Rufo
816 1239 1045 1326 familiarium
1066 1239 1230 1303 illustrare
1249 1237 1383 1318 videtur,
1407 1240 1453 1303 ita
1476 1251 1626 1304 tractatus
1649 1241 1774 1326 epreyia

120 1369 181 1411 non
205 1349 369 1427 tamaius,
400 1370 462 1431 qua
493 1369 544 1410 eos
573 1347 713 1432 scripsit,
741 1348 863 1426 aetatis,
893 1369 988 1432 qnam
1011 1347 1123 1410 aetatis
1144 1343 1364 1409 Wlbelminae
1388 1345 1569 1410 documenta
1593 1359 1776 1410 oerueantur

121 1465 248 1539 oportet,
272 1475 336 1538 qua
350 1476 444 1539 papo
466 1451 605 1517 nondum
624 1453 730 1540 apnito
754 1452 885 1517 ccclesia
900 1451 1083 1540 Anylicana
1104 1477 1126 1516 a
1148 1474 1219 1538 repe
1240 1451 1307 1516 solo
1330 1451 1616 1516 administrabatur
1638 1453 1775 1538 talesque

76 1583 103 1623 ιο
121 1558 160 1624 de
183 1559 391 1624 eaolmiastico
407 1561 598 1646 principum
626 1560 779 1646 repimine
802 1558 891 1624 etde
908 1561 1054 1645 primatu
1076 1556 1221 1622 Romano
1243 1560 1326 1622 inter
1349 1558 1480 1622 clericos
1502 1561 1586 1646 repis
1608 1559 1775 1624 sententiae

120 1669 214 1731 nasci
229 1679 384 1753 poterant,
415 1667 524 1752 quales
547 1680 617 1732 ante
639 1665 812 1731 Iobannem
834 1665 1006 1754 Wiclefum
1028 1689 1117 1730 nemo
1143 1666 1178 1730 in
1200 1663 1333 1751 Anplia,
1358 1665 1472 1729 nedum
1496 1668 1531 1729 in
1553 1664 1698 1751 Europa,
1722 1689 1773 1730 ea·-

121 1775 258 1860 copitare
280 1787 336 1838 aut
350 1775 563 1859 pronuntiare
586 1797 683 1838 austes
706 1786 758 1838 est.

251 1896 450 1962 Berolini
475 1923 504 1962 a.
525 1898 620 1960 1896.
645 1896 726 1960 Nou.
747 1897 797 1960 18.
1356 1894 1398 1960 H.
1424 1893 1665 1960 BOEHMER.

930 2109 960 2182 I.

77 2275 103 2314 a
309 2245 379 2319 AN
404 2243 594 2320 LICEAT
620 2243 1010 2321 SACERDOTIBUS
1035 2243 1178 2319 INIRE
1204 2244 1588 2322 MATRIMONIUM.

232 2383 299 2461 Quo
322 2407 405 2448 anno
428 2398 456 2450 et
478 2407 538 2470 quo
563 2385 629 2448 loco
652 2383 704 2448 bic
727 2397 877 2448 tractatus
899 2385 1087 2469 compositus
1109 2385 1161 2464 sit,
1184 2397 1265 2448 certo
1289 2383 1423 2470 definiri
1442 2385 1558 2468 nequit.
1597 2382 1725 2448 Etenim
1748 2398 1778 2448 et

121 2493 156 2556 in
179 2490 381 2555 Normannia
405 2493 490 2556 etin
512 2489 635 2577 Anplio
657 2492 760 2555 scribi
772 2504 909 2576 poterat,
939 2491 991 2554 bic
1014 2515 1043 2554 a.
1061 2490 1139 2578 fere
1165 2489 1402 2571 1075—1085,
1432 2491 1504 2556 illia
1526 2515 1556 2554 a.
1574 2491 1652 2577 fere
1679 2490 1772 2554 1102.

121 2597 188 2662 Hic
211 2600 277 2662 iam
300 2622 329 2661 a.
349 2598 443 2660 1074.
463 2599 506 2662 in.
523 2596 690 2676 Iobannes,
706 2597 964 2682 archiepiscopus
979 2595 1216 2684 Rotomapcnsis
1226 2601 1248 2678 ²,
1272 2597 1397 2661 clericis
1419 2599 1655 2662 matrimonium
1679 2599 1774 2662 inter·

123 2703 208 2769 desit
221 2706 461 2792 coniupotosque
483 2705 523 2767 ab
539 2704 641 2768 altari
660 2727 817 2768 removere
839 2703 967 2768 studuit.
1004 2702 1071 2770 Sed
1084 2704 1209 2768 clericis
1225 2703 1519 2783 contradicentibus,
1543 2717 1577 2767 ut
1597 2704 1663 2768 alii
1677 2727 1774 2789 prae-

78 2836 105 2875 so
123 2810 191 2890 loti,
218 2810 305 2875 nibil
325 2811 436 2897 effecit.
483 2809 593 2896 Neque
616 2834 689 2874 vero
719 2833 799 2896 quae
828 2809 967 2896 synodus
988 2809 1242 2876 Iuliobonnensis
1266 2810 1428 2873 α.1080.Β
1457 2809 1672 2874 WilbelmoI.
1704 2834 1775 2897 repe

115 2931 283 3004 praesente
305 2917 344 2982 de
367 2919 522 2983 caelibatu
544 2920 661 2997 statuit,
685 2920 829 3004 episcopi
849 2919 979 3002 exsequi
991 2929 1149 3002 poterant.
1196 2915 1296 2980 Immo
1320 2917 1371 2982 uel
1392 2917 1434 2980 30
1458 2918 1552 2980 annis
1571 2931 1645 3002 post
1666 2917 1779 2982 alerici

115 3025 231 3111 palam
255 3047 367 3089 uxores
390 3025 546 3112 lepin'mas
563 3024 675 3088 ducere
693 3028 907 3088 consuerant&
925 3061 969 3070 -
984 3022 1025 3086 In
1040 3023 1161 3110 Anplia
1173 3025 1301 3109 primus
1315 3022 1495 3104 Anselmus,
1518 3023 1776 3110 archiepiscopus
1879 3049 1883 3060 ’

127 3129 376 3211 Cantuariensc's,
400 3131 586 3196 caelibatum
609 3130 806 3195 introducere
822 3130 1007 3196 contendit⁵.
1043 3129 1169 3194 Deinde
1189 3130 1330 3194 a.1102.
1349 3128 1432 3215 Sept.
1451 3130 1503 3192 30.
1528 3129 1666 3216 synodus
1680 3129 1775 3196 West-

122 3240 376 3302 monasteriensis
394 3237 548 3326 Gregorii
568 3237 692 3302 decreta
715 3236 754 3302 de
776 3238 835 3302 boc
857 3262 892 3302 re
914 3237 1000 3302 edita
1019 3238 1249 3324 confirmauiffi,
1271 3237 1329 3300 sed
1350 3261 1388 3301 ne
1411 3237 1482 3302 illic
1504 3235 1642 3322 quidem,
1666 3262 1776 3323 quam-

78 3371 104 3410 ss
123 3369 218 3430 quani
248 3369 305 3409 reu
333 3369 454 3430 quoque
484 3346 665 3432 ooniupatos
693 3343 897 3429 aliquamdiu
912 3346 1028 3430 poenis
1043 3345 1292 3430 persequebatur
1303 3345 1324 3423 7,
1350 3342 1547 3430 Greporiani
1563 3345 1773 3430 peruicerunt.

123 3449 222 3514 Immo
247 3451 377 3516 Sannis
397 3465 470 3538 post
491 3451 697 3531 Heinrions⁸,
721 3465 755 3514 ut
776 3451 1009 3535 aliquantulum
1025 3451 1196 3539 fremitum
1219 3450 1407 3514 clericorum
1430 3453 1672 3537 repupnantium
1695 3475 1775 3514 com-

118 3572 272 3642 pesceret,
301 3560 391 3645 repia
420 3560 603 3622 auctoritate
631 3556 781 3622 Anselmo
811 3559 1001 3621 invitissimo
1033 3557 1127 3644 lcpem
1157 3559 1213 3621 oisc
1236 3557 1472 3644 promulpotam
1503 3557 1675 3644 abropaoit.
1722 3557 1778 3621 Eu

123 3679 302 3752 arpumento
319 3665 425 3730 libelli
440 3688 523 3752 erpo,
547 3663 674 3750 quando
697 3665 885 3750 compositus
906 3665 958 3743 sit,
981 3663 1076 3750 effici
1088 3687 1149 3727 non
1159 3676 1269 3750 potest
1306 3661 1373 3727 Sed
1394 3663 1469 3728 inde
1491 3663 1578 3749 qnod
1598 3687 1660 3728 non
1682 3665 1780 3729 semel

123 3785 231 3836 auctor
254 3771 371 3836 eisdem
393 3772 570 3836 rationibus
593 3785 621 3836 et
643 3772 881 3836 auctoritatibus
901 3771 1009 3851 utitur,
1033 3771 1146 3855 quibus
1169 3772 1203 3834 in
1218 3770 1368 3857 apoloyia
1388 3794 1451 3856 pro
1458 3771 1547 3857 filiis
1569 3769 1776 3851 sacerdotum,

79 3903 105 3942 so
123 3903 152 3941 a.
170 3879 248 3965 fere
268 3878 364 3941 1075.
389 3891 552 3943 tracmtum
577 3879 612 3941 in
630 3876 833 3942 Normannia
855 3878 1007 3964 scre'ptum
1031 3900 1095 3941 esse
1118 3879 1312 3941 coniecerim.
1359 3876 1501 3956 Accedit,
1525 3876 1612 3962 quod
1633 3901 1661 3941 a.
1679 3878 1774 3940 1102.

126 3984 302 4065 Gerardus,
326 3987 381 4048 cui
400 3984 457 4049 boc
479 4008 601 4070 quoque
617 3985 904 4049 commentariolum
919 3985 1088 4048 attribuere
1110 3984 1201 4047 nobis
1223 3982 1358 4065 videtur,
1382 3983 1536 4048 Heinrici
1548 3985 1701 4070 precibus
1725 3986 1776 4048 ob·

123 4105 243 4156 secutus
266 4115 329 4155 una
352 4115 422 4155 cum
444 4090 594 4155 Anselmo
618 4091 749 4156 clericos
772 4090 961 4155 libidinosos
984 4104 1012 4154 et
1034 4092 1214 4177 coniupatos
1237 4092 1416 4176 opprimere
1439 4091 1611 4155 conabatur
1620 4093 1640 4153 ⁹.

235 4196 400 4262 Tractatus
422 4201 486 4264 iam
512 4223 540 4262 a.
561 4198 655 4260 1641.
681 4199 720 4262 ab
744 4197 777 4261 J.
797 4197 890 4278 Hall,
914 4199 1058 4282 episeopo
1081 4195 1290 4276 Narcoicensi,
1314 4196 1475 4283 eoulpatus
1498 4211 1527 4261 et
1548 4199 1583 4260 in
1605 4221 1776 4262 sermonem

123 4303 293 4391 Anplicum
323 4328 431 4368 uersus
461 4319 505 4369 est
515 4307 549 4367 ¹⁰.
600 4304 663 4367 150
686 4307 780 4368 annis
802 4317 880 4390 post
905 4302 1077 4368 Tbeiner¹¹
1104 4306 1277 4367 marimum
1307 4305 1374 4367 eius
1391 4317 1517 4389 partem
1548 4305 1581 4368 in
1605 4327 1778 4368 sermonem

79 4437 105 4478 so
126 4409 351 4476 Germanicum
374 4414 473 4476 uertit.
517 4411 663 4496 Denique
686 4435 755 4474 eum
783 4409 917 4474 Carolus
939 4410 1067 4496 Hampe
1090 4412 1124 4473 in
1148 4434 1237 4473 usum
1260 4423 1399 4474 nostrum
1423 4410 1560 4474 cornulit.

231 4605 323 4671 Scire
347 4605 455 4689 velim,
480 4606 552 4693 quis
575 4605 699 4692 primus
721 4606 869 4687 instituit,
899 4627 941 4669 ne
972 4603 1158 4669 sacerdotes
1182 4603 1349 4668 christiani
1372 4604 1454 4668 inire
1479 4601 1638 4668 deberent
1667 4605 1777 4669 matri-

123 4713 246 4794 monia,
277 4711 370 4777 Deus
401 4735 444 4776 an
473 4712 580 4777 homa.
634 4711 670 4778 Si
700 4713 787 4776 enim
816 4710 924 4794 Deus,
955 4713 1024 4776 eius
1055 4721 1145 4776 certe
1176 4712 1336 4775 sententia
1367 4720 1399 4774 et
1429 4710 1572 4774 tenenda
1603 4721 1635 4775 st
1667 4709 1777 4775 obser-

124 4814 248 4883 vanda
268 4830 318 4884 est
352 4841 426 4883 cum
461 4820 549 4883 omni
578 4820 788 4883 veneratione
824 4829 857 4883 st
890 4818 1082 4882 reverentia.
1137 4816 1173 4883 Si
1202 4840 1280 4882 vero
1311 4816 1406 4882 homo
1438 4827 1470 4881 et
1499 4840 1565 4881 non
1597 4816 1704 4900 Deus,
1736 4818 1777 4882 de

235 5019 264 5097 1)
288 5020 432 5098 Quadnp.
454 5043 485 5098 p.
501 5021 562 5078 163
568 5044 578 5093 ;
602 5022 685 5081 Wilb.
705 5022 850 5079 Malmesb.
868 5021 930 5079 bist.
947 5020 1058 5094 PonaJ.
1076 5020 1133 5090 III,
1149 5020 1226 5091 118,-
1250 5020 1333 5078 Wilb..
1351 5019 1486 5098 Neubrip.
1504 5022 1521 5077 l.
1539 5020 1564 5091 I,
1582 5041 1604 5077 c.
1625 5020 1653 5091 3,
1673 5043 1706 5097 p.
1725 5020 1776 5078 28.

78 5146 106 5184 eo
127 5128 157 5199 2)
181 5129 295 5200 Hesele,
320 5127 577 5206 ‘Concilienpesclu’
601 5127 654 5200 1⁷²,
676 5149 706 5204 p.
726 5127 766 5185 35
784 5149 825 5204 sq.
928 5126 958 5198 3)
983 5129 1018 5184 L.
1036 5129 1054 5184 l.
1077 5128 1109 5198 V,
1133 5147 1166 5203 p.
1187 5127 1258 5184 153.
1358 5126 1389 5198 4)
1421 5126 1549 5198 Tbeiner,
1575 5127 1778 5204 ‘Einju'brunp

125 5237 177 5292 der
200 5255 405 5312 erzwunpenen
429 5235 635 5312 Ebelosipbeit’
660 5235 700 5306 ΙΙ,
723 5255 757 5311 p.
777 5233 849 5291 313.
877 5233 937 5290 319
955 5255 997 5310 sq.
1091 5233 1121 5304 5)
1148 5233 1184 5290 F.
1203 5233 1401 5304 Liebermann,
1426 5233 1549 5290 ‘Anselm
1572 5254 1626 5291 oon
1645 5232 1776 5292 Canterb.

124 5343 186 5398 und
206 5342 291 5419 Hupo
314 5361 368 5400 von
392 5342 484 5416 Lyon,
515 5343 664 5413 Aussa'tze,
690 5343 750 5399 dem
774 5339 931 5398 Andeulcen
954 5361 994 5398 an
1017 5341 1108 5398 Waitz
1129 5343 1212 5417 peso!
1239 5360 1272 5416 p.
1293 5339 1365 5397 172.
1481 5337 1512 5414 6)
1537 5340 1637 5398 Mansi
1665 5348 1684 5396 t.
1709 5341 1777 5410 XX,

126 5449 176 5505 col.
193 5448 425 5519 1149-1153,
449 5448 555 5520 Hefelc
570 5450 589 5504 l.
607 5449 624 5504 l.
648 5449 680 5519 V,
699 5468 732 5524 p.
752 5446 813 5504 268
831 5467 873 5523 sq.
944 5444 975 5521 7)
988 5447 1116 5504 Anselmi
1130 5447 1208 5522 epist.
1225 5446 1283 5516 ΙΙΙ,
1300 5445 1371 5516 109,
1390 5446 1489 5523 Mipne
1507 5445 1579 5518 159,
1597 5449 1647 5504 col.
1660 5446 1721 5502 146
1734 5468 1776 5523 sq.

126 5554 157 5626 8)
181 5554 355 5624 Ibid.110;
378 5557 397 5611 l.
415 5556 432 5611 l.
458 5556 509 5612 col.
530 5554 589 5611 148
607 5575 649 5630 sq.
731 5551 763 5628 9)
786 5553 962 5611 ‘ffistorians
985 5554 1024 5624 of
1041 5552 1134 5609 ΙόνΙε7
1150 5552 1208 5623 ΙΙΙ,
1226 5573 1260 5628 p.
1279 5552 1433 5609 23—26.
1517 5549 1568 5626 10)
1592 5552 1666 5610 ‘Tbe
1689 5553 1779 5610 bonor

78 5678 106 5718 cs
124 5662 164 5733 of
182 5661 226 5718 tbc
249 5662 378 5718 married
392 5661 506 5738 clcrpic’
524 5656 659 5736 (London
678 5656 785 5736 1641),
811 5659 942 5716 ‘stores’
961 5655 1211 5735 (bondon164'l)
1236 5668 1254 5716 t.
1271 5658 1296 5729 I,
1315 5659 1549 5735 pise-761.
1623 5659 1674 5730 11)
1693 5659 1776 5716 ‘Ein-

119 5767 255 5846 fiibrunp
279 5769 330 5825 der
353 5786 557 5845 erewunpenen
581 5766 788 5844 Ebelosiplceit’
813 5766 853 5837 ΙΙ,
873 5787 906 5842 p.
927 5765 1124 5822 323—326.
