4396 6390
454 354 517 416 492
746 359 925 416 GERHOHI
947 359 1182 416 PRAEPOSITI
1204 357 1613 415 REICHERSBERGENSIS
1636 359 1802 415 LIBELLI.

453 547 549 612 huius
580 547 749 612 considero
779 545 879 610 libros
911 545 951 610 dc
983 545 1150 611 ordinibus
1185 545 1366 610 aecclesiae
1397 545 1558 610 distinctis
1588 545 1739 610 distincte
1770 546 1984 632 compositoS,
2015 550 2094 632 quasi

455 654 611 741 quosdam
636 655 706 718 eius
729 653 896 740 perpendo
919 651 1101 740 manipulos
1126 675 1199 717 cum
1216 652 1414 718 exultatione
1438 654 1590 718 messoris
1613 665 1688 718 ante
1712 652 1881 717 dominum
1905 653 2021 716 messis
2035 677 2096 740 por-

453 761 581 827 tandos.
627 761 709 826 Item
733 759 822 824 beati
848 783 953 846 papae
978 757 1130 845 Gregorii
1154 762 1275 847 scripta
1297 759 1498 824 lucidissima
1521 759 1660 846 quedam
1685 770 1759 824 sunt
1781 758 1917 844 regulae
1942 759 2097 846 preclarae

456 869 495 934 de
520 868 668 934 omnibus
693 865 859 932 ordinibus
883 868 980 931 totius
1004 865 1201 930 aecclesiae:
1227 865 1303 931 dum
1328 877 1360 930 et
1382 867 1416 931 in
1439 865 1521 931 libro
1537 866 1713 931 Pastoralis
1738 889 1835 932 curae
1861 865 1997 946 clerum,
2021 869 2098 931 etin

455 976 596 1062 Dialogo
620 997 678 1039 suo
701 976 770 1039 vita
793 976 894 1061 patris
917 973 1089 1038 Benedicti
1113 973 1277 1060 descripta
1300 974 1429 1037 instruit
1452 973 1597 1038 ordinem
1621 975 1846 1054 monasticum,
1872 983 1905 1037 et
1928 974 1964 1036 in
1987 973 2120 1043 omeliiss

456 1097 488 1148 et
515 1081 659 1171 epistolis
689 1093 787 1168 atque
818 1081 946 1168 scriptis
977 1079 1152 1145 moralibus
1182 1093 1335 1144 cunctum
1365 1079 1461 1144 docet
1491 1079 1645 1166 populum
1675 1080 1898 1160 christianum,
1931 1079 2100 1144 secundum

456 1189 542 1279 qnod
567 1191 598 1254 ei
620 1189 681 1253 fuit
704 1190 849 1254 iniuncta
873 1187 1054 1252 sollicitudo
1079 1188 1221 1252 omnium
1245 1187 1488 1252 aecclesiarum.

372 1321 437 1371 (ras).
563 1297 786 1362 Predictorum
810 1317 888 1380 ergo
913 1306 944 1359 ct
967 1293 1103 1358 aliorum
1127 1305 1255 1380 patrum
1278 1293 1531 1358 orthodoxorum
1555 1293 1721 1358 doctrinae
1737 1293 1877 1380 quedam
1900 1304 1978 1358 sunt
2000 1295 2101 1357 rectis-

290 1449 437 1516 [Dataleis
457 1407 557 1470 simae
581 1402 714 1488 regulae
741 1401 784 1466 ad
806 1400 994 1487 dirigendos
1017 1400 1119 1488 pedes
1142 1411 1269 1464 nostros
1299 1401 1332 1464 in
1355 1401 1443 1464 viam
1466 1401 1567 1487 pacis.
1614 1400 1710 1465 Unde
1734 1399 1776 1464 ab
1804 1400 1853 1464 his
1886 1398 2102 1464 exorbitantes

279 1524 437 1606 penitentia
456 1512 676 1576 necessarium
700 1521 749 1574 est
773 1509 880 1574 curari
904 1507 1072 1595 penitendi
1095 1507 1268 1573 medicina.
1314 1508 1353 1572 In
1377 1530 1442 1594 qua
1465 1519 1574 1572 tamen
1598 1507 1764 1572 cavendae
1788 1519 1864 1571 sunt
1893 1507 1998 1571 falsae
2021 1509 2101 1592 peni·
2116 1539 2132 1577 ιι

286 1587 435 1654 ⁰⁸⁹⁰¹¹d¹³l
456 1619 588 1700 tentiae,
613 1637 697 1704 quaa
721 1639 741 1680 a
763 1617 864 1680 nostri
887 1615 1041 1701 temporis
1066 1613 1262 1680 messoribus
1282 1615 1435 1679 Romanis
1459 1613 1666 1702 pontificibus
1684 1613 1843 1700 Gregorio
1857 1613 1933 1678 VH.
1960 1623 1993 1678 et
2016 1613 2102 1678 Iuno·
2182 1685 2185 1691 .

457 1725 563 1790 centio
587 1747 674 1810 papa
696 1723 740 1787 II.
764 1725 810 1786 ita
834 1735 907 1788 suut
937 1721 979 1786 ab
1003 1745 1081 1808 agro
1105 1722 1268 1786 dominico
1293 1722 1528 1786 exterminatae
1558 1733 1655 1807 atque
1685 1720 1850 1786 fasciculis
1880 1719 2104 1786 comburendis

457 1830 619 1918 alligatae,
635 1843 671 1894 ut
689 1853 800 1894 eorum
825 1831 946 1916 scripta
970 1839 1003 1894 et
1025 1829 1199 1894 interdicta
1214 1839 1388 1915 pensantes
1404 1827 1527 1915 liquido
1544 1850 1741 1914 cognoscere
1758 1827 1899 1908 valcant,
1923 1850 1991 1891 non
2007 1829 2104 1913 magis

455 1937 568 2014 valere
597 1936 712 2002 falsam
743 1937 953 2024 penitentiam
984 1947 1098 2000 contra
1127 1949 1297 2023 peccatum
1328 1933 1466 2016 actuale,
1495 1957 1592 2022 quam
1622 1934 1738 1999 falsum
1768 1933 1970 2021 baptismum
1999 1945 2106 1998 contra

457 2057 628 2132 peccatum
652 2043 818 2130 originale.
856 2042 953 2124 Quod
977 2065 1050 2107 cum
1074 2043 1119 2106 ita
1143 2043 1193 2124 sit,
1218 2053 1306 2106 recte
1329 2063 1498 2106 movemur
1521 2054 1553 2105 ct
1577 2041 1686 2106 dolore
1710 2041 1880 2123 afficimur,
1904 2040 2055 2106 videntes
2076 2043 2107 2104 in
2121 2071 2138 2108 ιι

458 2152 619 2218 aecclesia
634 2151 699 2216 Dei
723 2150 880 2238 quosdam
905 2151 1203 2214 excommunicatos
1219 2149 1272 2213 vel
1295 2148 1484 2213 interdictos
1508 2172 1568 2235 per
1582 2148 1697 2213 falsam
1713 2149 1927 2235 penitentiam
1943 2147 2008 2230 vel,
2025 2148 2108 2234 quod

453 2261 550 2346 peius
567 2269 626 2342 est,
650 2280 709 2345 per
728 2257 849 2322 nullam
875 2256 1001 2322 admitti
1024 2256 1066 2320 ad
1083 2255 1238 2320 dominici
1254 2257 1398 2342 corporis
1415 2256 1673 2320 communionem
1689 2254 1806 2319 laicam
1826 2254 1890 2336 vel,
1915 2254 2004 2341 quod
2020 2257 2107 2342 peius

280 2389 439 2440 maenaa.
459 2377 516 2450 est,
541 2365 722 2446 leviticam3
748 2366 840 2451 quasi
856 2363 1025 2428 flammeus
1044 2362 1172 2449 gladius
1189 2362 1230 2426 ad
1247 2362 1494 2427 custodiendam
1510 2363 1618 2426 viam·
1635 2361 1714 2448 ligni
1731 2363 1817 2426 vitae
1838 2363 1963 2448 positus
1980 2363 2107 2426 omnino

459 2477 504 2538 ita
520 2475 609 2537 sitin
626 2471 741 2536 diebus
757 2473 875 2536 nostris
893 2471 1064 2552 extinctus,
1089 2480 1124 2533 ut
1139 2469 1180 2534 ad
1205 2469 1284 2535 illud
1307 2481 1417 2556 pateat
1433 2491 1585 2534 accessus
1608 2469 1696 2554 ligno
1721 2470 1876 2533 scientiae
1892 2468 1971 2533 boni
1989 2479 2021 2532 et
2036 2469 2108 2533 mali

459 2579 665 2645 abutentibus
687 2601 725 2643 ac
747 2577 901 2665 pudenda
924 2599 982 2641 sua
998 2575 1183 2662 tegentibus
1198 2575 1261 2658 vel,
1279 2575 1366 2664 quod
1380 2577 1474 2663 peius
1492 2588 1549 2658 est,
1574 2587 1711 2662 peccata
1734 2599 1793 2640 sua
1816 2577 1914 2641 etiam
1938 2576 2109 2640 manifesta
2124 2603 2145 2641 ιι

459 2685 718 2752 defendentibus.
759 2684 876 2750 lllultos
900 2684 961 2748 hac
985 2693 1177 2770 tempestate
1194 2682 1341 2748 videmus
1365 2705 1439 2747 cum
1456 2682 1588 2748 Herode
1612 2682 1664 2747 vel
1688 2681 1876 2748 Herodiadc
1900 2682 2016 2748 illicita
2039 2705 2108 2768 pre-

374 2817 438 2866 (ιιι).
459 2803 622 2858 sumentes
646 2805 678 2856 ct
694 2814 815 2879 paucos
836 2814 910 2856 cum
926 2790 1070 2855 Iohanne
1093 2790 1172 2854 talia
1194 2789 1439 2876 redarguentes.
1474 2790 1518 2854 Et
1540 2802 1576 2854 ut
1599 2813 1618 2854 a
1641 2789 1735 2855 bonis
1758 2789 1911 2876 exempla
1934 2811 2108 2872 sumamus,

458 2900 549 2965 multi
572 2922 666 2986 reges
690 2909 722 2963 et
745 2899 908 2986 principes
933 2897 1084 2984 exemplo
1107 2897 1218 2962 David
1242 2899 1328 2984 regis
1351 2907 1501 2984 peccant,
1533 2896 1591 2961 sed
1614 2897 1710 2984 pauci
1734 2896 1883 2983 exemplo
1909 2897 1979 2961 eius
2004 2919 2109 2960 emen-

459 3008 547 3073 dent.
593 3006 687 3071 Multi
716 3005 886 3092 pontifices
917 3015 949 3068 et
979 3003 1164 3068 sacerdotes
1189 3005 1338 3091 exemplo
1362 3005 1452 3068 Petri
1482 3003 1612 3085 cadunt,
1644 3004 1701 3068 sed
1731 3005 1826 3090 pauci
1859 3003 2010 3090 exemplo
2042 3005 2109 3068 eius

458 3125 640 3200 resurgunt.
687 3112 781 3177 lllulti
805 3111 961 3176 animales
985 3112 1132 3197 spiritum
1156 3134 1222 3175 non
1245 3109 1402 3176 habentes
1427 3121 1459 3175 et
1483 3111 1611 3176 omuino
1635 3110 1817 3175 inordinate
1836 3112 1999 3192 viventes,
2023 3109 2109 3175 nulla
2125 3137 2147 3175 a

459 3221 571 3308 regula
594 3220 645 3284 vel
670 3218 860 3284 cenobitalis
883 3219 937 3283 vel
959 3218 1072 3283 saltem
1097 3219 1292 3283 christianae
1315 3217 1481 3303 religionis
1505 3229 1642 3300 utentes,
1674 3217 1844 3281 manifeste
1875 3218 2068 3303 semetipsos
2092 3240 2110 3280 a

460 3350 593 3415 corpore
619 3326 739 3391 Christi
763 3337 947 3412 segregant,
978 3327 1023 3389 ita
1046 3338 1082 3389 ut
1104 3347 1164 3390 nec
1189 3325 1332 3411 speciem
1362 3326 1396 3388 in
1420 3347 1454 3389 se
1479 3324 1614 3389 alicuius
1646 3323 1722 3388 boni
1752 3322 1889 3388 membri
1920 3324 2108 3406 ostendant3

459 3447 491 3500 et
514 3446 622 3499 tamen
652 3433 758 3498 eidem
790 3434 917 3518 corpori
945 3442 1243 3496 sacramentotenus
1273 3433 1401 3496 nemine
1432 3430 1624 3518 prohibente
1655 3433 1895 3496 communicant
1925 3443 1992 3514 aut,
2023 3431 2110 3518 quod

458 3543 551 3628 peius
576 3553 634 3624 est,
665 3540 751 3604 idem
776 3562 893 3626 corpus
916 3539 1083 3603 immolant
1114 3549 1210 3625 atque
1235 3539 1434 3625 dispensant.
1481 3537 1576 3603 Unde
1607 3561 1671 3602 non
1701 3539 1850 3602 inmerito
1875 3538 1973 3602 etiam
1998 3561 2018 3602 a
2042 3541 2109 3626 qui-

458 3647 596 3713 busdam
627 3646 786 3711 illiteratis
811 3648 875 3710 iam
901 3647 1046 3732 queritur
1075 3647 1159 3710 inter
1182 3645 1431 3732 dispensatores,
1454 3656 1491 3709 ut
1513 3645 1617 3709 fidelis
1641 3647 1713 3731 quis
1737 3646 1931 3727 inveniatur,
1956 3657 1990 3708 et
2012 3647 2109 3731 pauci
2125 3673 2148 3710 ιι

302 3765 533 3828 1.c0r.s‚1.sunt
556 3755 611 3841 qui
636 3754 744 3818 dicere
769 3752 899 3817 valcant
921 3753 975 3817 vel
998 3751 1108 3817 dicant
1132 3775 1205 3817 cum
1229 3752 1391 3838 apostolo:
1425 3752 1480 3816 Sic
1509 3777 1565 3816 uos
1594 3756 1748 3817 em'str'met
1769 3753 1869 3832 lonso,
1895 3767 1927 3816 ut
1950 3756 2109 3818 nzr'ne‘stros

301 3885 439 3932 aeonas.
463 3863 585 3927 Christi
612 3875 640 3926 et
669 3862 899 3946 dispensa-tores
933 3862 1144 3925 mr'steriorum
1175 3861 1247 3924 Dei.
1301 3858 1400 3922 Item:
1431 3860 1471 3923 In
1502 3861 1644 3923 cornibus
1673 3859 1873 3923 exhibeamus
1906 3863 2109 3946 nosmetipsos

369 3991 438 4031 msa.
459 3972 555 4033 'st'cut
583 3969 649 4032 Dei
675 3969 848 4046 miru‘stros,
878 3981 911 4030 ut
940 3991 1000 4030 nou
1031 3970 1221 4052 tu'toperetar
1250 3967 1458 4030 uzfat’sterfum
1490 3980 1636 4030 nostrum.
1691 3964 1899 4029 solummodo
1930 3965 2048 4050 gladiis
2078 3977 2109 4030 et

458 4073 611 4154 fustibus,
646 4075 742 4137 minis
773 4083 807 4136 et
835 4071 1012 4137 terroribus
1042 4074 1178 4157 exigunt
1207 4071 1315 4158 plures
1346 4071 1471 4154 talium,
1503 4081 1539 4135 ut
1567 4093 1633 4134 non
1662 4072 1866 4157 vituperetur
1894 4073 2107 4136 ministerium

374 4205 439 4256 (ras).
458 4205 580 4262 eorum,
605 4203 679 4244 cum
703 4182 743 4245 sit
766 4177 981 4267 vituperabile
1005 4180 1038 4242 in
1060 4179 1161 4243 oculis
1177 4178 1242 4242 Dei
1266 4189 1297 4242 et
1321 4178 1495 4242 hominum.
1530 4177 1644 4264 Itaque
1662 4177 1834 4242 deficiente
1858 4201 1944 4242 nunc
1968 4179 2148 4243 humanos

335 4287 594 4358 r·.es‚1.consilio
618 4299 651 4351 et
673 4287 805 4370 auxilio,
831 4289 976 4368 Ilootiue,
1000 4289 1162 4374 resupinos
1193 4301 1224 4349 tu
1240 4289 1353 4374 jactus
1382 4311 1414 4350 es
1438 4287 1526 4350 uobis
1549 4312 1569 4350 o
1589 4289 1788 4374 ueneratione
1813 4289 1845 4351 ιἰι
1867 4289 2107 4372 perorationem,

230 4388 283 4476 [¹³⁰
308 4389 439 4454 operariis
459 4397 535 4482 quia
565 4397 599 4458 in
627 4405 659 4459 te
691 4394 757 4458 solo
788 4393 881 4458 nobis
912 4405 961 4457 est
990 4393 1119 4475 fiducia,
1145 4390 1232 4478 quod
1255 4393 1362 4456 mittas
1386 4403 1418 4455 et
1442 4393 1542 4455 eicias
1573 4394 1738 4478 operarios
1768 4393 1802 4456 in
1831 4415 1971 4456 messem
2002 4405 2106 4472 tuanr3

229 4458 439 4584 ¹ssi¹illlfiss¹lgl
459 4504 568 4566 mittas
591 4501 800 4581 voluntarios,
825 4501 924 4564 eicias
948 4501 1045 4563 etiam
1076 4500 1205 4580 invitos,
1231 4521 1311 4586 quos
1335 4511 1369 4563 tu
1400 4499 1482 4563 nosti
1514 4521 1585 4562 esse
1615 4498 1750 4563 idoneos
1781 4501 1964 4584 operarios:
1997 4499 2107 4586 quales

259 4597 408 4662 ei‹·iendis.]
459 4621 607 4694 optamus
631 4629 702 4671 esse
727 4629 837 4672 omnes
861 4607 1003 4670 omnium
1034 4605 1265 4670 aecclesiarum
1289 4605 1429 4691 prelatos
1454 4617 1486 4669 et
1509 4607 1650 4670 maxime
1681 4604 1878 4691 apostolicae
1909 4605 1997 4669 sedis
2028 4607 2107 4669 anti-

460 4717 560 4796 stites,
585 4713 767 4778 cardinales
791 4725 887 4799 atque
911 4712 1044 4798 legatos,
1068 4723 1103 4777 ut
1126 4711 1278 4777 videlicet
1300 4735 1360 4798 per
1383 4713 1470 4798 ipsos
1495 4714 1685 4798 corrigatur,
1709 4711 1814 4776 sicubi
1838 4735 1858 4776 a
1881 4714 2000 4778 ceteris
2024 4735 2107 4784 erra-
2125 4739 2149 4776 ιο

283 4812 441 4907 Μ’*“”·ῗξζζᾶζ
459 4831 520 4886 tur.
567 4821 670 4902 Mitte,
695 4820 824 4884 dominc
848 4819 933 4901 Iesu,
965 4820 1098 4904 angelos
1128 4829 1199 4884 tuos
1230 4821 1264 4883 in
1294 4842 1431 4883 messem
1462 4829 1561 4900 tuam,
1590 4821 1646 4905 qui
1676 4818 1830 4906 colligant
1860 4809 1901 4884 da
1925 4842 2026 4906 regno
2054 4833 2107 4884 tuo

460 4929 568 4992 omnia
591 4926 745 4992 scandala
769 4936 801 4990 et
825 4925 865 4990 de
890 4927 1013 5012 campis
1029 4927 1092 4989 tuis
1109 4928 1217 4990 omnia
1240 4927 1375 5008 zizania,
1399 4927 1484 4990 inter
1500 4948 1584 5011 quaa
1607 4948 1672 4988 non
1695 4927 1863 4990 minimum
1880 4938 1929 4992 est
1951 4926 2008 4991 illa
2032 4949 2107 5013 sepe

268 5064 319 5132 [De
339 5067 441 5116 vortice
459 5045 571 5098 notata
593 5033 721 5119 regula,
747 5034 839 5097 cuius
862 5031 967 5096 malae
991 5031 1124 5096 frutices
1147 5033 1182 5095 in
1198 5034 1320 5118 campis
1344 5034 1407 5096 tuis
1423 5032 1575 5096 uberiora
1599 5043 1760 5119 occupant
1782 5033 1863 5116 loca,
1887 5035 1934 5098 ita
1956 5045 2002 5115 ut,
2027 5035 2110 5098 sicut

266 5137 376 5223 camneti
396 5138 440 5187 ⁴¹⁰·
460 5141 561 5204 Amos
585 5140 742 5226 propheta
765 5139 923 5226 deplorat,
948 5138 1131 5203 desiccatus
1155 5139 1196 5202 sit
1218 5151 1333 5203 vortex
1358 5138 1498 5204 Carmeli
1530 5151 1562 5204 et
1591 5139 1724 5224 lugeant
1754 5142 1903 5225 speciosa
1932 5151 2107 5226 pastorum.

292 5203 441 5322 mellillllla
460 5248 517 5311 Ait
540 5248 642 5310 enim:
668 5247 824 5311 Doorr'uus
849 5248 886 5310 de
903 5245 987 5332 Spore
1011 5249 1113 5332 rapiet
1135 5261 1162 5311 et
1185 5248 1222 5311 de
1237 5247 1410 5310 Ierusalem
1435 5248 1523 5311 ‹lobr't
1547 5271 1648 5311 rocem
1671 5272 1769 5311 secoro.
1807 5247 1850 5311 Et
1873 5249 2021 5312 latuerunt
2041 5273 2108 5335 spe·
2127 5271 2151 5310 ss

461 5359 546 5420 cr'oso
564 5368 740 5440 postorum,
765 5369 793 5418 ct
814 5357 986 5418 crsr'ccotus
1009 5367 1053 5416 est
1076 5368 1179 5417 certer
1198 5355 1346 5418 Carmeli.

377 5471 440 5517 (169)·
567 5460 640 5524 Non
657 5459 778 5524 solumb
796 5483 873 5546 ergo
898 5475 924 5524 te
948 5460 1033 5524 decet
1052 5485 1175 5546 patritus,
1192 5461 1288 5542 Deus,
1315 5463 1347 5524 ιἰι
1363 5459 1458 5548 Syon,
1483 5459 1539 5524 sed
1557 5461 1654 5523 etiam
1671 5462 1796 5544 rugitus
1814 5459 1854 5524 de
1872 5460 1961 5546 Syon
1965 5510 2108 5524 .......

568 5731 594 5790 a)
616 5750 641 5783 u·
664 5733 679 5782 l.
699 5751 725 5784 u.
744 5733 811 5782 (abbr.
832 5734 865 5782 rl.
938 5731 965 5784 bl
988 5749 1010 5782 e.
1030 5750 1050 5782 s.
1072 5733 1103 5782 B.
