4426 6398
641 299 873 371 rnncrsru‘s
898 295 1190 374 Esonncsusns.
1225 318 1276 375 1v.
1722 313 1785 376 eu

134 505 210 570 dens
232 506 390 592 suscipiat
411 518 440 569 et
453 505 610 591 populum
634 504 841 568 christianum
867 502 935 568 sibi
955 507 1151 569 cornmimum
1180 529 1249 569 cum
1272 529 1354 591 pace
1376 508 1620 592 propitiationis
1639 507 1788 595 feliciter

133 625 228 698 repat.
264 609 320 674 Fit
342 632 420 695 ergo
437 631 580 674 summus
599 618 707 674 rector
722 618 755 673 et
771 631 835 696 quo
852 609 1001 695 superior
1014 607 1122 674 nullus
1138 619 1188 674 est
1211 618 1244 674 et
1266 609 1423 696 pacificus
1445 611 1659 697 propitiator·
1674 611 1786 699 populi

134 717 311 798 christiani,
336 717 391 803 qui
415 726 465 781 est
495 715 635 780 ecclesis
657 725 772 780 sanctu
795 726 828 780 et
850 715 1006 801 templum
1029 714 1095 780 Dei
1118 716 1196 797 vivi,
1227 737 1288 802 per
1310 716 1397 803 quod
1421 717 1511 781 vices
1536 715 1657 783 Christi
1679 729 1786 805 potest

133 825 252 910 exequi
275 823 332 887 inb
355 821 556 887 remittendis
579 823 725 908 peccetis
750 831 782 886 et
805 821 1092 886 reconciliationee
1115 823 1308 909 peccatoris.
1344 822 1526 888 Deificatur
1542 824 1639 888 etiam
1651 830 1672 907 ¹,
1697 841 1730 890 ut
1751 829 1786 892 in

102 931 242 996 sdiebus
272 932 340 995 eius
367 932 490 995 oriatur
513 931 655 994 omnibus
678 932 799 1015 equitas
822 943 850 993 et
872 931 1011 1010 iusticia,
1034 932 1148 994 amicus
1176 929 1383 1011 adiutorium,
1414 933 1556 997 inimicis
1584 933 1786 1015 obstaculum,

133 1036 305 1101 humilibus
323 1037 481 1115 solatium,
505 1037 597 1100 elatus
613 1038 773 1116 correctio,
797 1035 950 1100 diuitibus
966 1034 1120 1116 doctrina,
1137 1038 1338 1123 pauperibus
1353 1039 1473 1124 pietus,
1491 1041 1674 1126 pereqrinis
1690 1041 1784 1126 paci-

125 1145 249 1230 stratio,
267 1145 417 1229 propriis
432 1144 467 1206 in
475 1145 590 1229 patria
603 1166 673 1227 porc
695 1156 723 1206 et
743 1145 906 1222 securitas,
930 1144 1100 1227 uuicuique
1122 1142 1292 1207 secundum
1314 1167 1404 1208 suum
1427 1167 1605 1209 mersurum
1628 1145 1786 1211 moderate

131 1251 309 1336 pubemons
331 1273 363 1313 se
386 1250 491 1336 ipsum
513 1248 641 1313 sedulus
665 1249 777 1327 discat,
801 1263 834 1312 ut
856 1250 1010 1335 irriqotus
1034 1248 1147 1313 diuina
1169 1251 1402 1335 compunctione
1426 1252 1484 1314 toti
1489 1248 1503 1287 ‘¹
1518 1251 1642 1336 populo
1658 1253 1785 1338 phtcito

126 1357 261 1441 prebere
283 1357 345 1440 uite
360 1358 467 1441 possit
488 1355 641 1441 cntempla,
665 1368 693 1418 et
707 1378 771 1441 per
794 1357 879 1418 viam
903 1357 1067 1420 ueritans⁰
1092 1379 1161 1419 cum
1182 1379 1275 1443 preqe
1302 1355 1456 1443 prodiens
1478 1358 1546 1421 sibi
1564 1356 1689 1422 subdito
1713 1381 1786 1444 opes

91 1485 116 1524 rc
126 1461 279 1549 fruqoles
301 1460 518 1526 habundanter
533 1461 695 1547 adquirat,
718 1462 817 1524 simul
837 1461 883 1524 ad
903 1461 1034 1526 salutem
1058 1484 1120 1525 non
1141 1463 1242 1525 solum
1259 1485 1437 1548 corporum,
1460 1463 1624 1528 sedetiam
1642 1464 1785 1528 cordium

133 1593 154 1632 a
177 1568 245 1632 Deo
268 1592 443 1632 concusam
474 1581 582 1632 cuncta
612 1569 752 1653 aooqriot
779 1569 886 1653 sicque
916 1570 950 1632 in
974 1567 1075 1631 Deum
1104 1570 1270 1654 capitatum
1300 1571 1406 1633 animi
1432 1569 1659 1655 consiliumque
1683 1573 1785 1635 'omne

134 1698 328 1760 cornponens,
345 1675 452 1761 plebis
471 1674 686 1761 qubursoculo
709 1698 778 1737 curn
794 1697 879 1759 poce
900 1675 998 1738 sirnul
1020 1689 1049 1738 et
1068 1677 1226 1760 sapientia
1249 1698 1371 1761 semper
1393 1677 1535 1740 inuenire
1558 1675 1713 1741 uideatur.

239 1779 293 1844 Ad
315 1780 377 1867 hee
393 1780 502 1844 omnis
517 1789 727 1844 consecratur
743 1789 775 1842 et
791 1778 970 1843 deificetur.
1006 1778 1074 1844 Sed
1096 1801 1156 1865 per
1175 1778 1236 1864 hec
1260 1781 1370 1844 omnis
1393 1779 1583 1864 ostenditur,
1603 1781 1691 1868 quod
1714 1784 1784 1869 ipse

132 1888 350 1974 pergratiam
374 1884 437 1950 sibi
460 1908 481 1950 s
495 1885 568 1950 Deo
585 1885 734 1950 collatum
751 1895 858 1972 potest
880 1884 1055 1950 iustificare
1080 1894 1113 1949 et
1136 1885 1262 1950 salvere
1286 1886 1451 1951 hominum
1469 1886 1569 1952 corde
1592 1897 1625 1952 et
1648 1910 1785 1976 corpore

89 2019 115 2058 rs
133 2015 172 2057 ac
191 2016 251 2080 per
267 1993 328 2057 hoc
343 1993 380 2057 fit
402 1992 594 2058 iustificetur
608 1991 774 2056 hominum
791 2003 823 2056 et
839 1991 990 2057 salvator.
1028 1991 1093 2072 Qui
1109 1992 1207 2056 etium
1230 1991 1304 2056 ideo
1330 2005 1540 2058 consecretur
1555 2004 1588 2059 et
1604 1993 1784 2081 deificatur,

132 2111 168 2164 ut
189 2100 315 2165 tocius‘
339 2101 454 2186 regni²
484 2101 645 2186 ιιιίιιίαιη
670 2125 737 2164 curn
758 2101 905 2185 plebibus
927 2101 993 2164 sibi
1013 2099 1147 2164 adnectis
1170 2103 1307 2165 enutriat
1332 2124 1370 2165 oc
1394 2099 1511 2182 doceat,
1541 2105 1664 2168 muniat
1686 2117 1714 2168 et
1736 2106 1784 2167 in·

132 2221 241 2288 struat,
265 2221 432 2293 contraque
455 2231 559 2271 omnes
582 2207 725 2271 odibiles
748 2220 777 2271 et
797 2207 976 2271 invisibiles
992 2216 1091 2270 ostesss
1107 2205 1191 2270 idern
1208 2220 1349 2292 potenter
1364 2209 1573 2295 requliterque
1589 2208 1697 2295 dioinp
1719 2212 1784 2286 uir-

133 2313 228 2378 tutis*
251 2311 409 2401 [rcqimen
420 2312 428 2351 ¹
428 2310 452 2400 J
475 2313 682 2378 administret.
731 2311 939 2398 Quapropter
967 2333 1103 2404 necesse
1127 2321 1186 2394 est,
1210 2321 1246 2376 ut
1268 2321 1415 2376 sunctum
1445 2311 1619 2399 ecclesiam
1648 2315 1785 2401 pascat¹¹

134 2416 206 2484 cibo
230 2418 351 2507 celesti,
376 2428 409 2483 et
432 2418 580 2483 doctrina
603 2417 737 2483 salutari
761 2429 794 2482 et
816 2419 940 2482 muniat
956 2416 1178 2504 spiritualibus
1194 2418 1293 2482 armis
1317 2429 1350 2483 et
1371 2419 1512 2483 instruet
1534 2429 1632 2507 utque
1656 2420 1784 2485 ordinet

87 2553 114 2593 so
132 2523 326 2590 salutaribus
349 2527 514 2607 institutis,
539 2536 571 2589 et
594 2523 636 2588 sb
652 2524 769 2589 eudem
785 2545 904 2611 pravos
927 2524 1075 2588 homiues
1099 2535 1132 2588 et
1154 2534 1315 2610 potestate
1335 2524 1446 2613 divine
1462 2526 1589 2590 virtutis
1612 2526 1784 2592 inmundos

132 2632 229 2696 eiciet
253 2630 417 2696 demones.
464 2631 560 2697 Unde
586 2643 618 2694 et
640 2641 751 2718 pastor
774 2641 887 2718 sancte
911 2629 1049 2718 ecelesiq
1073 2640 1105 2694 et
1127 2631 1284 2716 magister
1307 2640 1340 2695 et
1363 2640 1473 2696 custos
1500 2642 1598 2718 atque
1622 2631 1784 2716 defensor,

132 2738 297 2803 ordinator
319 2761 358 2803 sc
380 2737 536 2803 liberator
559 2759 631 2802 esse
661 2735 901 2823 comprobatur.
947 2735 1120 2824 Multiplici
1148 2759 1277 2824 quoque
1309 2748 1494 2802 sanctorum
1525 2738 1784 2824 patriarcharum

133 2855 165 2909 et
186 2844 417 2931 prophetarum
440 2843 692 2909 benedictione³
715 2845 936 2910 condecoratus
960 2857 988 2908 et
1009 2846 1044 2909 in
1066 2846 1218 2932 reqimine
1241 2848 1335 2933 requi
1354 2845 1550 2910 sublimiter¹
1569 2846 1738 2911 collocatus
1757 2862 1785 2911 et

132 2953 198 3017 oleo
218 2954 322 3039 qratiq
344 2950 484 3038 Spiritus
508 2951 613 3015 suncti
642 2959 819 3036 perunctus
847 2961 905 3014 est.
952 2949 1026 3014 Hae
1049 2951 1201 3014 unctione
1225 2951 1379 3036 perunxit
1402 2973 1475 3016 eum
1501 2949 1649 3016 Christus
1678 2952 1712 3015 in
1736 2974 1784 3016 re-

88 3079 115 3126 m
132 3059 273 3143 gimen4,
301 3059 383 3124 unde
413 3061 503 3123 uneit
524 3057 710 3138 secerdotes,
739 3082 826 3145 repes
849 3071 878 3121 et
892 3058 1067 3143 prophetas
1090 3081 1128 3121 oc
1149 3060 1337 3139 martiresm,
1366 3061 1425 3143 qui
1438 3083 1502 3144 per
1517 3058 1617 3146 fidem
1642 3061 1784 3124 uicerunt

131 3190 228 3253 repua
251 3180 280 3230 et
302 3168 427 3252 operati
446 3179 518 3229 sunt
546 3167 706 3229 iusticiam
729 3178 820 3249 atque
843 3163 956 3249 adepti
974 3177 1046 3226 sunt
1060 3165 1322 3250 promissiones&
1371 3162 1443 3250 Hqc
1468 3174 1517 3226 est
1539 3162 1604 3226 Dei
1634 3168 1783 3230 sacratri-

131 3274 214 3336 sima
237 3274 351 3352 unctio,
375 3293 440 3358 qua
455 3269 543 3334 nulls
558 3270 718 3357 reperitur
734 3269 901 3333 sacratior.
936 3268 1008 3354 Hqc
1031 3293 1126 3355 super
1142 3269 1268 3355 cupud⁰
1292 3273 1359 3334 eius
1382 3270 1494 3357 defluit
1515 3284 1544 3334 et
1565 3271 1611 3334 ad
1632 3273 1784 3336 interiora

133 3378 292 3443 deseendit
313 3392 342 3443 et
362 3379 470 3444 cordis
492 3378 583 3443 illius
607 3379 718 3442 intima
737 3389 892 3463 penetrat,
916 3390 944 3439 et
959 3377 1239 3461 promissionibus,
1263 3400 1343 3460 quas
1365 3375 1477 3462 adepti
1496 3389 1569 3440 sunt
1590 3379 1783 3442 victoriosis-

133 3487 211 3549 simi
229 3509 326 3573 rcpes‚
354 3488 462 3572 qratia
486 3484 553 3549 Dei
578 3485 692 3572 diqnus
720 3484 872 3570 efficitur,
904 3484 1052 3567 quatinus
1075 3497 1103 3546 et
1124 3484 1160 3545 iu
1175 3485 1322 3568 presenti
1341 3484 1444 3546 seculo
1460 3483 1609 3570 feliciter
1631 3499 1736 3571 repnet
1758 3499 1786 3548 et

89 3619 115 3658 so
132 3592 178 3656 ad
199 3616 304 3656 eorum
321 3594 510 3656 consortium
533 3594 567 3656 in
583 3591 690 3655 celesti
709 3613 804 3677 repno
813 3591 990 3675 perueniat.
1026 3587 1098 3675 Hec
1123 3596 1172 3651 est
1194 3587 1279 3651 illius
1304 3588 1432 3674 signum
1448 3588 1609 3652 unctionis
1627 3599 1659 3653 et
1675 3611 1783 3653 exem-

133 3697 232 3784 plum,
248 3719 313 3784 qua
328 3696 420 3761 Deus
443 3707 537 3783 puter
559 3696 661 3760 filium
685 3718 777 3760 suum
794 3695 997 3780 unigenitum
1012 3695 1148 3758 uncxitv
1165 3693 1236 3758 oleo
1253 3693 1476 3759 ‘exultationis
1494 3716 1553 3780 pre
1569 3694 1784 3782 participibus

133 3805 209 3868 suis.
244 3804 317 3868 Hac
333 3805 485 3868 unctione
503 3812 591 3867 tante
615 3802 782 3888 religionis
805 3801 964 3888 gretiamq
988 3801 1127 3882 sortitur,
1152 3811 1188 3864 ut
1211 3799 1362 3886 exempla
1376 3800 1488 3865 Aaron
1512 3803 1546 3864 in
1561 3800 1627 3865 Dei
1651 3803 1783 3866 servitio

133 3908 252 3974 debeat
274 3910 405 3992 imitari,
429 3909 463 3974 id
487 3919 537 3974 est
559 3910 643 3973 sicut
665 3918 831 3972 summusr
855 3907 1004 3994 pontifex
1028 3909 1061 3970 in
1086 3906 1157 3970 his·
1182 3929 1245 3996 que
1269 3906 1335 3971 Dei
1359 3916 1434 3971 sunt
1456 3907 1598 3972 Domino
1622 3908 1783 3973 famulari.

239 4015 324 4081 Nam
347 4027 380 4080 et
402 4019 495 4082 iuxta
517 4017 614 4080 ritum
637 4014 822 4102 pontificis⁵
851 4017 970 4101 accipit
991 4016 1132 4094 anulum,
1162 4015 1360 4101 siqnaculum
1389 4015 1536 4080 uidelicet
1563 4030 1668 4100 sanctq
1689 4016 1784 4103 fidei,

89 4149 116 4190 so
133 4124 323 4188 soliditatem
346 4127 447 4212 requi,
470 4137 666 4210 auqmeutum
683 4125 832 4208 potentie,
856 4147 920 4208 per
943 4144 1002 4208 quq
1023 4124 1104 4186 sciet
1130 4121 1322 4206 triumphali
1335 4124 1478 4207 potentia
1502 4121 1601 4186 hostes
1623 4123 1785 4208 repellere,

134 4231 253 4295 hereses
283 4229 450 4311 destruere,
480 4230 621 4294 subditos
652 4229 841 4308 coadunare,
869 4242 898 4292 et
924 4228 1073 4292 catholice
1093 4227 1181 4314 fidei
1202 4229 1495 4314 perseverabilitati
1521 4231 1645 4293 conecti.
1688 4227 1785 4291 Unde

133 4335 303 4400 manifeste
319 4335 415 4400 detur
429 4335 576 4420 intelligi,
594 4333 682 4421 quod
697 4355 757 4421 per
773 4333 861 4398 anuli
885 4343 1123 4398 sacramentum
1139 4331 1325 4419 pontificale
1342 4334 1473 4397 sortitus
1489 4344 1539 4397 est
1560 4335 1783 4398 ministerium.

239 4443 389 4530 Accepit⁶
412 4457 440 4508 et
459 4443 605 4530 qlodiuru
622 4466 691 4506 curn
707 4441 774 4506 Dei
794 4441 1004 4506 benedictione
1022 4442 1090 4505 sibi
1102 4441 1260 4520 collatum,
1284 4443 1319 4505 in
1334 4464 1395 4526 quo
1405 4463 1467 4526 per
1483 4443 1625 4504 uirtutem
1644 4439 1786 4527 Spiritus

133 4552 237 4615 suncti
264 4551 362 4615 eicere
392 4550 496 4614 ualeat
525 4573 628 4614 omnes
658 4550 805 4612 inimicos
827 4570 900 4611 sucos
923 4561 952 4612 et
973 4560 1096 4612 cunctos
1125 4560 1230 4631 sancte
1258 4546 1385 4632 ecclcsip
1413 4545 1626 4626 aduersarios,
1655 4571 1785 4636 reqnum

88 4681 116 4720 ro
133 4658 199 4721 sibi
226 4659 422 4721 commissum
453 4658 553 4720 tutari
579 4669 671 4740 atque
692 4667 858 4741 proteqere
888 4667 992 4718 castro
1016 4652 1089 4733 Dei,
1120 4667 1154 4716 ut
1182 4654 1285 4716 omnis
1313 4653 1445 4716 hostium
1476 4675 1603 4716 suorum
1620 4653 1785 4741 forn'tudo

134 4765 246 4828 uirtute
266 4762 377 4849 qladii
395 4763 578 4848 spiritualis
590 4763 774 4848 frunqatur.
812 4756 949 4822 Gladius
973 4759 1092 4822 etenim
1115 4758 1177 4822 iste
1200 4756 1341 4844 duplex²
1363 4767 1421 4823 est.
1456 4755 1550 4821 Alius
1574 4759 1660 4822 enim
1678 4768 1728 4823 est
1751 4760 1785 4822 in

240 4976 267 5041 e)
295 4980 465 5045 propiciator
483 4977 516 5028 B.
617 4975 645 5039 b)
673 4978 700 5026 in
720 5001 753 5010 —
773 4977 927 5042 peccatoris
951 4993 999 5026 om.
1018 4975 1052 5026 B.
1150 4971 1176 5038 c)
1203 4974 1415 5027 reconciliatore
1435 4975 1469 5025 A.
1560 4972 1588 5039 d)
1615 4991 1681 5042 sequ.
1701 4977 1716 5026 9
1736 4976 1783 5027 litt.

133 5081 196 5118 erus.
216 5069 249 5118 A.
313 5065 339 5130 e)
360 5068 453 5118 vitatis
472 5065 506 5117 B.
577 5065 704 5127 Ototius
724 5065 757 5115 B.
821 5070 850 5129 g)
868 5064 949 5114 sicel.
1013 5061 1041 5126 h)
1063 5065 1158 5115 virtuti
1177 5063 1211 5115 A.
1227 5063 1257 5115 B.
1321 5061 1341 5127 i)
1361 5059 1503 5114 cnuA.B.
1567 5061 1596 5126 k)
1617 5065 1732 5130 pssehet
1749 5065 1784 5115 A.

134 5153 404 5218 l)sullimiterA.B.
459 5153 496 5218 m)
517 5163 626 5220 martyr.
640 5154 673 5205 B.
728 5152 757 5216 n)
780 5154 1003 5218 repromissione
1017 5152 1051 5202 A.
1110 5151 1137 5214 ο)
1154 5160 1238 5218 caput
1250 5151 1283 5203 13.
1345 5149 1374 5218 p)
1390 5152 1519 5215 unxitB;
1538 5153 1567 5203 in
1584 5153 1783 5218 marq.add.A.

89 5257 116 5296 tu
135 5243 163 5310 q)
184 5248 319 5310 grantim
338 5245 372 5294 A.
445 5241 469 5307 r)
490 5260 582 5295 sumus
603 5245 636 5294 A.
708 5242 732 5305 s)
754 5245 788 5293 iis
807 5242 840 5292 B.
913 5242 935 5303 t)
957 5241 1078 5307 dupplex
1096 5241 1130 5291 B.

243 5445 273 5514 1)
297 5442 373 5501 ibid.
397 5443 481 5501 tertio
503 5444 595 5502 oratio
612 5463 646 5519 p.
665 5442 737 5498 396.
815 5439 847 5516 2)
870 5440 945 5498 Ibid.
965 5460 999 5516 p.
1017 5439 1091 5496 997.
1161 5439 1192 5510 9)
1216 5439 1291 5497 Ibid.
1310 5461 1344 5516 p.
1363 5440 1436 5497 398.
1507 5440 1538 5511 4)
1562 5439 1637 5498 lbid.
1653 5461 1690 5520 p.
1709 5441 1781 5499 398.

136 5548 167 5625 5)
189 5551 225 5607 Ιιι
242 5550 335 5614 codice
352 5547 459 5608 Cotton
478 5548 614 5608 Claudius
629 5550 663 5606 Α.
680 5551 752 5605 111.
777 5567 855 5624 quern
875 5547 981 5621 Ταμὼν
1002 5545 1129 5604 adhibuit
1149 5565 1206 5603 uno
1215 5547 1292 5618 solio
1315 5547 1408 5604 meisa
1431 5547 1475 5604 hic
1498 5548 1573 5605 locus
1594 5548 1782 5606 desidmamr.

136 5655 167 5728 6)
190 5655 266 5714 Ibid.
285 5677 319 5732 p.
338 5656 411 5714 399.

1802 3715 1893 3765 *uros
