4478 6396
433 365 494 428 168
721 373 901 429 GERHOHI
924 372 1158 428 PRAEPOSITI
1181 371 1587 430 REIOHERSBERGENSIS
1611 374 1776 429 LIBELLI.

288 585 409 635 raama.
428 560 493 624 Dei
518 582 744 646 quemcunque
768 571 931 625 terrenum
955 561 1146 646 principem,
1178 559 1290 624 dicens
1315 583 1388 624 curn
1411 560 1594 646 psalmista:
1627 561 1714 626 Deua
1743 563 1826 627 anilii
1850 563 1988 642 adiutor,
2019 585 2085 626 aon

429 669 550 746 timebo,
574 668 656 753 quid
669 669 781 755 saciat
803 669 886 732 mihi
906 669 1003 731 tomo.
1041 666 1144 749 Tunc,
1169 666 1278 748 velint,
1302 666 1405 730 nolint
1427 666 1485 731 lilii
1508 667 1603 732 huius
1627 667 1759 750 sacculi,
1783 678 1895 754 surget
1919 679 2086 732 structura

428 774 632 859 permansuri
657 771 788 836 edificii.
834 773 873 836 In
904 796 967 858 quo
999 785 1073 836 ante
1104 795 1217 836 omnes
1249 783 1357 858 portas
1381 790 1478 860 porta
1503 778 1609 862 propia
1639 775 1820 839 edificatur.
1866 775 1920 839 De
1945 797 2009 860 qua
2035 776 2085 839 ita

258 905 409 956 smenon.
429 881 585 966 scriptum
608 880 743 966 legitur:
767 881 811 944 Et
832 883 971 945 surremit
994 881 1122 945 Eliasr'b
1145 881 1293 944 sacerdos
1315 906 1446 968 magnus
1470 896 1498 946 et
1512 883 1640 969 fratres
1663 884 1731 946 eius
1753 883 1938 963 sacerdotes,
1962 898 1991 946 et
2013 883 2084 947 edi-

421 990 601 1075 ficaverunt
616 1003 744 1074 portam
765 990 889 1076 proptia:
912 991 980 1074 t'psi
1000 989 1274 1074 sanctificaverunt
1296 1013 1363 1052 eant
1387 1002 1415 1052 et
1436 1003 1609 1052 statuerunt
1631 991 1741 1053 araas
1764 992 1841 1069 eius,
1866 1004 1894 1054 ct
1915 1015 2012 1075 usque
2037 989 2116 1054 ads
2176 985 2182 992 ’

428 1098 542 1159 turrim
565 1110 684 1160 cantum
707 1097 879 1160 cabirorum
903 1095 1128 1182 edificaverunt
1150 1119 1227 1158 aava
1265 1093 1358 1174 Quae
1383 1102 1432 1157 est
1455 1093 1537 1159 haec
1561 1105 1654 1180 porta
1677 1096 1796 1180 gregis,
1821 1097 1884 1159 nisi
1900 1097 1969 1159 vita
1993 1119 2081 1159 com·

270 1227 408 1276 nuaram.
428 1201 559 1265 munis?
605 1201 644 1264 In
668 1200 729 1266 hac
754 1223 831 1286 ergo
856 1199 916 1264 sub
940 1223 1004 1264 uno
1028 1211 1158 1286 pastore
1188 1201 1221 1263 iu
1246 1224 1345 1264 unum
1369 1201 1453 1265 ovile
1478 1200 1613 1286 pusillus
1645 1201 1697 1264 ille
1721 1225 1803 1286 grex
1828 1199 2001 1287 colligitur,
2026 1204 2082 1267 cui

428 1331 563 1400 reguum
588 1331 607 1371 a
632 1307 760 1372 Christo
785 1308 990 1394 promittitur.

535 1435 587 1495 57.
624 1433 710 1496 Huic
734 1442 847 1518 portae
872 1442 1056 1495 statuuntur
1077 1431 1205 1512 valvae,
1237 1432 1367 1517 quando
1392 1455 1456 1496 non
1481 1431 1626 1518 quilibet,
1656 1432 1802 1513 ubilibet,
1834 1433 2082 1520 quomodolibet
2132 1461 2133 1464 ¹

428 1537 567 1602 adeam
591 1539 761 1626 recipitur,
786 1538 845 1602 sed
868 1538 1073 1624 pervolvam
1097 1538 1365 1624 diligentissimae
1389 1538 1590 1626 probationis
1616 1541 1820 1604 examinatus
1843 1541 2079 1616 intromittitur,
2101 1566 2127 1604 ro

428 1669 467 1708 ea
490 1647 641 1709 nimirum
665 1647 826 1728 cautione,
851 1655 885 1709 ut
909 1647 1037 1710 etiamsi
1061 1647 1170 1710 omnia
1194 1669 1252 1710 sua
1276 1646 1400 1726 offerat,
1425 1647 1495 1732 ipse
1519 1657 1627 1710 tamen
1651 1647 1721 1710 sine
1745 1645 1893 1732 diligenti
1910 1648 2079 1710 examina-

427 1753 514 1816 tione
540 1755 731 1816 societatem
755 1754 935 1816 communis
960 1754 1046 1816 vitae
1077 1776 1141 1816 non
1165 1753 1312 1839 recipiat.
1359 1752 1453 1816 Multi
1485 1754 1571 1816 enim
1602 1754 1648 1816 sic
1680 1776 1738 1817 sua
1769 1753 1917 1834 offerunt,
1949 1764 1985 1817 ut
2014 1755 2079 1841 ipsi

273 1886 408 1935 aenam
428 1861 497 1923 sine
528 1859 784 1924 contradictione
816 1871 848 1924 ct
878 1860 1119 1924 examinatione
1149 1859 1250 1924 velint
1281 1861 1416 1938 intrare,
1452 1882 1532 1946 quos
1567 1871 1676 1924 tamen
1706 1860 1823 1924 Petrus
1858 1859 1956 1925 debet
1986 1863 2079 1947 prius

428 1976 570 2031 mactare
595 1967 697 2030 etsie
722 1966 930 2048 manducare,
958 1989 1009 2048 ne,
1039 1967 1066 2029 si
1090 1989 1148 2053 per
1171 1965 1284 2030 valvas
1316 1968 1446 2031 incaute
1474 1968 1738 2048 intromittantur,
1763 1969 1841 2053 quia
1864 1969 1933 2031 vivi
1956 1980 1988 2032 et
2011 1991 2079 2032 non

427 2076 559 2138 mactati
583 2075 775 2137 traiciuntur
804 2074 838 2136 in
861 2083 1008 2136 ventrem
1032 2075 1212 2138 communis
1236 2075 1333 2156 vitae,
1365 2074 1497 2158 gravius
1529 2097 1599 2136 eam
1628 2075 1787 2159 incipiant
1818 2076 1851 2138 in
1874 2084 1965 2139 utero
1990 2075 2077 2140 lace·
2100 2098 2124 2138 rs

221 2196 223 2200 ’
285 2208 408 2258 massa.
428 2203 510 2262 rare,
535 2203 632 2266 quam
657 2182 684 2244 si
707 2180 785 2244 foris
810 2181 962 2244 constitui
986 2179 1139 2244 videntur
1163 2203 1234 2244 eam
1260 2182 1462 2266 impugnare.
1510 2180 1564 2244 Sic
1589 2181 1705 2244 Petrus
1728 2180 1891 2245 Ananiam
1915 2205 1973 2246 sua
1998 2205 2076 2246 exa-

427 2289 602 2352 minatione
627 2297 770 2352 mactare
786 2287 889 2351 voluit
912 2310 950 2350 ac
975 2286 1093 2350 deinde
1117 2287 1324 2352 manducare.
1372 2286 1439 2352 Sed
1462 2287 1515 2351 ille
1539 2287 1762 2352 frarrdulenter
1785 2288 1956 2368 accedens,
1981 2290 2077 2376 quasi

427 2393 584 2480 reprobus
616 2393 719 2472 cibus,
748 2393 879 2457 dentem
903 2393 1034 2479 quidem
1059 2393 1159 2457 durae
1183 2395 1416 2480 increpationis
1448 2392 1507 2457 sub
1531 2393 1721 2459 mandibula
1744 2395 1834 2459 Petri
1864 2418 1923 2459 sua
1947 2395 2077 2460 occrdta

427 2500 630 2565 discutientis
655 2511 809 2586 expertus
833 2511 891 2582 est,
917 2500 974 2564 sed
1000 2523 1102 2587 usque
1127 2501 1169 2565 ad
1186 2501 1297 2564 vitalia
1320 2502 1521 2564 intromissus
1546 2525 1610 2564 non
1634 2511 1692 2565 est.
1728 2501 1821 2566 Bona
1844 2515 1953 2566 tamen
1976 2503 2074 2586 illius,

427 2610 504 2694 quia
527 2608 600 2672 Deo
624 2607 753 2672 nerant
776 2605 895 2690 oblata,
925 2631 991 2671 non
1021 2607 1173 2693 leguntur
1195 2607 1377 2694 reprobata.
1425 2608 1538 2694 Neque
1562 2609 1618 2690 ita,
1642 2619 1678 2672 nt
1702 2608 1848 2695 Syrnoni,
1880 2611 1926 2674 sic
1950 2609 2076 2674 dictum
2095 2635 2122 2673 so

304 2741 406 2791 a.s,so.
426 2725 475 2778 est
490 2714 657 2778 Ananiae:
681 2725 717 2778 ut
740 2716 880 2800 pecunia
904 2737 962 2778 sua
986 2738 1059 2778 cum
1083 2737 1121 2779 eo
1146 2725 1232 2779 esset
1255 2717 1288 2778 in
1308 2714 1500 2801 perditione.
1536 2714 1636 2779 Aliud
1660 2727 1709 2780 est
1733 2717 1820 2781 enim
1843 2739 1903 2802 per
1925 2717 2076 2781 fraudem

330 2847 405 2888 nae.
427 2821 562 2907 Spiritui
586 2830 698 2886 saneto
723 2821 868 2902 mentiri;
895 2821 996 2905 'quod
1019 2821 1144 2885 faciunt
1167 2844 1289 2902 omnes,
1314 2823 1370 2907 qui
1393 2820 1454 2886 sub
1479 2824 1588 2908 specie
1612 2822 1778 2908 religionis
1802 2823 1877 2888 ficte
1902 2823 2074 2888 accedunt.

426 2927 527 2992 Aliud
549 2929 655 3014 ipsum
673 2927 830 3014 Spiritum
847 2938 993 2990 sanctum
1010 2927 1094 2992 velle
1119 2931 1274 3010 mercari3
1299 2927 1387 3014 quod
1409 2929 1534 2994 faciunt
1558 2953 1679 3010 omnes,
1705 2931 1761 3016 qui
1784 2930 1891 2994 taliter
1914 2953 1973 2994 sua
1997 2931 2075 2994 offe-

426 3045 509 3117 runt,
533 3045 569 3098 ut
592 3056 650 3120 pro
675 3032 769 3098 bonis
793 3056 813 3097 a
837 3057 871 3097 se
896 3032 1012 3098 oblatis
1044 3035 1105 3121 ipsi
1129 3037 1338 3121 recipiantur,
1370 3037 1579 3121 pretermissa
1611 3037 1861 3100 examinationis
1893 3036 2074 3123 diligentia.

425 3142 483 3206 Isti
507 3140 620 3206 volunt
644 3163 721 3205 suae
745 3141 832 3205 vitae
857 3141 1045 3227 qualitatem
1068 3164 1134 3206 non
1158 3141 1319 3206 subtiliter
1348 3153 1422 3228 post
1446 3140 1617 3206 oblationis
1648 3166 1726 3206 suae
1750 3143 1973 3229 receptionem
1997 3167 2075 3208 exa·
2094 3169 2119 3208 a

425 3250 552 3330 minari,
583 3257 716 3334 propter
739 3269 874 3311 munera
898 3270 957 3311 sua
979 3247 1020 3311 de
1044 3249 1176 3312 introitu
1201 3250 1280 3312 certi
1305 3259 1337 3312 ct
1362 3249 1492 3313 omnino
1516 3251 1633 3314 securi.
1682 3249 1803 3321 Volunt
1831 3272 1908 3336 ergo
1938 3250 2074 3316 mandu-

425 3357 502 3436 cari,
527 3354 583 3419 sed
608 3354 721 3418 nolunt
743 3355 834 3440 prius
858 3355 1003 3418 mactari.
1051 3354 1172 3418 Volunt
1195 3378 1254 3440 per
1276 3367 1404 3441 portam
1427 3357 1536 3441 gregis
1559 3357 1690 3438 intrare,
1721 3355 1781 3420 sed
1810 3380 1875 3421 non
1902 3357 2075 3422 attendunt

424 3461 537 3526 valvas
561 3463 595 3525 in
620 3484 659 3526 ea
682 3471 817 3526 statutas
842 3483 923 3542 esse,
949 3485 1086 3547 quanam
1110 3461 1218 3526 claves
1242 3462 1357 3526 Petrus
1382 3484 1402 3525 a
1424 3462 1567 3526 Domino
1592 3465 1736 3549 occepit:
1766 3475 1800 3536 ut
1823 3487 1930 3550 neque
1953 3465 1991 3546 is,
2017 3465 2074 3552 qui

425 3569 560 3655 Spiritui
585 3579 697 3632 sancto
720 3569 851 3632 mentiri
875 3567 1138 3654 deprehenditur,
1163 3567 1257 3632 donis
1277 3570 1343 3632 suis
1360 3571 1458 3632 etiam
1475 3572 1615 3655 receptis
1639 3571 1879 3652 intromittatur,
1904 3593 2010 3656 usque
2033 3572 2072 3654 is,

425 3677 481 3762 qui
504 3675 644 3740 eundem
666 3674 823 3761 Spiritum
845 3675 984 3739 mercari
1008 3673 1193 3755 meditatur,
1218 3674 1421 3761 aliquatenus
1445 3676 1642 3740 admittatur.
1690 3676 1755 3741 Sed
1779 3687 1845 3741 tam
1870 3679 1949 3764 ipse,
1974 3700 2074 3763 quam
2093 3703 2118 3741 so

424 3783 565 3868 pecunia
588 3805 648 3846 sua
671 3791 802 3846 maneat
824 3782 857 3844 in
881 3781 1073 3866 perditione,
1106 3782 1182 3867 quia
1206 3781 1265 3846 sub
1291 3782 1431 3868 quadam
1456 3782 1659 3868 iniquissima
1683 3785 1903 3868 negotiatione
1927 3784 2072 3848 accedit:

283 3891 480 3976 na.a,1s.qui
504 3911 578 3954 cum
595 3888 736 3974 Symone
753 3887 848 3952 dicit:
874 3888 966 3968 Date,
990 3899 1023 3952 et
1047 3889 1136 3953 dabo.
1173 3887 1334 3952 Nimirum
1356 3889 1418 3953 hoc
1442 3889 1624 3970 intendens,
1649 3901 1684 3954 ut
1707 3913 1772 3954 non
1796 3889 1916 3956 debeat
1938 3892 1972 3954 in
1995 3914 2073 3956 exa-

424 3997 601 4060 minatione
626 3992 810 4086 reprobari;
842 3992 901 4057 sed
924 3992 1048 4080 absque
1073 3996 1161 4058 omni
1186 3994 1442 4060 contradictione
1466 4007 1599 4082 propter
1623 3998 1788 4083 copiosam
1811 3997 1959 4062 fortassis
1983 3997 2072 4063 obla-

425 4104 546 4166 tionem
569 4102 815 4187 congregationi
838 4101 1003 4164 associari.
1051 4101 1140 4165 Talis
1165 4123 1239 4164 cum
1263 4101 1526 4188 deprehenditur,
1557 4103 1597 4168 de
1626 4103 1700 4168 felle
1725 4105 1950 4169 amaritudinis
1974 4103 2074 4169 debet

425 4209 588 4295 redargui,
613 4219 648 4272 ut
671 4219 727 4271 aut
757 4206 954 4294 paenitendo
983 4209 1165 4293 corrigatur
1195 4219 1227 4270 et
1258 4221 1422 4272 correctus
1453 4211 1630 4296 recipiatur
1654 4221 1719 4290 aut,
1751 4212 1777 4274 si
1801 4212 2016 4296 permanserit
2038 4213 2074 4275 in
2093 4235 2119 4274 aa

333 4302 405 4382 aaa.
424 4315 499 4379 felle
523 4315 747 4379 amaritudinis
772 4325 804 4378 et
827 4312 1025 4399 obligatione
1050 4315 1238 4400 iniquitatis
1263 4313 1375 4379 audiat
1398 4339 1472 4380 cum
1489 4316 1648 4404 Syrnonc:
1673 4319 1812 4384 Pecunia
1836 4334 1888 4384 trra
1912 4334 2008 4383 terant
2032 4322 2076 4384 sit

426 4427 459 4487 r'a
476 4423 667 4509 perditione.
714 4421 870 4506 Alioquin
893 4422 921 4484 si
945 4421 1139 4485 accedentes
1167 4423 1289 4506 passim
1318 4423 1387 4485 sinc
1417 4421 1513 4508 longa
1543 4423 1734 4510 probatione
1760 4448 1798 4488 ac
1823 4424 1971 4510 diligenti
1995 4447 2073 4489 exa·

424 4530 600 4592 minatione
624 4530 834 4614 recipiuntur,
858 4527 974 4592 valvae
999 4529 1032 4591 in
1055 4540 1149 4614 parta
1173 4529 1281 4614 gregis
1304 4551 1369 4592 non
1392 4527 1476 4593 bene
1501 4530 1735 4596 custodiuntur.

531 4655 583 4716 58.
619 4653 712 4717 Haec
736 4663 830 4738 porta
853 4651 1025 4716 edificatur
1046 4675 1149 4738 usque
1177 4651 1220 4716 ad
1243 4655 1355 4716 turrim
1379 4662 1510 4718 eentum
1534 4654 1726 4738 cubitorum,
1752 4657 1828 4742 quia
1850 4657 1885 4720 in
1909 4659 2072 4720 communi

423 4762 492 4824 vita
514 4759 606 4824 multi
631 4759 770 4823 offenmt
792 4758 934 4822 fructum
957 4760 1185 4842 centesimum,
1211 4761 1319 4824 crmcti
1342 4782 1419 4825 vero
1443 4761 1587 4846 perfecte
1612 4762 1700 4825 illam
1723 4773 1885 4826 sectantes
1909 4764 2073 4849 accipient
2090 4788 2118 4826 ra

423 4867 504 4931 illud
527 4865 724 4952 centuplum,
749 4864 836 4952 quod
859 4865 1020 4929 Dominus
1043 4865 1142 4929 Petro
1166 4866 1319 4952 Patrique
1344 4865 1502 4931 similibus
1525 4869 1690 4954 promisit,
1722 4869 1809 4956 quod
1838 4868 1974 4934 clericus
1997 4893 2071 4956 pro-

423 4975 596 5060 prietarius
621 4973 758 5058 adipisci
781 4995 846 5036 non
870 4974 997 5058 poterit.
1045 4971 1129 5036 Solis
1154 4974 1274 5058 quippe
1299 4995 1359 5037 sua
1381 4973 1638 5060 relinquentibus
1660 4986 1691 5039 et
1706 4975 1884 5040 Dominum
1908 4978 2070 5062 sequenti-
2130 5046 2135 5056 ¹

246 5107 403 5156 usitatam.
423 5080 484 5145 bus
507 5081 719 5166 promittitur:
749 5090 784 5143 ut
807 5089 839 5142 et
862 5079 914 5142 hic
939 5077 1126 5164 centuplum
1150 5081 1313 5165 accipiant
1337 5091 1369 5144 ct
1391 5081 1425 5143 iu
1448 5080 1555 5145 futuro
1579 5083 1678 5146 vitam
1703 5092 1848 5146 eternam
1871 5082 2069 5169 possideant.

330 5213 402 5253 *rsa
424 5186 558 5250 Talibus
582 5196 669 5250 recte
695 5187 903 5249 committitur
926 5183 1073 5249 custodia
1096 5186 1215 5270 gregis,
1247 5188 1324 5272 quia
1348 5185 1492 5272 legitime
1517 5198 1603 5252 stant
1627 5189 1678 5251 'in
1702 5199 1797 5274 porta
1820 5191 1939 5275 gregis.
1986 5187 2070 5254 Ace-

345 5428 403 5467 tru.
528 5411 705 5482 Augustinus
729 5411 758 5464 in
773 5410 823 5465 lib.
840 5409 906 5463 ΠΠ.
924 5415 1022 5464 eontra
1037 5404 1240 5464 Donatistas¹:
1267 5408 1331 5485 Epo
1346 5418 1451 5485 portas
1473 5409 1565 5481 inseri
1585 5410 1658 5468 vicia
1681 5431 1748 5468 reor
1771 5420 1854 5488 atque
1872 5420 2003 5487 peccatu,
2027 5414 2073 5468 vel
2088 5427 2115 5466 aa

424 5491 496 5573 certe
520 5516 700 5572 lactearum
726 5515 878 5585 ‹trctmrraa
898 5535 954 5590 per
977 5534 1048 5590 quas
1070 5514 1154 5570 illecti
1176 5514 1299 5571 tortines
1322 5516 1461 5573 ducuntur
1483 5518 1525 5573 ad
1546 5526 1696 5574 tartarum.

532 5728 560 5798 1)
586 5728 651 5786 Non
675 5728 775 5805 lepino·
798 5730 856 5784 loco
881 5727 972 5784 citato.
