4396 6390
445 401 509 464 488
737 403 917 461 GERHOHI
940 401 1173 459 Paneposm
1196 399 1606 457 REICHERSBERGENSIS
1628 400 1795 456 LIBELLI.

360 620 424 669 ‹ur›-
550 593 595 656 Et
618 590 750 678 quidem
773 591 869 654 nimis
893 589 1085 654 detestanda
1102 601 1150 654 est
1173 591 1239 653 iam
1262 599 1373 654 notata
1397 590 1564 675 symoniae
1588 590 1713 675 speeies
1736 591 1771 652 in
1795 583 2012 652 inferioribus
2034 609 2100 672 per-

444 700 541 782 sonis,
565 708 677 784 utpote
702 720 762 762 sua
784 698 916 783 propria
940 695 1172 782 dampnatione
1197 697 1366 760 contentis.
1406 693 1530 759 Verum
1553 697 1587 759 in
1612 697 1774 782 episcopis
1798 694 1999 759 clericorum
2022 693 2099 758 ondi-

444 802 612 870 natoribus
636 803 760 890 grande
785 805 932 867 imminet
955 802 1134 889 periculum
1160 813 1293 866 sanotae
1316 801 1381 865 Dei
1410 801 1600 884 aecclesiae,
1624 801 1789 866 iudicante
1813 823 1906 888 papa
1924 799 2100 886 Nycolao⁸,

443 921 478 975 ut
502 912 687 997 quicunque
719 933 753 974 se
782 909 926 974 ordinari
955 910 1140 996 permiserit
1170 907 1211 972 ab
1236 930 1274 973 eo
1306 931 1403 994 quem
1433 910 1657 994 symoniacum
1688 931 1758 973 esse
1790 932 1857 973 non
1888 906 2020 972 dubitat
2042 931 2101 972 una

444 1039 517 1082 cum
535 1016 720 1082 ordinatore
745 1039 803 1080 suo
826 1039 891 1080 uon
908 1016 1072 1102 disparem
1090 1015 1330 1101 dampnationis
1354 1016 1547 1079 sententiam
1572 1013 1696 1098 subeat,
1721 1026 1756 1079 ut
1778 1026 1920 1101 uterque
1938 1013 2100 1100 depositus
2116 1039 2171 1088 z

442 1124 656 1211 penitentiam
679 1133 755 1208 agat
779 1133 812 1186 et
835 1123 980 1208 privatus
1005 1144 1024 1185 a
1048 1123 1180 1208 propria
1204 1121 1362 1208 dignitate
1386 1122 1547 1207 persistat.
1594 1121 1638 1185 Et
1662 1121 1792 1208 quidem
1824 1144 1891 1185 non
1924 1121 2040 1185 estimo
2063 1120 2099 1186 de

443 1230 504 1294 hac
528 1252 563 1293 re
588 1231 781 1294 sententiam
798 1227 1067 1315 precipitandam,
1092 1228 1151 1293 sed
1175 1228 1385 1315 apostolicam
1407 1227 1517 1292 sedem
1535 1227 1777 1310 consulendam,
1794 1237 1905 1292 utrum
1923 1229 2100 1314 prescripta

444 1335 669 1400 conductionis
692 1335 801 1420 pactio
825 1333 877 1399 vel
902 1335 987 1399 actio
1012 1335 1220 1421 symoniacae
1243 1336 1344 1420 pestis
1368 1333 1528 1398 vocabulo
1552 1335 1593 1398 sit
1616 1333 1759 1398 notanda
1788 1334 1843 1398 vel
1867 1335 1981 1398 mitius
2004 1336 2098 1398 nomi·

444 1442 563 1524 nanda,
588 1464 661 1506 eum
685 1452 794 1506 tamen
818 1443 940 1528 scripta
962 1440 1051 1505 beati
1068 1439 1220 1527 Gregorii
1236 1463 1342 1527 papae
1367 1440 1540 1526 diligenter
1563 1442 1710 1527 inspecta
1733 1442 1811 1505 satis
1835 1439 2024 1520 ostendant,
2041 1463 2098 1526 quo

443 1549 573 1612 nomine
604 1547 685 1612 tales
715 1549 960 1632 negociationes
991 1549 1118 1612 censeri
1148 1547 1299 1612 debeant.
1352 1548 1476 1612 Verum
1507 1569 1548 1611 ne
1579 1547 1749 1611 videamur
1779 1546 1967 1634 preiudicia
1996 1546 2097 1611 facere
2124 1582 2146 1620 n

443 1653 606 1719 iudicibus
631 1653 821 1736 aecclesiae,
853 1677 918 1718 non
941 1653 1099 1718 indecens
1123 1665 1172 1719 est
1195 1678 1214 1719 a
1238 1677 1426 1719 successore
1450 1654 1539 1718 Petri
1564 1677 1662 1742 super
1684 1652 1803 1718 talibus
1828 1653 2003 1718 consilium
2027 1676 2096 1739 que-

444 1783 516 1825 rere
539 1761 643 1847 primo
668 1762 737 1825 sine
754 1783 967 1846 personarum
983 1760 1176 1846 proditione,
1194 1771 1229 1825 ut
1245 1773 1399 1847 parcatur
1414 1784 1525 1824 eorum
1541 1760 1637 1842 fame,
1663 1760 1722 1825 sed
1738 1759 1930 1825 consulatur
1947 1759 2095 1842 cautelae,

445 1870 472 1931 si
496 1867 579 1932 forte
604 1866 773 1931 audientes
797 1865 874 1931 talia
905 1868 938 1930 in
962 1867 1040 1931 sede
1064 1868 1243 1954 apostolica
1270 1866 1449 1954 improbari
1473 1877 1505 1932 et
1528 1868 1672 1932 cauterio
1697 1869 1908 1953 symoniacae
1933 1869 2095 1952 pravitatis

444 1975 550 2038 notari
580 1973 733 2038 studeant
755 1971 796 2037 ab
826 1973 877 2036 his
906 1985 981 2038 ante
1004 1973 1220 2060 proditionem
1250 1996 1329 2038 suae
1360 1996 1517 2059 personae
1546 1975 1610 2038 cito
1639 1973 1822 2038 emendari:
1855 1973 1920 2038 hoc
1952 1976 2092 2056 scientes,

445 2079 533 2167 quod
563 2079 708 2144 heretica
737 2090 815 2144 nota
845 2081 1013 2166 symoniae
1039 2079 1175 2144 forsitan
1198 2079 1365 2161 carebunt,
1397 2082 1423 2144 si
1453 2103 1625 2168 perperam
1655 2091 1747 2166 gesta
1776 2080 1904 2145 malunt
1927 2081 2094 2167 penitendo
2106 2105 2123 2143 a

445 2188 585 2252 caverel'
609 2188 642 2250 in
667 2195 841 2272 posterum,
866 2210 964 2274 quam
988 2185 1194 2250 defendendo
1218 2209 1357 2273 suosque
1381 2189 1555 2250 monitores
1579 2187 1806 2273 persequendo
1830 2209 1965 2272 augere.
2013 2186 2095 2252 Siout

445 2295 532 2357 enim
556 2292 671 2357 beatus
694 2294 810 2357 Petrus
841 2316 905 2358 non
936 2305 1025 2357 recte
1055 2293 1211 2358 incedens
1242 2292 1285 2356 ad
1307 2295 1479 2357 veritatem
1502 2292 1664 2379 euangelii
1696 2293 1900 2358 simulatione
1926 2316 1987 2356 sua
2010 2316 2095 2380 quos·

267 2428 426 2477 crusnam.
446 2400 520 2464 dam
545 2421 665 2485 cogens
689 2400 864 2480 iudaizare,
890 2422 963 2463 cum
988 2411 1179 2486 argueretur
1202 2421 1300 2485 super
1322 2399 1384 2464 hoc
1408 2421 1428 2462 a
1451 2401 1584 2464 minimo
1608 2399 1836 2485 apostolorum,
1859 2401 1939 2486 quia
1963 2398 2096 2486 benigne

354 2533 427 2574 mea.
447 2507 570 2592 recepit
598 2507 862 2570 ammonitionem
886 2517 918 2569 et
945 2505 1215 2588 emendationem,
1248 2505 1380 2592 'dignus
1411 2506 1506 2570 laude
1537 2505 1699 2570 iudicatur
1715 2497 1832 2592 'neque
1859 2504 1901 2570 ob
1926 2506 2025 2571 talem
2048 2529 2097 2570 ex·

447 2635 573 2676 cessum
598 2610 791 2698 reprobatur
814 2613 884 2676 eius
908 2614 1099 2695 auctoritas,
1124 2614 1169 2676 ita
1185 2613 1336 2676 nimirum
1360 2614 1387 2677 si
1411 2615 1637 2700 episcoporum
1654 2614 1726 2700 quis
1744 2611 1875 2677 excedit
1897 2615 1934 2676 in
1950 2612 2001 2677 his
2021 2637 2098 2700 quae
2112 2635 2131 2674 a

446 2720 633 2804 symoniace
657 2718 728 2782 fieri
752 2741 816 2782 non
841 2717 978 2782 attendit
1008 2728 1040 2783 et
1068 2719 1261 2805 redargutus
1284 2729 1475 2805 arguentem
1499 2720 1605 2806 diligit
1635 2742 1772 2806 seseque
1802 2721 1835 2783 in
1861 2719 1983 2806 quibua
2008 2719 2100 2784 debet

307 2817 426 2922 diffidi·
445 2826 587 2910 corrigit,
619 2835 697 2911 puto
721 2824 806 2890 hunc
836 2848 901 2889 non
925 2826 1057 2890 inimico
1081 2825 1202 2890 homini
1227 2827 1353 2890 zizania
1376 2827 1648 2912 superseminanti
1671 2826 1929 2912 comparandum
1955 2827 2008 2890 vel
2032 2849 2100 2890 cum

446 2931 499 2995 illo
517 2930 771 3018 dampnandum,
796 2931 853 2995 sed
877 2933 961 2996 inter
984 2932 1144 3018 agricolas
1164 2931 1416 3018 computandum
1440 2955 1547 3020 neque
1572 2956 1646 2998 cum
1669 2934 1762 2997 malis
1786 2933 1870 2997 male
1887 2932 2099 3019 perdendum,

446 3039 474 3100 si
496 3038 597 3103 filium
621 3039 686 3102 Dei
716 3061 782 3102 non
812 3041 1018 3126 persequitur
1047 3040 1081 3102 in
1103 3039 1280 3103 membris⁰
1304 3041 1371 3103 suis
1396 3051 1428 3104 et
1451 3041 1631 3126 acquiescit
1659 3041 1746 3104 sanis
1774 3040 1906 3104 monitis
1932 3039 2100 3125 diligitque

276 3137 331 3226 [⁰³.
347 3141 425 3228 malis
445 3167 548 3230 grana
564 3167 643 3209 vera
666 3155 699 3208 et
721 3146 858 3208 sustinet
881 3147 1022 3227 zizania3
1047 3169 1111 3232 quo
1136 3157 1249 3210 eontra
1271 3146 1348 3211 mali
1371 3147 1534 3232 agricolae
1559 3147 1698 3232 diligunt
1720 3169 1759 3210 ae
1783 3147 1896 3210 fovent
1920 3147 2050 3210 zizania
2073 3157 2102 3210 et
2116 3169 2137 3207 a

275 3207 423 3277 agasone]
445 3253 590 3337 graviter
612 3253 772 3316 sustinent
796 3274 907 3336 grana.
1821 3264 1834 3272 “’

361 3385 426 3436 (rsa).
553 3357 640 3423 Sane
671 3357 723 3422 hic
754 3381 819 3422 non
850 3357 1061 3422 omittendum
1092 3368 1170 3444 puto
1201 3381 1274 3422 earn
1305 3359 1573 3423 consuetudinem
1601 3361 1678 3423 satis
1702 3382 1773 3424 esse
1798 3359 2015 3442 tolerabilem,
2041 3383 2101 3447 qua

446 3466 577 3551 quidam
602 3464 746 3549 religiosi
770 3464 905 3529 abbates
930 3475 962 3528 et
985 3466 1141 3550 prepositi
1165 3465 1397 3529 aecclesiarum
1421 3465 1598 3552 plebalium
1629 3467 1670 3531 ad
1695 3490 1754 3531 sua
1777 3466 1916 3531 cenobia
1942 3469 2101 3554 pertinen-

446 3573 525 3635 tium
555 3593 650 3635 curas
681 3582 782 3656 agunt
811 3594 870 3657 per
893 3573 1028 3656 seipsos,
1059 3593 1164 3657 neque
1196 3582 1364 3636 assumunt
1394 3571 1455 3635 sibi
1487 3573 1529 3637 ad
1559 3572 1621 3638 hoc
1651 3575 1865 3637 ministerium
1897 3574 2102 3638 coadiutores

446 3677 536 3759 alios,
568 3679 630 3740 nisi
654 3687 711 3741 aut
740 3677 855 3741 fratres
880 3699 956 3741 suos
980 3677 1172 3762 regulariter
1195 3679 1358 3742 institutos
1382 3690 1438 3743 aut
1461 3679 1597 3744 clericos
1620 3679 1776 3744 litteratos
1801 3680 1984 3744 secundum
2009 3703 2101 3745 cano·
2119 3703 2141 3741 a

446 3807 523 3848 num
546 3783 660 3848 saltem
685 3783 890 3869 disciplinam
921 3783 983 3848 sibi
1014 3806 1074 3869 per
1097 3782 1316 3848 obedientiam
1347 3786 1505 3871 alligatos,
1529 3795 1653 3850 utnon
1678 3787 1719 3849 sit
1742 3788 1788 3850 eis
1812 3786 1954 3851 liberum
1979 3787 2032 3851 vel
2063 3786 2102 3850 ab

446 3891 493 3954 eis
515 3891 670 3954 recedere
693 3889 747 3954 vel
771 3889 831 3953 sub
856 3891 903 3952 eis
927 3889 1081 3954 dissolute
1102 3901 1215 3955 contra
1236 3891 1409 3978 synodales
1426 3891 1554 3977 regulas
1571 3893 1692 3956 vivere.
1729 3892 1793 3972 Qui
1818 3894 1973 3957 nimirum
1997 3893 2103 3958 taliter

446 3998 569 4060 astricti
593 4019 658 4061 non
675 3995 806 4061 dicendi
830 4007 904 4060 sunt
920 3996 1127 4079 conducticii,
1152 3998 1210 4062 sed
1226 3998 1389 4062 adiutores
1406 3998 1519 4062 altario
1536 4000 1714 4063 servientes
1739 4009 1771 4062 et
1794 3999 1834 4063 de
1859 3999 1975 4064 altario
1991 4002 2101 4064 viren-

446 4113 494 4167 tes
518 4104 695 4189 iugumque
720 4104 781 4166 etsi
806 4101 1008 4184 cenobitalis,
1032 4113 1140 4168 tamen
1165 4103 1329 4191 synodalis
1353 4103 1559 4169 obedientiae
1583 4103 1643 4168 sub
1664 4107 1819 4190 magistro
1843 4105 2006 4192 probabili
2031 4129 2101 4192 pro-

446 4209 597 4273 babiliter
620 4209 770 4273 ferentes.
817 4210 861 4273 Hi
892 4210 1044 4273 nimirum
1076 4212 1104 4273 si
1133 4209 1291 4274 habentes
1320 4209 1360 4274 de
1389 4233 1446 4274 suo
1470 4213 1648 4275 ministerio
1671 4213 1794 4276 victum
1818 4225 1851 4275 et
1875 4214 2029 4276 vestitum
2053 4213 2101 4276 his
2120 4235 2144 4274 ss

297 4318 590 4390 rnrr.2,21.eonteuti
614 4325 717 4398 erunt,
742 4339 807 4380 non
830 4327 1003 4402 querentes
1027 4338 1111 4403 quae
1136 4339 1194 4380 sua
1218 4327 1301 4399 sunt,
1326 4316 1385 4380 sed
1408 4339 1491 4403 quac
1509 4317 1583 4382 Iesu
1600 4317 1731 4400 Christi,
1756 4318 1834 4382 dum
1856 4341 1922 4383 non
1947 4319 1989 4383 ad
2014 4319 2101 4382 alind

445 4423 509 4485 nisi
532 4423 660 4486 adeius
685 4420 876 4507 obsequium
900 4421 999 4486 rebus
1023 4423 1202 4486 aecclesiae
1226 4432 1368 4504 utuntur,
1392 4423 1477 4486 inter
1495 4422 1597 4489 bonos
1622 4425 1782 4510 agricolas
1806 4427 1989 4512 computari
2013 4437 2101 4512 pote·

447 4539 529 4610 runt,
556 4531 616 4592 etsi
639 4551 703 4592 non
727 4530 760 4591 in
784 4528 896 4592 ordine
921 4529 1138 4614 apostolorum
1162 4551 1220 4593 sua
1243 4530 1352 4593 omnia
1374 4529 1635 4615 relinquentium,
1658 4544 1767 4596 tamen
1790 4533 1824 4596 in
1845 4532 1959 4596 ordine
1982 4534 2101 4619 imper-

448 4635 604 4698 fectorum
627 4635 780 4720 perfectis
809 4635 1034 4699 adherentium
1064 4636 1208 4721 ipsisque
1232 4646 1395 4722 utcunque
1420 4634 1638 4701 obedientium
1670 4649 1702 4701 et
1730 4661 1785 4703 eos
1809 4639 2035 4704 adiuuantium
2060 4639 2102 4703 ad

229 4730 280 4854 [¹319
294 4735 429 4820 frucqbus
448 4763 562 4826 agrum
585 4740 719 4804 Domini
751 4741 975 4805 excolendum.
1023 4742 1111 4806 Vera
1142 4742 1301 4829 siquidem
1332 4765 1435 4828 grana
1457 4765 1507 4807 -ex
1537 4742 1744 4809 distinctione
1774 4745 1938 4811 fructuum
1970 4769 2102 4810 suorum
2119 4769 2146 4808 so

234 4802 427 4922 ndilllifllla.
449 4857 697 4932 cognoscuntur,
723 4846 799 4910 dum
823 4847 911 4911 aliud
934 4849 1144 4930 tricesimum,
1176 4848 1263 4912 aliud
1288 4851 1539 4934 sexagesimum,
1570 4850 1659 4915 aliud
1682 4852 1775 4916 affert
1797 4852 1939 4916 fructum
1963 4854 2100 4916 centesi-

447 4975 545 5016 mum.
593 4951 690 5032 Quod
712 4953 804 5017 multi
829 4953 996 5018 doctorum
1018 4955 1054 5018 in
1077 4953 1241 5020 dominica
1266 4977 1373 5020 messe
1395 4956 1612 5022 laborantium
1636 4959 1682 5022 sic
1707 4969 1884 5044 exponunt,
1909 4969 1945 5022 ut
1968 4960 2003 5022 in
2027 4981 2100 5023 con-

447 5059 558 5143 iugum
582 5061 830 5124 conversatione
853 5071 943 5124 recta
967 5070 999 5124 et
1028 5062 1062 5124 in
1085 5061 1257 5126 viduarum
1285 5085 1343 5126 seu
1367 5064 1610 5142 continentium,
1641 5064 1699 5128 sed
1729 5087 1794 5128 non
1817 5066 1981 5150 virginum
2006 5067 2100 5130 casti·

446 5165 556 5227 monia
579 5174 612 5228 et
635 5167 798 5250 virgiuum
821 5167 966 5251 perfecta
993 5168 1208 5232 sanctimonia
1238 5169 1296 5232 hos
1326 5168 1450 5233 fructus
1481 5169 1707 5255 intelligendos
1739 5172 1918 5255 insinuent,
1950 5195 1989 5236 eo
2014 5172 2101 5259 quod

310 5297 427 5346 rann.
446 5292 541 5334 nemo
572 5271 701 5356 penitus
733 5283 826 5336 extra
855 5272 936 5336 hacc
966 5274 1029 5336 tria
1057 5295 1177 5358 genera
1205 5275 1322 5358 sobrie,
1353 5277 1460 5340 iusted
1483 5299 1522 5340 ao
1546 5278 1599 5362 pie
1623 5278 1803 5341 viventium
1828 5278 1949 5342 salvari
1972 5281 2099 5365 poterit.
2118 5301 2145 5340 u

447 5377 640 5441 Nutriantur
663 5400 740 5442 sane
764 5378 879 5442 horum
902 5380 999 5443 trium
1028 5403 1184 5465 generum
1215 5380 1319 5446 electa
1349 5405 1451 5467 grana
1480 5385 1566 5446 inter
1596 5385 1667 5470 ipsa
1698 5385 1834 5466 zizania,
1865 5408 1923 5448 suo
1954 5395 2099 5472 tempore

447 5483 631 5548 sufferenda
661 5495 693 5549 et
722 5507 780 5548 suo
812 5495 956 5570 tempore
988 5486 1175 5550 auferenda.
1231 5487 1327 5568 Quod
1358 5489 1497 5574 qualiter
1525 5488 1596 5554 fieri
1627 5501 1788 5575 oporteat,
1820 5491 2013 5578 euangelica
2042 5515 2099 5555 uos

447 5588 594 5654 doctrina
617 5600 766 5677 patenter
788 5590 950 5655 informat.

554 5752 580 5816 a)
602 5757 660 5805 Nic.
682 5756 713 5805 B.
787 5755 815 5816 b)
837 5758 909 5821 inp.
930 5756 1039 5806 cav.B.
1114 5755 1139 5818 c)
1161 5773 1181 5807 a.
1201 5774 1235 5807 m.
1256 5757 1288 5807 B.
1362 5756 1390 5820 d)
1412 5761 1500 5810 iustae
1520 5759 1552 5810 B.
