4544 6420
275 975 434 1022 stificatus.

348 1227 374 1268 't
382 1226 434 1268 1³2⁴.

353 2713 380 2754 ⁸5.
388 2713 432 2754 tat.

456 433 497 496 96
803 440 976 497 assuunt
1000 437 1197 494 saeluusls
1223 425 1511 494 AllCHllllACONl
1535 439 1758 494 lsvnc'nva,

454 629 505 692 Tu
528 651 616 708 vero,
642 629 748 708 Petre,
774 651 847 693 cum
873 628 912 691 de
936 628 1023 690 vitiis
1049 649 1128 690 casu
1152 627 1304 688 continuo
1330 621 1513 689 devolvaris
1545 627 1577 688 in
1601 627 1681 689 vitia
1706 640 1737 688 et
1761 627 1924 710 signatum
1952 637 2105 711 superte

453 735 561 799 lumen
585 735 687 799 divini
704 735 811 799 vultus
829 732 1033 814 obtenebres,
1058 732 1238 796 deformata
1262 732 1327 794 iam
1344 731 1522 796 divinitatis
1546 733 1688 817 imagine
1713 744 1744 796 et
1768 734 1869 818 ipsius
1894 731 2104 796 similitudine

452 840 583 927 flagitiis
615 841 795 922 obfuscata,
827 864 891 928 qua
922 827 1103 904 temeritate
1128 837 1249 908 Christi
1274 860 1443 902 successor
1467 861 1537 902 esse
1562 839 1732 924 presumis,
1764 841 1856 903 cuius
1880 840 1969 924 prius
1994 839 2104 902 simili-

452 948 597 1012 tudinem
621 972 686 1012 non
710 948 873 1012 assumis?
921 948 1022 1012 Nulla
1046 950 1125 1011 eata
1153 950 1311 1010 ‹errrcntr'o
1332 946 1456 1010 Gloriari
1476 947 1521 1010 od
1537 947 1655 1026 Belial,
1680 948 1768 1010 rrtrlla
1794 947 1874 1010 lucis
1898 946 1943 1010 od
1964 949 2105 1011 tenebras

452 1059 700 1120 corrttuatu'cott'o.
2128 1074 2141 1114 a
2226 1072 2228 1076 '

560 1202 606 1262 4²
641 1199 704 1262 Hic
731 1205 793 1262 'est
817 1197 881 1274 ille,
907 1194 1057 1274 Girarde,
1083 1195 1134 1258 hic
1159 1207 1208 1258 cst
1232 1195 1284 1258 ille
1309 1207 1383 1258 tuus
1408 1217 1502 1280 papa,
1528 1217 1625 1280 quem
1648 1195 1800 1280 recipisl',
1825 1217 1922 1280 quem
1946 1195 2103 1258 universi·

453 1307 509 1369 tati
534 1304 677 1369 fidelium
702 1304 805 1368 solum
829 1303 948 1367 docens
973 1313 1072 1388 capnt
1095 1304 1253 1386 assignas,
1285 1303 1340 1388 qui
1365 1324 1502 1387 sponsus
1527 1301 1696 1376 ccclesiae,
1725 1302 1780 1386 qni
1805 1299 1926 1364 Christi
1951 1302 2102 1380 vicarius,

453 1413 507 1498 qui
524 1411 612 1474 Petri
637 1433 814 1489 successor,
839 1411 926 1472 vitae
951 1409 1055 1473 forma
1078 1408 1239 1484 fidelibus,
1264 1431 1397 1493 gregem
1414 1406 1515 1471 verbo
1540 1407 1770 1493 predicationis
1795 1409 1931 1471 instruat
1956 1419 1988 1470 et
2011 1409 2103 1470 istius

453 1518 577 1581 scilicet
602 1519 799 1603 operationis
824 1516 985 1602 exemplo.
1033 1515 1077 1578 At
1099 1538 1188 1590 vero,
1214 1517 1285 1600 quis
1310 1516 1350 1578 sit
1375 1516 1445 1590 iste,
1477 1537 1573 1600 quem
1599 1513 1764 1599 reprobas,
1797 1525 2034 1600 consequenter
2057 1527 2102 1576 at-

453 1624 559 1688 tende.
607 1623 641 1688 Si
673 1647 776 1709 genus
808 1625 887 1696 cius,
919 1623 1080 1686 recensita
1110 1623 1289 1696 nativitate,
1322 1621 1521 1707 disquiritur,
1553 1619 1658 1684 tidelis
1682 1632 1776 1684 natus
1808 1644 1849 1684 ex
1873 1619 2023 1684 fidelibus
2048 1621 2102 1684 ad·
2124 1645 2148 1684 ro

453 1735 634 1812 vertetur13
667 1732 693 1792 si
725 1741 896 1816 parentum
926 1731 959 1792 in
983 1730 1085 1814 ipsius
1117 1727 1308 1792 educatione
1340 1727 1393 1791 vel
1424 1727 1570 1802 doctrina
1602 1727 1782 1806 consilium,
1814 1739 1848 1791 ut
1878 1725 2040 1791 habitaret
2070 1729 2103 1791 in

452 1837 547 1901 dorno
571 1837 706 1902 Domini
731 1835 880 1900 omnibus
905 1833 1021 1899 (liebus
1046 1837 1132 1899 vitae
1158 1857 1234 1898 snae
1260 1845 1290 1898 et
1315 1834 1441 1897 vidorct
1464 1834 1685 1898 voluntutcm‘
1711 1834 1861 1916 Domini3
1893 1835 1919 1897 si
1945 1857 2102 1920 personae

452 1944 600 2030 qualitas,
625 1955 660 2007 nt
685 1945 773 2029 prins
798 1941 953 2006 habitudo
979 1965 1135 2028 corporea
1159 1940 1371 2020 describatur,
1397 1941 1448 2004 vir
1472 1953 1613 2004 staturae
1639 1940 1821 2020 mediocris,
1854 1964 1937 2027 qnae
1961 1965 2022 2004 nec
2047 1940 2103 2004 ab·

452 2052 571 2114 iectnm
603 2049 746 2114 brevitas
777 2072 837 2113 ncc
870 2051 1043 2113 immanem
1074 2047 1189 2112 reddat
1213 2033 1399 2112 'immensae
1431 2049 1620 2134 quantitatis
1652 2070 1806 2111 excessus
1819 2055 1839 2112 ².
1892 2047 2040 2134 Apparet
2071 2050 2103 2112 in

453 2157 554 2220 oculis
579 2157 671 2220 cius<¹
696 2167 727 2219 ct
750 2156 841 2220 vultu
865 2154 998 2218 robusta
1029 2155 1229 2240 simplicitas,
1259 2166 1290 2218 θῖ
1315 2177 1398 2240 qnae
1424 2156 1605 2218 castitatem
1629 2155 1730 2218 animi
1754 2153 1879 2240 probet,
1903 2155 2104 2219 verecundia
2124 2179 2150 2217 rs

452 2263 559 2327 facici.
597 2263 690 2343 (luae
708 2263 853 2348 profecto
878 2261 979 2326 facies
1004 2271 1093 2325 tanta
1110 2261 1267 2347 dignitate
1284 2261 1480 2346 resplendet,
1505 2273 1539 2325 ut
1564 2273 1595 2324 et
1618 2261 1680 2346 ipsi
1705 2261 1870 2346 quandam
1887 2263 2104 2326 reverentiam

453 2369 580 2455 ingerat
603 2371 750 2433 intuenti.
798 2368 838 2432 Ei
863 2391 991 2454 quoqne
1015 2368 1099 2432 hanc
1124 2369 1207 2431 inter
1223 2379 1332 2431 cetera
1356 2369 1596 2432 munificentiae
1622 2391 1699 2431 suae
1724 2368 1809 2431 dona
1833 2368 2008 2454 specialem
2032 2392 2103 2454 gra-

452 2478 529 2540 tiam
554 2477 603 2539 vis
628 2475 740 2538 divina
770 2475 889 2560 largita
920 2486 978 2548 est,
1010 2486 1044 2538 ut
1076 2497 1187 2538 omnes
1216 2497 1250 2538 se
1275 2474 1423 2538 videntes
1448 2485 1618 2538 mansueta
1641 2473 1702 2538 sibi
1728 2473 1929 2559 benignitate
1954 2475 2105 2538 conciliet

452 2594 483 2646 et
508 2582 715 2646 dilectionem
739 2581 807 2646 solo
831 2583 1040 2646 nanciscatur
1056 2592 1200 2668 aspectu.
1248 2581 1354 2668 Ipsius
1372 2583 1491 2645 etenim
1508 2581 1610 2644 oculis
1627 2581 1774 2646 divinum
1790 2581 1946 2668 quiddam
1964 2605 2104 2667 superna

451 2687 579 2752 bonitas
610 2690 790 2774 inspiravit,
817 2687 919 2774 'quod
951 2688 1082 2773 plenmn
1112 2689 1246 2773 gratiae,
1278 2688 1366 2774 qnod
1390 2690 1574 2752 reverentia
1599 2688 1743 2774 dignum,
1774 2689 1862 2775 quod
1891 2687 2005 2752 horrori
2030 2713 2104 2752 con·
2125 2713 2151 2751 ao

451 2819 567 2879 gruum
591 2795 788 2880 generalitor
810 2794 994 2858 arbitretur.
1043 2795 1118 2858 Vox
1149 2793 1279 2874 blanda,
1312 2794 1370 2858 sed
1398 2819 1463 2858 non
1491 2796 1524 2858 in
1549 2797 1681 2858 nimiam
1706 2807 1814 2859 tamen
1838 2795 1979 2859 resoluta
2003 2795 2104 2858 triolli-

452 2901 544 2981 ciem,
575 2913 610 2965 ut
641 2913 673 2964 ot
703 2903 897 2965 suavitatis⁰
921 2901 1014 2966 favor
1038 2913 1070 2965 ct
1092 2901 1348 2986 magnitudiniss
1373 2924 1437 2965 non
1461 2901 1548 2965 desit
1578 2903 1763 2966 auctoritas.
1811 2901 1974 2966 Continuo
1997 2901 2104 2965 vultus

451 3007 612 3089 alacritaS,
638 3009 721 3072 risus
746 3009 779 3072 in
804 3009 961 3072 sermonis
987 3031 1128 3072 excursu
1152 3009 1351 3094 sepissimus,
1376 3019 1467 3072 tanta
1490 3021 1598 3072 tamen
1623 3008 1752 3073 habitus
1776 3009 1954 3090 honestate,
1979 3019 2014 3072 ut
2033 3031 2104 3072 rer-

451 3113 566 3178 borum
583 3115 756 3200 vultusque
781 3116 883 3200 possit
908 3137 1039 3200 augere,
1063 3138 1127 3178 non
1152 3117 1298 3178 minuere
1324 3114 1526 3200 dignitatem.
1564 3114 1659 3195 Quod
1680 3115 1810 3201 quidem
1828 3138 1866 3179 eo
1884 3117 1986 3200 magis
2004 3115 2104 3179 allicit

451 3222 623 3302 intuentes,
655 3223 808 3307 quoniam
839 3221 873 3284 id
903 3223 937 3284 in
968 3223 1038 3306 ipso
1071 3221 1234 3307 quoddam
1266 3221 1350 3284 illins
1382 3234 1513 3285 eternae
1545 3223 1775 3285 iocunditatis⁸
1806 3221 1936 3286 videtur
1966 3223 2103 3302 initium,
2124 3246 2150 3285 as

452 3330 543 3392 cuius
568 3350 641 3391 eum
651 3328 664 3365 ¹¹
689 3329 722 3390 in
746 3329 816 3414 ipso
842 3350 978 3413 corpore
1002 3327 1161 3414 quasdam
1186 3329 1336 3392 existimo
1360 3329 1520 3414 primitias
1545 3330 1721 3414 accepisse.

557 3449 602 3515 At
626 3452 652 3515 si
676 3453 762 3515 vitae
788 3451 1010 3516 consideretur
1033 3453 1212 3536 integritas,
1238 3463 1269 3515 et
1293 3476 1312 3516 a
1336 3454 1447 3539 primis
1472 3455 1565 3517 annis
1590 3452 1649 3516 sub
1667 3477 1806 3517 exarnen
1830 3455 1937 3518 ornnia
1954 3453 2103 3538 redigan-

451 3569 512 3640 tur,
542 3558 621 3622 nihil
646 3558 860 3622 deformatum
886 3561 1030 3640 crimine,
1062 3559 1142 3622 nihil
1165 3559 1298 3623 infamia
1323 3560 1613 3646 condempnatum,
1645 3562 1679 3623 in
1702 3583 1740 3623 eo
1766 3562 1852 3624 eninr
1876 3560 1920 3624 nil
1944 3559 2102 3624 illiberale

451 3666 600 3751 pueritia,
625 3664 671 3728 nil
695 3665 916 3729 adolescentia
937 3665 1070 3746 fluxum,
1096 3665 1141 3728 nil
1163 3667 1313 3729 im'entus
1338 3665 1469 3738 infame,
1495 3666 1539 3730 nil
1556 3667 1658 3729 virilis
1684 3680 1752 3730 etas
1777 3666 1878 3730 edidit
1901 3666 2102 3730 indecorum

450 3771 650 3835 Inconcussa
673 3771 754 3836 fides
779 3774 961 3858 operationi
984 3771 1089 3836 bonae
1114 3772 1325 3836 fundamenta
1350 3774 1536 3858 prestruxit.
1584 3772 1727 3837 Consilio
1752 3773 1917 3859 providus,
1942 3771 2102 3858 benignus
2123 3798 2149 3837 so

451 3879 602 3966 alloquio,
634 3879 789 3943 facundia
820 3878 969 3958 celebris,
1001 3902 1099 3966 qnam
1126 3902 1187 3942 nec
1212 3878 1385 3942 verborum
1417 3880 1518 3942 fastus
1550 3878 1677 3960 elatam,
1710 3903 1770 3944 nec
1802 3879 1972 3944 multitudo
2003 3881 2103 3944 faciat

451 3984 646 4050 effluentem.
695 3986 901 4073 Tantumque
933 3987 1020 4072 apud
1051 4009 1162 4050 otrrnes
1194 3984 1299 4050 bonae
1331 3987 1579 4050 existimationis
1611 3987 1804 4051 servabatur
1835 3998 1867 4051 et
1897 3988 2036 4072 gratiae,
2069 3999 2103 4051 nt

450 4091 538 4178 qnod
569 4092 649 4156 alias
680 4115 849 4178 perrarum
878 4105 940 4174 est,
973 4104 1059 4156 essct
1090 4094 1119 4157 ei
1151 4104 1225 4157 ante
1258 4093 1425 4157 electionis
1457 4095 1525 4157 cius
1557 4106 1703 4180 tempora
1735 4094 1839 4158 nullus
1870 4095 1980 4158 bostis.
2028 4093 2101 4158 Cibi

363 4254 368 4264 .
417 4229 431 4265 ⁴.
450 4211 609 4284 potusque
641 4209 731 4263 tanta
762 4198 932 4280 sobrietas,
964 4213 999 4263 ut
1029 4200 1091 4263 illis
1123 4224 1188 4263 non
1218 4201 1394 4282 fastidium,
1421 4199 1492 4264 'sed
1524 4199 1739 4264 abstinentiae
1771 4202 1885 4266 rrrodns
1914 4202 2103 4265 tenninator

450 4305 590 4368 assistat.
638 4306 783 4370 Vestitus
815 4315 922 4370 autem
954 4307 1152 4392 apostolatus
1182 4307 1339 4392 temporii
1374 4329 1452 4369 sane
1484 4309 1691 4386 conveniens,
1724 4331 1819 4394 qncm
1851 4331 1911 4371 nee
1944 4309 2101 4393 professio
2122 4333 2148 4372 ss

451 4410 611 4474 clericalis
636 4411 833 4493 excluderet,
859 4413 1077 4477 canlinalatns
1101 4413 1243 4500 dignitas
1267 4437 1332 4476 non
1356 4413 1510 4476 horreret.
1559 4413 1685 4493 Quibus
1710 4416 1796 4478 enim
1821 4416 2101 4500 impresentiarum

450 4515 597 4580 vestibus
621 4518 783 4598 induatur,
815 4520 880 4582 iam
911 4543 976 4582 non
1007 4522 1174 4606 exipsius
1203 4519 1323 4606 pendet
1348 4517 1492 4601 arbitrio,
1525 4520 1582 4583 sed
1606 4533 1789 4584 sanctorum
1814 4532 1943 4606 patrum
1967 4523 2102 4606 antiqua

452 4625 680 4688 constitutione
701 4624 868 4689 decretum
885 4637 942 4690 est.
979 4626 1154 4690 Praedicta
1170 4649 1248 4690 vcro
1273 4625 1492 4690 cardinalatus
1518 4626 1658 4712 dignitas
1682 4627 1723 4691 ab
1748 4629 1818 4714 ipso
1842 4651 1907 4691 non
1930 4629 2102 4713 impetrata

530 4853 583 4920 a)
605 4878 652 4911 om.
671 4879 691 4912 c.
748 4858 775 4922 b)
798 4865 903 4928 recepis
923 4881 943 4912 c.
999 4859 1025 4922 c)
1049 4861 1316 4927 v·ol11ptatean.G.
1379 4863 1406 4916 dl
1429 4866 1483 4912 tuis
1502 4881 1522 4912 c.
1579 4863 1604 4922 e)
1627 4866 1756 4914 suavitati
1776 4883 1796 4912 c.
1818 4865 1847 4913 P.
1863 4865 1895 4914 G.
1956 4865 1976 4924 sl
1999 4865 2101 4929 magni·

450 4949 538 4999 tudini
557 4968 577 5000 e.
598 4949 628 4999 P.
644 4949 675 5000 G.
748 4949 776 5014 gl
799 4953 853 5000 inc.
874 4951 903 5000 P.
919 4951 950 5001 G.
1024 4948 1051 5010 h)
1074 4952 1190 5000 euml).
1262 4953 1282 5012 i)
1305 4959 1428 5018 tempora
1447 4971 1466 5002 c.
2120 4965 2147 5004 to

561 5166 588 5233 1)
616 5163 759 5222 Oriuadus
784 5177 823 5224 est
848 5165 1014 5244 Gregorius,
1040 5167 1196 5224 cardinalis
1220 5168 1355 5225 diaconas
1378 5191 1400 5226 s.
1426 5169 1534 5245 Aregeli,
1566 5168 1614 5243 qui
1631 5177 1732 5243 postca
1756 5169 1935 5226 Irmocentius
1959 5169 1998 5224 II.
2020 5189 2102 5244 popa

444 5271 546 5341 „tactas
571 5281 617 5340 cst,
651 5292 665 5327 e
684 5273 805 5342 sonabo
828 5274 913 5330 nobili
935 5274 1183 5349 Poparcsclrorrna
1207 5277 1242 5331 de
1264 5275 1378 5351 regione
1409 5275 1640 5344 Transtiberanu,
1670 5283 1811 5349 carpetra
1835 5275 1971 5333 Iohanne.
2020 5277 2102 5332 Anno

456 5378 547 5432 1116.
574 5377 618 5434 die
642 5379 692 5434 23.
712 5379 781 5434 Dec.
806 5380 835 5435 in
853 5381 958 5436 chartis
978 5380 1125 5437 Posclmlis
1141 5381 1180 5436 II.
1201 5401 1302 5456 propere
1326 5381 1483 5438 cardinalis
1499 5381 1634 5438 diaconus
1652 5381 1790 5444 commit:
1813 5403 1891 5438 anno
1911 5381 2005 5439 1118.
2030 5383 2103 5438 inter

452 5481 562 5540 Gelosii
585 5483 624 5540 ΙΙ.
657 5487 787 5542 electores
816 5507 835 5542 a
860 5487 1030 5562 l'mulnlplro
1061 5483 1143 5560 (Vita
1169 5486 1279 5543 (lelaai
1300 5507 1348 5562 ap.
1375 5487 1524 5543 llattericb
1549 5489 1566 5542 l.
1585 5483 1621 5560 c.)
1652 5497 1820 5556 recensetur,
1852 5489 1936 5544 aratris
1959 5489 2052 5544 1119.
2078 5498 2103 5544 et

454 5590 547 5646 1122.
580 5590 609 5647 ia
636 5589 795 5650 (r'erruaaia
825 5594 996 5668 apostolicae
1025 5594 1099 5650 cerlis
1129 5595 1214 5670 lepori
1243 5613 1357 5650 ›terraerc
1380 5594 1501 5664 fernctas
1532 5603 1586 5652 cst:
1617 5613 1694 5650 orrico
1717 5595 1810 5650 1123.
1842 5615 1900 5650 arm
1932 5615 1990 5651 corn
2018 5596 2102 5652 Petro
2121 5611 2147 5650 to

452 5697 547 5754 Leone
570 5697 685 5755 concilio
705 5697 874 5756 Coraoteosi
892 5701 1056 5774 praesidem
1080 5702 1120 5771 cf.
1148 5701 1333 5757 Mr'e'lrlboclrcr
1356 5701 1373 5755 l.
1392 5721 1414 5755 c.
1436 5721 1467 5774 p.
1487 5701 1526 5756 90
1544 5721 1584 5776 sq.
1660 5699 1691 5772 2)
1718 5701 1766 5757 Er
1789 5703 1840 5756 ltoc
1863 5704 1921 5758 loco
1945 5703 2100 5773 alstanum

452 5803 642 5874 [nosocomium
667 5804 706 5860 ΙΙ.
731 5805 788 5862 sice
812 5806 840 5862 ia
866 5807 965 5863 (lollio
988 5807 1046 5863 sire
1069 5807 1096 5863 in
1123 5808 1209 5863 Italia
1233 5810 1267 5863 dc
1284 5807 1368 5879 sacac
1390 5807 1492 5864 vidisse
1516 5807 1628 5864 coaice-i.
