4396 6390
408 364 472 428 466
700 368 880 426 GERHOHI
902 365 1136 422 PRAEPOSITI
1159 361 1567 421 REICHERSBERGENSIS
1590 362 1756 418 LIBELLI.

403 560 544 644 propria
567 558 671 622 voluta
694 555 884 620 medietarii
903 554 1078 618 bumilitate
1100 577 1224 616 aureum
1248 553 1369 639 efferri,
1391 575 1452 615 uon
1473 550 1611 614 duntona
1632 550 1783 635 soperbia
1806 569 1944 610 rursum
1970 544 2006 606 iu
2032 543 2078 606 iu·

402 665 503 752 seruo
519 662 668 750 demergi,
692 676 725 726 ut
747 675 775 726 et
797 661 968 724 obnbtioai
989 661 1193 744 imperotores
1205 682 1271 744 pro
1287 671 1413 722 aeterua
1429 659 1493 720 uita
1505 657 1710 742 ponteficibus
1725 653 1914 741 indigerent
1928 663 1960 715 et
1969 650 2078 735 ponti-

401 772 482 858 fices
497 793 680 856 procursu
703 767 921 854 temporalium
946 763 1156 830 tautummodo
1179 788 1284 828 rerum
1309 763 1530 848 inmutatione
1556 762 1676 850 lapibus
1705 775 1889 826 uternam:
1921 769 2080 843 quatemus

231 901 390 949 stammas.
408 877 569 962 spiritalis
584 877 666 940 aetio
682 874 865 938 eoruolibua
881 872 1013 938 distaret
1028 872 1206 935 iucursibus
1226 884 1254 934 et
1273 870 1344 934 ideo
1368 871 1510 935 militaus
1525 868 1594 932 Deo
1610 871 1738 934 rar-'ru'me
1761 893 1793 932 ee
1817 867 1969 954 negociis
1992 885 2077 925 seeu-

410 983 532 1046 loribus
556 982 744 1067 implicaret,
768 1003 805 1044 oo
829 980 970 1042 uicissim
994 1001 1053 1042 aon
1079 978 1134 1042 illc
1153 978 1244 1040 rebus
1263 976 1384 1040 dim'uis
1403 975 1568 1061 presidere
1592 975 1758 1039 videretur.
1806 972 1948 1037 Idem¹:
1975 969 2105 1038 Derai-s

409 1113 467 1172 quo
490 1088 563 1152 tii*
586 1089 700 1172 quibus
723 1100 841 1150 tontum
863 1086 1010 1149 humanis
1037 1084 1129 1148 rebus
1151 1097 1180 1146 et
1202 1105 1262 1146 uota
1285 1082 1407 1147 diuinis
1424 1081 1591 1168 presidere
1607 1083 1801 1168 permissum
1824 1095 1883 1160 eat,
1915 1077 2075 1164 quomodo

410 1193 447 1258 do
471 1194 521 1257 Ιιίε
537 1218 600 1278 per
623 1216 700 1278 quos
725 1192 836 1257 diuina
860 1192 1081 1270 ministraretur
1103 1189 1249 1252 iudicare
1267 1202 1462 1274 presumant,
1481 1190 1609 1273 penitus
1632 1190 1822 1274 ignoramus.

515 1298 609 1362 Haec
640 1298 768 1362 dicente
800 1319 886 1384 papa
908 1293 1059 1376 Nikolao,
1090 1316 1149 1360 nos
1180 1293 1286 1358 eidem
1318 1315 1461 1358 consona
1491 1291 1629 1357 dicendo
1660 1291 1872 1372 affirmamus,
1904 1313 1987 1355 eum
2018 1291 2074 1376 qui

409 1403 576 1490 presidere
611 1404 710 1470 debet
743 1402 841 1468 rebus
876 1403 1014 1468 terrenis
1051 1403 1085 1465 in
1120 1400 1398 1465 administratione
1435 1397 1658 1464 tantummodo
1692 1401 1906 1484 negociorum
1945 1395 2072 1461 secula-

312 1534 390 1575 οπο.
409 1513 507 1594 rium,
543 1533 607 1576 non
639 1533 673 1574 se
702 1508 837 1574 'debere
868 1508 1036 1595 implicare
1068 1508 1213 1593 negociis
1245 1503 1459 1592 spiritalibus,
1496 1517 1529 1568 et
1558 1526 1575 1568 e
1607 1526 1764 1570 converso
1796 1504 1945 1569 iudicem
1978 1505 2115 1589 spiri-1⁰

409 1617 507 1682 talem
537 1639 656 1682 vacare
689 1627 837 1703 oportere
873 1615 993 1678 divinis
1028 1624 1060 1678 et
1093 1623 1203 1678 tamen
1238 1613 1307 1676 sine
1343 1612 1392 1675 sui
1428 1611 1559 1697 spiritus
1593 1610 1835 1696 implicamento
1872 1613 1977 1676 etiam
2012 1632 2073 1697 per

411 1722 591 1788 doctrinam
615 1744 729 1807 regere
752 1722 840 1807 ipsos
857 1741 985 1806 quoque
1009 1742 1104 1805 reges
1128 1730 1160 1783 et
1182 1719 1405 1804 imperatores,
1429 1725 1549 1804 quanto
1573 1718 1677 1802 magis
1701 1718 1842 1782 minores
1858 1715 2070 1803 potestates?

340 1854 390 1902 (sn.
408 1827 453 1894 At
476 1828 522 1893 iili
545 1850 682 1915 persepe
707 1827 866 1892 dominari
882 1826 995 1892 volunt
1018 1836 1051 1890 et
1075 1825 1185 1890 doceri
1209 1824 1336 1905 nolunt3
1361 1825 1458 1888 immo
1475 1833 1574 1887 testes
1591 1824 1736 1888 veritatis
1752 1823 1917 1889 occidunt.
1957 1823 2070 1888 Etiam

243 1959 391 2010 narratu.
410 1933 542 2022 qnidam
565 1935 696 1999 nomine
719 1944 813 1999 tenus
837 1943 870 1998 et
892 1932 1073 1998 facietenus
1103 1942 1261 2018 pastores,
1292 1930 1485 1995 intrinsecus
1510 1939 1617 1994 autem
1641 1928 1709 2016 lupi
1732 1952 1870 2016 rapaces
1894 1941 1929 1994 et
1954 1941 2071 1994 contra

248 2065 390 2116 rassae.
410 2041 591 2106 doctrinam
613 2041 763 2127 precipui
785 2040 924 2126 pastoris
940 2039 1029 2104 Petri
1053 2036 1191 2124 apostoli
1215 2037 1417 2102 dominantes
1440 2037 1474 2101 in
1494 2036 1581 2102 clcro
1605 2045 1703 2100 testes
1719 2038 1867 2101 veritatis
1891 2036 2068 2118 occidunt3
2090 2063 2114 2102 a

255 2172 391 2222 uersam.
410 2157 442 2212 et
465 2146 621 2212 imitando
637 2145 803 2210 Herodem
828 2168 862 2210 se
886 2155 1059 2230 arguentes
1082 2145 1187 2231 primo
1211 2145 1417 2208 incarcerant
1439 2144 1524 2208 inter
1539 2143 1680 2207 claustra
1704 2143 1833 2226 silentii,
1857 2165 1899 2207 ne
1925 2142 1971 2207 ab
1988 2145 2070 2230 ipsis

409 2253 539 2340 publice
563 2262 756 2338 arguantur:
781 2251 899 2316 deinde
917 2261 1072 2337 quantum
1096 2252 1129 2314 in
1152 2250 1232 2336 ipsis
1249 2261 1307 2332 est,
1332 2249 1461 2314 omnino
1478 2248 1675 2314 decollantes
1692 2249 1899 2332 interficiunt,
1916 2250 2070 2316 cavendo

409 2359 541 2446 quidem
566 2357 638 2440 sibi,
662 2369 698 2422 ut
721 2359 881 2439 estimant,
906 2380 925 2420 a
948 2367 1041 2422 reatu
1064 2355 1241 2438 homicidii,
1266 2355 1404 2420 sednon
1421 2355 1612 2441 effugientes
1629 2357 1751 2420 crimen
1767 2356 1935 2422 testicidii.
1968 2355 2071 2421 Aliud

410 2477 459 2531 est
483 2467 568 2530 enim
592 2465 757 2529 hominem
780 2463 940 2546 occidere,
972 2475 1068 2550 atque
1098 2462 1187 2527 aliud
1218 2474 1343 2528 testem.
1390 2461 1474 2526 Nam
1498 2461 1661 2526 hominem
1684 2462 1804 2527 occidit
1828 2465 1884 2550 qui
1909 2464 2071 2528 civitam

410 2571 508 2636 tollit:
533 2581 648 2635 testem
673 2592 751 2634 vero
774 2569 927 2634 interficit
950 2571 1006 2656 qui
1030 2570 1061 2634 ei
1084 2569 1279 2635 testificandi
1304 2580 1336 2634 et
1358 2567 1489 2653 legendi
1517 2567 1705 2632 facultatem
1728 2569 1886 2656 precidit3
1911 2592 1954 2634 ea
1978 2570 2070 2634 vide-
2090 2596 2115 2634 aa

266 2721 381 2787 [alentio
410 2677 487 2742 licet
509 2678 696 2758 intentione,
713 2687 749 2740 ut
765 2677 858 2763 quasi
874 2675 1010 2740 licenter
1025 2675 1139 2740 illicita
1155 2675 1376 2741 committendi
1400 2673 1522 2740 habeat
1543 2673 1736 2756 libertatem,
1760 2677 1890 2740 nemine
1906 2689 2070 2762 arguente

251 2795 382 2845 Iohannis
410 2782 463 2848 vel
487 2781 740 2848 contradicente.
787 2781 1021 2864 Veruntamen,
1047 2783 1131 2846 sicut
1153 2779 1319 2846 metuebat
1341 2780 1491 2846 Herodes
1515 2780 1703 2860 iohannem,
1728 2783 1834 2846 sciens
1860 2803 1937 2846 eum
1961 2785 2071 2847 virum

251 2861 390 2980 lssffiigtsstl
409 2891 530 2954 iustum
553 2899 585 2953 et
609 2900 757 2953 sanctum
781 2899 813 2952 et
836 2886 947 2953 audito
964 2910 1003 2952 eo
1019 2887 1121 2953 multa
1141 2886 1283 2952 faciebat
1306 2898 1339 2952 et
1362 2910 1437 2952 eum
1453 2887 1657 2952 custodiebat
1680 2898 1713 2952 et
1735 2887 1876 2954 libenter
1892 2888 2070 2972 audicbat;

411 2995 458 3059 sie
482 3005 514 3060 et
541 2996 594 3058 isti
621 2992 761 3059 libenter
784 3017 819 3060 se
843 2993 957 3058 audire
982 2993 1134 3059 simulant
1158 2993 1299 3076 cosdem,
1323 3016 1405 3080 quos
1428 3004 1584 3076 metuunt,
1616 2995 1821 3060 incarcerant
1844 3006 1878 3060 et
1900 2996 2069 3079 occidunt,

410 3102 488 3188 quia
511 3122 622 3165 eorum
645 3122 743 3165 voces
767 3102 801 3165 in
824 3099 953 3165 deserto
978 3100 1186 3165 clamantium
1209 3101 1339 3186 penitus
1368 3101 1503 3166 audirel‘
1532 3101 1655 3183 nolunt,
1686 3123 1747 3166 nec
1776 3103 1812 3165 in
1835 3102 2071 3167 solitudinibus
2090 3127 2115 3166 a

411 3218 443 3272 et
465 3205 628 3272 montibus
653 3217 684 3271 et
708 3206 870 3292 speluncis
887 3206 941 3271 vel
957 3207 1106 3272 cavernis
1129 3217 1244 3288 terrae,
1269 3217 1390 3294 quanto
1414 3208 1520 3272 minus
1544 3209 1578 3272 in
1594 3206 1743 3272 domibus
1767 3230 1882 3294 regum
1897 3207 2070 3274 luxuriose

410 3314 654 3378 convivantium
679 3323 711 3377 et
734 3313 768 3377 in
791 3314 870 3399 ipsis
894 3314 1054 3378 conviviis
1086 3312 1125 3377 de
1149 3321 1251 3376 morte
1276 3312 1429 3378 Iohannis
1460 3315 1678 3396 tractantium,
1703 3337 1800 3400 quem
1824 3313 1937 3380 dolent
1961 3315 2071 3380 adhuc

409 3421 522 3484 vivero
552 3421 586 3484 in
609 3419 725 3505 spiritu
749 3429 781 3483 et
804 3420 922 3484 virtute
946 3418 1053 3505 Helye
1083 3429 1179 3506 atque
1207 3419 1281 3484 ideo
1305 3419 1481 3485 moliuntur
1504 3443 1578 3485 eum
1608 3421 1642 3484 in
1665 3421 1745 3484 viris
1768 3422 1862 3486 iustis
1887 3433 1919 3486 et
1944 3423 2070 3486 sanctis

246 3551 392 3598 sarasan.
411 3527 612 3611 extinguere.
660 3523 727 3590 Sed
756 3524 904 3612 nunquid
934 3525 1008 3590 ideo
1032 3524 1168 3590 verbum
1192 3525 1233 3589 dc
1257 3548 1312 3590 ore
1336 3525 1470 3590 Domini
1499 3525 1599 3590 semel
1627 3549 1793 3612 egressum
1817 3539 2003 3593 revertetur
2027 3525 2070 3592 ad

410 3634 515 3719 ipsum
531 3631 697 3696 vacuum?
732 3631 823 3697 Non:
847 3631 906 3696 sed
929 3632 1029 3697 faciet
1044 3653 1237 3718 quecunque
1253 3630 1357 3696 voluit
1372 3641 1404 3696 et
1419 3630 1664 3718 prosperabitur
1686 3633 1720 3696 in
1743 3633 1793 3697 his
1817 3633 1963 3720 adquae
1980 3636 2071 3700 misit
2089 3661 2115 3700 a

287 3763 393 3812 ressa.
410 3737 500 3802 illud.
540 3736 633 3802 Sicut
656 3739 740 3801 enim
765 3739 798 3802 in
815 3739 978 3802 creatione
1001 3737 1115 3802 mundi
1138 3739 1208 3822 ipse
1233 3737 1316 3802 dixit
1339 3750 1372 3802 ct
1395 3737 1482 3802 facta
1505 3749 1588 3822 sunt,
1612 3739 1683 3825 ipse
1706 3739 1876 3804 mandavit
1900 3752 1933 3805 et
1957 3751 2071 3806 creata

411 3855 501 3927 sunt,
526 3845 572 3908 sic
597 3866 699 3931 usquc
724 3843 766 3908 ad
783 3845 1093 3909 consummationem
1109 3843 1211 3908 seculi
1227 3866 1362 3908 manens
1379 3867 1452 3908 cum
1469 3844 1581 3909 electis
1604 3845 1674 3931 ipse
1691 3846 1770 3910 dicit
1794 3858 1827 3910 et
1848 3847 1948 3930 fiunt;
1973 3849 2069 3934 ipsce

410 3950 544 4014 mandat
568 3951 781 4036 spiritumque
806 3972 898 4014 suum
924 3951 1048 4015 emittet
1072 3961 1104 4013 et
1127 3949 1334 4014 creabuntur.
1375 3949 1471 4031 Quod
1495 3952 1572 4037 quia
1595 3953 1691 4038 pauci
1716 3951 1862 4035 credunt,
1886 3953 1962 4018 ideo
1987 3953 2069 4019 dici-

270 4081 391 4130 mmas.
410 4065 478 4120 tur:
507 4055 585 4122 Cum
611 4059 728 4121 uenerit
741 4058 836 4145 filiae
859 4057 1006 4137 bominis,
1024 4071 1133 4142 putas,
1156 4059 1293 4122 iuoeuiet
1307 4057 1407 4144 fidem
1431 4081 1527 4142 seper
1548 4060 1688 4122 terrem?
1725 4056 1848 4124 Vident
1870 4060 1959 4124 enim
1982 4082 2069 4146 pene

280 4188 392 4236 reram.
412 4183 522 4226 omnes
554 4160 649 4226 ollam
679 4184 880 4244 succensam,
911 4161 1009 4226 flante
1040 4161 1208 4248 aquilone;
1240 4161 1297 4226 scd
1321 4161 1381 4226 soli
1405 4172 1438 4225 et
1461 4164 1558 4248 pauci
1588 4162 1700 4227 fideles
1723 4163 1838 4228 vident
1867 4165 1964 4230 simul
1992 4189 2068 4231 cum
2087 4192 2113 4232 a

323 4294 392 4337 ran.
410 4267 550 4332 Ieremia
573 4269 699 4354 virgam
723 4268 923 4355 vigilantem,
948 4291 1012 4354 qua
1036 4267 1285 4349 demonstratur,
1309 4267 1398 4355 quod
1420 4268 1581 4334 Dominus
1604 4267 1719 4354 vigilat
1747 4292 1846 4356 super
1868 4270 1971 4336 verbo
1996 4295 2067 4356 sno,

410 4383 446 4438 ut
475 4373 576 4439 faciat
605 4373 693 4458 illud,
722 4377 778 4462 qui
801 4375 843 4440 ad
866 4374 1101 4461 perficiendum
1124 4397 1218 4439 onme
1243 4373 1330 4460 quod
1353 4374 1500 4456 intendit,
1531 4397 1686 4461 prospere
1710 4375 1859 4462 procedit
1882 4387 1915 4441 ct
1938 4391 2066 4464 regnat,

343 4507 393 4558 (ss).
411 4502 472 4544 nec
496 4490 546 4544 est
569 4482 625 4568 qui
650 4483 718 4546 eins
741 4492 907 4568 gyganteo
923 4482 1034 4546 cursui
1051 4481 1206 4546 obsistere
1222 4480 1340 4546 valcat.
1375 4480 1469 4544 Duas
1492 4481 1546 4545 hic
1570 4481 1736 4567 perpendo
1759 4483 1957 4548 intentiones
1981 4486 2069 4549 inter

412 4609 446 4650 se
470 4599 699 4673 repugnantes.
746 4587 829 4652 Nam
855 4598 887 4652 et
910 4586 974 4652 olla
997 4610 1155 4652 succensa
1178 4585 1300 4652 diaboli
1323 4585 1375 4650 vel
1391 4585 1583 4651 Antichristi
1607 4588 1769 4673 significat
1793 4589 1995 4654 maliciosam
2018 4593 2068 4656 in·

235 4720 392 4768 aestuata.
411 4693 598 4776 tentionem,
624 4717 688 4780 qua
710 4694 850 4759 intendit
872 4695 982 4759 omnia
1005 4692 1215 4774 confundere,
1239 4694 1285 4757 ita
1307 4703 1343 4758 nt
1365 4694 1399 4757 in
1419 4715 1562 4758 errorem
1584 4693 1789 4777 inducantur,
1814 4696 1842 4760 si
1865 4695 1935 4760 ficri
1960 4708 2068 4784 potest
2085 4723 2113 4764 a

412 4799 510 4864 etiam
534 4798 629 4864 electi
652 4801 747 4864 huius
771 4799 853 4865 ollae
876 4800 965 4865 fumo
989 4800 1111 4882 cecati;
1136 4821 1199 4885 quo
1223 4809 1335 4864 contra
1350 4799 1511 4864 Dominus
1535 4800 1682 4883 intendit,
1707 4811 1742 4866 ut
1765 4800 1821 4866 fiat
1844 4801 1937 4868 salva
1961 4806 2067 4868 omnis

413 4927 488 4970 caro
513 4904 628 4970 diebus
652 4906 744 4971 malis
759 4905 926 4988 breviatis,
951 4907 1008 4992 qui
1030 4907 1094 4970 nisi
1116 4905 1352 4988 breviarentur,
1377 4907 1461 4971 sicut
1483 4907 1553 4992 ipse
1578 4905 1638 4987 ait,
1655 4930 1721 4972 non
1737 4907 1830 4972 fieret
1846 4908 1939 4974 salva
1962 4912 2067 4974 omnis

322 5003 393 5095 Ξξξξῖ·
413 5034 499 5095 caro,
531 5011 588 5076 sed
612 5028 747 5100 propter
769 5015 887 5094 eleetos,
917 5014 1033 5100 inquit,
1065 5014 1295 5078 breviabuntur.
1342 5012 1431 5098 Ergo
1454 5035 1521 5078 non
1545 5013 1662 5078 'solum
1688 5013 1762 5101 [ipsi
1770 5013 1795 5102 ἃ]
1820 5013 1918 5080 electi
1940 5015 2068 5081 robusti

413 5127 445 5182 et
468 5118 615 5204 perfecti,
647 5118 705 5182 sed
735 5119 831 5183 etiam
862 5118 995 5205 fragiles
1025 5118 1145 5182 infirmi
1174 5119 1305 5182 nomine
1336 5120 1443 5184 carnis
1473 5118 1636 5206 designati
1663 5118 1884 5204 salvabuntur,
1909 5131 1945 5186 ut
1969 5132 2002 5186 et
2026 5123 2066 5187 dc

271 5251 394 5300 osseas.
412 5223 566 5310 perfectis
590 5225 679 5290 dicat
700 5226 788 5311 ipsc:
812 5226 882 5290 Hoc
905 5251 987 5290 nuuc
1011 5250 1044 5290 os
1067 5227 1249 5290 occasibus
1272 5229 1359 5307 meis,
1389 5236 1421 5290 et
1445 5225 1485 5291 de
1508 5226 1708 5312 imperfectis
1732 5226 1928 5310 hominibus,
1957 5239 2067 5292 tamen
2084 5255 2114 5294 a

412 5328 518 5394 bonae
542 5329 727 5414 voluntatis,
759 5330 931 5396 adiciendo
963 5329 1157 5413 subinferat,
1189 5347 1218 5397 et
1246 5356 1320 5397 coro
1351 5333 1389 5398 de
1419 5358 1513 5398 carue
1543 5359 1621 5398 tneo.
1670 5333 1741 5398 Sic:
1771 5334 1813 5399 Te
1837 5334 1923 5399 decet
1942 5360 2067 5422 ymnus,

290 5463 394 5511 rana.
413 5437 511 5519 Deus,
542 5441 576 5503 iu
600 5437 696 5527 Syna,
723 5449 760 5503 ut
789 5437 847 5502 fiat
876 5437 963 5524 quod
993 5438 1027 5501 in
1051 5437 1166 5502 eodem
1190 5438 1317 5501 canitur
1338 5460 1448 5524 ymno,
1472 5436 1528 5502 ubi
1552 5438 1687 5504 dicitur:
1718 5441 1775 5504 Ad
1803 5454 1830 5505 te
1861 5444 1963 5506 omnis
1993 5467 2066 5508 coro

520 5635 547 5698 a)
569 5637 597 5687 hi
616 5637 648 5687 B.
721 5635 749 5698 b)
771 5637 859 5688 audiri
880 5637 913 5686 A.
987 5633 1013 5698 c)
1034 5639 1092 5704 ipsc
1113 5663 1145 5671 -
1166 5638 1332 5688 creabuntur
1350 5638 1399 5688 des.
1419 5637 1452 5689 Β.
1525 5637 1553 5702 d)
1574 5639 1639 5689 deest
1657 5637 1690 5688 Β.

525 5799 552 5868 l)
578 5799 670 5858 Paulo
691 5800 820 5876 asperius
843 5801 893 5857 col.
913 5800 986 5856 214.
