4418 6412
434 285 497 348 372
726 292 906 348 GERHOHI
929 291 1164 348 PRAEPOSITI
1187 289 1595 347 REICHERSBERGENSIS
1619 290 1784 345 LIBELLI.

433 477 520 543 idem
537 491 757 565 competenter
772 478 923 564 negando
948 489 979 542 et
1003 478 1044 543 ab
1068 479 1213 544 hostibus
1237 479 1366 565 imperii
1390 475 1493 542 soluto
1517 477 1605 563 pacti
1628 477 1740 542 federe
1765 477 1923 541 auxilium
1949 475 2091 540 011010-

433 609 501 650 rem
525 608 618 650 suum
642 584 737 670 longe
761 585 922 668 faciendo,
951 587 1094 650 maxime
1119 609 1192 650 curn
1216 585 1354 650 domnus
1377 586 1555 671 imperator
1578 607 1676 671 super
1699 583 1849 648 omnibus
1875 606 1961 670 quae
1988 593 2093 667 postu-

433 692 540 756 lantur
569 692 717 756 iusticias
748 715 806 755 seu
836 692 971 756 consilio
1001 703 1087 756 stare
1119 703 1251 779 paratus
1281 693 1388 774 fuerit,
1420 713 1549 778 semper
1572 701 1604 755 et
1627 690 1733 755 adhuc
1756 691 1830 754 Deo
1859 701 2039 770 annuente,
2062 701 2095 753 ut

434 821 611 884 speramus,
636 809 768 883 paratus
786 800 856 881 erit,
881 800 964 863 sicut
988 822 1060 864 esse
1077 799 1185 882 debet,
1209 799 1351 864 maxime
1376 799 1403 862 si
1427 799 1567 883 expiatis
1591 796 1641 861 his
1658 797 1796 884 piaculis
1813 797 1853 862 de
1870 797 2096 860 Romanorum

434 927 513 990 erga
535 905 708 991 imperium
730 905 886 971 fidelitate
911 907 1099 970 eonstiterit.
1135 907 1274 992 Propter
1297 905 1358 970 1100
1382 905 1482 991 igitur
1505 927 1525 969 a
1547 902 1698 969 fidelibus
1722 903 1882 968 ecelesiae
1907 915 1941 968 et
1965 903 2125 989 imperiis

434 1012 586 1098 generale
618 1011 821 1076 desideratur
845 1012 1027 1095 concilium,
1051 1011 1107 1076 ubi
1132 1012 1282 1077 omnibus
1313 1012 1362 1076 his
1392 1013 1426 1076 in
1450 1011 1593 1076 medium
1617 1010 1751 1097 prolatis
1775 1033 1825 1094 ac,
1848 1010 1924 1075 Deo
1950 1009 2097 1090 favente,

435 1119 575 1205 expiatis
599 1142 739 1205 unoque,
764 1118 946 1183 adulterino
970 1117 1133 1202 videlicet,
1158 1119 1290 1206 palmite
1315 1121 1426 1184 exciso
1451 1129 1483 1183 et
1506 1117 1569 1182 alio
1594 1129 1731 1204 purgato
1756 1119 1865 1182 unitas
1889 1117 1948 1181 fiat
1974 1125 2009 1180 et
2032 1139 2100 1202 pax

434 1226 678 1311 interregnum
703 1236 734 1289 et
758 1223 985 1308 sacerdotium,
1017 1248 1083 1312 pax
1112 1248 1241 1312 quoque
1272 1226 1502 1291 reformaretur
1532 1224 1692 1290 ecclesiae
1723 1224 1887 1290 scandalis
1919 1222 2043 1287 ablatis
2068 1233 2101 1286 et

435 1331 568 1396 excluso
593 1333 754 1396 scismate.

364 1501 415 1548 (10).
838 1477 890 1538 58.
927 1473 1277 1540 Commemoracio
1301 1476 1461 1539 veteris
1485 1473 1685 1560 hystorie.
2121 1497 2144 1534 a

542 1599 631 1663 Talis
654 1621 795 1686 namque
818 1622 886 1686 pax
909 1601 994 1664 inter
1017 1600 1233 1665 sacerdotium
1258 1611 1291 1663 et
1313 1622 1450 1686 regnum
1467 1599 1566 1664 etiam
1582 1598 1658 1662 olim
1682 1599 1716 1662 in
1731 1598 1947 1684 dispositione
1975 1607 2100 1660 castro·

283 1706 717 1780 01011110.1111110100111101Ιι
740 1706 852 1794 populi
875 1706 1075 1792 prefigurata
1098 1719 1157 1790 est,
1182 1706 1237 1772 ubi
1261 1705 1303 1771 ad
1320 1707 1489 1772 Orientem
1514 1718 1588 1771 ante
1605 1706 1723 1770 faciem
1739 1703 1942 1770 tabernaculi
1962 1703 2100 1789 Moyses

436 1825 468 1878 et
482 1813 594 1877 Aaron
617 1812 712 1877 simul
735 1811 1080 1895 castrametabantur,
1104 1813 1166 1878 hoc
1189 1813 1394 1900 significante
1417 1813 1541 1899 Spiritu
1565 1823 1677 1876 sancto
1702 1811 1881 1877 eorundem
1905 1811 2099 1875 ordinatore

336 1945 372 1994 ⁸1).
380 1943 414 1985 sa.
435 1930 614 1984 castrorum
644 1921 796 1984 nimirum
826 1921 859 1983 in
889 1918 1038 1984 umbram
1068 1920 1250 1985 futurorum
1281 1930 1378 2007 atque
1409 1919 1590 2002 celestium,
1621 1919 1735 1983 'nichil
1769 1919 1875 2004 magis
1906 1917 2099 1982 conducere

435 2026 593 2092 ecclesiae
609 2027 674 2092 Dei
697 2027 870 2113 profectui,
894 2049 993 2113 quarn
1016 2027 1108 2091 utin
1123 2051 1222 2091 unum
1240 2026 1388 2091 habitent
1411 2025 1616 2091 concorditer
1639 2024 1856 2090 sacerdotium
1882 2035 1915 2088 et
1939 2047 2141 2110 reguum31s

434 2135 518 2198 sicut
542 2145 674 2198 econtra
698 2131 821 2198 eisdem
845 2132 887 2198 ab
911 2135 1053 2198 invicem
1077 2132 1310 2198 dissidentibus
1334 2135 1431 2198 statui
1456 2131 1630 2197 christiano
1654 2131 1753 2196 nichil
1778 2154 1850 2196 esse
1873 2130 2098 2218 perniciosius

434 2263 587 2326 umquam
611 2241 715 2326 potuit
738 2262 776 2304 ac
800 2242 928 2327 poterit.
965 2239 1113 2322 Quodsi
1136 2240 1355 2326 dedignantur
1370 2240 1518 2322 Romani,
1542 2249 1578 2304 ut
1600 2262 1691 2304 suam
1709 2239 1846 2304 ecclesie
1869 2238 2098 2303 innocentiam

434 2370 533 2434 super
561 2346 744 2412 iamdictis
769 2345 1047 2412 criminationibus
1072 2346 1258 2428 exhibeant,
1282 2357 1393 2433 utpote
1417 2369 1553 2434 quorum
1578 2346 1619 2410 sit
1643 2344 1683 2410 de
1707 2345 1856 2410 omnibus
1887 2345 2039 2410 iudicare
2064 2354 2098 2408 et

434 2477 454 2518 a
469 2455 608 2536 nemine,
626 2453 783 2540 quicquid
797 2454 936 2518 fecerint
952 2465 1007 2518 aut
1024 2453 1224 2540 divulgatum
1249 2453 1289 2518 de
1313 2455 1360 2517 eis
1384 2453 1490 2535 suerit,
1515 2451 1662 2534 iudicari,
1686 2453 1734 2516 ita
1756 2462 1791 2517 ut
1814 2475 1909 2516 nemo
1935 2452 1985 2517 eis
2005 2451 2097 2516 dicat

434 2560 486 2625 vel
510 2559 619 2624 dicere
643 2559 778 2625 debeat:
810 2559 888 2625 ‘Cur
914 2561 960 2625 ita
983 2560 1141 2642 facitisl',
1173 2583 1287 2647 parum
1311 2559 1364 2624 vel
1388 2559 1488 2623 nichil
1511 2558 1552 2622 de
1577 2557 1739 2624 scandalis
1763 2558 1901 2623 ecclesie
1927 2570 2096 2640 curantes,
2115 2581 2140 2620 so

434 2678 545 2753 utpote
563 2665 680 2752 quibus
704 2668 746 2731 sit
768 2667 891 2732 licitum
907 2667 1075 2754 quodlibet
1093 2667 1191 2732 fuerit
1210 2667 1347 2750 libitum,
1372 2666 1451 2754 quid
1466 2664 1552 2730 ultra
1575 2664 1831 2752 expectabimus,
1855 2666 1918 2730 nisi
1937 2679 1984 2748 ut,
2011 2667 2038 2728 si
2063 2677 2097 2729 et

434 2774 495 2838 hoc
519 2773 650 2838 libuerit
665 2773 822 2860 quicquid
846 2773 953 2839 adhuc
969 2753 1077 2839 fastus
1095 2786 1128 2839 01
1152 2775 1306 2856 01011010,
1331 2773 1395 2838 duo
1412 2773 1537 2838 seilicet
1552 2772 1630 2836 mali
1646 2772 1832 2856 consiliarii,
1857 2773 2094 2859 suggesserint,

435 2882 491 2968 qui
514 2903 587 2944 raro
611 2881 645 2945 in
670 2879 759 2945 Urbe
783 2880 965 2964 defuerunt,
995 2880 1180 2967 compleant
1204 2883 1302 2946 etiam
1325 2903 1427 2945 novas
1451 2880 1540 2966 leges
1564 2878 1729 2944 veteribus
1752 2876 1890 2962 abolitis,
1923 2878 1967 2942 ad
1991 2878 2093 2965 placi-

434 2999 502 3051 tum
519 2986 661 3051 condant
683 2988 839 3052 terminos
856 2989 1111 3073 episcopatuum,
1135 2989 1199 3052 iam
1217 2987 1294 3052 olim
1310 2988 1494 3073 antiquatos
1511 3008 1623 3050 omnes
1640 3009 1657 3050 0
1674 2985 1782 3050 medio
1798 2985 1912 3050 tollant
1935 2997 1968 3050 et
1988 3009 2093 3050 novos

434 3116 492 3181 pro
517 3093 650 3158 consilio
670 3093 879 3181 philargiriae
903 3094 1020 3158 limites
1044 3104 1197 3176 statuant,
1221 3094 1261 3159 110
1285 3092 1619 3180 archiepiscopatibus
1644 3092 1794 3157 omnibus
1817 3093 2035 3179 suffraganias
2060 3104 2094 3158 et
2112 3117 2137 3155 ss

435 3200 475 3264 de
499 3199 707 3286 suffraganiis
737 3200 1036 3287 archiepiscopatus
1067 3202 1264 3266 constituant
1293 3202 1378 3264 inter
1401 3200 1462 3264 hec
1486 3201 1595 3264 omnia
1616 3201 1789 3287 pinguiora
1813 3210 1844 3264 et
1867 3200 2005 3264 meliora
2028 3199 2092 3265 sibi

215 3297 406 3387 Abusionurnb
434 3318 650 3390 reservantes,
682 3319 792 3372 cetera
819 3329 897 3370 vero
928 3307 971 3371 ad
1000 3305 1081 3371 libre
1112 3307 1258 3393 pondera
1289 3317 1482 3390 statuentes;
1514 3307 1611 3371 immo
1638 3329 1716 3371 vero
1748 3317 1780 3370 et
1810 3308 1836 3371 si
1866 3307 2029 3393 placuerit
2059 3318 2092 3372 et

203 3372 414 3496 Ἓὲὲῗξὲῗζῃέἓ
435 3413 510 3478 mali
533 3413 580 3477 illi
604 3413 780 3478 consiliarii
800 3415 1031 3500 suggesserint,
1056 3413 1182 3500 reliqua
1206 3414 1306 3478 ovilia
1329 3415 1438 3478 omnia
1461 3416 1494 3477 in
1518 3437 1617 3479 unum
1641 3413 1836 3496 conducant,
1860 3425 1896 3477 ut
1920 3415 1961 3478 sit
1985 3413 2091 3478 solum

433 3544 534 3584 unum
550 3521 634 3585 ovile
659 3532 692 3584 et
713 3543 798 3585 unus
821 3531 932 3606 pastor
955 3520 1041 3585 solus
1061 3521 1226 3585 Romanus
1249 3521 1413 3607 pontifex3
1445 3531 1511 3602 aut,
1535 3522 1562 3584 si
1585 3519 1647 3584 hoc
1670 3520 1804 3586 difficile
1828 3543 1866 3584 ac
1890 3519 2091 3585 laboriosum

434 3628 540 3690 visum
563 3626 671 3710 fuerit,
696 3628 867 3714 episcopos
891 3628 1104 3710 visitationes,
1129 3627 1241 3714 quales
1265 3627 1384 3710 volent,
1416 3626 1478 3691 sibi
1501 3628 1609 3692 iurare
1633 3628 1765 3711 fociant,
1795 3651 1890 3714 reges
1915 3651 2046 3715 quoque
2070 3651 2090 3691 a
2108 3652 2132 3691 ao

434 3733 632 3798 subiciendis
657 3732 719 3797 sibi
742 3733 918 3798 rebellibus
942 3745 974 3797 et
998 3733 1210 3798 eeclesiarum
1226 3756 1266 3799 ac
1282 3735 1451 3798 civitatum
1466 3732 1685 3799 vastatoribus
1702 3733 1905 3821 prohibeant,
1924 3735 2088 3800 dicentes:

434 3839 518 3904 ‘Huc
541 3862 644 3926 usque
660 3841 772 3904 venies
796 3851 829 3903 et
851 3863 916 3903 101
939 3841 1098 3926 procedes
1122 3839 1281 3926 amplius’,
1306 3852 1362 3905 aut
1385 3840 1446 3905 hec
1470 3863 1529 3906 sua
1552 3853 1708 3928 precepta
1731 3841 2009 3927 transgredientes
2034 3866 2088 3908 ex·

434 3948 682 4028 communicent,
706 3946 830 4010 medios
855 3969 983 4033 quoque
1008 3969 1042 4010 se
1066 3948 1151 4012 inter
1175 3969 1269 4034 reges
1293 3971 1332 4012 00
1355 3949 1510 4030 tirannos,
1542 3949 1626 4012 inter
1650 3949 1798 4012 civitates
1828 3948 2018 4012 alterutrum
2042 3951 2088 4012 in-

433 4052 588 4117 festantes
620 4055 827 4139 interponant
850 4065 882 4117 et
905 4076 1042 4140 quorum
1067 4054 1113 4117 eis
1137 4055 1277 4140 pecunia
1306 4053 1378 4141 plus
1402 4053 1642 4140 ponderaverit,
1667 4075 1778 4118 eorum
1802 4053 2008 4119 adversarios
2033 4079 2087 4120 ex-

434 4161 672 4224 communicent
702 4159 904 4246 eandemque
933 4160 1302 4224 excommunicationem
1327 4159 1402 4225 dato
1432 4162 1543 4247 precio
1568 4160 1779 4225 absolutionis
1803 4160 1992 4244 absolvant,
2023 4163 2087 4227 iam
2106 4185 2129 4224 a

433 4288 510 4330 vero
535 4279 567 4330 et
590 4266 726 4330 aliarum
756 4268 925 4331 civitatum
953 4266 1099 4352 presules
1123 4276 1155 4330 et
1179 4267 1299 4353 quique
1330 4267 1469 4331 ecclesie
1499 4267 1701 4352 presidentes
1725 4265 1873 4331 videntes
1903 4266 2087 4333 libertatem

433 4373 586 4458 ipsorum,
617 4373 651 4436 in
674 4371 823 4436 omnibus
855 4373 905 4437 his
935 4371 1035 4436 libere
1067 4373 1165 4436 etiam
1195 4374 1258 4458 ipsi
1289 4397 1347 4460 pro
1371 4396 1430 4437 sua
1452 4373 1666 4460 possibilitate
1690 4372 1743 4437 vel
1773 4373 1843 4438 loco
1871 4375 2015 4461 ipsorum
2039 4397 2087 4438 se-

434 4489 574 4565 quantur
597 4501 731 4562 errores,
755 4489 849 4565 turpe
873 4480 959 4543 enim
975 4478 1129 4543 Romanis
1153 4503 1290 4564 arguere
1314 4482 1348 4543 in
1371 4480 1452 4563 aliis,
1478 4480 1566 4566 quod
1588 4482 1652 4566 ipsi
1675 4480 1821 4544 fecerint.
1861 4482 1997 4569 Sintque
2021 4481 2087 4545 iam

433 4607 545 4649 omnes
569 4607 634 4648 non
657 4584 809 4672 discipuli
833 4587 989 4668 veritatis,
1021 4584 1079 4649 sed
1101 4588 1249 4671 magistri
1273 4587 1369 4650 simul
1393 4610 1431 4650 ac
1456 4587 1606 4674 discipuli
1630 4589 1759 4671 erroris,
1790 4599 1962 4674 sequentes
1987 4590 2086 4654 etiam

433 4715 497 4756 non
520 4691 629 4756 Iesum
653 4690 816 4757 Christum
847 4693 881 4755 in
904 4692 965 4756 hoc
989 4692 1109 4757 mundo
1137 4715 1315 4778 pauperem
1338 4692 1390 4756 vel
1416 4692 1591 4780 Symonem
1614 4694 1748 4759 Petrum
1779 4717 1890 4760 aurum
1915 4705 1948 4759 et
1970 4719 2084 4782 argen-
2103 4719 2129 4756 ro

415 4791 499 4863 ¹tum
523 4822 587 4862 non
611 4798 795 4880 habentem,
821 4798 879 4862 sed
894 4799 1130 4863 Antichristum
1151 4800 1311 4863 thesauris
1334 4801 1406 4863 auri
1430 4811 1462 4864 et
1484 4801 1612 4886 argenti
1636 4799 1856 4866 dominantem
1873 4813 1904 4866 et
1920 4801 2085 4867 Simonem

432 4928 562 4991 magum
587 4904 673 4969 dona
688 4906 752 4970 Dei
775 4905 922 4992 pecuniis
947 4907 1161 4970 estimantem.
1198 4905 1319 4986 Quales
1342 4907 1494 4970 nimirum
1517 4908 1690 4992 magistros
1713 4931 1752 4972 ac
1776 4907 1952 4994 discipulos
1968 4909 2085 4972 Petrus

282 5039 412 5088 panau.
432 5011 597 5097 apostolus
628 5014 661 5076 in
685 5012 823 5098 epistola
851 5035 910 5076 sua
934 5011 1113 5076 detestatur
1143 5011 1271 5076 dicens:
1306 5013 1367 5078 001
1398 5017 1599 5079 aeternitatum
1629 5018 1775 5080 ocorr'er'a
1805 5017 1958 5096 hebentes,
1989 5018 2085 5081 mol-

433 5119 581 5183 diett'om's
596 5122 685 5206 sil-ii,
709 5121 957 5204 cle-relinquentes
981 5122 1064 5183 ciem
1090 5134 1204 5183 rectora
1227 5136 1420 5201 0110001001,
1444 5124 1544 5185 secuti
1564 5125 1650 5186 rotam
1673 5121 1815 5186 Balaam
1837 5147 1876 5186 eor
1891 5122 2004 5204 Bosor,
2029 5127 2089 5210 qui
2110 5207 2111 5210 Ἴ

318 5250 412 5294 marr.
432 5226 601 5290 mercedem
627 5229 805 5311 iniquitatis
828 5228 955 5289 0110111
1003 5225 1055 5288 De
1080 5224 1199 5288 talibus
1223 5248 1301 5288 vero
1326 5238 1358 5289 et
1381 5226 1479 5290 Iudas
1504 5228 1685 5312 apostolus:
1711 5228 1762 5310 Ve,
1786 5229 1901 5314 inquit,
1925 5230 2004 5309 illes,
2029 5233 2089 5315 qai
2103 5253 2129 5291 10

432 5334 466 5396 ia
490 5334 543 5395 oio
571 5331 1018 5397 0110111011011111101011010
1042 5332 1182 5398 Balouos
1213 5333 1352 5398 caereale
1382 5348 1454 5398 suot
1482 5337 1579 5420 elthei
1599 5350 1628 5399 et
1654 5339 1688 5400 io
1712 5335 1956 5400 contradictione
1984 5335 2084 5400 Chore

334 5464 411 5516 1101.
424 5441 599 5524 perierunt.
648 5437 707 5519 Vc,
739 5437 843 5522 inquit
866 5437 923 5517 eis,
954 5459 1029 5500 nam
1055 5440 1203 5523 quamvis
1230 5438 1402 5503 ‘eiusmodi
1433 5438 1669 5505 maledictionis
1692 5441 1750 5504 filii
1774 5441 1954 5506 Balaamite
1985 5441 2083 5506 bene-

538 5653 564 5716 n)
587 5654 711 5704 isralitici
729 5672 749 5704 c.
823 5652 850 5716 b)
872 5655 948 5705 11111110
967 5673 987 5707 c.
