4568 6428
454 374 494 436 56
587 378 742 434 LIBELLI
764 377 930 432 Hoxenn
955 349 1339 432 Atsset'srnnuhllh'SIS
1366 374 1606 430 PRESBYTERI
1630 375 1679 428 ET
1703 371 1971 428 SCHOLASTICI.

987 566 1038 627 51.
1083 563 1141 626 De
1173 559 1385 626 ordinatis
1416 560 1464 626 ab
1496 563 1566 624 eis.

559 689 665 754 ludoa
689 691 848 753 canonica
871 690 1074 768 auctoritate,
1100 689 1127 750 si
1152 689 1224 772 quis
1249 709 1267 750 a
1292 689 1490 772 symoniacis
1515 686 1692 766 ordinatur,
1724 683 1765 748 ab
1790 685 1877 747 omni
1901 683 2008 746 officio
2033 704 2107 745 aec-

456 798 596 863 clesiael'
622 807 859 882 sequestratur3
885 795 943 858 sed
968 796 994 858 si
1018 794 1060 858 ad
1077 794 1271 858 aecclesiam
1289 795 1498 874 convertitur,
1524 804 1556 858 et
1580 795 1649 856 eius
1666 794 1733 855 vita
1757 790 1844 854 utilis
1868 791 1900 854 iu
1918 790 2004 854 clero
2024 789 2106 852 iudi-

456 917 558 986 catur,
583 927 647 968 non
667 903 904 984 reordinasse,
930 902 987 965 sed
1004 923 1063 987 per
1077 924 1193 965 manus
1217 902 1446 986 inpositionem
1470 899 1620 964 catholici
1645 899 1790 986 episcopi
1814 896 2073 962 reconciliatur‘l·
2086 900 2106 960 1.

1070 1083 1123 1144 52.
1166 1079 1224 1144 De
1257 1078 1486 1164 sepultura.
2126 1097 2141 1135 s

563 1207 598 1272 Si
622 1207 694 1292 quis
718 1198 863 1286 moritur,
888 1228 953 1268 non
977 1205 1023 1268 cis
1047 1204 1090 1267 ad
1106 1203 1329 1290 sepeliendum
1346 1202 1521 1284 deferatur,
1546 1225 1586 1266 ne
1607 1225 1724 1288 corpus
1748 1203 1782 1265 in
1797 1200 1992 1288 baptismate
2008 1198 2107 1262 bene·

457 1315 578 1379 dictum
609 1338 629 1376 a
659 1312 832 1376 maledicto
865 1310 1034 1376 sacerdote
1065 1311 1288 1375 maledicatur.
1342 1310 1407 1374 Sed
1439 1312 1466 1374 si
1497 1333 1560 1373 non
1592 1321 1696 1396 potest
1727 1309 1905 1373 catholicus
1936 1306 2110 1394 presbyter

458 1421 641 1500 turnvcrcari,
667 1418 765 1483 debet
789 1417 974 1483 nfidelibus
998 1418 1090 1482 laicis
1115 1416 1276 1482 tumulari.
1317 1417 1383 1482 Sed
1400 1417 1498 1481 dicis:
1524 1414 1715 1480 ‘Prohibeor
1731 1415 1771 1480 ab
1788 1414 1842 1479 illo
1868 1425 1921 1478 et⁹
1945 1437 1964 1478 a
1987 1413 2108 1500 populo

458 1527 594 1614 sepelire
620 1550 694 1590 crim
718 1528 750 1590 in
776 1525 956 1590 aecclesiae
981 1524 1172 1610 cymiterio’.
1219 1523 1323 1587 Audi:
1357 1523 1392 1588 Si
1415 1523 1537 1587 rideris
1569 1547 1643 1588 eum
1666 1522 1871 1609 tyrannidem
1896 1544 2051 1586 exercere
2077 1531 2109 1584 et

458 1633 518 1698 tibi
542 1635 700 1719 gremium
726 1633 906 1697 aecclesiae
930 1630 1114 1718 prohibere,
1139 1627 1230 1694 scito
1245 1641 1346 1694 totum
1362 1631 1519 1695 mundum
1537 1653 1608 1694 esse
1624 1629 1690 1693 Dei
1714 1629 1870 1716 templum
1894 1640 1925 1694 et
1948 1629 2108 1714 sanguine
2129 1651 2158 1688 ιο

458 1741 580 1805 Christi
604 1739 791 1804 dedicatum
815 1751 847 1804 et
871 1738 1068 1824 ubicumque
1092 1747 1251 1802 mortuum
1276 1749 1366 1802 tuum
1393 1739 1551 1824 posueris,
1583 1738 1616 1800 in
1646 1737 1769 1822 gremio
1800 1737 1980 1800 aecclesiae
2012 1734 2108 1800 collo·

460 1846 560 1911 cabis
609 1847 644 1912 Si
668 1858 775 1910 autem
800 1857 944 1910 manuus
969 1868 987 1908 a
1012 1847 1117 1909 minus
1142 1843 1318 1908 scientibus
1344 1846 1390 1909 eis
1414 1845 1567 1930 perlatus,
1599 1843 1641 1908 ab
1666 1846 1712 1907 eis
1741 1843 1905 1929 sepelitur,
1935 1867 2000 1907 non
2032 1841 2109 1906 effo-

462 1955 578 2034 diatur,
611 1955 688 2040 quia
713 1955 836 2016 'anima
867 1952 951 2016 illius
982 1951 1045 2014 fide
1076 1951 1269 2037 simplicium
1299 1951 1452 2034 salvatur,
1484 1953 1567 2016 sicut
1591 1962 1623 2015 et
1645 1951 1866 2038 paralyticus‘
1890 1950 1954 2014 fide
1978 1961 2109 2035 portan-

459 2063 538 2126 tium
562 2085 581 2125 a
605 2061 770 2124 Ι)οιιιὶιιιιῐζ
795 2058 1000 2122 cruebatur2.
1048 2059 1091 2122 Et
1122 2058 1202 2122 haec
1234 2060 1416 2122 eonnnunio
1447 2082 1511 2123 non
1539 2069 1644 2136 nocet,
1676 2059 1737 2121 nisi
1762 2055 1818 2121 uhi
1842 2080 1876 2120 se
1901 2056 2109 2144 prudentium

459 2191 635 2233 consensus
660 2169 800 2230 scienter
824 2165 947 2252 prebet.
2131 2183 2159 2222 rs

1046 2293 1099 2354 53.
1143 2290 1202 2354 Do
1234 2290 1515 2355 confessione.

567 2418 709 2480 Peccata
734 2415 780 2478 eis
805 2414 892 2478 nulla
916 2415 1139 2496 confiteantur,
1172 2416 1248 2501 qnia
1274 2438 1338 2478 non
1363 2427 1411 2478 est
1442 2415 1613 2495 confessio,
1645 2415 1703 2478 sed
1726 2425 1934 2501 precentorum
1958 2413 2110 2500 proditio,

460 2536 491 2588 et
515 2523 647 2588 eorumh
672 2521 786 2586 solatio
810 2523 914 2607 magis
939 2533 987 2585 est
1012 2521 1176 2607 obligatio.
1214 2522 1285 2586 Olei
1302 2524 1411 2586 unctio
1429 2535 1460 2585 et
1477 2521 1597 2586 Christi
1615 2524 1759 2608 corporis
1783 2522 1950 2608 perceptio
1975 2521 2110 2584 intinnis

460 2631 591 2694 mininie
616 2629 658 2693 ab
684 2630 730 2692 eis
755 2629 915 2714 exigatur,
940 2627 1084 2692 oblatum
1108 2627 1213 2692 abeis
1237 2628 1422 2692 nullomodo
1446 2630 1652 2714 suscipiatur,
1678 2629 1736 2692 scd
1760 2638 1795 2693 ut
1819 2629 1961 2692 stercusi
1981 2629 2110 2714 penitus

462 2748 642 2823 respuatur,
673 2737 751 2822 quin
774 2735 901 2798 illorum
926 2735 989 2799 olei
1013 2747 1045 2800 et
1069 2728 1163 2822 prinis
1188 2735 1347 2799 confectio
1371 2759 1437 2799 non
1461 2747 1510 2800 est
1534 2736 1620 2800 salus
1644 2736 1849 2816 sacramenti,
1881 2735 1939 2799 sed
1963 2735 2111 2799 interitus
2131 2755 2159 2794 ro

462 2854 494 2908 et
517 2844 629 2906 mortis
654 2842 815 2906 advectio.
853 2841 959 2906 Sanus
976 2853 1085 2906 autem
1102 2844 1239 2929 quisque
1263 2842 1423 2927 religiosis
1447 2841 1578 2906 ubivisk
1598 2844 1742 2928 gentium
1760 2842 1997 2906 confessionem
2012 2841 2113 2905 faciat

462 2951 513 3014 et¹
540 2948 581 3013 ab
607 2951 653 3012 eis
673 2949 842 3013 'dominica
866 2961 1070 3014 sacramenta
1092 2950 1262 3036 percipiat.

1041 3129 1093 3190 54.
1136 3127 1195 3190 De
1227 3128 1524 3191 conrrnunionc.

568 3251 621 3315 Ad
645 3263 793 3316 extrema
817 3264 925 3314 autem
950 3254 1095 3331 veniens,
1128 3252 1154 3314 si
1179 3251 1357 3315 catholicus
1386 3251 1539 3315 sacerdos
1563 3275 1627 3314 non
1651 3252 1753 3332 adest,
1779 3253 1851 3316 Deo
1876 3253 2112 3316 contessionem

461 3361 561 3424 faciat
585 3371 674 3424 etse
700 3359 959 3423 communionem
989 3359 1023 3422 in
1052 3360 1176 3422 unitate
1207 3357 1387 3422 aecclesiae
1420 3359 1551 3422 cottidie
1582 3361 1767 3445 percepisse
1799 3359 1920 3423 eredat.
1968 3359 2053 3439 Quia
2082 3369 2114 3423 et
2133 3378 2158 3417 rt

462 3467 582 3530 Paulus
613 3466 771 3530 heremita
802 3476 833 3530 ct
864 3464 954 3529 multi
986 3466 1040 3529 alii
1071 3466 1221 3551 leguntur
1256 3466 1288 3529 in
1319 3465 1450 3529 heremo
1486 3465 1609 3552 absque
1642 3465 1867 3530 communione
1898 3465 2082 3529 diuturnam
2093 3477 2113 3503 ¹¹¹

464 3575 564 3636 vitam
589 3572 722 3637 duxisse
748 3583 779 3636 et
806 3574 852 3636 ita
876 3572 1019 3635 finivisse
1044 3584 1075 3635 et
1099 3585 1207 3636 tamen
1231 3571 1363 3636 cottidie
1394 3573 1428 3635 in
1459 3575 1581 3637 unitate
1612 3572 1792 3637 aecclesiae
1824 3573 2079 3636 communicasse
2089 3584 2113 3635 ¹¹.

464 3681 498 3744 si
523 3692 631 3744 autem
663 3679 735 3765 quis
761 3680 846 3743 omni
871 3680 938 3742 vita
970 3701 1028 3742 sua
1057 3680 1140 3742 inste
1165 3680 1295 3760 vixerit,
1327 3679 1370 3743 ad
1401 3691 1548 3744 extrema
1571 3681 1705 3744 veniens
1737 3680 1877 3743 scienter
1907 3703 1941 3742 se
1972 3683 2113 3743 commu·

465 3787 583 3850 nione⁰
609 3809 720 3849 eorum
745 3785 1041 3868 comnmoulaverit,
1072 3809 1199 3850 onmem
1228 3787 1369 3873 priorem
1393 3785 1538 3850 laborem
1562 3787 1670 3873 perdit
1693 3797 1724 3850 et
1749 3810 1783 3850 se
1807 3785 2022 3850 insolubiliter
2045 3788 2115 3848 vin-

466 3894 537 3958 culo
562 3893 776 3956 airrrthematis
801 3894 945 3956 innectit.
994 3893 1197 3956 Concludere
1222 3905 1322 3978 ergol'
1347 3893 1438 3957 licet:
1470 3893 1654 3980 presbyteri
1679 3895 1806 3957 uxorati
1833 3893 1898 3956 'vel
1923 3894 2113 3978 spmroniaci,
2134 3913 2160 3952 ao

466 4023 539 4063 cum
564 4002 627 4063 sint
651 4023 759 4080 canes,
784 4000 885 4085 porci,
912 3999 1031 4063 Christi
1055 3999 1244 4082 adversarii,
1270 3999 1392 4085 publici
1417 4000 1525 4064 hostes
1541 4001 1616 4080 Dei,
1640 4001 1739 4080 fures,
1764 4000 1914 4078 latrones,
1939 4000 2016 4085 lupi,
2041 4011 2115 4065 sunt

465 4108 747 4188 excomumnicati,
774 4117 805 4170 et
829 4128 950 4188 omnes,
976 4107 1030 4192 qui
1055 4108 1101 4170 eis
1126 4109 1375 4186 comnnrnicant,
1401 4107 1584 4194 dampnati,
1610 4108 1683 4171 ideo
1708 4107 1771 4172 ab¹¹
1796 4110 1883 4172 enini
1906 4108 2025 4194 populo
2049 4107 2112 4171 Dei

464 4214 497 4275 in
522 4214 693 4277 dominicis
725 4215 936 4276 sacramentis
967 4225 1041 4276 sunt
1072 4214 1249 4277 devitandi.
1296 4213 1446 4277 Forsitan
1478 4216 1622 4300 queritis,
1654 4216 1681 4277 si
1713 4214 1832 4279 debeat
1863 4217 1909 4278 eis
1940 4215 2114 4278 decimatio

467 4319 548 4400 dari,
580 4330 635 4383 aut
659 4321 685 4382 si
710 4319 751 4382 sit
774 4331 945 4404 peecatum
970 4321 1016 4382 eis
1048 4319 1213 4404 denegari.
1262 4321 1419 4383 llecimar
1446 4332 1494 4384 cst
1518 4344 1592 4406 pars
1617 4322 1760 4402 Domini,
1792 4323 1853 4407 ipsi
1877 4345 1955 4386 vero
1986 4320 2113 4408 probati

441 4513 442 4516 Ἴ
468 4437 541 4490 sunt
564 4426 673 4489 hostes
698 4426 773 4489 Dei.
820 4427 901 4488 Pars
926 4449 1003 4508 ergo
1028 4426 1159 4488 llomini
1192 4425 1321 4490 tollatur
1345 4439 1376 4490 et
1400 4428 1469 4490 eius
1498 4427 1644 4491 hostibus
1675 4427 1860 4493 tribuatur?
1908 4429 2114 4514 Quicumque
2135 4455 2160 4493 es

467 4535 513 4596 eis
538 4533 698 4596 decimam
723 4532 775 4595 vel
800 4531 978 4596 oblationes
1003 4531 1139 4612 dederit,
1164 4532 1272 4596 hostes
1289 4534 1353 4597 Dei
1377 4533 1420 4596 ad
1436 4532 1661 4599 rebellandum
1677 4536 1750 4599 Deo
1767 4538 1880 4621 pascit.
1916 4536 1990 4599 Non
2006 4547 2114 4599 autem

468 4641 540 4704 idco
566 4639 663 4703 debet
687 4651 780 4702 eams
806 4640 943 4724 quisque
969 4640 1118 4718 retinere,
1144 4625 1217 4703 cum
1242 4664 1306 4702 uon
1331 4639 1449 4704 debeat
1466 4641 1512 4704 eis
1530 4641 1618 4722 dare,
1644 4645 1729 4728 quia,
1756 4644 1828 4728 quit
1847 4667 1918 4706 cam
1935 4644 2115 4724 retinuerit,

468 4747 601 4832 predam
626 4746 666 4808 de
690 4745 784 4809 bonis
802 4746 936 4809 Domini
960 4747 1047 4809 facit.
1083 4747 1164 4809 Pars
1189 4769 1266 4830 crgm
1284 4747 1348 4810 Dei
1373 4747 1467 4811 detur
1490 4746 1643 4811 membris
1662 4747 1792 4824 Christi,
1818 4749 1941 4812 scilicet
1965 4751 2114 4836 pauperi-

469 4851 539 4934 bus,
558 4855 680 4936 egenis,
697 4852 814 4928 viduis,
833 4851 997 4938 orphanis,
1022 4852 1199 4926 numaehis,
1225 4852 1395 4936 religiosis,
1413 4854 1556 4936 clericis,
1583 4857 1801 4919 instaurentur
1817 4857 2007 4932 aecclesiae,
2028 4855 2115 4919 nedi-

575 5039 600 5096 u)
625 5037 701 5085 Unde
722 5036 754 5084 Β.
829 5031 857 5086 bl
878 5036 944 5084 deest
963 5037 996 5084 .l.
1064 5047 1089 5084 ct
1113 5037 1285 5085 reordinetur
1306 5037 1332 5085 t'.
1406 5037 1434 5098 d)
1457 5037 1652 5088 reconcilietur
1667 5041 1693 5088 t'.
1767 5041 1792 5098 cl
1815 5040 1879 5088 {Inest
1894 5041 1920 5088 (J.
1994 5042 2014 5090 fr
2037 5057 2115 5104 para·
2139 5052 2160 5088 to

470 5126 540 5190 lytus
560 5144 623 5174 corr.
644 5144 711 5174 uuor.
731 5129 755 5174 ⁴2.
776 5125 943 5189 paralyticus
964 5127 996 5174 A.
1099 5131 1127 5186 rr)
1150 5143 1165 5174 a
1186 5127 1218 5174 l).
1237 5126 1287 5174 des.
1304 5127 1330 5176 t‘.
1431 5125 1458 5180 hl
1482 5143 1574 5176 eorum
1596 5135 1621 5177 et
1640 5147 1703 5177 corr.
1724 5136 1750 5178 et
1771 5147 1793 5177 e.
1814 5129 1901 5178 litteris
1920 5147 1934 5178 a
1954 5139 1977 5178 et
1997 5131 2012 5178 b
2032 5147 2116 5193 sarper-

466 5215 564 5278 scriptis
585 5215 616 5262 Α.
673 5215 691 5270 il
715 5215 739 5262 ιἰι
760 5215 810 5263 loco
830 5232 885 5262 roso
903 5214 955 5262 aliu
974 5233 1041 5262 aaron.
1060 5215 1110 5262 ulio
1128 5223 1266 5264 atramento
1282 5217 1308 5264 (¹.
1368 5215 1396 5274 h)
1419 5216 1444 5264 in
1465 5217 1514 5265 lom
1533 5235 1597 5276 ruso.
1618 5227 1645 5266 ut
1664 5218 1768 5276 ratleo,
1790 5237 1855 5266 urum
1876 5221 1899 5267 ⁶2.
1922 5221 1953 5267 .l.
2011 5217 2029 5278 ll
2059 5219 2117 5267 leret

468 5305 500 5352 A.
515 5303 547 5352 B.
560 5305 595 5352 C:
614 5321 738 5366 nipe-our.
758 5321 824 5350 ιιιιιιι.
845 5307 869 5351 2.
891 5305 923 5351 .l.
980 5301 1015 5354 ml
1039 5304 1161 5353 diurnam
1182 5323 1244 5352 ιιιιϊ.
1259 5305 1444 5354 ιιιαιι.ιιι·ιιιιι(ιι
1465 5306 1620 5354 diuturnam
1643 5307 1674 5356 .-l.
1730 5309 1757 5360 nl
1781 5310 2025 5358 connunnicnn'isss
2046 5307 2115 5356 llll.

469 5391 496 5448 o)
520 5394 766 5442 communicatione
789 5393 815 5440 (Ὺ.
890 5391 917 5456 pl
941 5394 1024 5456 igitur
1045 5395 1071 5441 t'.
1145 5397 1172 5456 ql
1196 5396 1222 5441 iu
1242 5412 1304 5442 corr.
1325 5396 1358 5442 ul·
1379 5395 1411 5442 Ji.
1489 5403 1510 5452 rt
1534 5396 1679 5443 decimatio
1699 5415 1762 5444 corr.
1783 5397 1887 5444 clerium
1910 5397 1935 5445 (¹.
2010 5411 2033 5447 st
2055 5397 2114 5444 udi..

467 5482 519 5529 sihi
540 5481 571 5529 B.
645 5489 666 5532 n
688 5481 760 5530 (least.
780 5481 822 5529 sed
840 5489 921 5544 pedro
941 5481 1000 5530 ald.
1018 5481 1043 5530 [ἱ
2135 5497 2160 5532 tn

578 5627 605 5692 ll
626 5628 674 5697 bf.
692 5627 769 5700 epist.
790 5627 903 5683 Nieolui
922 5628 958 5682 II.
980 5649 1086 5701 pupae.
1112 5648 1167 5700 prro
1193 5630 1225 5682 dc
1249 5629 1363 5684 concilio
1387 5649 1464 5684 errario
1480 5629 1573 5684 ntae.
1600 5630 1691 5685 latoio
1715 5631 1807 5701 refer!
1831 5627 1929 5702 dluffe'
1949 5653 1992 5687 ur:
2012 5631 2114 5696 tetta·

472 5735 517 5788 loo
544 5734 616 5788 Pon.
645 5734 698 5790 ΙΙΙ.
721 5734 796 5802 l2‘l;
822 5733 906 5790 (irat.
933 5735 1019 5789 Ilerr.
1045 5755 1068 5788 c.
1087 5735 1116 5788 4.
1142 5755 1164 5788 r.
1184 5735 1212 5788 ll.
1238 5745 1323 5807 optes-t.
1348 5736 1376 5796 l,·
1407 5736 1503 5790 ulnas
1526 5736 1609 5796 XIX,
1636 5733 1721 5808 899).
1812 5737 1840 5798 2)
1871 5738 1970 5794 rtludt.
1997 5740 2025 5800 ll,
2041 5739 2069 5793 2.
