4478 6396
440 359 502 420 176
732 362 911 418 GERHOHI
935 361 1168 416 PRAEPOSITI
1191 359 1598 417 REICHERSBER-GENSIS
1623 360 1787 415 LIBELLI.

437 552 490 616 vel
521 551 619 615 aliam
649 548 836 614 huiusmodi
871 549 1053 635 preciosam
1089 550 1232 633 speciem
1268 546 1463 633 primoribus
1494 545 1651 611 offerebat
1682 547 1751 610 sine
1782 569 1963 633 pauperum
1994 546 2095 609 detri-

437 669 556 738 mento,
588 657 658 721 illos
683 657 790 721 insui
815 667 847 720 et
871 655 1051 719 aecclesiae
1076 653 1282 718 dilectionem
1307 655 1507 740 provocavit,
1540 676 1598 740 per
1621 676 1757 738 quorum
1782 652 1989 718 devotionem
2014 676 2095 738 pau-

437 787 551 851 perum
575 764 712 828 facultas
736 775 805 828 tuta
829 775 861 826 et
885 763 1046 826 inminuta
1069 762 1256 848 permansit.
1305 761 1470 840 Quantum
1495 783 1572 846 ergo
1596 759 1720 846 absque
1744 782 1925 846 pauperum
1949 759 2096 846 dampno

437 871 507 934 fieri
538 872 651 956 potuit,
684 869 781 934 talem
806 892 840 934 se
865 870 963 933 etiarn
988 890 1066 953 erga
1095 870 1235 932 maiores
1260 866 1418 948 exhibuit,
1443 879 1478 930 ut
1501 880 1534 931 et
1557 869 1626 953 ipse
1651 865 1692 931 ab
1717 866 1866 931 omnibus
1890 865 2095 951 diligeretur,

439 988 470 1041 et
493 977 654 1041 aeeclesia
678 978 771 1063 quasi
797 975 946 1039 horreum
963 997 1132 1040 commune
1150 985 1320 1060 putaretur
1330 979 1350 1037 1.
1385 973 1482 1037 Absit
1505 983 1624 1054 tamen,
1649 985 1685 1037 ut
1708 975 1832 1059 etipse
1856 974 2023 1059 principes
2041 973 2096 1036 vel
2121 998 2135 1035 s

437 1083 556 1148 milites
579 1085 626 1146 ita
650 1083 803 1148 credatur
827 1083 982 1164 timuisse,
1007 1093 1042 1145 ut
1067 1104 1121 1146 eos
1147 1105 1220 1146 cum
1244 1104 1425 1167 pauperum
1448 1081 1501 1144 vel
1526 1080 1666 1167 dampno
1690 1080 1743 1144 vel
1767 1080 1945 1144 offensione
1974 1081 2096 1144 soleret

438 1189 500 1254 sibi
531 1189 639 1276 aliquo
670 1188 766 1254 modo
799 1188 984 1253 conciliare.
1031 1189 1083 1252 De
1109 1211 1172 1275 quo
1195 1188 1276 1252 illud
1300 1189 1407 1274 potius
1439 1189 1471 1251 in
1496 1189 1564 1252 vita
1588 1209 1647 1251 sua
1669 1186 1787 1272 legitur
1797 1193 1818 1268 ²,
1847 1186 1934 1273 quod
1959 1199 2094 1252 cuncto-

439 1320 509 1360 rum
534 1295 679 1360 iudicum
704 1295 898 1382 cupiditates
915 1295 967 1359 vel
985 1295 1110 1360 scelera
1126 1297 1220 1382 quasi
1237 1295 1351 1360 chamo
1374 1296 1531 1381 frenoque
1552 1294 1710 1381 pontificii
1726 1293 1934 1358 validissimis
1952 1295 2094 1358 auctori-

438 1402 557 1466 tatibus
581 1401 808 1488 restringebat.

544 1510 624 1573 Erat
648 1511 757 1595 itaque
782 1509 872 1573 Petri
897 1510 1033 1572 senioris
1059 1510 1239 1590 consenior,
1272 1532 1336 1572 non
1367 1508 1539 1572 dominans
1570 1509 1603 1571 in
1634 1507 1729 1588 clero,
1762 1507 1820 1572 sed
1850 1508 1955 1572 forma
1985 1508 2095 1572 faetus
2117 1533 2144 1570 ιο

437 1618 539 1704 gregi,
572 1617 624 1680 cui
656 1617 765 1680 omnia
789 1615 900 1699 verba,
932 1638 1016 1702 quae
1048 1615 1088 1680 de
1120 1614 1179 1680 Iob
1211 1615 1298 1680 dicta
1329 1617 1521 1694 invenimus,
1548 1616 1717 1679 verissime
1748 1625 1899 1701 poterant
1929 1613 2093 1700 adaptari.

439 1725 570 1788 Poterat
601 1724 687 1787 enim
717 1723 799 1786 haec
831 1724 939 1787 ornuia
970 1745 1101 1787 servare
1133 1724 1202 1786 sine
1233 1722 1454 1808 inpedimento
1483 1722 1662 1786 communis
1690 1723 1792 1803 vitae,
1824 1744 1922 1808 quam
1953 1734 1986 1785 et
2016 1744 2092 1785 curn

437 1832 503 1895 suis
535 1830 662 1895 clericis
696 1831 730 1892 in
761 1829 952 1914 pontificatu
982 1830 1125 1893 servavit
1156 1843 1188 1893 et
1218 1829 1401 1914 Augustino
1432 1827 1613 1913 Anglorum
1648 1829 1802 1915 episcopo
1838 1851 1969 1893 servare
2001 1851 2092 1892 marr-

339 1965 368 2006 ·.
404 1967 417 2004 1.
437 1937 536 2001 davit.
591 1935 627 2002 Si
662 1937 749 2000 enirn
785 1937 965 2001 communis
996 1937 1065 2000 vita
1098 1937 1132 1999 in
1163 1935 1442 2000 administratione
1475 1935 1687 2021 'pontificalis
1724 1957 1822 1999 curae
1857 1934 1898 1999 ab
1935 1937 2093 2021 episcopo

437 2067 510 2108 eum
535 2043 663 2108 clericis
688 2041 856 2107 observari
879 2066 945 2106 non
969 2053 1088 2128 posset,
1120 2043 1183 2107 duo
1216 2044 1378 2106 contraria
1408 2065 1494 2128 papa
1519 2041 1698 2126 Gregorius
1721 2043 1906 2127 Augustino
1934 2043 2092 2128 episcopo
2114 2067 2141 2104 rs

436 2148 655 2215 mandasset
712 2147 773 2213 Oui
805 2161 837 2212 et
867 2151 969 2213 vitam
1000 2171 1204 2214 communem
1235 2151 1358 2214 servari
1389 2150 1550 2235 precepit,
1582 2172 1647 2213 non
1678 2151 1868 2235 permittens
1899 2150 2092 2235 episcopum

436 2279 582 2321 seorsum
605 2257 718 2320 vivere
743 2279 763 2319 a
786 2255 914 2320 clericis
939 2258 1022 2338 suis,
1054 2267 1086 2320 et
1110 2256 1217 2320 eidem
1244 2257 1276 2321 in
1301 2256 1432 2320 decreto
1457 2256 1598 2342 quodam
1623 2278 1681 2320 suo
1706 2255 1745 2320 de
1771 2256 1941 2342 stipendiis
1965 2255 2091 2320 aeccle-

436 2365 503 2427 siae
529 2362 675 2427 scribens
700 2373 847 2448 quartam
873 2363 1026 2448 episcopo
1050 2375 1175 2449 partem
1199 2363 1239 2428 de
1264 2363 1313 2426 his
1337 2363 1533 2448 assignarim
1566 2361 1653 2448 quod
1682 2375 1814 2449 propter
1837 2362 2090 2448 hospitalitatem

436 2483 534 2557 atque
565 2470 806 2555 susceptionem
836 2469 908 2532 fieri
938 2470 971 2532 in
996 2469 1112 2534 eodem
1140 2471 1270 2534 decreto
1302 2469 1508 2555 significavit.
1556 2469 1643 2533 Hinc
1668 2479 1726 2548 est,
1751 2469 1840 2556 quod
1862 2469 1949 2533 idem
1975 2468 2091 2532 heatus

436 2576 621 2639 Marianum
651 2577 842 2661 episcopum
873 2575 913 2639 de
944 2577 1091 2640 avaricia
1120 2575 1321 2662 redarguens
1352 2599 1492 2640 vacuum
1524 2577 1669 2663 episcopi
1705 2598 1821 2640 nomen
1858 2585 1967 2640 tenere
1998 2575 2090 2640 illum
2111 2602 2139 2639 ao

437 2683 590 2764 asser·uit;
623 2682 710 2768 quod
743 2683 881 2747 orationi
913 2695 945 2746 ct
974 2683 1105 2746 lectioni
1137 2683 1336 2748 solummodo
1367 2685 1510 2748 intentus
1541 2683 1582 2747 de
1611 2706 1709 2747 manu
1740 2682 1839 2747 nichil
1869 2681 2090 2754 fructificavit,

437 2813 510 2853 cum
541 2788 661 2854 debeat
692 2791 864 2875 episcopus
895 2789 1019 2875 largam
1051 2814 1183 2854 uranum
1218 2790 1354 2870 habere,
1390 2791 1619 2855 necessitatem
1654 2788 1852 2876 patientibus
1884 2812 2089 2856 concurrere.

437 2896 577 2960 alienam
599 2897 744 2982 inopiam
768 2919 859 2960 suam
884 2896 1034 2978 credere,
1060 2899 1146 2983 quia,
1171 2899 1306 2984 inquit⁴‚
1330 2902 1363 2963 si
1382 2901 1429 2963 sr'c
1452 2923 1512 2963 noa
1537 2899 1636 2978 habet,
1660 2923 1790 2962 coruum
1816 2901 1960 2984 episcopi
1979 2923 2090 2962 treta-err

437 3019 521 3070 terret.
569 3003 623 3068 Ad
653 3004 737 3068 hano
767 3026 917 3089 asperam
941 3003 1204 3089 redargutionem
1229 3004 1298 3069 zelo
1322 3005 1388 3069 Dei
1412 3005 1463 3068 m'r
1485 3015 1615 3068 sanctus
1639 3015 1813 3090 propterea
1836 3004 2089 3088 fuitexcitatus.

437 3110 525 3197 quod
554 3108 777 3174 mendicantes
809 3109 967 3196 quosdam
999 3123 1198 3195 cognoverat
1232 3135 1291 3198 per
1321 3110 1516 3206 aecclesiam
1547 3111 1693 3176 eiusdem
1724 3112 1899 3174 lllariniani
1933 3112 2089 3174 transisse
2110 3136 2137 3174 as

437 3216 601 3303 nichilque
638 3216 679 3280 ab
716 3240 754 3281 eo
790 3219 969 3303 accepisse.
1028 3218 1056 3282 Ο
1094 3217 1226 3282 beatum
1266 3219 1466 3304 pontificem,
1503 3220 1558 3304 qui
1598 3240 1709 3282 omnes
1748 3218 1829 3282 tales
1869 3240 1940 3282 esse
1976 3218 2089 3296 voluit,

437 3323 541 3410 qualis
572 3325 642 3410 ipse
673 3323 750 3388 fuit!
803 3323 904 3388 Cuius
934 3347 1049 3388 manus
1074 3347 1150 3389 vere
1181 3325 1242 3388 fuit
1273 3324 1437 3411 quoddam
1468 3325 1728 3411 gazophilacium
1759 3326 1885 3389 cunctis
1916 3324 2090 3410 indigenti·

437 3428 497 3494 bus
529 3453 714 3512 commune,
747 3432 824 3517 quia
854 3443 942 3495 nona
973 3429 1051 3512 sibi,
1085 3431 1142 3495 sed
1173 3431 1245 3495 aliis
1277 3433 1403 3496 curavit
1434 3433 1594 3517 accipere.
1649 3433 1763 3518 Neque
1795 3433 1880 3496 enirn
1912 3433 2088 3518 quiequam

437 3560 456 3600 a
487 3560 649 3624 quoquam
681 3539 878 3624 accepisset,
915 3539 941 3602 si
972 3561 1036 3602 non
1068 3539 1128 3602 hoc
1161 3550 1293 3624 propter
1322 3537 1506 3624 indigentes
1538 3539 1679 3602 fecisset.
1734 3539 1806 3602 Nou
1838 3561 1914 3624 ergo
1951 3537 2012 3602 fuit
2043 3539 2090 3601 in-

437 3645 606 3725 iuriosum,
643 3645 670 3707 si
701 3656 777 3709 tunc
810 3643 989 3710 oblationes
1020 3645 1062 3708 ad
1094 3645 1194 3731 pedes
1226 3646 1309 3726 eius,
1344 3657 1499 3732 tauquam
1530 3645 1572 3710 ad
1602 3646 1702 3732 pedes
1733 3646 1836 3727 Petri,
1873 3643 2089 3730 ponebantur,
2110 3671 2136 3708 so

437 3752 590 3838 quoniam
620 3751 697 3816 inde
728 3775 793 3816 non
824 3751 994 3832 divitibus,
1029 3751 1088 3816 sed
1118 3751 1317 3838 pauperibus
1349 3751 1635 3818 distribuebantur.
1689 3752 1776 3816 Nulli
1808 3775 1885 3837 ergo
1916 3762 1993 3816 tuno
2026 3751 2089 3815 dis-

437 3857 567 3921 suaderi
598 3856 724 3940 debuit,
756 3860 835 3945 quin
866 3856 908 3921 ad
938 3859 1039 3944 pedes
1070 3859 1143 3922 talis
1176 3882 1281 3945 papae
1312 3859 1442 3923 offerret
1477 3860 1563 3945 quod
1594 3861 1712 3944 potuit,
1744 3861 1821 3945 quia
1851 3881 1916 3923 non
1945 3869 2013 3922 tam
2043 3857 2089 3921 illi
2121 3881 2126 3897 ¹

437 3964 557 4029 oblatio
588 3964 737 4046 dabatur,
770 3988 867 4052 quam
901 3987 960 4050 per
992 3968 1098 4052 ipsum
1131 3967 1166 4029 in
1197 3968 1286 4030 sinus
1317 3989 1496 4052 pauperum
1526 3965 1814 4046 transmittebatur,
1851 3989 1926 4030 cum
1956 3976 1989 4028 et
2018 3966 2089 4051 ipsc

437 4093 562 4158 pauper
592 4069 792 4157 pauperibus
824 4073 1022 4135 ministraret
1052 4075 1208 4136 elvirum
1239 4073 1449 4158 apostolicam
1481 4072 1623 4137 mirabili
1647 4085 1678 4137 et
1702 4072 1826 4137 difficili
1850 4072 1946 4136 modo
1975 4073 2008 4135 iu
2033 4095 2089 4157 pa·

436 4179 524 4257 latio,
557 4179 641 4241 sieut
670 4179 704 4241 in
737 4180 942 4258 monasterio,
975 4190 1130 4256 servaret,
1162 4203 1226 4243 non
1255 4180 1425 4243 dominans
1459 4182 1491 4244 iu
1515 4181 1613 4258 clero,
1645 4180 1703 4244 sed
1726 4181 1831 4244 forma
1853 4180 1959 4244 factus
1984 4180 2088 4263 gregi.
2109 4204 2135 4242 aa

437 4286 510 4349 Non
541 4296 590 4348 est
621 4307 698 4370 ergo
731 4285 885 4371 episcopo
916 4285 1117 4370 impossibile
1145 4287 1268 4372 pariter
1292 4288 1498 4372 episcopatus
1527 4311 1638 4351 curam
1670 4285 1896 4351 administrare
1921 4287 2088 4372 vitamque

439 4413 642 4455 communem
667 4413 740 4455 cum
766 4393 832 4455 suis
857 4391 983 4456 clericis
1008 4391 1193 4472 observare,
1219 4395 1295 4480 quia
1320 4396 1367 4457 sic
1391 4396 1508 4480 poterit
1534 4395 1705 4480 opiscopus
1737 4396 1770 4457 in
1793 4395 1933 4457 vestium
1953 4392 2088 4472 vilitate,

438 4500 470 4561 in
495 4497 641 4562 ciborum
665 4498 861 4583 frugalitate,
886 4499 919 4560 in
946 4499 1140 4564 ieiuniorum
1164 4499 1387 4586 dispositione,
1419 4503 1452 4564 iu
1477 4503 1563 4564 onrrri
1589 4502 1728 4587 denique
1753 4523 1877 4565 morum
1902 4511 1934 4563 et
1958 4510 2089 4564 actuum

347 4633 375 4674 ·.
398 4655 418 4671 ..
438 4628 569 4669 suorum
594 4606 764 4692 *qualitate
797 4605 963 4690 regulares
994 4629 1162 4670 mensuras
1193 4619 1320 4688 tenere3
1352 4619 1397 4684 ut,
1429 4605 1559 4692 quando
1591 4608 1660 4693 ipse
1692 4608 1867 4671 conventui
1898 4606 2089 4670 clericorum

439 4735 568 4775 suorum
598 4735 663 4776 non
688 4713 807 4799 poterit
838 4713 1004 4794 interesse,
1036 4712 1158 4776 nullum
1183 4713 1372 4778 clericorum
1398 4714 1451 4778 vel
1474 4715 1706 4778 monachorum
1730 4724 2016 4800 quantumcunque
2040 4735 2090 4776 re·
2109 4739 2135 4776 ro

439 4818 588 4905 ligiosunr
619 4819 730 4904 pigeat
759 4819 854 4882 lateri
880 4842 937 4882 suo
962 4819 1089 4900 adesse,
1122 4821 1251 4906 quando
1282 4821 1370 4906 apud
1394 4823 1584 4907 episcopum
1607 4820 1706 4884 nichil
1731 4822 1859 4904 cogitur
1883 4820 1923 4884 de
1948 4819 2089 4905 regulari

440 4925 638 4988 districtione
664 4924 824 4988 relaxare.
872 4924 927 4989 Sic
952 4924 1067 4989 beatus
1091 4925 1303 5012 Augustinus,
1328 4929 1383 5013 qui
1407 4939 1540 5014 propter
1566 4928 1710 4990 infirmos
1735 4937 1767 4990 et
1790 4926 1933 5012 hospites
1957 4948 2089 4990 mensae

544 5094 616 5148 ltern
640 5112 703 5164 cap.
722 5095 835 5149 XXVII
846 5090 873 5147 ἰ“’;
901 5093 958 5150 Suo
983 5102 1105 5168 ternpore
1122 5095 1310 5165 frumentum,
1336 5127 1377 5134 -
1402 5127 1444 5135 -
1463 5105 1617 5171 puto-retur
1640 5095 1783 5152 aecclesia.
1815 5083 1819 5088 ¹

544 5199 617 5255 Item
642 5219 675 5256 ex
700 5201 771 5254 libro
794 5201 862 5268 111⁰,
894 5219 957 5272 cap.
983 5197 1144 5256 xnvsslt:
1178 5199 1345 5258 Grrnrloruru
1370 5202 1489 5258 iudicum
1515 5203 1679 5276 cupiditates·
1708 5233 1750 5240 -
1777 5233 1818 5240 —-
1848 5221 1960 5258 suorrurr
1990 5202 2090 5256 redur-

436 5305 593 5382 putioaibtrs
610 5305 782 5380 publicabat.
2113 5325 2135 5362 rs

545 5435 649 5522 a)rie.

547 5607 576 5676 l)
599 5608 632 5662 V.
649 5628 676 5663 a.
696 5607 725 5662 5.
819 5607 850 5680 2)
874 5608 903 5664 V.
925 5629 952 5665 a.
972 5609 1000 5664 6.
1086 5609 1116 5677 3)
1144 5609 1235 5684 Epist.
1256 5610 1308 5678 XI,
1336 5611 1408 5680 562,
1438 5611 1502 5665 Er).
1528 5611 1569 5679 II,
1590 5631 1621 5685 p.
1642 5610 1703 5665 333
1720 5629 1782 5685 sqq.
1875 5609 1905 5679 4)
1934 5609 2024 5684 Epist.
2042 5609 2088 5676 VI,

439 5713 489 5784 63,
515 5716 532 5770 l.
550 5715 568 5770 l.
594 5714 617 5784 I,
638 5733 670 5789 p.
689 5713 762 5769 439.
857 5713 887 5783 5)
911 5715 942 5769 V.
962 5714 1097 5792 Gregorii
1120 5715 1160 5784 ΙΙ,
1187 5738 1208 5772 c.
1236 5716 1287 5785 26,
1314 5715 1386 5791 opp.
1413 5717 1466 5784 IV,
1493 5719 1541 5772 ool.
1569 5716 1619 5771 53.
1714 5717 1744 5785 6)
1771 5713 1844 5791 Opp.
1869 5716 1923 5784 IV,
1949 5717 1999 5770 rol.
2018 5714 2088 5771 107.
