4410 6406
436 360 500 424 292
729 366 909 423 GERHOHI
932 365 1166 422 PRAEPOSITI
1189 363 1598 420 REICHERSBERGENSIS
1621 363 1787 420 LIBELLI.

437 577 531 620 omne
563 553 651 642 quod
682 563 829 640 superest
859 554 922 640 piis
946 563 979 617 et
1002 552 1162 639 religiosis
1194 553 1301 617 causis
1332 553 1366 615 in
1388 573 1466 615 usus
1490 573 1672 638 pauperum
1695 563 1745 616 est
1768 551 1972 638 erogandum
2003 551 2096 614 iuxta

279 687 417 736 ananan.
435 661 516 726 illud
548 660 793 746 euangelicum:
828 659 921 738 Qrtod
942 675 1082 746 superest
1104 661 1175 725 date
1198 675 1226 725 et
1249 662 1355 724 omnia
1385 659 1504 724 munda
1534 673 1624 724 crunt
1653 661 1748 724 *uobis
1795 658 1918 740 Latuit,
1951 658 2096 744 inquam,

438 768 519 832 haee
543 766 718 854 vulpecula
741 766 919 831 demoliens
942 767 1066 830 vineas.
1114 765 1158 830 At
1185 788 1271 830 nunc
1296 766 1465 850 exagitata
1488 767 1581 850 quasi
1612 764 1782 830 latratibus
1814 787 1934 830 canum
1959 764 2098 828 ‹lomini-

438 897 549 939 corum
572 873 727 938 videlicet
754 873 944 959 pontificum
968 873 1187 938 Romanorum
1211 873 1393 937 Innocentii
1417 883 1450 936 et
1472 871 1612 958 Eugenii
1641 871 1797 936 doctrinis
1820 871 2014 960 apostolicis
2039 871 2100 934 eis·

437 981 512 1046 dem
535 982 601 1045 iam
625 981 788 1045 defirnctis
819 990 911 1067 putat
941 978 1004 1043 sibi
1034 978 1172 1044 liberum
1202 1003 1267 1044 non
1297 981 1362 1044 iam
1393 979 1490 1043 dente
1514 978 1658 1064 vulpino,
1689 978 1748 1042 sed
1778 980 1893 1065 aprino
1925 977 2131 1043 evidenters

436 1099 567 1153 vastare
598 1089 711 1151 vineas
741 1086 864 1151 domini
896 1085 1051 1152 Sabaoth.
1099 1086 1226 1152 Sentiat
1256 1109 1333 1172 ergo
1364 1085 1472 1149 adhuc
1501 1087 1535 1148 in
1565 1095 1608 1167 te,
1640 1095 1733 1172 pater
1755 1085 1914 1169 Adriane,
1947 1085 2102 1172 spiritum

438 1205 681 1260 antecessorum
711 1205 839 1258 tuorum
863 1193 987 1276 vivere,
1019 1194 1147 1276 sentiat,
1178 1194 1321 1280 inquam,
1353 1215 1388 1257 se
1416 1193 1524 1256 acrius
1548 1191 1779 1277 exagitandam
1802 1190 1910 1256 bestia
1933 1192 2021 1256 haec
2046 1213 2102 1254 ne-

438 1302 604 1388 quissima,
630 1323 693 1388 que
718 1300 890 1366 devoravit
912 1299 1040 1386 Ioseph,
1065 1301 1128 1364 nisi
1152 1310 1258 1364 cesset
1281 1309 1418 1386 accepta
1439 1298 1580 1362 malicia.

842 1517 872 1578 4.
907 1513 967 1578 De
992 1512 1144 1600 Ioseph
1168 1513 1451 1600 primogenito
1475 1511 1684 1576 Rachelis.

341 1751 419 1803 ·p..n
547 1728 680 1815 Neque
701 1749 779 1792 vero
803 1726 863 1791 soli
886 1726 983 1792 beato
999 1727 1108 1809 Petro,
1133 1726 1192 1791 sed
1216 1737 1248 1791 et
1272 1725 1406 1792 cuilibet
1430 1727 1612 1790 successori
1635 1727 1705 1791 eius
1729 1727 1850 1791 dictum
1876 1726 1959 1792 illud
1975 1725 2103 1791 Christi

289 1860 379 1908 10.,sn
386 1861 419 1900 rr.
439 1837 605 1923 congruit.
631 1835 729 1900 Pasce
753 1859 823 1900 oues
847 1859 931 1900 meas
954 1849 983 1900 et
1005 1837 1157 1922 confirma
1173 1837 1336 1924 fratrest
1337 1859 1400 1900 uos.
1437 1833 1533 1898 Unde
1557 1833 1600 1898 ad
1622 1843 1655 1898 tc
1674 1856 1814 1921 quoque,
1831 1833 1980 1899 Adriane
1999 1855 2103 1920 papa,

386 1943 518 2008 illud
542 1944 705 2030 pertinere
729 1964 794 2006 non
811 1940 945 2006 dubimn
962 1953 1020 2023 est,
1038 1942 1191 2028 quoniam
1215 1953 1250 2006 tu
1274 1943 1344 2005 sine
1368 1939 1468 2005 dubio
1485 1940 1668 2026 regularem
1683 1941 1785 2005 vitam
1809 1940 1974 2006 servando
1999 1941 2103 2005 etiam

439 2061 513 2115 ante
538 2061 693 2137 papatum
716 2058 893 2135 preventus
918 2071 952 2112 es
976 2049 1010 2113 in
1033 2047 1317 2114 benedictionibus
1342 2047 1524 2113 dulcedinis
1549 2071 1568 2111 a
1591 2046 1707 2111 Ruben
1737 2047 1803 2112 filio
1826 2047 1930 2134 Lyae.
1957 2097 2101 2112 ......

547 2157 575 2221 Ο
601 2157 749 2243 quotiens
774 2166 1052 2241 exasperaverunt
1081 2177 1133 2220 me
1163 2153 1321 2219 habentes
1352 2153 1468 2237 iacula,
1500 2153 1619 2241 quibus
1649 2153 1784 2219 finissem
1807 2156 1954 2240 graviter
1978 2155 2100 2237 fossus,
2122 2179 2147 2218 n

439 2265 502 2328 nisi
526 2262 614 2350 quod
638 2262 732 2326 sedes
756 2261 936 2348 apostolica
965 2261 1053 2326 facta
1083 2271 1133 2326 est
1162 2261 1241 2325 mihi
1265 2261 1427 2347 refugium
1451 2284 1471 2325 a
1492 2262 1663 2326 venenatis
1687 2260 1801 2326 iaculis
1826 2283 1948 2326 eorum.
1998 2261 2099 2327 Unde

440 2383 473 2436 et
496 2393 619 2434 mernor
642 2369 841 2455 fatigationis
857 2391 949 2433 meae
967 2369 1141 2454 preteritae
1165 2381 1353 2455 representa
1378 2366 1435 2431 tibi
1459 2369 1545 2454 patri
1568 2379 1692 2432 textum
1710 2368 1877 2455 epistolae,
1895 2391 1994 2455 quarn
2011 2369 2100 2433 inter

441 2476 666 2542 huiuscemodi
681 2477 865 2562 sagittarios
882 2476 955 2539 misi
971 2474 1088 2539 beatae
1105 2476 1280 2540 memoriae
1297 2497 1381 2562 pape
1398 2475 1598 2557 Innocentio,
1612 2477 1703 2540 cuius
1720 2485 1827 2540 textus
1844 2477 1890 2540 ita
1909 2497 1944 2540 se
1961 2475 2096 2540 habet1:

343 2607 421 2658 ·p.rs.
442 2585 621 2650 Innocentio
646 2585 758 2649 diuina
767 2585 900 2672 favente
923 2585 1085 2648 clementia
1103 2583 1189 2648 sedis
1208 2585 1399 2670 apostolicae
1417 2585 1568 2648 “antistiti
1579 2585 1685 2668 frater
1703 2580 1871 2671 G[crlol]
1886 2609 1963 2648 sitae
1978 2587 2095 2648 sancti·

289 2715 422 2764 resana.
441 2695 515 2756 tatis
538 2693 776 2777 qtmltscumque
798 2715 906 2756 seram
930 2691 1056 2755 devotius
1080 2693 1326 2755 orationessunt
1352 2691 1537 2755 obedientia.
1574 2690 1720 2771 Domine,
1744 2691 1908 2778 nesapium
1932 2705 1965 2756 tu
1980 2693 2096 2778 faenus
2115 2715 2143 2754 eo

442 2823 473 2864 es
496 2800 586 2863 nobis
609 2801 642 2862 in
660 2798 809 2878 Domino,
833 2800 899 2884 qui,
919 2800 1111 2884 priusquam
1119 2799 1236 2884 fierent
1257 2811 1373 2862 neantes
1393 2811 1448 2862 aut
1455 2799 1680 2884 formarentur
1703 2811 1787 2861 terra
1811 2812 1839 2861 ct
1861 2799 1959 2878 erbas,
1983 2813 2010 2863 te
2018 2823 2094 2884 pre·

442 2905 612 2970 destinavit
640 2906 730 2969 uobi's
750 2907 846 2992 pium
869 2919 1042 2992 patronum
1074 2918 1181 2968 contra
1212 2905 1377 2968 violentias
1408 2905 1587 2990 impiorum.
1635 2903 1714 2967 Puto
1745 2907 1838 2985 enim,
1868 2908 1902 2969 si
1926 2929 1991 2970 non
2021 2920 2096 2970 esset

442 3015 531 3078 nabis
561 3012 752 3098 apostolicae
781 3011 866 3075 sedis
895 3012 1023 3091 asilum,
1054 3013 1120 3076 eam
1150 3011 1275 3075 redacti
1302 3035 1436 3075 essemus
1465 3011 1511 3075 ad
1532 3011 1685 3075 nichilum
1703 3035 1766 3097 per
1789 3013 1919 3097 iniquas
1934 3015 2095 3098 potentias

337 3123 622 3206 n.1‚1.imptornm.
672 3117 737 3182 Sed
759 3133 801 3198 tu,
831 3120 915 3182 beate
939 3121 1001 3199 uir,
1031 3121 1091 3204 qui
1117 3143 1180 3183 non
1208 3119 1289 3182 soles
1318 3120 1407 3182 abire
1440 3121 1472 3181 in
1496 3119 1628 3182 consilio
1659 3120 1840 3204 impiorum,
1871 3143 1926 3183 nec
1948 3119 2038 3184 sedes
2061 3121 2094 3184 in

442 3227 591 3290 cathedra
617 3225 829 3312 pestilentiae,
862 3225 919 3288 sed
947 3228 982 3289 in
1012 3224 1162 3290 cathedra
1186 3227 1350 3311 potestatis
1380 3226 1570 3311 apostolicae
1597 3249 1657 3310 per
1687 3239 1757 3290 tuae
1781 3227 1914 3311 pietatis
1943 3229 2094 3290 animiam
2114 3250 2141 3289 as

441 3336 598 3420 affectum,
614 3333 729 3420 factrus
752 3355 783 3396 es
805 3333 895 3395 nobis
918 3332 1092 3419 refupt'um,
1117 3335 1211 3395 smyrna
1235 3345 1339 3396 eterna
1367 3331 1490 3396 Obrue·
1504 3334 1621 3417 pietas,
1645 3356 1704 3417 que
1726 3347 1837 3420 regnat
1858 3336 1891 3396 in
1916 3333 2011 3398 eorde
2033 3347 2094 3413 tuo,

324 3465 421 3514 n.so,s.
434 3441 531 3528 facta
561 3453 606 3503 est
634 3440 724 3502 nobis
754 3441 853 3502 mun
868 3439 1080 3527 fertilissimis
1102 3465 1122 3502 a
1138 3439 1234 3526 facie
1265 3441 1450 3524 impiorum,
1481 3441 1541 3523 qui
1567 3462 1624 3502 nos
1653 3440 1845 3527 affirmarunt
1873 3453 1902 3504 et
1930 3441 2093 3528 affligunt.

311 3571 423 3620 masso.
443 3547 533 3612 Petro
549 3547 668 3610 Leonis
691 3548 905 3632 tyrannizante
928 3547 1026 3608 metita
1043 3548 1142 3631 passi
1161 3569 1268 3610 sturnus
1291 3547 1330 3610 ab
1347 3548 1414 3609 cius
1428 3548 1622 3631 fautoribus,
1646 3547 1772 3631 quanda
1796 3547 1937 3612 vidricus
1960 3551 2093 3634 impium

441 3679 536 3740 suaper
559 3654 729 3719 exaltatam
752 3666 780 3716 et
802 3653 953 3716 elevatum
975 3655 1057 3716 sicut
1079 3652 1188 3716 cedros
1204 3652 1340 3740 Lybaui.
1378 3651 1444 3716 Sed
1465 3655 1604 3717 transivi
1624 3668 1653 3717 et
1674 3677 1741 3717 ecce
1762 3678 1825 3718 nou
1848 3669 1923 3719 erat.
1959 3654 2094 3720 Hereses

442 3775 543 3824 autem
572 3775 657 3840 sant,
689 3761 767 3844 quia
798 3783 850 3822 eas
880 3773 999 3844 oportet
1028 3783 1092 3823 esse
1122 3760 1262 3845 apostolo
1291 3774 1463 3824 asserente:
1493 3759 1591 3823 ‘Inter
1614 3760 1671 3824 las
1702 3761 1917 3825 laboraremus
1940 3777 1969 3826 et
1991 3762 2094 3826 adbuc
2114 3785 2141 3824 ss

443 3868 646 3932 laboramus’.
695 3867 780 3930 Nam
799 3889 863 3951 pro
887 3891 931 3945 eo,
956 3865 1042 3951 qis-od
1063 3866 1238 3951 aliquando
1261 3868 1391 3952 seraptis
1413 3891 1451 3929 ac
1474 3866 1569 3930 dictis
1585 3868 1820 3955 confutavimus
1836 3868 2002 3933 hereticum
2026 3893 2093 3933 sen·

442 3997 509 4037 sam
535 3974 732 4059 quorundam
757 3975 960 4037 asserentium
982 3971 1104 4036 Christi
1125 3997 1239 4058 corpus
1262 3987 1350 4037 anna
1374 3974 1535 4037 ecclesiam
1552 3976 1646 4037 etiam
1669 3975 1708 4037 ab
1725 3977 2000 4040 eucommuuieatis
2024 4000 2094 4040 con·

435 4081 507 4167 fiai,
531 4083 599 4146 nisi
619 4095 671 4160 tu„
678 4094 785 4166 pater,
809 4080 892 4144 milri
913 4093 984 4143 tunc
1000 4080 1127 4167 fuisses
1149 4082 1185 4143 in
1200 4080 1373 4167 refugium,
1398 4080 1529 4144 heretici
1549 4104 1596 4144 me
1620 4079 1844 4166 darnpnassent
1865 4084 1962 4167 quasi
1983 4083 2094 4147 lereti·

320 4213 423 4262 naua
442 4212 520 4251 cum.
569 4185 635 4251 Sed
663 4189 740 4272 quia
770 4186 932 4250 residuum
963 4187 1056 4250 bruci
1069 4201 1208 4272 paratus
1231 4200 1275 4250 est
1297 4187 1486 4250 commedere
1517 4187 1645 4267 locusta,
1675 4188 1844 4252 succedunt
1871 4189 1968 4254 malus
1997 4190 2092 4254 mala.

321 4320 422 4370 Anat.
442 4294 525 4358 Nam
552 4294 590 4358 de
605 4295 703 4382 sumo
721 4296 816 4380 plutei
836 4295 953 4380 abyssi,
977 4307 1011 4356 ut
1032 4293 1187 4357 Iohannes
1210 4296 1243 4357 in
1267 4293 1470 4380 Apocalypsi
1482 4293 1638 4378 previdit,
1668 4319 1750 4359 nunc
1777 4297 1920 4360 scierant
1948 4297 2139 4377 inaestuare

443 4402 588 4465 uidelicet
603 4402 717 4487 pilares
741 4401 898 4486 discipuli
911 4398 1001 4464 Petri
1013 4399 1219 4480 Abaiolardi,
1243 4402 1445 4487 affirmantes
1468 4401 1622 4464 bominem
1646 4401 1684 4465 de
1708 4405 1831 4489 cirpine
1852 4416 2009 4489 sumptum
2033 4427 2095 4468 non

345 4534 421 4582 ·p.1s.
441 4531 505 4572 esse
529 4508 641 4589 Deum,
672 4507 729 4571 sed
759 4509 861 4592 alasiae
884 4507 951 4572 Dei
977 4508 1139 4594 singulare
1165 4508 1388 4586 babitaculum,
1421 4510 1453 4570 in
1479 4509 1552 4592 ‘quo
1576 4533 1645 4571 eum
1670 4509 1786 4573 babitet
1806 4511 1909 4573 omnis
1925 4509 2094 4596 plenitudo

442 4614 621 4679 diuinitatis
651 4615 869 4700 corporaliter,
900 4638 960 4677 non
992 4628 1093 4678 tamen
1124 4614 1233 4678 dicum
1255 4616 1288 4678 ei
1308 4617 1471 4678 conuenire
1495 4639 1604 4678 nomen
1628 4615 1776 4695 Deitatis,
1802 4630 1835 4680 ut
1856 4616 1944 4681 Deus
1967 4617 2094 4681 dicatsrr

440 4723 691 4807 nisifipuratioa
708 4723 870 4801 locutione,
895 4746 957 4806 qua
973 4723 1132 4785 continens
1149 4745 1213 4807 pra
1237 4735 1373 4785 contento
1398 4723 1447 4784 oct
1461 4745 1527 4806 pro
1551 4735 1687 4786 contento
1711 4725 1869 4788 cananeus
1884 4727 2093 4788 nominamus.

440 4826 502 4892 Est
522 4830 605 4892 euim
621 4830 799 4915 figurativa
823 4828 947 4907 locutis,
977 4831 1009 4892 si
1030 4828 1145 4892 babens
1161 4852 1226 4914 pro
1250 4828 1354 4892 labita
1378 4830 1568 4908 nominatur,
1600 4828 1686 4913 quod
1700 4829 1890 4916 plerumque
1912 4832 1990 4896 solet
2003 4832 2093 4918 fieri,
2111 4853 2139 4892 so

442 4937 490 4999 uti
509 4959 605 4998 manu
626 4935 749 5021 factum
780 4934 926 5020 templum
955 4959 1101 4999 vocamus
1123 4936 1307 5000 aecclesiam
1323 4948 1495 5020 propterea
1526 4935 1612 5019 qtsod
1639 4935 1730 4999 labet
1751 4937 1802 5000 vel
1823 4939 1958 5002 continet
1978 4938 2093 5002 aeccle·

301 5066 421 5114 10u.s,ss.
440 5044 532 5121 stiam,
557 5041 654 5106 idest
675 5043 772 5105 iustos
795 5043 830 5104 in
846 5065 882 5105 ea
907 5055 1096 5120 convocatos,
1121 5055 1149 5105 et
1172 5044 1206 5105 in
1222 5042 1394 5127 euangelio,
1419 5043 1477 5105 ubi
1497 5041 1634 5106 dicitur:
1656 5041 1820 5108 ‘Credidit
1842 5046 1910 5130 ipse
1933 5058 1962 5109 et
1983 5044 2094 5108 domus

440 5151 508 5213 eius
530 5148 609 5213 tour'
626 5149 784 5236 familiae
808 5147 903 5211 datm
926 5172 1036 5212 noman
1060 5148 1179 5226 domus,
1211 5149 1287 5232 quia
1309 5149 1477 5233 familiam
1507 5148 1598 5212 labet
1626 5149 1676 5213 ael
1704 5152 1838 5214 contenet
1864 5149 1983 5215 domus.
2031 5151 2093 5232 Ita,

442 5257 598 5340 inquiunt,
614 5257 792 5342 figurativa
816 5269 861 5318 est
883 5256 1007 5334 locutio,
1032 5254 1158 5340 parando
1182 5255 1233 5318 acl
1253 5254 1377 5318 bomini
1390 5253 1493 5318 Deum
1518 5257 1550 5319 in
1574 5279 1607 5319 se
1629 5255 1968 5341 babentiassiqnamus
1983 5281 2094 5322 nomen

441 5362 508 5426 Dei
527 5363 577 5426 uel
599 5362 701 5426 Deum
734 5364 766 5426 in
790 5362 913 5424 bomine
936 5375 1107 5424 manentem
1131 5360 1268 5425 dicimus
1291 5361 1454 5424 bominem.
1501 5360 1571 5426 Nos
1593 5376 1705 5442 auum,
1736 5365 1813 5448 quia
1838 5363 1940 5428 Deum
1956 5367 2094 5451 proprie
2111 5387 2139 5426 ss

550 5614 578 5692 1)
603 5617 685 5683 Quas
708 5618 816 5675 litteras
845 5616 952 5674 invenis
983 5616 1064 5674 etiam
1094 5625 1301 5693 nausutmptas
1330 5617 1360 5674 in
1388 5617 1465 5694 epist.
1492 5615 1543 5674 21.
1575 5619 1617 5674 ad
1645 5617 1817 5688 cardinales,
1850 5618 1950 5696 Miqne
1980 5628 1999 5675 t.
2020 5619 2092 5690 193,

440 5727 489 5782 eal.
515 5723 589 5782 584.
