4478 6396
735 382 974 440 OPUSCULUM
997 385 1049 440 DE
1074 383 1247 439 EDIFICIO
1273 385 1349 440 DEI.
1808 378 1870 440 119

211 589 277 652 que
302 577 395 653 parte
421 578 546 648 annuis,
571 568 612 632 de
636 592 691 632 ore
716 566 838 633 Christi
861 569 1053 655 procedens,
1078 569 1119 634 ab
1144 571 1298 657 episcopo
1323 572 1357 634 in
1379 572 1501 656 vagina
1524 570 1644 635 silentii
1667 594 1733 636 non
1757 594 1869 636 recon-

212 673 326 756 datur,
352 684 384 737 ct
407 674 585 738 materialis
610 674 748 760 gladius,
773 675 814 740 dc
839 698 902 761 quo
927 676 1043 741 Petrus
1068 688 1117 740 est
1139 676 1342 762 redargutus,
1368 675 1409 741 ab
1434 699 1472 741 eo
1497 701 1561 741 non
1585 679 1776 763 accipiatur.
1815 678 1868 744 De

210 779 267 843 illo
293 781 380 844 enim
404 782 562 866 scriptum
586 792 651 845 est:
678 782 729 862 Vc,
754 786 813 868 qni
828 785 975 869 probibet
995 784 1141 870 gladium
1165 809 1254 848 snam
1279 810 1299 848 a
1322 787 1493 871 saraptana·
1517 783 1557 847 dc
1582 785 1643 848 isto
1668 795 1777 848 autem
1800 785 1868 849 Do·
1889 812 2015 861 necaro.

212 888 319 950 minus
343 886 439 950 dicit:
465 887 552 973 quod
576 891 677 953 omnis
701 892 760 974 qui
780 893 898 976 occprit
917 891 1064 976 pladiani
1084 891 1196 978 plodio
1213 893 1344 977 peribit.
1392 890 1495 953 Istum
1525 889 1670 975 gladium
1699 890 1867 977 discipulis
1888 918 2049 968 narrasses.

178 1019 192 1056 a
212 1015 232 1056 a
255 993 399 1057 Domino
423 993 630 1058 interdictum
657 995 796 1080 ‘antiqui
824 995 1058 1060 aecclesiarum
1086 1006 1233 1083 pastores
1259 1020 1332 1060 cum
1355 997 1453 1061 Petro
1478 997 1587 1082 gregis
1611 1007 1738 1082 portam
1762 1008 1867 1062 custo·
1886 1024 1958 1064 aas.

213 1099 340 1163 dientes
363 1123 429 1164 non
453 1098 515 1164 sibi
538 1102 760 1164 necessarium
783 1113 989 1186 putaverunt,
1014 1113 1049 1166 ut
1072 1103 1246 1184 ministros,
1271 1124 1352 1189 quos
1367 1102 1530 1166 Dominus
1554 1125 1618 1167 non
1643 1102 1765 1186 habuit,
1790 1126 1867 1190 que-

213 1218 322 1269 rerent
346 1206 442 1271 etde
467 1206 564 1270 rebus
587 1230 769 1293 pauperum
799 1208 1024 1272 famelicorum
1054 1207 1172 1272 milites
1200 1220 1383 1294 pascerent.
1431 1207 1497 1274 Sed
1521 1211 1567 1273 ita
1591 1232 1624 1272 se
1649 1208 1691 1273 ab
1715 1211 1776 1274 isto
1800 1210 1867 1295 gla-

214 1311 268 1376 dio
291 1325 358 1376 tam
382 1312 570 1377 terribiliter
593 1314 767 1378 interdicto
796 1314 1032 1400 elongaverunt
1062 1337 1202 1400 suosque
1227 1337 1432 1379 successores
1457 1315 1604 1400 elongari
1627 1316 1808 1396 voluerunt,
1832 1328 1869 1380 ut

214 1421 316 1483 sacris
340 1419 520 1484 canonibus
544 1431 703 1484 testentur
726 1423 898 1507 episcopos
922 1421 1076 1486 effusores
1101 1444 1139 1486 ac
1163 1445 1236 1486 reos
1266 1422 1400 1486 humani
1424 1423 1602 1507 sanguinis,
1628 1424 1693 1508 qui,
1718 1425 1866 1508 quamvis

167 1553 195 1590 ιο
212 1526 321 1611 legali,
345 1537 455 1590 tamen
479 1527 649 1609 saeculari,
674 1537 864 1614 presumunt
886 1529 1044 1592 interesse
1068 1527 1190 1593 iudicio
1215 1529 1392 1614 sanguinis.
1429 1527 1603 1608 Quondam
1620 1530 1706 1592 enim
1723 1530 1750 1592 si
1767 1551 1868 1593 causa

214 1633 410 1697 iudicialiter
434 1644 467 1696 ct
490 1633 701 1698 saeculariter
725 1657 834 1698 coram
859 1635 1005 1720 principe
1030 1634 1241 1716 tractabatur,
1273 1633 1379 1699 nullus
1410 1634 1588 1699 catholicus
1612 1636 1785 1721 episcopus
1810 1635 1866 1700 tali

214 1762 249 1804 se
274 1762 393 1803 causae
424 1739 598 1821 inserebat,
629 1763 714 1827 quae
744 1763 804 1827 per
833 1751 969 1805 mortem
993 1740 1045 1805 vel
1072 1740 1292 1805 membrorum
1323 1741 1557 1805 mutilationem
1589 1741 1755 1826 punienda
1786 1752 1864 1824 erat,

213 1847 275 1908 nisi
300 1846 381 1910 forte
405 1857 479 1932 post
502 1857 590 1910 recte
615 1848 736 1911 factum
761 1847 916 1912 iudicium
947 1847 988 1912 ad
1013 1849 1216 1934 eripiendum
1247 1849 1376 1933 inopem
1405 1848 1445 1912 de
1470 1870 1569 1911 manu
1592 1847 1760 1911 fortiorum
1785 1849 1865 1930 eius,

214 1953 299 2016 sicut
321 1952 440 2037 legitur
463 1953 580 2018 fecisse
604 1953 719 2018 beatus
744 1955 909 2019 Nicolaua
956 1955 1101 2020 Econtra
1131 1955 1277 2019 moderni
1306 1953 1439 2040 quidam
1463 1954 1610 2040 episcopi
1634 1975 1750 2018 causas
1774 1978 1865 2018 mun-

169 2085 196 2124 rs
214 2058 316 2122 (lanas
348 2082 421 2122 cum
452 2059 584 2144 regibus
608 2071 640 2124 ct
663 2060 865 2147 principibus
897 2063 1099 2144 examinant,
1131 2061 1358 2148 expeditiones
1389 2059 1558 2143 ordinant;
1589 2059 1645 2124 ubi
1674 2083 1741 2124 non
1770 2062 1865 2124 unius

214 2165 363 2246 hominis,
388 2166 445 2230 sed
469 2166 652 2246 multorum,
678 2169 810 2253 sanguis
833 2168 990 2232 fundatur
999 2173 1020 2249 ¹,
1044 2167 1101 2232 ubi
1124 2171 1238 2254 inopes
1263 2168 1303 2232 de
1328 2190 1426 2231 manu
1449 2167 1617 2230 fortiorum
1634 2167 1704 2230 eius
1724 2189 1788 2231 non
1805 2169 1865 2232 eri-

213 2273 360 2357 piantur:
398 2273 455 2336 sed
487 2274 601 2336 rustici
631 2285 663 2337 et
693 2275 806 2360 inopes
836 2274 1066 2339 miserabiliter
1095 2274 1292 2360 affligantur,
1325 2272 1455 2360 quando
1485 2272 1604 2336 milites
1636 2295 1702 2338 non
1733 2283 1867 2337 utrmtur

214 2378 349 2444 consilio
372 2379 538 2461 Iohannis,
563 2379 624 2443 hoc
648 2378 814 2460 militibus,
847 2382 873 2444 si
898 2381 1011 2444 volunt
1034 2380 1165 2462 salvari,
1190 2380 1398 2462 consulentis,
1422 2389 1458 2443 ut
1480 2380 1643 2444 neminem
1668 2381 1864 2460 concutiant,
1885 2407 2010 2454 meam

214 2508 320 2571 neque
346 2485 564 2572 calumpniam
588 2486 720 2566 faciant,
745 2487 803 2550 sed
826 2489 970 2551 contenti
994 2489 1058 2551 sint
1081 2487 1250 2573 stipendiis
1275 2488 1351 2550 suis.
1389 2485 1477 2566 Quid
1494 2509 1570 2570 ergo
1594 2486 1758 2568 miramur,
1779 2485 1867 2572 quod

168 2617 195 2656 m
213 2591 359 2676 gladium
382 2592 447 2656 Dei
472 2615 491 2656 a
515 2593 674 2678 sanguine
704 2592 887 2678 prohibent,
920 2595 976 2680 qui
1006 2617 1064 2680 per
1091 2594 1209 2658 milites
1239 2594 1405 2679 negotium
1436 2593 1581 2679 rapinas,
1612 2615 1672 2679 per
1701 2593 1867 2679 principes

214 2697 371 2762 iudicium
395 2701 562 2784 sanguinis
587 2699 766 2763 exercent?
813 2700 996 2764 Miserrime
1025 2701 1245 2765 excusationis
1274 2699 1372 2786 pallio
1397 2700 1542 2786 episcopi
1567 2699 1699 2785 quidam
1723 2709 1866 2781 utuntur,

214 2806 270 2891 qui
300 2805 479 2869 tractandis
510 2817 542 2869 et
572 2805 799 2869 examinandis
830 2808 937 2870 causis
969 2809 1140 2871 intersunt.
1189 2806 1255 2872 Sed
1285 2808 1318 2870 in
1348 2806 1423 2886 fine,
1455 2805 1585 2892 quando
1609 2807 1681 2891 ipsa
1704 2805 1867 2870 iudicialis

214 2913 375 2976 sententia
406 2912 510 2994 datur,
542 2911 585 2976 ad
615 2913 676 2976 hoc
700 2935 735 2976 sc
765 2935 825 2998 per
847 2925 1046 2978 momentum
1069 2915 1164 2978 unius
1195 2913 1294 2978 horae
1323 2911 1526 2994 subtrahunt,
1558 2923 1594 2976 ut
1624 2913 1670 2976 sic
1694 2911 1868 2978 videantur

214 3040 376 3081 canonum
400 3020 482 3083 scita
505 3041 647 3100 servare,
673 3042 756 3106 quac
780 3019 954 3106 prohibent
970 3021 1141 3107 episcopos
1165 3020 1286 3084 iudicio
1311 3020 1478 3105 sanguinis
1502 3020 1669 3083 interesse.
1708 3018 1753 3082 Et
1769 3020 1866 3082 etiam

167 3150 195 3189 ss
214 3123 404 3211 plerumque
429 3137 587 3190 conantur
602 3128 796 3190 sententiam
813 3126 943 3192 ultionis
961 3138 1120 3206 avertere,
1141 3150 1238 3213 quam
1261 3128 1326 3214 ipsi
1348 3128 1438 3213 prius
1463 3125 1656 3190 studuerunt
1671 3125 1865 3211 predictare.

215 3231 271 3296 Sic
296 3243 328 3294 et
351 3231 499 3296 diabolus
523 3234 556 3296 in
579 3234 731 3319 passione
756 3231 877 3297 Christi
899 3233 1021 3297 iudicio
1046 3235 1213 3319 sanguinis
1237 3233 1393 3316 interfuit,
1418 3231 1476 3296 sed
1500 3233 1589 3296 circa
1611 3231 1710 3296 finem
1733 3253 1768 3295 se
1793 3230 1866 3294 sub-

213 3338 345 3401 trahens
375 3361 531 3424 suamque
562 3338 825 3425 dampnationem
855 3342 1072 3426 presentiens,
1104 3342 1203 3404 ctiam
1234 3340 1274 3404 de
1306 3339 1493 3404 dimissione
1524 3338 1609 3403 illius
1641 3361 1700 3424 per
1730 3360 1866 3402 uxorem
1886 3363 2044 3412 naitanus.

214 3444 311 3508 Pilati
339 3443 514 3509 laboravit:
547 3455 711 3510 ettamen
735 3468 799 3509 non
824 3445 927 3510 solum
951 3446 1171 3528 homicidium,
1203 3446 1272 3528 sed,
1296 3456 1332 3509 ut
1354 3447 1400 3509 ita
1423 3444 1541 3528 dicam,
1565 3444 1753 3508 Deicidium
1778 3453 1865 3507 recte

217 3551 280 3614 'illi
304 3574 346 3614 ex
369 3562 436 3615 toto
459 3553 651 3638 imputatum
683 3575 747 3639 qno
777 3563 896 3638 agente
926 3552 1006 3616 illud
1035 3553 1193 3618 iudicium
1224 3553 1391 3638 sanguinis
1415 3551 1603 3615 inchoatum
1626 3561 1659 3614 et
1681 3572 1800 3636 magna
1824 3572 1866 3613 ex
1885 3575 1964 3616 nan

169 3682 197 3722 ιο
215 3668 307 3743 parte
330 3669 502 3722 tractatum
526 3659 722 3744 agnoscitur.
759 3658 814 3724 Sic
831 3670 863 3722 et
878 3659 972 3723 Iudci
996 3659 1159 3723 dicentes:
1184 3659 1286 3724 Nobis
1301 3683 1361 3722 non
1379 3660 1451 3723 licet
1472 3661 1646 3745 interjicere
1670 3681 2014 3743 quemqnam,10n.1s‚s1.

216 3767 323 3829 conati
347 3777 421 3829 sunt
451 3787 510 3850 per
533 3764 594 3830 hoc
618 3763 824 3830 excusabiles
847 3765 964 3846 rideri,
989 3765 1076 3852 quod
1099 3789 1165 3830 non
1188 3765 1251 3851 ipsi
1282 3787 1354 3828 eum
1386 3763 1628 3844 crucifixerunt,
1660 3762 1719 3827 sed
1747 3762 1866 3826 milites

215 3871 368 3953 Romani3
401 3883 432 3935 et
461 3883 571 3935 tamen
602 3873 759 3958 quicquid
788 3871 835 3935 illi
866 3872 983 3936 milites
1014 3872 1175 3953 fecerunt,
1206 3872 1386 3936 rectissime
1416 3868 1480 3933 illis
1510 3871 1697 3956 imputatur,
1729 3891 1866 3955 qnorum

215 3976 372 4042 voluntati
403 4001 462 4063 per
485 3977 546 4042 hoc
570 4001 589 4042 a
614 3977 769 4042 militibus
793 3977 1005 4043 serviebatur.
1054 3977 1146 4044 Sicut
1177 4000 1254 4063 ergo
1285 3987 1372 4058 tunc,
1404 3978 1505 4040 itaet
1528 3999 1625 4057 nunc,
1650 3977 1727 4062 quia
1750 3997 1866 4061 pecca·

215 4095 282 4146 tum
306 4085 463 4170 principis
486 4083 570 4148 male
594 4084 779 4166 iudicantis,
805 4096 837 4149 et
860 4085 969 4148 militis
994 4107 1033 4148 ac
1057 4084 1203 4148 scutiferi
1226 4084 1425 4170 predicantis
1446 4093 1548 4147 totum
1565 4081 1727 4146 redundat
1749 4083 1782 4145 in
1799 4081 1865 4167 epi-

171 4215 196 4255 ss
216 4213 330 4276 scopos
354 4190 592 4255 mundanorum
609 4191 815 4256 consiliorum
832 4191 1054 4273 fabricatores,
1080 4214 1099 4255 a
1123 4190 1241 4277 quibus
1266 4192 1374 4273 etiam,
1400 4213 1472 4254 cum
1497 4189 1646 4274 legaliter
1662 4198 1865 4270 exercentur,

215 4298 276 4381 ipsi
301 4296 460 4361 deberent
484 4319 555 4362 esse
579 4300 749 4362 immunes.

324 4530 396 4592 108.
431 4528 524 4592 Haec
556 4528 738 4592 differentia
769 4530 853 4592 inter
883 4528 1007 4593 iudices
1032 4528 1293 4592 aecclesiasticos
1318 4538 1350 4591 et
1373 4526 1557 4591 saeculares
1581 4548 1652 4590 esse
1678 4525 1865 4607 dinoscitur,

215 4633 302 4720 quod
331 4635 366 4697 in
391 4633 633 4698 aecclesiastico
663 4635 784 4699 iudicio
816 4635 991 4721 spiritualis
1022 4636 1122 4699 iudex
1152 4636 1237 4699 inter
1266 4643 1438 4698 nocentem
1468 4645 1500 4697 et
1529 4633 1736 4696 innocentem
1767 4629 1867 4696 nichil

168 4765 197 4804 ro
214 4742 335 4804 terreni
365 4740 524 4823 lucratur;
556 4741 614 4805 sed
645 4740 776 4805 alterius
808 4741 975 4823 offensam,
1007 4741 1138 4806 alterins
1169 4742 1319 4827 gratiam,
1349 4741 1499 4804 iusticias
1528 4738 1643 4803 favens
1674 4737 1866 4823 plerumque

320 4911 363 4964 Ex
385 4911 455 4965 Vita
478 4909 507 4964 S.
525 4909 655 4982 Gregorii
685 4911 714 4964 in
736 4912 807 4966 libro
831 4911 898 4979 111⁰,
931 4929 993 4981 cap.
1017 4907 1184 4965 xxxiv:
1217 4909 1361 4966 Neminem
1391 4927 1461 4965 sarie
1479 4906 1645 4984 pontificum
1668 4926 1688 4961 a
1706 4903 1866 4980 parrochia
1885 4923 1940 4966 aar.

213 5036 266 5072 crta
290 5047 333 5054 -
356 5046 399 5055 —
422 5017 503 5091 apud
523 5035 574 5073 nos
596 5015 717 5091 incipias
740 5035 798 5073 esse
821 5016 974 5092 capabilis.

321 5123 395 5178 Item
418 5123 552 5179 Antemio
575 5119 784 5179 subdiacono&
811 5122 943 5178 Peruenit
965 5123 1007 5178 cd
1027 5142 1078 5178 nos
1102 5122 1273 5178 Prinmnimn
1298 5151 1342 5160 -
1365 5119 1609 5195 -preceptione
1632 5137 1793 5194 cognoscas.
1823 5109 1826 5120 ¹

321 5229 497 5302 Augustinus
521 5231 550 5284 in
573 5248 700 5286 sermone
717 5230 858 5284 XXXXI.
883 5231 911 5283 in
927 5225 1117 5285 Iohannem42
1142 5228 1237 5285 Videte
1250 5246 1339 5304 penus
1355 5225 1503 5294 lwrnicidii,
1522 5225 1648 5296 fratres.
1672 5254 1717 5264 —
1732 5254 1776 5262 -
1799 5222 1875 5280 andi.
1885 5244 1901 5281 r.
1909 5243 1950 5282 ec.

168 5351 195 5390 ss
210 5335 407 5410 psalnristam:
432 5335 512 5391 ‘Filii
534 5337 682 5405 bornicum,
708 5338 801 5392 dentes
825 5355 918 5392 eorum
943 5355 1026 5391 amira
1041 5323 1076 5390 'et
1097 5334 1218 5409 sapiam
1243 5342 1269 5390 ct
1291 5333 1388 5408 lingon
1412 5351 1505 5389 eornm
1529 5331 1664 5386 rnaclsera
1687 5331 1796 5386 acrito'.
1885 5347 1981 5397 asca.

325 5513 353 5582 1)
381 5512 429 5584 Cf.
455 5513 501 5569 De
524 5514 648 5590 irs-vestig.
674 5514 840 5571 Antichristi
863 5533 885 5568 c.
909 5513 946 5568 37
974 5507 1009 5587 (c.
1037 5511 1087 5567 39.
1114 5513 1156 5568 ed.
1183 5510 1406 5586 Scheibelberper
1424 5529 1456 5584 p.
1476 5504 1539 5582 83).
1656 5505 1686 5576 2)
1712 5504 1785 5580 Opp.
1811 5505 1865 5574 IV,

215 5622 264 5676 col.
286 5619 357 5675 101.
451 5620 481 5688 3)
507 5620 565 5694 ep.
591 5620 677 5690 XIII,
704 5619 754 5689 29,
785 5619 854 5676 ΕΕ.
878 5619 918 5688 ΙΙ,
938 5638 971 5693 p.
999 5617 1071 5674 393.
1165 5617 1194 5682 4)
1220 5618 1255 5673 In
1280 5636 1378 5692 strong.
1404 5615 1464 5672 Iole.
1490 5623 1571 5670 tract.
1598 5613 1649 5681 42,
1675 5633 1697 5668 c.
1724 5613 1752 5682 8,
1777 5608 1865 5684 §IL

216 5725 289 5801 Opp.
317 5725 372 5795 III,
399 5724 429 5796 2,
455 5727 505 5782 col.
524 5725 597 5782 580.

1602 5839 1652 5890 23*
