4418 6412
417 391 482 454 410
710 395 890 453 GERHOIII
913 391 1146 450 PRAEPOSITI
1169 392 1578 450 REICHERSBERGENSIS
1602 392 1767 448 LIBELLI.

524 583 639 671 Neque
667 605 745 648 vero
777 579 927 666 exemplo
959 590 1049 644 caret
1078 581 1257 662 excusatio,
1288 602 1386 667 quam
1417 578 1605 662 suademus,
1636 579 1791 665 quoniam
1822 579 1893 665 ipse
1925 577 2070 642 domiuus

418 701 528 757 noster
543 690 635 754 Iesus
652 687 811 771 Christis,
828 710 902 752 cum
920 685 1084 752 diceretur
1106 684 1227 750 habere
1244 685 1441 768 demonium,
1458 685 1610 772 dignatus
1627 696 1676 750 est
1699 707 1859 774 excusare
1884 706 1919 748 se
1943 683 2070 747 dicens:

278 822 399 871 roasa.
418 798 488 887 Epo
512 798 689 862 &monium
712 820 774 861 uon
798 796 905 875 ludeo,
934 794 992 858 sed
1020 795 1191 880 honorifico
1208 807 1335 880 patrem
1363 819 1472 858 meum.
1520 792 1603 856 Item
1627 815 1700 857 cum
1725 791 1766 855 de
1789 790 1844 856 illo
1867 791 1987 854 fuisset
2009 791 2073 876 cpi-

327 926 399 970 aso.
418 905 483 986 nio,
505 901 592 989 qnod
615 903 698 966 mira
720 901 845 966 faciens
869 922 908 965 ao
932 898 1053 964 docens
1077 896 1214 984 gloriam
1230 899 1396 985 propriam
1413 909 1572 984 quereret,
1597 900 1767 964 excusavit
1790 920 1825 962 se
1850 897 1983 962 dicens:
2008 897 2074 985 Epo

416 1012 555 1098 pluriam
584 1034 684 1074 meam
715 1033 776 1073 nou
806 1031 912 1093 quero,
943 1021 987 1071 est
1016 1009 1075 1091 qui
1102 1021 1213 1091 querat
1240 1021 1270 1071 et
1298 1006 1424 1072 iudicet.
1471 1004 1569 1070 Hunc
1598 1006 1750 1069 nimirum
1780 1006 1946 1068 imitantes
1974 1004 2103 1089 ipsiuss

420 1113 581 1201 discipuli,
606 1136 680 1178 curn
703 1124 895 1199 putarentur
918 1123 950 1176 et
973 1111 1161 1176 dicerentur
1182 1123 1287 1176 musto
1317 1111 1406 1199 pleni
1434 1123 1466 1178 et
1494 1111 1586 1194 ebrii,
1616 1133 1682 1177 non
1711 1111 1843 1176 fuerunt
1873 1107 2074 1191 exacerbati,

244 1219 479 1296 aa.s,u.1s.sed
503 1221 650 1285 excusati
673 1231 747 1284 sunt
771 1219 899 1284 dicente
915 1219 1013 1283 Petro
1037 1217 1199 1304 apostolo:
1225 1219 1299 1284 Viri
1319 1219 1416 1284 Iudei
1437 1233 1465 1284 et
1486 1221 1545 1305 qui
1565 1219 1715 1284 habitatis
1729 1217 1904 1283 Iar-useless
1923 1219 2076 1298 universi,

421 1329 477 1394 hcc
501 1330 587 1392 uobis
610 1343 714 1391 uotum
737 1330 779 1392 eit
801 1342 829 1392 et
851 1327 984 1390 auridus
1003 1328 1159 1413 percr'pite
1183 1327 1276 1391 verba
1300 1351 1377 1391 mea.
1425 1325 1499 1389 Nou
1522 1328 1615 1405 enirn,
1645 1327 1727 1389 sicut
1753 1348 1806 1390 vos
1834 1326 2000 1404 estimatis,
2030 1324 2080 1388 tii

422 1437 506 1500 ebrii
533 1449 612 1513 sunt,
643 1459 712 1497 astru
742 1436 784 1498 sit
812 1435 891 1497 lora
922 1433 991 1496 diei
1018 1435 1116 1497 tercia
1147 1440 1179 1496 et
1202 1443 1321 1496 cetera.
1367 1431 1451 1496 Item
1476 1453 1550 1495 curn
1573 1430 1676 1496 Paulo
1700 1429 1844 1516 apostolo
1869 1430 2078 1494 diceretnra

244 1565 401 1612 naasaas.
421 1539 567 1627 preside:
600 1539 728 1605 quenis
752 1540 862 1618 Paule,
894 1540 1008 1604 miritae
1032 1554 1058 1602 te
1083 1540 1203 1603 litterae
1226 1539 1272 1603 ad
1293 1541 1454 1604 insaniam
1477 1552 1665 1618 conuertunt,
1689 1538 1860 1601 excusavit
1885 1558 1919 1600 se
1945 1536 2076 1600 dicens:
2095 1562 2118 1600 ro

421 1648 496 1711 Nou
520 1649 656 1724 insanio,
680 1649 794 1732 optrine
820 1645 918 1725 Festa,
949 1645 1006 1709 sed
1035 1647 1177 1709 veritrrtis
1200 1659 1228 1710 et
1249 1647 1426 1710 sobrietatis
1454 1645 1547 1718 uerba
1576 1669 1630 1732 epo
1653 1645 1780 1730 loquor.
1827 1642 1932 1724 Idem,
1964 1665 2007 1706 ne
2037 1641 2077 1706 de

422 1754 508 1818 vicio
531 1751 673 1816 levitatis
696 1753 801 1815 notari
826 1751 983 1837 potuisset
1006 1751 1100 1836 quasi
1123 1773 1189 1814 non
1212 1773 1346 1814 servans
1370 1749 1457 1836 quod
1480 1751 1683 1836 promiserat,
1707 1750 1835 1814 curavit
1856 1771 2020 1814 excusare
2044 1771 2077 1812 se

251 1884 402 1932 uuonan.
422 1881 481 1945 per
505 1857 674 1944 epistolam
698 1856 827 1922 dicens:
858 1858 1027 1944 Numquid
1056 1860 1178 1924 leuitate
1202 1883 1276 1922 raus
1298 1883 1377 1938 arem,
1401 1873 1435 1922 ut
1455 1861 1499 1922 sit
1520 1858 1610 1945 apud
1631 1883 1677 1922 rue
1701 1873 1729 1922 et
1750 1859 1836 1922 acu?
1882 1855 1983 1920 Tales
2013 1866 2077 1920 tam

422 1964 560 2030 humiles
585 1973 677 2029 erant
700 1963 848 2050 apostoli,
872 1975 908 2027 ut
932 1986 997 2028 non
1021 1962 1276 2050 dedignarentur
1299 1987 1334 2028 se
1358 1963 1479 2028 Christi
1509 1963 1659 2049 exemplo
1684 1962 1725 2027 de
1749 1961 1958 2050 opinionibus
1988 1962 2077 2026 malis

312 2096 404 2136 uua.
423 2093 593 2136 excusare.
640 2071 709 2134 Hos
733 2071 850 2134 imitati
873 2069 936 2133 viri
959 2070 1129 2156 apostolici
1155 2071 1320 2136 'fecerunt
1343 2070 1500 2152 similiter,
1531 2093 1572 2135 ne
1595 2069 1681 2134 mala
1705 2069 1745 2134 de
1768 2069 1833 2134 illis
1857 2070 1970 2155 opinio
1995 2080 2119 2132 essetis

258 2203 404 2252 sternutae.
424 2180 458 2241 in
480 2177 601 2264 populo
625 2177 689 2240 Dei
720 2175 910 2240 scandalum
939 2176 1076 2262 pusillis,
1105 2199 1243 2264 quorum
1274 2177 1429 2241 scandala
1458 2189 1610 2242 monente
1634 2175 1763 2242 Christo
1792 2199 1890 2263 quam
1919 2175 2078 2256 cavenda,

425 2307 490 2348 non
520 2285 650 2370 ignorat
680 2284 840 2369 sapientia
869 2295 993 2365 vestra,
1024 2305 1097 2347 eum
1128 2285 1162 2346 in
1192 2283 1353 2348 aecclesia
1382 2285 1530 2348 Romana
1563 2284 1658 2348 huius
1688 2285 1848 2348 cautionis
1883 2283 1989 2348 multa
2019 2284 2080 2346 sint

426 2389 587 2475 exempla.
633 2389 717 2453 Nam
741 2399 775 2453 ut
799 2412 841 2453 ex
864 2389 972 2453 multis
995 2413 1102 2476 pauca
1125 2389 1310 2475 decerpam,
1335 2401 1465 2455 sanctus
1488 2413 1575 2476 papa
1592 2389 1770 2476 Gregorius
1794 2389 1883 2477 apud
1906 2400 2080 2476 augustum

427 2496 621 2561 hlauricium
652 2498 780 2560 sinistre
805 2495 941 2578 delatus,
967 2499 1061 2583 quasi
1084 2521 1158 2561 reus
1188 2498 1223 2560 in
1245 2506 1349 2561 morte
1373 2496 1495 2561 Malchi
1519 2499 1675 2584 episcopi,
1706 2496 1871 2561 humiliter
1895 2519 1930 2562 se
1955 2497 2081 2561 curavit

428 2625 586 2668 excusare
617 2625 676 2690 per
706 2603 875 2689 epistolam
906 2603 1013 2667 eidem
1043 2614 1180 2689 augusto
1210 2604 1344 2667 missam
1355 2607 1375 2667 ¹.
1427 2603 1509 2668 Item
1541 2627 1615 2668 cum
1645 2602 1778 2690 quidam
1809 2613 1924 2668 uonna
1953 2603 2081 2669 Sixtum
2097 2627 2119 2666 u

428 2733 546 2796 papam
576 2715 793 2796 temptassent
814 2709 953 2795 quedam
984 2708 1061 2773 mali
1084 2711 1220 2774 rumoris
1245 2707 1387 2792 obicere,
1416 2711 1487 2796 ipse
1517 2712 1551 2774 in
1575 2709 1722 2793 concilio,
1754 2711 1808 2774 cui
1831 2709 2081 2774 Valentinianus

428 2826 585 2904 augustus
614 2817 779 2898 intererat,
811 2839 845 2880 se
875 2817 1081 2880 innocentem
1113 2815 1253 2880 ostendit
1282 2839 1441 2903 suumque
1466 2819 1704 2881 criminatorem
1727 2817 1865 2880 Bassum
1890 2839 1911 2880 a
1933 2815 2080 2902 predicto

429 2934 565 3009 augusto
596 2924 691 2987 morti
722 2921 889 2986 addictum
920 2923 986 2986 suis
1017 2920 1176 3004 munibus,
1205 2933 1241 2987 ut
1270 2921 1397 3008 legitur,
1429 2922 1588 3009 sepelivit,
1617 2945 1681 3009 quo
1712 2923 1797 2992 facto
1827 2923 2025 2987 monstrarit
2047 2944 2082 2986 se

430 3029 593 3094 odientem
615 3052 681 3093 non
700 3029 840 3093 odisse².
875 3029 943 3092 Leo
968 3029 1066 3093 etiam
1090 3051 1186 3114 papa,
1210 3028 1348 3114 qualiter
1371 3031 1590 3115 semetipsum,
1614 3052 1655 3094 ne
1679 3028 1888 3113 iudicaretur,
1913 3028 2081 3110 iudicavit,

429 3134 532 3200 verba
555 3137 624 3199 eius
648 3134 763 3199 melius
787 3157 885 3239 quarn
908 3145 1018 3198 nostra
1041 3133 1250 3220 patefaciunt,
1275 3157 1359 3222 quae
1382 3137 1429 3198 ita
1452 3157 1486 3198 se
1510 3134 1669 3201 habenti:
1698 3137 1853 3201 Auditum
1876 3152 1930 3218 est,
1953 3138 2082 3226 fratres
2099 3159 2123 3198 a

318 3271 348 3310 ·r.
362 3269 409 3310 ars.
428 3281 472 3290 -
494 3282 539 3290 —
563 3245 786 3330 'capitatiouea
1510 3257 1511 3262 ¹

535 3348 620 3413 Acta
643 3359 717 3412 sunt
739 3348 800 3412 hec
825 3371 844 3412 a
867 3347 1074 3434 pontificibus
1097 3348 1252 3412 Romanis
1275 3371 1340 3412 non
1363 3347 1553 3435 urgentibus
1577 3349 1684 3412 causis
1707 3350 1833 3436 magnis
1857 3372 1916 3436 pro
1940 3348 2011 3414 sola
2033 3371 2081 3413 re·

428 3455 523 3542 pulsa
552 3455 653 3519 falsae
685 3456 845 3540 opinionis
876 3465 908 3518 et
938 3453 1042 3519 malae
1069 3456 1266 3541 suspitionis.
1313 3455 1357 3520 At
1380 3479 1466 3520 nunc
1489 3467 1584 3541 urget
1607 3477 1707 3520 causa
1728 3457 1931 3541 gravissimu,
1957 3455 2082 3520 scilicet

430 3561 608 3626 aecclesiae
640 3563 781 3624 scissura
803 3561 981 3647 pernitiosa
1004 3560 1044 3625 de
1069 3561 1275 3647 opinionibus
1299 3573 1332 3626 et
1354 3561 1587 3648 suspitionibus
1611 3560 1726 3626 oborta
1755 3563 1840 3627 inter
1862 3562 2081 3628 sacerdotium

430 3677 462 3732 et
485 3690 631 3753 regnum,
656 3689 752 3754 quam
781 3689 897 3730 sanare
928 3689 993 3731 non
1023 3688 1119 3753 posse
1149 3668 1310 3748 timemus,
1341 3669 1402 3731 nisi
1430 3667 1549 3732 decisis
1574 3669 1692 3751 causis,
1717 3691 1797 3755 quas
1820 3670 2080 3755 perstrinximus.
2099 3673 2143 3732 ω’

431 3772 557 3855 Quibus
588 3785 696 3838 autem
725 3771 927 3860 principibus
959 3774 1187 3837 excusationes
1218 3772 1259 3837 de
1283 3775 1436 3858 preterito
1461 3787 1493 3838 et
1514 3775 1616 3840 iustas
1646 3777 1877 3862 promissiones
1908 3775 1949 3840 de
1974 3776 2081 3840 futuro

430 3881 513 3944 mitti
538 3882 720 3960 conveniat,
743 3879 820 3943 lieet
842 3890 953 3942 vestra
976 3880 1137 3965 sapientia
1159 3901 1276 3965 perse
1300 3879 1409 3943 valeat
1431 3903 1581 3966 pensare,
1605 3892 1715 3946 tamen
1739 3883 1816 3968 quia
1838 3877 2081 3969 mihi'qnalitas

431 3988 613 4073 principum
636 3996 714 4050 ncta
738 3997 786 4049 est
809 3987 914 4070 magis
936 4008 1032 4072 quam
1049 3983 1153 4068 robis,
1178 4009 1243 4050 non
1266 3986 1454 4070 indignetur
1469 3986 1547 4052 mihi
1569 3987 1686 4075 pusillo
1710 3999 1824 4052 sancta
1840 3990 1945 4074 pietas
1962 4000 2081 4071 vestra,

431 4092 519 4179 quod
542 4090 635 4156 vobis
666 4092 800 4178 designo
831 4102 863 4156 et
894 4114 1033 4178 suggero
1043 4097 1065 4155 ⁴.
1114 4089 1301 4156 Gratiarum
1331 4093 1475 4157 actiones
1507 4094 1661 4159 solvimus
1691 4117 1750 4180 pro
1780 4095 1895 4159 litteris
1919 4117 1940 4159 a
1963 4095 2082 4160 domno

431 4198 608 4285 apostolico
632 4199 729 4263 michi
753 4221 792 4263 ac
816 4221 874 4284 pro
897 4222 949 4263 me
973 4197 1091 4262 domno
1115 4219 1188 4262 meo
1213 4197 1445 4284 Salzburgensi
1468 4201 1574 4264 missis
1585 4205 1606 4282 ⁵,
1631 4203 1687 4286 qui
1709 4201 1860 4265 nimirum
1885 4200 2082 4266 discretione
2101 4223 2127 4264 ss

431 4305 610 4391 apostolica
639 4327 716 4368 usus
745 4316 834 4369 recte
866 4303 1012 4369 cohibuit
1041 4306 1075 4368 in
1099 4305 1165 4369 suis
1196 4304 1311 4369 litteris
1341 4327 1392 4369 me
1424 4315 1521 4392 atque
1551 4305 1757 4372 adversarios
1786 4330 1875 4373 meos
1899 4329 1920 4372 a
1942 4306 2083 4394 publicis

431 4411 743 4497 disceptationibus*
767 4411 808 4476 de
831 4410 895 4475 fide
920 4411 1081 4476 catholica
1103 4433 1238 4477 monens
1263 4421 1430 4476 contentos
1453 4435 1512 4476 nos
1537 4435 1609 4477 esse
1633 4415 1774 4500 antiquis
1793 4414 1938 4479 terminis
1954 4425 2082 4500 patrum

432 4518 603 4582 Athanasii
625 4517 826 4603 aliorumque
849 4527 1045 4600 sanctorum,
1068 4540 1109 4582 ne
1127 4519 1299 4582 occasione
1315 4517 1560 4604 disceptationis
1575 4518 1726 4606 publicae
1743 4519 1975 4585 offendiculum
1992 4521 2084 4586 fieret

431 4624 556 4711 pusillis
587 4624 620 4686 in
650 4623 724 4687 fide.
778 4622 876 4703 Quod
906 4633 1013 4687 autem
1044 4646 1142 4689 sensu
1172 4623 1432 4688 adversariorum
1467 4647 1613 4690 meorum
1647 4625 1790 4690 nondum
1824 4626 1920 4712 plene
1952 4629 2083 4714 cognito

431 4729 554 4794 distulit
577 4728 763 4792 iudicialem
780 4730 984 4812 sententiam,
1008 4729 1116 4816 placet
1139 4730 1218 4795 mihi
1242 4740 1274 4794 et
1292 4729 1421 4816 plaeere
1443 4729 1542 4796 debet
1564 4730 1762 4797 amatoribus
1778 4733 1926 4799 iusticias
1944 4736 2083 4821 optanti-
2101 4757 2127 4795 a

433 4835 492 4901 bus
516 4858 581 4900 una
604 4857 742 4916 mecum,
767 4836 919 4920 quatinus
943 4847 975 4900 et
997 4859 1070 4901 meo
1094 4847 1127 4901 et
1149 4837 1276 4902 illorum
1301 4859 1398 4902 sensu
1426 4837 1622 4925 adplenum
1647 4840 1777 4926 cognito
1801 4839 1841 4904 de
1866 4839 1982 4905 throno
2007 4843 2082 4928 apo·

432 4942 564 5007 stolioae
589 4940 756 5026 dignitatis
779 4941 959 5026 procedant
988 4942 1131 5029 fulgores
1156 4955 1187 5008 et
1210 4965 1308 5008 voces
1333 4953 1366 5009 et
1388 4945 1530 5009 tonitrua
1554 4955 1667 5010 contra
1689 4945 1878 5032 falsiloquos
1909 4945 1952 5011 ad
1977 4969 2083 5013 corro-

426 5047 612 5132 borandum
635 5046 808 5130 veridicos,
836 5060 872 5112 ut
901 5049 966 5113 iam
995 5061 1152 5135 exparte
1176 5048 1506 5115 audivimusfactum
1533 5053 1568 5114 in
1590 5052 1732 5117 Francia
1741 5057 1763 5134 ⁶,
1791 5052 1858 5136 ubi,
1890 5055 1975 5119 sicut
1996 5055 2084 5119 fama

431 5155 544 5236 refert,
577 5152 833 5241 condempnatus
865 5166 914 5219 est
943 5177 1033 5220 error
1062 5158 1251 5241 negantium
1280 5156 1335 5220 vel
1362 5156 1472 5221 Deum
1503 5157 1665 5222 hominem
1695 5159 1748 5224 vel
1781 5158 1944 5225 hominem
1975 5161 2083 5225 Deum

539 5354 565 5416 s)
585 5373 649 5406 cerr.
668 5372 698 5406 en
716 5355 947 5422 disputationibus
965 5372 986 5406 a.
2100 5371 2125 5409 so

542 5515 572 5592 1)
597 5518 741 5595 EpistV,
764 5519 793 5589 6,
826 5518 894 5574 ΕΕ.
919 5517 943 5588 Ι,
970 5539 1003 5593 p.
1028 5517 1102 5574 286.
1217 5517 1248 5588 2)
1273 5519 1397 5577 Decreta
1421 5521 1498 5579 Sinti
1520 5521 1575 5579 ΙΙΙ.
1607 5524 1650 5580 ad
1676 5542 1771 5580 earnes
1800 5524 1884 5599 episc.
1906 5523 2013 5582 Orieut.
2039 5525 2081 5581 ed.

433 5625 587 5683 Ifiusclrius
609 5646 642 5702 p.
666 5625 738 5681 562.
855 5623 885 5685 3)
912 5625 975 5680 LL.
999 5624 1040 5695 ΙΙ,
1066 5644 1098 5700 p.
1120 5625 1177 5694 15,·
1207 5624 1299 5698 Jape',
1323 5626 1455 5684 Bibliotlr.
1480 5629 1533 5698 IV,
1557 5649 1592 5704 p.
1617 5628 1690 5685 378.
1740 5628 1789 5702 Cf.
1815 5630 1866 5687 lroc
1887 5630 2084 5688 iusiurandum

432 5752 522 5807 siqua
539 5733 584 5790 De
600 5733 696 5789 invest.
714 5732 843 5788 Antictrr.
868 5752 892 5786 c.
910 5731 961 5800 57,
981 5751 1015 5806 p.
1034 5730 1105 5785 370.
1176 5731 1207 5800 4)
1227 5730 1275 5802 Os.
1295 5733 1330 5788 de
1353 5733 1404 5790 lroc
1427 5735 1485 5791 loeo
1503 5734 1689 5793 laudacia
1712 5738 1729 5792 l.
1747 5738 1766 5793 l.
1786 5757 1819 5812 p.
1839 5735 1913 5792 360.
1984 5736 2015 5808 6)
2034 5736 2082 5809 Gt.

433 5837 520 5911 Jaffi
538 5859 583 5894 ur.
604 5839 721 5894 11011.
747 5848 773 5894 et
798 5837 913 5907 11012,
938 5857 967 5893 α.
988 5836 1080 5906 1164,
1107 5837 1198 5894 Mart.
1224 5837 1274 5894 22.
1368 5838 1398 5910 6)
1425 5839 1474 5912 C'f.
1497 5860 1589 5917 supra
1605 5862 1639 5917 p.
1658 5841 1731 5912 401,
1756 5863 1785 5900 u.
1805 5844 1833 5899 1.
