4544 6420
774 375 1011 432 OPUSCULUM
1036 377 1088 431 DE
1114 375 1286 432 EDIFIOIO
1311 377 1389 432 DEI.
1646 374 1662 388 ⁴
1847 373 1907 434 145

255 560 384 626 iusticia
414 560 551 625 militum
581 563 678 626 nimis
702 573 751 626 est
774 561 903 645 inolita3
934 562 1065 626 iusticia
1087 573 1196 627 autern
1221 561 1342 628 Christi
1367 573 1475 627 nostro
1499 575 1645 650 tempore
1669 565 1799 629 videtur
1821 567 1906 630 inso-

255 665 323 731 lita.
369 667 424 732 Sic
448 669 568 732 etenim
599 669 735 733 confusa
765 679 840 732 sunt
870 669 993 755 regalia
1028 680 1060 732 et
1091 670 1343 752 aecclesiastica,
1376 681 1410 734 ut
1440 671 1504 734 iam
1535 671 1702 736 videretur
1733 673 1906 759 episcopus

255 796 391 858 regnum
415 773 565 860 spoliare,
590 776 616 839 si
641 775 821 840 aecclesiae
845 774 1015 840 facultates
1041 775 1210 840 'militibus
1233 775 1332 841 vellet
1356 777 1531 862 denegare.
1926 801 1997 843 aas.

364 902 414 964 15.
449 899 543 963 Haec
563 912 613 963 est
634 899 690 964 illa
706 899 862 980 confusio,
881 923 945 986 qua
961 899 1137 986 impeditur
1151 923 1265 964 manus
1283 900 1501 965 edificantium
1520 903 1553 966 in
1570 915 1683 966 sancta
1698 903 1764 968 Dei
1781 903 1904 968 aeccle-

221 1029 235 1068 s
255 1005 314 1086 sia,
339 1007 423 1070 sicut
445 1001 608 1091 quondam
632 1017 705 1094 post
728 1008 1044 1092 transmigrationem
1067 1005 1245 1093 Babylonis
1274 1029 1384 1071 eorum
1410 1008 1466 1094 qni
1490 1007 1643 1094 templum
1671 1009 1907 1075 reedificabant

255 1111 362 1176 studia
385 1123 460 1177 sunt
482 1135 542 1198 per
564 1113 625 1178 hoe
649 1113 824 1194 retardata,
850 1113 946 1200 quod,
978 1115 1062 1177 sient
1085 1114 1137 1176 isti
1162 1112 1406 1178 aecclesiastica
1430 1113 1594 1200 regalibus
1618 1117 1826 1199 miscuerunt,
1858 1118 1904 1180 sic

254 1217 310 1299 illi,
342 1241 415 1283 cum
446 1232 555 1284 essent
584 1218 763 1300 Israelitae,
795 1230 908 1284 contra
939 1220 1084 1283 divinum
1115 1220 1338 1300 interdictum,
1371 1243 1489 1285 uxores
1521 1221 1723 1306 alienigenas
1755 1221 1905 1288 ducendo

254 1327 422 1390 commixti
451 1327 536 1390 inter
565 1338 679 1411 gentes
711 1337 743 1390 et
773 1324 957 1390 didicerunt
981 1349 1080 1412 opera
1104 1349 1227 1390 eorum.
1274 1327 1389 1391 Nonne
1414 1340 1447 1390 et
1470 1329 1615 1414 episcopi
1641 1330 1807 1393 commixti
1832 1343 1905 1394 sunt
1924 1355 2083 1404 saansaan.

253 1431 454 1496 secularibus
479 1431 680 1519 principibus
705 1446 737 1496 et
760 1434 805 1496 ita
829 1432 1014 1497 didicerunt
1038 1456 1138 1519 opera
1162 1456 1282 1512 eorum,
1308 1445 1343 1497 ut
1366 1434 1511 1498 nonnulli
1535 1457 1646 1498 eorum
1670 1437 1775 1499 sciant
1798 1447 1905 1500 castra

207 1564 234 1603 ro
253 1561 452 1624 expugnare,
477 1541 680 1625 procinctum
704 1551 815 1603 contra
839 1539 947 1603 hostes
971 1562 1102 1604 movere
1128 1551 1159 1604 et
1183 1551 1291 1604 cetera
1316 1562 1400 1626 quae
1425 1540 1500 1605 duci
1524 1543 1627 1626 magis
1645 1564 1741 1627 quam
1757 1543 1905 1629 pontifici

252 1647 450 1709 conveniunt
473 1646 650 1710 ordinare?
689 1645 777 1726 Quid
801 1669 878 1731 ergo
903 1645 1088 1710 faciendum
1113 1659 1162 1710 est
1186 1647 1282 1710 alicui
1308 1647 1461 1732 episcopo
1478 1647 1600 1711 volenti
1624 1648 1685 1712 hoc
1710 1671 1791 1726 esse,
1816 1649 1903 1736 quod

252 1751 380 1832 dicitur,
405 1755 467 1816 nisi
492 1765 526 1816 ut
550 1753 754 1817 multitudine
779 1777 817 1818 ac
842 1753 1076 1817 consuetudine
1100 1775 1328 1839 perversorum
1353 1755 1482 1838 penitus
1507 1753 1663 1838 despecta
1687 1755 1790 1819 solum
1811 1754 1902 1820 Chri-

251 1871 336 1923 stum
359 1860 405 1922 ita
429 1873 592 1946 sequatur,
616 1871 652 1924 ut
676 1860 808 1946 quidam
833 1871 964 1924 sanctus
989 1859 1110 1924 Tobias
1135 1859 1309 1923 videatur?
1356 1859 1408 1925 De
1434 1859 1539 1924 Tabia
1568 1862 1613 1925 sic
1638 1860 1772 1948 legitur:
1804 1863 1901 1949 quod,
1922 1887 1976 1930 ros.
1985 1889 2003 1936 1,
2015 1888 2034 1930 s.

251 1992 321 2030 cum
352 1992 455 2031 castres
485 1971 567 2032 irent
596 1969 641 2032 ud
670 1969 783 2032 m'lulos
812 1993 934 2047 aureos,
965 1994 1042 2053 qnos
1057 1971 1186 2056 facerat
1208 1993 1266 2032 rea
1288 1968 1401 2048 Israel,
1432 1969 1483 2032 lar-'c
1511 1971 1596 2032 aolus
1620 1972 1723 2034 rufaus
1747 1974 1902 2036 consortia

205 2098 231 2136 rs
251 2099 367 2153 corum,
399 2078 482 2138 venir
513 2078 544 2138 r'a
570 2075 741 2139 Ierusalem
773 2075 910 2139 odorare
939 2076 1099 2140 dirrar'aum
1124 2076 1225 2138 Deum
1250 2075 1361 2138 Israel.
1410 2073 1465 2138 Sic
1490 2097 1567 2160 ergo
1592 2077 1662 2155 iste,
1693 2098 1767 2139 cum
1791 2099 1902 2140 omnes

250 2191 327 2244 eant
350 2180 392 2244 ad
409 2180 564 2266 palatium
581 2181 621 2244 de
638 2181 751 2244 mundi
775 2182 913 2266 negotiis
937 2191 1087 2262 tractare,
1114 2181 1200 2245 solus
1221 2181 1325 2246 discat
1349 2183 1382 2244 in
1398 2182 1523 2246 visione
1548 2183 1661 2267 pacisl
1686 2181 1811 2246 debitas
1828 2182 1901 2247 Deo

249 2287 399 2350 victimas
424 2299 456 2351 et
480 2287 658 2352 oblationes
682 2288 801 2352 facere.
850 2287 915 2352 Sed
946 2287 1082 2352 fortasse
1107 2311 1165 2352 rex
1191 2311 1264 2352 cum
1288 2297 1503 2374 persequetur
1527 2312 1599 2352 cum
1623 2288 1738 2352 militia
1763 2301 1804 2370 et,
1829 2289 1900 2375 lege

250 2391 371 2457 Christi
395 2393 447 2457 vel
471 2417 505 2457 re
529 2395 659 2458 insolita
689 2406 762 2480 post
786 2394 916 2458 dorsum
941 2396 1095 2479 proiecta,
1128 2395 1168 2459 de
1194 2417 1252 2458 sua
1276 2394 1365 2458 illurn
1390 2393 1520 2480 urgebit
1550 2396 1688 2474 iusticia,
1720 2394 1843 2459 habens
1868 2398 1901 2459 in

250 2499 311 2564 hoc
342 2500 459 2564 milites
491 2501 650 2564 fautores:
682 2501 738 2586 qui
769 2524 842 2564 cum
867 2501 964 2564 Pilati
993 2501 1149 2566 militibus
1173 2501 1391 2566 vendiderunt
1415 2501 1630 2582 mendacium,
1655 2513 1690 2564 nt
1714 2503 1901 2587 acciperent

202 2633 230 2672 ao
250 2607 430 2671 aecclesiae
456 2607 663 2693 stipendium.
700 2608 863 2671 Fecemnt
887 2609 972 2671 enim
993 2610 1154 2695 episcopis
1179 2608 1367 2688 hominium,
1392 2621 1427 2671 ut
1452 2619 1560 2672 essent
1584 2607 1764 2672 aecclesiae
1790 2608 1900 2672 defen-

250 2736 349 2792 sores,
375 2737 447 2778 cum
472 2716 536 2778 sint
559 2716 621 2800 ipsi
646 2713 792 2778 hostibus
816 2716 979 2778 extraneis
1004 2716 1134 2779 omnino
1159 2714 1346 2794 deteriores,
1372 2715 1449 2799 quia
1466 2714 1646 2779 aecclesiae
1664 2713 1749 2780 bona
1765 2715 1849 2779 inter
1865 2738 1899 2779 se

250 2820 409 2906 dissipant
434 2834 465 2884 et
489 2821 522 2884 id
545 2822 661 2907 ipsum,
694 2821 780 2906 qnod
805 2819 973 2884 beneficiis
997 2844 1108 2884 eorum
1133 2842 1303 2907 superesse
1328 2820 1466 2900 videtur,
1499 2831 1685 2906 sumptuose
1717 2821 1805 2906 apud
1833 2823 1899 2908 epi·

250 2949 364 3012 scopos
389 2928 593 2992 convivando
618 2929 663 2991 ita
686 2927 798 2991 volunt
823 2951 1023 3004 consumere,
1048 2941 1083 2991 ut
1106 2949 1189 3013 pene
1214 2926 1313 2990 nichil
1337 2928 1440 3013 possit
1462 2927 1599 2991 militum
1623 2930 1764 3013 sumptui
1788 2951 1898 3014 snper-

249 3055 331 3114 esse,
363 3033 448 3097 nmle
480 3056 640 3120 pauperes
665 3045 697 3097 et
720 3034 839 3098 viduae
867 3034 1002 3112 alantur,
1034 3035 1178 3120 hospites
1203 3045 1234 3097 et
1261 3035 1438 3119 ‘peregrini
1468 3035 1696 3119 suscipiantur,
1728 3045 1761 3097 et
1791 3045 1898 3099 cetera
1919 3058 1994 3102 ¹r.1s.

202 3167 230 3206 aa
249 3140 443 3226 episcopalis
468 3140 687 3204 munificentie
712 3141 820 3204 officia
844 3151 1051 3226 peragantur.
1099 3140 1186 3220 Quid
1212 3153 1260 3204 est
1284 3163 1361 3226 crgo
1385 3139 1465 3204 illud
1491 3140 1677 3218 hominium,
1706 3142 1768 3204 nisi
1798 3141 1898 3227 quod-

248 3247 324 3310 dam
355 3247 586 3312 mendacium?
617 3269 692 3310 nam
724 3270 797 3311 curn
821 3271 855 3311 se
881 3248 1107 3333 cpiscoporum
1138 3247 1283 3310 homines
1316 3247 1436 3327 dicant,
1467 3257 1589 3310 tantam
1621 3245 1683 3309 sibi
1715 3269 1812 3334 super
1843 3271 1897 3311 eos

249 3352 436 3417 dominandi
461 3364 654 3440 potestatem
677 3354 863 3434 vendicant,
888 3364 923 3417 ut
947 3353 1046 3417 nichil
1070 3353 1194 3432 dantes,
1220 3365 1329 3439 preter
1351 3352 1567 3432 rrrendacium,
1594 3363 1694 3416 totum
1719 3353 1898 3418 aecclesiae

249 3462 295 3523 sic
327 3461 520 3524 exhauriant
553 3460 821 3547 gazoplrilatiun13
853 3472 888 3524 ut
917 3483 976 3547 per
1007 3462 1114 3524 onmia
1145 3459 1207 3524 illis
1238 3459 1394 3523 militibus
1425 3459 1603 3523 deteriores
1634 3459 1813 3544 probentur
1843 3462 1897 3546 qui

249 3578 384 3652 accepto
408 3589 427 3630 a
450 3567 657 3652 pontificibus
681 3569 791 3653 precio
816 3568 879 3632 tale
903 3567 1109 3631 mendacium
1133 3567 1367 3647 confinxertmt,
1401 3567 1488 3653 qnod
1517 3589 1577 3652 per
1607 3566 1668 3630 hoc
1698 3565 1833 3630 solubile
1859 3591 1896 3630 ac

204 3701 231 3740 so
249 3673 470 3738 destructibile
495 3675 652 3752 fecerunt,
678 3675 829 3760 qnoniam
855 3697 889 3738 se
914 3673 1148 3738 dormientibus
1166 3673 1330 3737 Christum
1346 3673 1431 3736 furto
1455 3670 1599 3736 ablatum
1616 3671 1778 3736 dixerunt.
1816 3673 1896 3753 Quis
1916 3664 2075 3764 „uafri—,gg

250 3781 333 3844 enirn
359 3804 422 3844 non
447 3782 558 3846 rideat
580 3781 695 3866 fragile
720 3804 758 3844 ac
782 3781 899 3846 falsum
927 3783 1145 3845 testimonium
1169 3779 1254 3844 illius
1279 3802 1361 3858 esse,
1393 3781 1448 3865 qui
1478 3779 1520 3842 de
1548 3779 1607 3842 hoc
1632 3779 1913 3865 testatusquod‘

249 3887 370 3950 taetram
395 3887 513 3952 dicitnr
536 3910 574 3952 eo
599 3887 804 3951 dormiente?
829 3898 991 3950 cassatum
1016 3898 1064 3950 est
1088 3909 1164 3972 ergo
1189 3885 1395 3950 mendacium
1421 3908 1542 3966 eorrnn,
1575 3887 1651 3970 quia
1675 3885 1824 3950 Christus
1848 3909 1896 3949 re-

249 3995 428 4058 surrexisse
445 4017 509 4058 non
526 3993 702 4058 dubitatur.
736 3995 908 4057 Perierunt
931 3993 1110 4078 pontifices,
1136 4016 1160 4060 a.
1179 3992 1296 4079 quibus
1321 3993 1380 4056 hoc
1398 3993 1604 4056 mendacium
1629 3993 1669 4056 de
1687 3993 1769 4079 stipe
1786 3993 1895 4078 templi

250 4115 472 4186 comparatum
497 4102 693 4186 agnoscitur.
740 4101 928 4163 Hominium
946 4123 1023 4162 vero
1048 4113 1079 4164 ct
1104 4099 1319 4180 mendacium,
1345 4099 1432 4184 quod
1456 4100 1601 4184 episcopi
1626 4099 1666 4162 de
1686 4097 1895 4162 facultatibus

205 4235 230 4274 ³5
249 4206 428 4272 aecclesiae
444 4218 662 4288 mercantum,
680 4209 736 4270 vix
754 4207 852 4270 audet
869 4206 985 4292 aliquis
1002 4209 1148 4270 veritatis
1169 4205 1278 4290 gladio
1302 4207 1504 4291 impugnare,
1529 4206 1592 4268 nisi
1616 4207 1816 4291 propositum
1840 4205 1894 4269 ha·

248 4312 324 4376 beat
355 4337 409 4377 eos
440 4315 496 4399 qui
527 4313 679 4377 occidunt
710 4336 826 4398 corpus
857 4337 920 4376 nrm
952 4314 997 4376 ita
1026 4312 1219 4394 formidare3
1252 4314 1334 4376 siem
1365 4311 1509 4376 timenda
1540 4307 1588 4375 est
1618 4313 1779 4376 sententia
1809 4312 1893 4375 illins
1915 4334 2040 4380 rueras.

356 4520 531 4590 Augustinus
554 4521 588 4574 ad
614 4516 794 4574 Varenum-'2
820 4517 901 4574 Nihil
923 4527 962 4573 est
985 4517 1012 4573 in
1038 4518 1091 4572 lrac
1115 4516 1180 4584 cita,
1206 4547 1248 4555 —
1273 4547 1315 4554 -
1339 4537 1392 4591 pao
1415 4524 1509 4572 riostcr
1532 4516 1688 4591 imperator
1711 4505 1789 4571 iubet.

353 4627 507 4680 loronirnus
531 4628 566 4680 ad
590 4621 787 4679 Eliodorumss:
820 4624 885 4680 Noa
916 4632 957 4680 cst
976 4624 1070 4694 ,facilc
1098 4632 1176 4680 sture
1205 4625 1263 4678 loco
1287 4622 1381 4690 Pauli,
1406 4653 1449 4661 -
1473 4653 1515 4661 -
1541 4642 1598 4696 pro
1628 4623 1783 4678 sacrrdolr's
1814 4624 1894 4696 lapsu

248 4731 309 4805 quis
333 4739 483 4808 reputamus
506 4731 566 4787 cst?
610 4728 725 4787 Ideml:
759 4732 815 4786 l'ac
845 4731 886 4786 illi
915 4730 1027 4798 loanni,
1059 4729 1107 4804 qui
1133 4738 1274 4804 occeptum
1307 4731 1437 4784 talentum
1469 4760 1512 4768 —
1535 4760 1586 4784 -.
1636 4729 1737 4785 Probet
1759 4747 1788 4785 se
1811 4748 1895 4784 urrrrs-

201 4853 230 4891 so
247 4837 370 4912 quisquc,
395 4847 420 4894 ct
442 4838 481 4894 sic
503 4839 628 4894 accedat.

353 4947 432 5000 Libri
448 4947 559 5000 Hesdrc
577 4965 638 5016 cap.
653 4945 765 4999 XXVII
776 4941 802 4998 ὗε
822 4945 905 5001 Discit
920 4945 1067 5000 alhstanus:
1085 4944 1118 4999 Io
1136 4943 1229 4998 (liebus
1245 4942 1298 4998 ιἸΙὼΙ
1315 4972 1357 4981 -
1371 4972 1412 4980 -
1425 4941 1504 4998 Deus
1520 4942 1638 4998 aracusia
1654 4941 1761 4998 bostran.
1796 4942 1893 4997 Alaea.
1914 4955 1970 4998 tto.

354 5052 506 5107 ieronimus
530 5053 566 5106 ad
590 5053 735 5106 Paulinum
760 5053 962 5122 Presbyterum
972 5047 999 5105 ¹⁵:
1026 5051 1120 5106 Habet
1142 5069 1225 5106 urrrua
1249 5051 1376 5124 quodque
1394 5047 1569 5123 propositum
1595 5079 1638 5086 —
1662 5079 1704 5086 ——
1728 5047 1830 5104 laudere
1853 5046 1895 5102 ni·
1914 5061 1976 5104 trs.

248 5167 344 5214 lonast·
368 5167 393 5213 el
416 5158 550 5214 rrrcrilum.

354 5347 380 5410 a)
403 5357 558 5400 mereantur
576 5367 596 5398 c.

201 5530 228 5568 4⁵
358 5515 385 5578 1)
413 5512 461 5584 Os.
487 5511 554 5570 Isr'd.
581 5513 674 5586 Etpm.
697 5512 775 5580 VIII,
797 5513 823 5574 1,
843 5513 877 5567 6:
904 5514 1081 5567 Hierusalem
1106 5514 1182 5584 pacis
1207 5513 1274 5568 risio
1298 5513 1514 5581 interpretatur.
1586 5509 1615 5578 ¹2)
1643 5509 1734 5584 Epist.
1753 5509 1803 5578 21,
1829 5506 1893 5581 ξΙ

249 5619 321 5696 Opp.
346 5620 386 5688 11,
413 5621 462 5677 col.
488 5619 538 5674 25.
663 5617 694 5692 3)
719 5619 768 5691 (ΞΓ
795 5619 887 5694 Epist.
908 5615 1000 5690 14,§
1025 5619 1053 5686 9,
1081 5617 1154 5692 opp.
1179 5618 1202 5687 I,
1227 5620 1276 5673 col.
1296 5617 1346 5672 36.
1462 5614 1492 5688 4)
1515 5616 1589 5672 Ibid.
1615 5613 1634 5688 ξ
1658 5616 1688 5670 8.
1714 5617 1742 5684 9,
1768 5618 1817 5672 col.
1844 5616 1893 5670 34.

249 5727 278 5795 5)
304 5726 332 5782 2.
352 5727 440 5784 Esdr.
461 5727 509 5796 13,
530 5725 669 5781 23—31.
763 5727 792 5784 ot
820 5726 911 5801 Epist.
934 5725 984 5779 58.
1010 5726 1051 5780 ud
1074 5724 1233 5792 Pauli-aum,
1260 5723 1333 5798 opp.
1359 5724 1401 5778 cd.
1423 5723 1579 5779 l'allarsr'us
1604 5723 1626 5791 I,
1653 5725 1702 5778 col.
1729 5723 1790 5776 322
1808 5744 1848 5797 sq.

317 5846 417 5898 Lilrclh'
438 5847 470 5898 de
492 5847 548 5898 lite.
580 5848 634 5896 Ill.
1650 5848 1681 5893 la
