4386 6390
384 374 585 432 DLALOGUS
609 376 661 430 DE
686 374 953 432 PONTIFICATU
977 373 1156 430 saucias
1180 373 1372 431 ROMANAE
1397 374 1621 431 ECCLESIAE.
1765 369 1828 432 535

183 559 329 628 diiambi
354 561 477 627 Christi
497 577 578 643 seint,
602 577 635 628 ut
657 565 762 626 minas
784 564 912 648 sopiens
936 563 1019 642 dico,
1035 564 1114 648 pius
1130 587 1193 649 epo.
1230 561 1281 626 Ita
1304 572 1336 625 et
1357 583 1418 648 ego
1439 562 1596 648 insipiens
1613 561 1728 646 factus,
1753 565 1831 650 quia
1849 589 2008 640 sosanna.

184 676 211 732 tu
233 690 288 732 me
312 669 449 754 coegisti
473 668 534 733 boo
557 666 599 732 de
622 691 673 732 me
697 669 802 754 primo
827 667 936 733 dicere
960 690 1102 755 possum,
1128 667 1215 753 quod
1239 668 1285 732 ait
1307 673 1442 754 poeta¹z

821 776 886 840 Hic
909 801 1018 839 arturus
1040 799 1154 840 aenens
1177 789 1257 839 esto:

606 883 668 948 Nil
690 884 828 947 conscire
851 885 925 961 aibr‘,
948 883 1038 946 nulla
1055 883 1232 968 pallescere
1256 883 1358 968 rubra.

133 1014 162 1055 ε
287 987 437 1069 Qualiter
459 987 672 1052 Timotheus²
694 1011 779 1070 eum,
804 989 860 1074 qui
884 989 1057 1074 episcopus
1083 987 1230 1052 'iuturus
1254 999 1312 1070 est,
1345 987 1518 1070 describat,
1542 990 1638 1054 nosti.
1685 989 1775 1076 Lege
1799 1000 1832 1055 et
1850 989 1987 1086 311ῗῆῃῶ

172 1115 279 1179 argue
310 1095 342 1158 in
366 1106 449 1176 mess,
481 1095 507 1158 si
530 1104 633 1180 potes,
658 1094 829 1181 quodvis.
874 1094 988 1176 Immo,
1012 1105 1048 1158 ut
1071 1117 1145 1158 cum
1169 1095 1313 1180 apostolo
1337 1095 1475 1180 amplius
1500 1094 1622 1182 aliquid
1645 1119 1830 1182 presumam

165 1202 312 1266 ceteris:
343 1203 377 1264 in
401 1201 547 1266 Romana
578 1201 717 1289 ecclesia
746 1201 818 1287 plus
850 1201 921 1264 aliis
952 1200 1101 1265 omnibus
1125 1222 1186 1287 ego
1209 1199 1357 1265 laboravi
1380 1224 1442 1266 nec
1467 1202 1663 1288 neophitus³
1687 1214 1719 1267 et
1740 1205 1831 1268 novi-
1850 1229 2008 1280 nooman.

164 1305 242 1371 tius
267 1319 323 1372 aut
346 1308 476 1372 advena
496 1309 663 1393 ingressus
688 1330 769 1390 sum,
793 1319 829 1372 ut
851 1308 929 1372 mibi
954 1309 1111 1373 debitam⁴
1134 1309 1214 1372 alter
1236 1311 1303 1373 sibi
1322 1309 1438 1374 audent
1463 1310 1627 1374 rrerrdioare
1650 1312 1829 1376 mercedem.

160 1412 265 1479 Hine
291 1413 473 1479 Celestinus
504 1437 608 1501 papa:
639 1416 786 1480 Habeat⁵
810 1419 1022 1501 ¹rertrrsq‘aiaque
1038 1416 1184 1504 fructum
1216 1439 1291 1480 auae
1321 1417 1441 1503 milicie
1472 1419 1504 1480 in
1536 1419 1676 1503 ecclesia,
1710 1421 1741 1482 in
1769 1444 1831 1504 qua

68 1557 124 1598 ,ο
162 1544 268 1586 suam
285 1547 350 1609 per
365 1524 471 1586 omnin
496 1523 604 1610 offitia
626 1525 777 1610 transegit
798 1537 935 1586 nemtem.
972 1521 1046 1584 Non
1070 1543 1130 1607 ego
1156 1520 1195 1585 de
1219 1519 1337 1606 grandi
1361 1523 1462 1585 nasob
1479 1545 1642 1608 presumo,
1667 1523 1752 1588 sicut
1769 1546 1831 1587 nec

170 1623 220 1690 de
243 1638 329 1692 torto
353 1627 406 1692 vel
432 1651 536 1714 parvo
563 1639 682 1709 metuo,
706 1639 742 1692 ut
765 1627 908 1714 quidam,
934 1629 988 1714 qui
1013 1651 1048 1691 se
1071 1627 1243 1692 efferentes
1274 1649 1374 1714 supra
1403 1650 1449 1710 se,
1479 1627 1555 1692 dum
1587 1651 1621 1693 se
1652 1631 1831 1694 existimari

168 1733 292 1799 nolunt
322 1734 470 1817 hebetes,
500 1757 543 1799 ex
573 1734 778 1800 discretionis
809 1758 866 1823 sue
897 1732 1074 1798 subtilitate
1104 1733 1308 1798 inmoderata
1338 1734 1553 1821 decipiuntur.
1599 1736 1674 1800 Non
1702 1758 1773 1821 ego,
1796 1747 1832 1800 ut

180 1839 313 1924 quidam
338 1840 524 1928 albuginem
556 1840 712 1906 habentes
743 1843 775 1905 in
800 1841 904 1924 oculo,
929 1841 1103 1906 candorem
1133 1839 1212 1904 mihi
1243 1841 1370 1928 iusticie
1402 1863 1460 1906 seu
1490 1843 1648 1931 sapientie
1680 1841 1831 1926 attribuo,

182 1967 238 2012 nec
270 1971 323 2012 me
354 1971 413 2036 per
442 1949 661 2034 arrogantiam
691 1948 809 2030 exalto,
841 1950 926 2012 sicut
955 1948 1003 2030 hi,
1032 1947 1073 2012 de
1102 1946 1220 2033 quibus
1251 1947 1386 2012 dieitur:
1418 1949 1565 2014 Dicentes
1594 1954 1675 2014 enim
1705 1976 1738 2014 se
1768 1975 1981 2026 assanensis.

48 2079 123 2118 ιε»
179 2058 346 2141 sapientes,
376 2058 466 2121 omiti
483 2058 576 2144 faeti
601 2071 681 2120 sant.
729 2055 764 2120 Si
793 2055 902 2120 domui
932 2077 1018 2144 mee,
1050 2053 1084 2117 id
1109 2064 1157 2118 est
1185 2053 1260 2117 filiis
1292 2052 1491 2140 spiritalibus
1516 2066 1548 2120 et
1570 2053 1709 2120 subditis
1739 2057 1830 2138 meis,

173 2155 338 2226 hactenus
361 2160 644 2239 irrationabiliterc
670 2161 787 2248 prefui,
812 2185 923 2247 argue,
948 2163 976 2225 si
998 2172 1101 2247 potes.

286 2267 576 2356 A[lexander].
598 2268 762 2355 Sapientis
780 2279 829 2333 est
844 2268 1027 2354 ponderare
1044 2289 1208 2332 sermones
1226 2289 1300 2332 suos
1318 2279 1350 2332 et
1365 2269 1454 2354 quod
1470 2267 1532 2332 sibi
1549 2270 1657 2356 eloqui
1672 2293 1736 2334 non
1752 2269 1830 2351 wilt,

158 2373 273 2440 alteri
290 2398 356 2439 non
372 2375 554 2462 loquaturd.
591 2375 685 2440 Unde
702 2373 808 2440 benee
825 2375 1070 2461 scripturaait:
1099 2375 1191 2452 Quod
1212 2378 1273 2440 tibi
1293 2400 1355 2439 non
1377 2379 1427 2440 nris
1439 2378 1529 2464 fieri,
1549 2379 1647 2442 alteri
1660 2403 1696 2441 aa
1704 2378 1829 2465 facias.
1848 2405 1975 2455 ronam.

152 2475 276 2562 Novi,
295 2482 383 2568 quod
398 2483 452 2546 lex
469 2505 488 2546 a
504 2482 685 2547 sacerdotio
698 2483 831 2546 vitiosos
848 2481 1027 2546 excludens
1044 2483 1103 2545 ait:
1121 2482 1193 2546 Noa
1210 2483 1368 2562 aluredum,
1384 2507 1445 2546 non
1459 2467 1604 2570 pybbnm,
1620 2507 1680 2548 non
1698 2485 1831 2570 lippam,
1849 2485 1945 2585 ,ffib

34 2596 113 2640 ²0
152 2611 239 2654 non
257 2604 337 2654 torto
354 2592 404 2654 nei
414 2591 538 2678 prandi
550 2605 718 2676 aatparno
734 2615 811 2653 naso
835 2601 867 2652 et
883 2589 1026 2652 ceteras.
1062 2587 1135 2652 Non
1152 2611 1221 2651 sum
1238 2599 1303 2652 tam
1319 2590 1415 2674 parvi
1429 2591 1512 2672 nasi,
1536 2611 1596 2653 nec
1620 2601 1685 2654 tam
1708 2590 1831 2679 minute

154 2693 396 2777 discretionis,
413 2707 448 2761 ut
467 2718 533 2760 non
552 2695 730 2782 intelligam
754 2698 800 2759 ita
820 2707 851 2758 te
869 2695 1009 2784 quedam
1024 2695 1105 2758 vitia
1120 2718 1271 2781 purgare,
1289 2707 1324 2760 ut
1339 2697 1467 2760 coneris
1487 2698 1521 2760 in
1537 2719 1642 2761 meam
1658 2719 1831 2783 personam

155 2802 314 2867 referre.
351 2802 417 2869 Sed
434 2801 616 2867 cavendum
638 2801 698 2867 tibi
721 2803 791 2880 fnit,
813 2802 890 2866 dum
910 2802 988 2866 mihi
1012 2802 1222 2866 indiscretam
1245 2801 1484 2885 discretionem,
1507 2826 1570 2892 que
1593 2827 1652 2890 per
1674 2802 1831 2890 grandem

161 2919 210 2974 et
234 2920 355 2974 tortum
382 2932 497 2974 nasum
518 2913 566 2974 *et
588 2910 805 2995 arrogantiam
834 2910 961 2996 iusticie
985 2908 1037 2972 vel
1060 2908 1233 2973 elationem
1256 2909 1454 2998 sapienciess,
1478 2932 1540 2996 que
1564 2933 1623 2997 per
1645 2910 1832 2997 albuginem
1850 2937 1935 2978 ansa.
2033 2893 2034 2898 ἵ

167 3015 348 3080 oculorum
363 3025 503 3098 notatur,
520 3015 679 3098 obiecisti,
704 3039 744 3079 ne
768 3027 824 3079 aut
847 3017 955 3101 iugem
979 3014 1041 3079 tibi
1064 3013 1217 3098 scabiem,
1242 3015 1302 3080 hoc
1327 3026 1377 3079 est
1400 3017 1507 3080 carnis
1530 3016 1753 3103 petulantiam,
1777 3029 1833 3083 aut

52 3133 128 3180 ι’)
169 3123 394 3208 inpetiginem
416 3123 451 3186 in
475 3144 621 3209 corpore,
650 3122 711 3186 hoc
735 3133 784 3186 est
807 3123 994 3202 avariciam,
1019 3144 1081 3207 que
1106 3121 1164 3186 diu
1187 3132 1327 3186 mentem
1351 3135 1440 3187 tuam
1464 3125 1607 3206 vexavit,
1632 3147 1762 3211 possem
1785 3126 1831 3188 in-

176 3251 367 3315 properare.
415 3228 507 3294 Sicut
536 3241 644 3293 autem
675 3230 854 3314 inpetigine
886 3229 1030 3314 corporis
1059 3228 1158 3292 decor
1188 3227 1405 3294 membrorum
1430 3230 1585 3315 perditur,
1617 3232 1664 3294 sic
1695 3231 1831 3296 aliarum

178 3337 346 3418 virtutum,
370 3337 398 3400 si
421 3359 502 3422 quas
526 3335 646 3400 habere
670 3337 760 3400 visus
784 3358 829 3417 es,
853 3357 913 3421 per
936 3335 1107 3398 avaritiam
1130 3335 1314 3421 pulcritudo
1340 3335 1547 3422 depravatur.
1583 3337 1679 3402 Unde
1705 3349 1831 3424 aposto-

178 3442 246 3507 lus:
279 3443 392 3508 Rada
421 3446 558 3508 omnium
588 3445 743 3507 asatorum
773 3443 941 3528 copiditas.
993 3443 1146 3519 Quoniam
1178 3468 1239 3506 non
1270 3447 1409 3530 coppam,
1439 3444 1553 3529 inquit,
1584 3448 1831 3533 nepot-intimem,
1851 3446 1998 3496 Uim-⁶2¹⁰·

1851 3501 1920 3541 Paro
1936 3500 2008 3541 1616.

179 3552 317 3614 introibo
351 3552 386 3615 in
408 3553 568 3637 potentiae
598 3550 761 3614 Domiaih.
816 3549 976 3612 Dominus
1011 3549 1045 3611 in
1075 3549 1194 3635 templo
1227 3571 1355 3613 mensas
1388 3550 1674 3615 nummolariorum
1705 3554 1830 3617 evertit.
1912 3528 1940 3593 ‘²¹‘-

96 3668 156 3716 ιο
179 3655 331 3720 Usurarii
353 3657 387 3719 in
410 3655 549 3744 ecclesia
572 3655 715 3720 ordinari
737 3654 982 3741 prohibenturi,
1008 3654 1148 3719 ordinati
1170 3666 1227 3720 aut
1250 3654 1398 3720 desinere
1423 3667 1479 3720 aut
1503 3657 1622 3744 deponi
1646 3660 1830 3744 precipiun·
1850 3607 2007 3657 Mamm

179 3767 263 3826 tur‘t
310 3763 409 3827 Nemo
440 3766 534 3828 etiam
563 3765 706 3828 militans·
735 3763 803 3827 Deo
834 3764 980 3848 ineptiant
1007 3787 1039 3826 se
1070 3767 1190 3850 negotio
1219 3762 1390 3828 secretarik.
1445 3763 1483 3826 In
1512 3764 1660 3828 Romana
1692 3765 1831 3854 ecclesia
1850 3793 1988 3844 s,nm.s,s.

178 3869 252 3956 plus
277 3867 349 3932 aliis
373 3879 404 3932 te
427 3867 593 3933 laborasse
617 3870 729 3950 iactas,
754 3881 787 3932 et
810 3879 943 3954 propter
971 3869 1034 3933 hoc
1063 3870 1097 3932 in
1120 3867 1365 3934 retributionem
1395 3869 1556 3934 mercedis
1584 3881 1639 3960 tue
1669 3895 1829 3936 summum

179 3975 404 4062 pontificatum
427 3973 488 4040 tibi
512 3973 625 4039 deberi
640 3985 745 4061 putas.
781 3974 826 4038 At
848 3986 893 4056 tu,
917 3975 1045 4061 siquid
1068 3974 1232 4056 laborasti,
1256 3998 1321 4039 non
1338 3977 1406 4040 sine
1422 3976 1531 4041 fructu
1545 3977 1614 4058 tuit,
1631 3980 1687 4064 qui
1704 4000 1832 4064 semper

178 4083 360 4147 Romanam
385 4082 557 4170 ecclesiam
573 4081 723 4146 venalem
745 4081 898 4163 habuisti,
922 4080 978 4146 ubi
1002 4082 1148 4145 fortassis
1172 4092 1298 4167 emptor
1321 4083 1523 4168 comparuitl
1546 4094 1588 4165 et,
1612 4084 1667 4148 utl
1694 4086 1740 4148 ait
1762 4086 1830 4170 qui-

123 4213 160 4254 na
180 4189 256 4254 dam
280 4191 428 4275 sapiens:
461 4189 541 4254 Sunt
569 4190 712 4275 quidam,
743 4214 819 4275 quos
835 4191 927 4276 facit
955 4190 1068 4254 auidos
1095 4191 1196 4254 minoia
1213 4191 1363 4276 felicitas
1389 4215 1444 4255 nec
1475 4205 1537 4255 tarn
1568 4205 1733 4280 temperate
1762 4207 1834 4256 ararat

181 4297 377 4384 cupiditatis,
402 4311 435 4361 at
457 4299 491 4361 in
515 4321 559 4376 aa,
583 4297 669 4382 qaod
690 4299 879 4382 contingant,
904 4296 1056 4360 desinant.
1099 4295 1230 4360 Gradus
1253 4322 1273 4359 a
1297 4300 1420 4383 irrapnis
1442 4298 1488 4361 ad
1509 4299 1633 4361 maiora
1649 4299 1692 4384 fit
1714 4313 1742 4362 et
1762 4323 1834 4384 spes

182 4405 425 4490 improbissimus
456 4405 698 4490 complectuntur
727 4407 918 4489 insperatam
942 4407 1125 4468 comeaeris.
1173 4403 1224 4466 lta
1247 4413 1279 4466 et
1303 4413 1337 4466 tu
1360 4425 1425 4467 non
1449 4412 1619 4467 contentus
1647 4401 1769 4467 divitiis
1800 4406 1834 4467 in

183 4509 330 4598 eeclesiis
355 4518 387 4573 et
410 4508 641 4574 ecclesiasticis
671 4506 885 4593 dignitatibus
917 4509 1105 4595 conquisitis
1136 4508 1267 4573 tandem
1292 4510 1390 4574 etiam
1418 4510 1525 4596 ipsum
1552 4521 1707 4596 papatum
1731 4509 1832 4574 ambi·

183 4617 287 4680 tiose¹³
316 4627 349 4681 et
378 4617 488 4702 inique
520 4615 679 4680 affectasti
711 4615 879 4704 columque
911 4624 1076 4702 gygantes
1106 4614 1196 4680 rabie
1228 4617 1433 4701 inpugnans⁹
1464 4615 1576 4680 celesti
1606 4615 1739 4681 fulmine
1770 4617 1833 4680 nisi

137 4847 165 4884 aa
290 4831 317 4896 a)
338 4833 552 4899 nequitias-marn
570 4835 654 4884 inme
673 4834 819 4898 bisamipto,
836 4833 1006 4883 semideam.
1061 4831 1089 4894 b)
1104 4849 1252 4884 na=soa
1308 4830 1334 4896 c)
1355 4833 1502 4884 irrobiliter
1520 4851 1540 4884 c.
1596 4831 1624 4897 d)
1645 4835 1833 4900 nequiuertocus

182 4940 275 4973 creora.
338 4921 363 4984 o)
386 4923 420 4971 bn
440 4939 459 4972 c.
522 4919 544 4984 f)
566 4901 585 4972 d
601 4939 621 4972 c.
692 4919 721 4988 g)
743 4925 862 4973 ationem
881 4938 939 4986 sap.
958 4921 986 4970 in
1005 4922 1055 4971 beo
1073 4939 1138 4972 raso.
1202 4919 1230 4984 h)
1253 4938 1297 4988 po.
1318 4923 1343 4973 d.
1362 4940 1382 4972 o.
1441 4921 1462 4984 i)
1482 4923 1582 4985 phibur
1600 4942 1620 4973 e.
1684 4921 1712 4986 k)
1734 4924 1832 4974 secl'c.

184 5011 203 5070 l)
226 5017 287 5062 utut
305 5029 342 5073 c.,·
364 5010 499 5061 secundnm
519 5017 549 5060 ut
566 5019 657 5060 anans.
672 5011 809 5076 pallidiore
826 5026 947 5076 superior.
1020 5007 1057 5072 m)
1078 5012 1209 5077 insperati
1228 5029 1248 5060 r..
1322 5009 1349 5072 n)
1371 5013 1515 5062 ambitiose
1534 5030 1554 5061 c.

293 5187 322 5265 1)
345 5192 419 5249 Hor.
438 5191 495 5267 Ep.
513 5192 537 5262 I,
558 5193 585 5262 l,
605 5192 655 5248 60.
675 5193 725 5247 61.
841 5187 871 5264 2)
896 5190 983 5248 Inrrno
1006 5191 1114 5248 Paulae
1137 5191 1165 5247 in
1190 5189 1307 5264 epistola
1326 5191 1353 5246 l.
1378 5194 1419 5249 ad
1447 5191 1514 5248 Tim.
1540 5193 1619 5249 data.
1727 5191 1758 5266 3)
1784 5191 1831 5266 (ff.

185 5300 213 5355 1.
230 5299 297 5354 Tim.
324 5298 353 5369 3,
372 5297 401 5354 6.
475 5295 506 5372 4)
531 5298 589 5374 Ep.
608 5298 639 5355 4.
665 5297 812 5357 Caelestini
827 5297 851 5354 I.
877 5299 919 5354 ad
940 5297 1061 5372 episcop.
1080 5315 1164 5371 prov.
1185 5295 1284 5352 Vienn.
1310 5305 1335 5352 et
1352 5297 1482 5354 Narbon.
1508 5318 1530 5354 c.
1549 5298 1577 5368 5,
1602 5295 1655 5372 §l
1682 5295 1832 5376 (acaeme-

137 5423 164 5463 a
184 5425 271 5462 monn
288 5425 321 5481 p.
337 5405 410 5475 766,
435 5405 589 5462 lstnscln'aa
606 5425 640 5480 p.
659 5401 753 5480 560);
779 5403 863 5463 Grat.
883 5404 956 5461 Dist.
975 5403 1026 5472 61,
1052 5421 1075 5458 c.
1092 5403 1141 5458 13.
1234 5403 1264 5472 5)
1289 5403 1427 5460 indidem.
1520 5403 1550 5475 6)
1573 5403 1622 5478 Of.
1641 5405 1726 5464 (ἔται.
1743 5407 1831 5463 Decr.

184 5511 258 5569 Dist.
276 5512 328 5582 47,
353 5511 509 5568 a1—10.
621 5511 651 5582 7)
679 5511 727 5582 Cf.
755 5511 870 5569 Sallust.
896 5510 957 5586 Iup.
983 5529 1006 5565 c.
1025 5508 1083 5564 35:
1111 5509 1134 5564 Ο
1159 5511 1258 5566 urbem
1282 5512 1410 5567 venalem
1435 5520 1465 5568 et
1488 5521 1596 5568 mature
1620 5515 1785 5586 perituram,
1809 5515 1832 5568 si

184 5627 338 5691 emptorem
363 5621 519 5675 invenerit!
613 5615 644 5692 8)
669 5617 787 5689 Seneca,
812 5620 845 5674 de
868 5615 1012 5674 clementia
1036 5615 1099 5687 tr,
1125 5635 1147 5671 c.
1164 5616 1192 5686 1,
1215 5613 1281 5689 §l
1374 5615 1830 5692 imposuissemus:
1935 5695 1943 5706 ⁹

183 5726 343 5782 Affoetasse
367 5727 463 5783 ferunt
486 5745 603 5799 regnum
627 5727 735 5782 celeste
761 5725 911 5798 Gigantes.
