4386 6390
435 347 498 408 542
639 349 839 406 DIALOGUS
865 349 916 402 DE
940 345 1207 403 Pouumleauu
1232 343 1411 400 SANCTAE
1436 343 1629 399 ROMANAE
1653 341 1885 400 ECCLESIAE.

435 539 546 624 dulgct
575 537 721 622 indigno,
752 535 793 599 ad
818 534 1032 621 prolapsionis
1057 533 1243 617 contagium
1272 539 1428 617 provocat
1450 529 1646 594 universos?
1694 529 1852 594 Facilitas
1884 530 1971 592 enim
1994 533 2080 614 venie

435 646 633 710 incentivum
658 641 771 706 tribuit
794 639 1014 726 delinquendi.

542 751 720 813 Victor¹.
756 749 817 813 Νἰί
838 751 905 834 cpit
932 747 1106 832 e.1·emplnm
1134 745 1220 830 quod
1249 747 1333 808 litem
1364 745 1416 808 lite
1447 745 1584 808 resoluit.
1630 743 1727 808 Unde
1752 755 1784 808 et
1809 743 1900 830 apud
1924 744 2085 807 rethores²

436 859 594 922 niciosum
626 865 758 941 putmur
789 853 957 917 exordium
982 851 1034 915 vel
1058 853 1140 914 ratio
1172 873 1230 915 scu
1260 851 1392 914 rationis
1424 850 1658 932 confirmati0⁵,
1675 850 1777 937 *quod
1802 850 1901 914 simul
1926 859 1960 912 ct
1982 872 2035 912 reo
2058 863 2086 914 ct

436 965 538 1028 actori
568 961 723 1048 probatur
752 983 823 1024 esse
855 981 1036 1024 commune.
1091 957 1275 1043 Espreptcr
1305 957 1432 1020 omissis
1462 957 1526 1038 his,
1562 958 1595 1020 in
1626 956 1744 1043 quibus
1775 967 1918 1042 uterque
1949 967 2086 1020 nostrum
2103 988 2134 1030 ᾖ

436 1071 540 1134 notari
565 1079 681 1154 potest,
706 1067 748 1131 od
772 1067 972 1153 propositum
997 1064 1177 1128 redeamus,

543 1174 817 1238 Alexanderb.
853 1170 974 1236 Recolo
999 1181 1029 1234 te
1054 1170 1187 1250 dixisse,
1213 1169 1300 1256 qued
1324 1192 1418 1255 reges
1442 1181 1474 1234 ct
1497 1172 1709 1256 imperatores
1733 1169 1874 1234 concilia
1899 1171 2087 1233 auctoritate

437 1305 496 1346 sua
527 1293 559 1346 et
589 1281 826 1367 subscriptione
857 1280 1003 1343 firmasse
1027 1279 1243 1341 inveniantur.
1290 1277 1362 1364 Hpo
1393 1277 1505 1341 dicens
1536 1277 1670 1341 lorsitan
1701 1287 1757 1340 aut
1785 1277 1895 1340 nescis
1926 1287 1983 1340 stit
2011 1278 2088 1341 scire

438 1388 621 1452 dissimulas
646 1387 726 1450 illud
750 1385 877 1450 Nicolai
899 1408 984 1471 pape
1010 1385 1065 1470 qui
1090 1385 1172 1448 ait³t
1205 1385 1343 1448 Ubinam
1375 1385 1494 1470 lepistis
1519 1387 1720 1470 imperatores
1744 1399 1957 1448 antecessores
1980 1399 2089 1448 nestros
2187 1449 2191 1454 ,

437 1497 635 1560 sinodalibus
661 1497 843 1580 interfuisse
867 1494 1074 1571 corruentibus,
1098 1495 1166 1556 ursi
1179 1493 1326 1578 saraiam
1350 1493 1383 1554 in
1400 1493 1514 1575 quibus
1537 1491 1653 1576 defide
1676 1505 1840 1554 nacturum
1866 1506 1922 1570 est,
1947 1516 2005 1576 qus
2025 1494 2088 1554 uni-

439 1604 572 1666 sersab's
603 1617 659 1680 est,
695 1627 753 1686 que
784 1603 919 1664 orrrru'um
952 1601 1123 1663 cemrnunis
1153 1613 1211 1677 est,
1242 1623 1300 1683 que
1329 1623 1391 1660 nors
1420 1599 1520 1660 solu-m
1551 1597 1596 1660 ad
1625 1599 1755 1660 clericos
1785 1621 1893 1660 suerum
1927 1600 2022 1660 etiam
2049 1598 2090 1661 ad

439 1711 537 1772 laicos
561 1723 588 1772 et
611 1709 655 1772 ad
671 1733 774 1770 artinas
798 1709 923 1770 armu'uo
932 1708 1071 1792 pertinet
1086 1705 1298 1768 ‹thristianosi
1333 1701 1566 1767 Sacerdotibus
1582 1703 1726 1782 Domini,
1750 1724 1816 1766 non
1840 1702 2086 1788 imperatoribus

438 1815 500 1878 hoc
525 1837 660 1877 examen
687 1814 847 1876 convenit.
884 1811 925 1875 Et
950 1833 1146 1896 quamquam
1170 1811 1275 1896 prima
1299 1809 1393 1873 sedes
1416 1833 1482 1874 non
1506 1811 1547 1872 sit
1570 1832 1589 1872 a
1612 1831 1775 1894 quoquam
1799 1808 1981 1872 iudicanda
1990 1815 2012 1890 ⁴,
2036 1837 2094 1895 que

439 1935 582 2007 caputet
605 1921 701 1984 cardo
726 1946 745 1982 a
770 1920 927 1982 Ilarnino⁵
950 1933 978 1982 et
999 1943 1060 1982 non
1090 1920 1129 1981 ab
1153 1919 1219 1980 aiio
1243 1919 1406 1981 constituta
1434 1931 1487 1996 est,
1516 1939 1577 2000 ego
1608 1925 1717 1980 tamen
1747 1917 1964 2002 coepiscopos
1993 1939 2085 1998 meos,

439 2029 494 2113 qui
519 2027 613 2090 sedes
642 2024 875 2111 patriarchales
904 2023 1051 2088 obtinent
1081 2025 1188 2109 potius
1219 2022 1261 2086 ad
1292 2021 1502 2086 iudicandum
1526 2021 1670 2104 admitto,
1695 2045 1834 2109 quorum
1859 2033 1988 2088 constat
2015 2024 2117 2098 Con-15

335 2162 419 2203 *rusa
438 2135 748 2219 surrstiuopoiitanusn
780 2135 959 2218 episcopum
990 2132 1135 2196 habuisse
1159 2133 1319 2216 priruatus
1349 2130 1494 2194 bonorem
1519 2133 1603 2216 *post
1624 2129 1800 2194 Romanum
1830 2133 2012 2215 episcopum
2030 2155 2082 2216 pro

439 2267 483 2320 aa,
511 2241 596 2326 quad
617 2243 659 2304 sit
681 2265 761 2302 ruma
785 2239 919 2316 Ito-mat,
951 2239 977 2300 si
1001 2259 1066 2299 non
1089 2259 1149 2322 per
1171 2236 1311 2299 heresim
1337 2245 1369 2298 et
1392 2236 1511 2299 scisma
1534 2258 1568 2298 se
1600 2234 1641 2298 ab
1673 2237 1795 2299 unitate
1829 2246 1861 2298 et
1891 2234 2081 2300 subiectione

440 2359 550 2428 sancte
586 2346 730 2431 Romane
767 2343 904 2432 aeclesis,¹
939 2343 1140 2428 procidisset.
1192 2341 1379 2406 Secundum
1413 2341 1521 2406 locum
1555 2353 1643 2406 tenet
1676 2341 1916 2406 Alexandrina.
1965 2342 2082 2405 Deinde

440 2453 645 2516 Antiocheno
676 2463 708 2514 ct
733 2450 1049 2514 llierosolimitansl.
1104 2449 1343 2534 Augustinus⁵:
1376 2449 1486 2512 thanis
1516 2451 1687 2513 catholicus
1716 2475 1845 2514 securus
1875 2475 1943 2514 eaor
1973 2465 2084 2536 partem

442 2561 618 2638 detestatur,
652 2562 706 2622 cui
738 2560 898 2640 malasiam
937 2557 1143 2620 ursirersalem
1179 2557 1361 2641 apostolicis
1395 2557 1521 2620 sedibus
1556 2557 1734 2620 roboratam
1768 2581 1830 2620 uon
1866 2560 2085 2620 eornmaniarre
2099 2587 2118 2624 n

441 2668 603 2752 ‹raprroscit
651 2663 726 2727 Noli
750 2685 827 2748 ergo
852 2663 891 2726 dc
917 2672 1024 2726 cctcro
1047 2672 1079 2724 te
1104 2660 1312 2747 indempnem
1337 2671 1460 2747 putare,
1486 2685 1581 2748 quem
1606 2663 1728 2748 pariter
1754 2660 1928 2726 nobiscum
1959 2673 1991 2726 ct
2019 2685 2086 2747 apo-

442 2772 554 2858 stolice
580 2771 684 2852 sedes,
710 2793 772 2857 quo
797 2768 981 2856 supradicte
1006 2779 1090 2849 sunt,
1114 2767 1325 2832 detestantur.

548 2878 706 2941 Victor.
742 2875 948 2962 Apostolicos
973 2875 1067 2938 sedes
1092 2875 1157 2938 dici
1181 2885 1285 2938 artum
1311 2887 1359 2938 est
1387 2897 1452 2938 nen
1476 2873 1589 2956 solum,
1614 2897 1694 2961 quas
1723 2877 1755 2938 in
1779 2876 1929 2961 personis
1957 2876 2089 2960 propriis

443 2983 578 3070 apostoli
610 2995 792 3062 tenuerunt,
822 2982 879 3045 sed
905 2983 1000 3046 etiarn
1024 2981 1093 3062 has,
1118 3005 1199 3068 quas
1222 2982 1312 3044 missi
1337 3003 1355 3044 a
1378 2980 1480 3045 latere
1509 2983 1666 3067 principis
1695 2982 1915 3067 apostolorum
1945 2983 1979 3044 in
2004 3005 2089 3045 suum

442 3092 588 3176 regimen
615 3101 821 3176 acceperunt.
868 3089 958 3152 Inter
981 3111 1062 3174 quas
1085 3111 1151 3152 una
1174 3088 1214 3152 de
1238 3086 1447 3152 nobilissimis
1471 3088 1618 3176 ecclesiis
1642 3101 1691 3152 est
1714 3089 1900 3170 Ravennae,
1933 3088 1975 3152 ed
1999 3111 2091 3174 quam
2106 3117 2126 3156 ss

443 3220 462 3260 a
491 3196 588 3260 beato
619 3197 715 3260 Petro
747 3197 969 3260 sanctissimus
1004 3196 1117 3258 martir
1146 3193 1345 3280 Apollinaris
1380 3195 1497 3258 missus
1528 3205 1576 3258 est
1586 3199 1607 3258 ⁹.
1660 3195 1834 3281 Aquilegie
1866 3195 1953 3259 sedit
1983 3194 2091 3258 beatus

443 3303 574 3368 Marcus
586 3307 621 3385 ¹⁰,
653 3302 797 3386 scribens
829 3301 1034 3386 euangelium
1065 3301 1096 3364 in
1122 3300 1225 3364 Italia.
1272 3300 1407 3386 Apud¹l
1431 3300 1600 3364 Treverim
1630 3312 1661 3365 et
1683 3300 1901 3388 Agrippinam
1927 3301 2092 3366 Coloniam

444 3411 610 3475 Maternus
634 3421 666 3473 et
691 3409 851 3490 Valerius,
876 3411 952 3473 item
977 3407 1114 3471 abesto
1139 3408 1236 3471 l’etro
1260 3409 1359 3470 missi.
1400 3407 1546 3487 Quorum
1569 3431 1653 3472 unus
1676 3409 1710 3472 in
1734 3410 1788 3472 vis
1812 3421 1959 3472 mortuus
1984 3419 2018 3471 et
2039 3431 2093 3493 per

444 3516 596 3581 bacidum
626 3515 714 3580 bcati
745 3515 882 3600 apostoli
912 3515 1135 3594 resuscitatus,
1172 3525 1285 3599 postea
1318 3513 1452 3577 totidem
1487 3513 1581 3577 annis
1616 3515 1680 3578 iarn
1713 3525 1909 3579 memoratas
1942 3513 2093 3603 ccclesias

551 3715 577 3776 a)
600 3699 699 3767 eundo
718 3735 739 3766 c.
813 3713 840 3776 b)
863 3715 1018 3765 Alexander
1038 3741 1070 3748 -
1091 3714 1235 3780 Aquilegie
1255 3715 1326 3764 sedit
1346 3715 1441 3764 beatus
1459 3723 1550 3765 atram.
1569 3717 1645 3766 rethre
1662 3716 1746 3780 ser-ipt.
2111 3728 2133 3766 aa

487 3871 488 3874 ¹
555 3875 582 3956 1)
608 3881 681 3936 Hor.
701 3879 763 3936 Sat.
781 3879 821 3946 II,
848 3878 965 3947 3,103.
1036 3872 1066 3952 2)
1085 3875 1133 3947 Cf.
1150 3875 1247 3934 (licem
1262 3879 1304 3934 ad
1319 3877 1492 3934 Herennium
1509 3881 1527 3934 l.
1546 3879 1570 3948 Ι,
1588 3899 1611 3934 ο.
1628 3876 1779 3952 VI,§11:
1798 3879 1938 3934 Vitiosum
1956 3882 2095 3934 exordium

448 3997 503 4055 cst,
529 4006 584 4059 quo
608 3987 802 4041 nichilominus
833 3987 1009 4040 sdversarius
1039 3991 1135 4056 potest
1163 3986 1215 4052 uti,
1244 3986 1319 4055 quod
1348 4003 1493 4041 conunune
1524 3987 1695 4056 appellatur.
1811 3977 1841 4062 3)
1866 3985 1983 4042 NscoIai
2006 3985 2030 4041 I.
2060 3987 2098 4042 ad

450 4094 613 4150 ltliclraetem
638 4093 703 4166 imp.
729 4111 771 4166 cp.
800 4091 905 4160 liansi,
928 4089 996 4148 Call.
1022 4110 1098 4147 conc.
1124 4090 1191 4159 XV,
1217 4091 1267 4146 col.
1287 4089 1359 4160 200,
1383 4090 1471 4163 Jaffe'
1490 4111 1535 4147 nr.
1555 4090 1650 4161 2796,
1674 4090 1929 4162 Democriteus
1955 4112 2019 4148 can.
2044 4092 2095 4160 IV,

447 4201 498 4271 91,
518 4221 550 4276 p.
568 4199 647 4268 194,-
672 4197 757 4256 Grat.
777 4197 864 4254 Decr.
882 4197 956 4254 Dist.
983 4197 1034 4267 96,
1060 4217 1082 4252 c.
1101 4197 1130 4252 4.
1201 4187 1232 4272 4)
1258 4195 1307 4266 Cf.
1325 4195 1411 4255 Grat.
1430 4197 1517 4254 Decr.
1537 4195 1567 4255 C.
1584 4197 1640 4267 IV,
1664 4218 1710 4274 qu.
1732 4197 1760 4266 3,
1787 4218 1810 4254 e.
1826 4199 1876 4255 17.
1949 4193 1979 4276 5)
2005 4199 2095 4274 Epist.

446 4307 575 4364 Arracleti
598 4306 654 4374 ΙΙΙ,
680 4327 703 4362 c.
730 4305 780 4374 34,
806 4307 847 4362 ed.
873 4305 1027 4362 Ilinschius
1045 4325 1078 4380 p.
1097 4304 1155 4374 84,-
1187 4305 1227 4376 cf.
1246 4303 1332 4362 Grat.
1351 4305 1437 4361 Decr.
1457 4303 1488 4362 Ο.
1506 4305 1604 4374 XXV,
1628 4325 1674 4380 qu.
1694 4305 1722 4374 1,
1747 4324 1770 4361 c.
1792 4305 1840 4360 16.
1935 4298 1965 4383 6)
1992 4305 2095 4362 Conui.
2114 4320 2136 4359 ss

448 4411 623 4470 Cbnstantin.
649 4413 689 4482 ΙΙ,
715 4433 737 4468 c.
760 4413 777 4466 3
808 4406 929 4486 (illaesi,
949 4409 1017 4469 Cau.
1036 4432 1111 4468 conr.
1131 4411 1187 4480 ΙΙΙ,
1214 4413 1264 4467 cot.
1283 4409 1356 4481 559,
1381 4411 1535 4468 Ifinsclu'us
1553 4432 1585 4486 p.
1605 4405 1693 4485 276),
1718 4409 1803 4469 θνα-ἰ.
1829 4411 1918 4468 Decr.
1944 4412 2020 4468 Dist.
2046 4411 2096 4478 22,

446 4539 469 4575 c.
489 4519 517 4574 3.
597 4512 626 4596 l)
646 4517 694 4589 Cf.
714 4516 798 4576 Grat.
816 4518 903 4574 Dccr.
922 4518 996 4574 Dist.
1015 4517 1066 4588 22,
1092 4539 1114 4574 c.
1130 4519 1165 4586 7,·
1191 4517 1319 4574 Gerholri
1340 4519 1501 4592 opusculum
1524 4519 1566 4574 ad
1587 4519 1667 4573 card.
1691 4537 1781 4593 supra
1799 4538 1833 4593 p.
1852 4517 1926 4574 406.
2009 4511 2040 4596 8)
2064 4518 2097 4574 In

447 4625 596 4702 Aupustini
618 4625 746 4699 operibus
770 4625 843 4681 hunc
865 4627 954 4680 lacum
977 4645 1033 4682 non
1057 4625 1158 4680 inversi
1196 4625 1256 4680 Seu
1276 4631 1354 4680 catat
1376 4623 1405 4680 in
1421 4623 1499 4698 epist.
1517 4623 1629 4700 Peiapii
1645 4643 1746 4700 papae
1768 4626 1810 4681 ad
1823 4623 1932 4680 Pancr.
1958 4633 1984 4680 et
2005 4625 2097 4680 Viato

446 4752 504 4788 rem
529 4733 607 4800 data,
632 4731 678 4787 ubi
701 4731 856 4808 Anysutino
879 4731 1048 4800 attribuitur,
1076 4730 1144 4788 Coit.
1169 4731 1243 4786 Brit.
1275 4750 1322 4786 nr.
1348 4729 1400 4799 22,
1425 4730 1472 4786 ‘N
1492 4731 1590 4788 Arcti!
1614 4732 1644 4800 V,
1667 4751 1697 4806 p.
1717 4731 1798 4799 545;
1829 4731 1870 4802 cf.
1897 4729 1984 4788 Grat.
2010 4731 2096 4788 Decr.

449 4838 479 4896 C.
504 4838 619 4907 XXIV,
650 4857 696 4912 qu.
723 4838 750 4906 1,
783 4859 805 4894 c.
832 4837 882 4893 34.
915 4846 941 4894 et
969 4856 1059 4911 stupra
1084 4858 1117 4913 p.
1146 4837 1216 4893 129.
1243 4836 1316 4892 406.
1440 4829 1471 4912 9)
1498 4835 1546 4908 C'f.
1573 4836 1627 4894 Ott.
1662 4838 1738 4894 Fris.
1766 4835 1871 4894 Chron.
1903 4836 1965 4906 ΙΙΙ,
1998 4857 2021 4892 r.
2049 4837 2096 4892 14.
2114 4853 2138 4890 se

450 4938 500 5020 10)
525 4945 589 5001 Hoc
612 4963 667 5000 non
692 4964 727 5000 ea·
752 4942 859 5000 Ottanis
885 4941 1034 5011 Chronico,
1058 4943 1104 4999 ubi
1128 4944 1259 5000 Marcion
1277 4943 1494 5000 Alexandrinae
1517 4943 1648 5000 ecclesiae
1665 4943 1833 5019 praefuisse
1855 4943 1967 5020 ἱερέων,
1991 4945 2044 5000 sed
2065 4964 2099 5000 er

448 5051 633 5124 Liudpraudi
656 5049 833 5124 Antapodosi
855 5049 911 5120 ΙΙΙ,
937 5070 959 5106 c.
979 5049 1008 5104 6.
1032 5058 1170 5123 surreptum
1193 5069 1250 5106 esse
1272 5049 1399 5120 uidetur,
1423 5049 1464 5120 cs.
1483 5049 1531 5106 ‘N.
1549 5049 1647 5106 Arcti!
1665 5050 1748 5119 XXI,
1767 5069 1800 5124 p.
1820 5049 1893 5104 652.
1979 5043 2031 5124 ll)
2050 5048 2097 5121 Cf.

449 5155 503 5212 Ott.
531 5157 607 5212 Fris.
632 5158 650 5211 l.
675 5157 712 5211 t.-
746 5155 800 5218 Qui
824 5157 888 5210 dum
912 5156 1002 5227 Alpes
1032 5158 1210 5224 transissent,
1239 5157 1385 5212 Mutamus
1416 5158 1443 5210 in
1468 5157 1512 5212 ria
1539 5157 1671 5225 meritum
1703 5174 1760 5227 quo
1784 5155 1860 5211 facto
1884 5157 2009 5228 perculsi
2033 5158 2098 5212 socii

448 5263 563 5318 Romam
587 5269 779 5318 revertuntur.
826 5263 933 5318 Beatus
957 5263 1054 5332 itaque
1078 5263 1222 5333 apostolus
1246 5263 1414 5332 pastoralem
1438 5263 1554 5334 virgam,
1579 5269 1610 5316 ut
1634 5263 1765 5329 traditur,
1796 5279 1849 5333 per
1873 5281 1922 5318 eos
1950 5265 1987 5318 ad
2012 5264 2098 5318 susei-

449 5371 565 5424 tendum
589 5388 652 5424 eum
676 5370 760 5436 irrisit.
808 5368 863 5433 Qui
886 5370 1035 5425 venientes
1060 5370 1096 5424 ud
1118 5370 1208 5424 locum
1233 5369 1384 5440 sepulchri,
1409 5369 1540 5422 XXXIII
1562 5370 1624 5424 dies
1654 5369 1825 5424 invenerunt
1853 5387 1917 5424 eum
1948 5371 1977 5424 in
2000 5388 2099 5425 manu·
2117 5383 2142 5422 a

449 5477 551 5531 mentis
575 5476 745 5542 habentem,
777 5483 903 5531 attamen
926 5477 978 5530 viri
1001 5477 1057 5531 Dei
1083 5517 1089 5528 .
1116 5516 1123 5532 .
1149 5517 1156 5530 .
1180 5477 1259 5547 virga
1350 5515 1357 5529 .
1388 5476 1493 5530 aecium
1516 5493 1534 5530 a
1556 5481 1645 5530 morte
1670 5475 1888 5530 suscitaverunt.
1936 5474 1993 5540 Qui
2025 5518 2033 5530 .
2059 5517 2066 5531 .
2092 5517 2099 5531 .

449 5601 502 5654 pcr
532 5590 574 5637 tot
606 5601 693 5637 annos
717 5584 924 5638 Trevcrensem
955 5589 984 5638 et
1015 5581 1253 5653 Agrippinensem
1284 5583 1356 5636 rexit
1387 5582 1551 5648 ecclesiam,
1583 5589 1653 5653 quot
1682 5582 1743 5636 dies
1774 5588 1860 5637 antes
1890 5582 1918 5636 in
1949 5583 2101 5654 sepulchro

449 5691 597 5744 habuerat.
