4426 6398
692 399 927 457 TRACTATUS
951 398 1241 457 EBORACENSES.
1273 401 1310 456 11.
1766 397 1827 459 651

173 584 334 671 coningio,
365 583 400 648 id
429 583 599 672 parentum
630 599 688 668 ert,
719 609 785 651 non
813 586 963 652 filiorum.
1008 587 1129 653 Anima
1160 591 1243 652 caim
1273 610 1332 674 que
1355 592 1537 674 peccaverit
1565 592 1637 675 ipso
1668 593 1828 656 moriebar.
1850 612 2008 664 susanae.

171 691 281 756 Filius
310 717 371 758 oon
389 694 534 778 pertrabit
562 696 760 780 iniquitute-m
780 697 897 781 patris,
921 709 950 760 et
965 709 1061 782 pater
1083 718 1145 758 uon
1162 696 1307 781 pot-tobit
1336 697 1533 781 iur'quitotcm
1550 697 1631 782 filii.

280 797 376 878 Quod
392 799 421 862 si
437 797 558 864 bonum
573 799 627 864 vel
643 799 774 883 malum,
795 799 883 887 quod
899 811 948 864 est
964 801 997 863 in
1014 800 1176 886 coniugio,
1194 811 1281 864 esset
1296 801 1394 864 etiam
1411 800 1559 882 filiorum,
1576 803 1652 866 iusti
1668 813 1701 866 et
1715 803 1829 867 mundi

172 914 281 969 essent
296 928 339 970 ex
355 904 499 992 legitimo
520 908 672 993 coniugio
693 907 781 996 editi,
802 916 835 970 et
850 907 961 971 iniusti
981 917 1078 994 atque
1102 906 1283 971 immundi*
1299 907 1521 972 tantummodo
1544 930 1585 972 ex
1602 932 1668 972 non
1683 909 1828 994 legitimo
1929 951 1931 956 ,

139 1042 152 1081 ι
169 1013 332 1098 procreati
346 1034 408 1076 nec
424 1013 496 1099 pari
512 1022 700 1078 tenerentur
716 1012 901 1078 conditione
914 1014 1052 1099 peccati.
1076 1011 1214 1077 atvero
1231 1015 1302 1100 pari
1320 1022 1471 1078 tenentur
1487 1014 1672 1079 conditione
1688 1017 1827 1100 peccati,

169 1127 202 1182 et
224 1140 266 1182 ex
290 1119 397 1182 carnis
420 1120 631 1204 generatione
655 1119 835 1206 equaliterb
860 1117 920 1184 sub
945 1117 1067 1183 diaboli
1091 1120 1167 1204 iugo
1191 1129 1342 1184 tenentur
1366 1121 1498 1206 captivi.
1546 1119 1613 1186 Sed
1637 1132 1669 1185 et
1693 1143 1768 1186 cum
1790 1124 1825 1187 in

168 1222 297 1289 Christo
321 1235 565 1310 regenerantur,
589 1247 632 1290 ex
655 1225 768 1315 celesti
792 1236 824 1290 et
849 1225 961 1290 divina
984 1228 1194 1312 generatione
1218 1226 1348 1312 equalib
1371 1226 1521 1291 libertate
1552 1227 1723 1310 donantur,
1748 1231 1826 1315 quia

168 1331 326 1420 equaliter
356 1330 398 1396 ab
428 1333 515 1396 omni
546 1333 740 1420 contagione
771 1331 977 1418 originalium
1008 1315 1218 1418 peccatoram
1248 1332 1437 1398 liberantur.
1485 1333 1555 1398 Nec
1593 1333 1657 1399 illis
1693 1335 1826 1421 quidem

168 1438 300 1523 prodest
330 1438 372 1502 ad
395 1439 640 1525 percipiendam
664 1437 818 1526 baptismi
841 1441 991 1525 gratiam,
1015 1439 1103 1525 quod
1127 1462 1170 1502 ex
1200 1438 1344 1524 legitimo
1368 1441 1520 1526 coniugio
1551 1441 1619 1504 nati
1647 1453 1731 1521 sunt,
1762 1464 1824 1506 nec

124 1576 150 1616 ιο
170 1543 278 1633 [istis]⁰
296 1543 399 1627 obest,
424 1544 512 1632 quod
536 1545 576 1610 de
600 1567 665 1610 non
688 1545 832 1632 legitimo
856 1546 1051 1632 procreati‘l.
1088 1545 1173 1618 Nam
1191 1569 1298 1633 neque
1322 1547 1472 1611 iustiores
1493 1547 1538 1610 illi
1563 1559 1619 1636 aut
1639 1547 1825 1612 mundiores

168 1651 210 1716 ad
225 1650 422 1737 baptismum
436 1652 573 1716 veniunt
590 1650 654 1740 [vel
671 1652 712 1716 de
728 1651 890 1739 baptismo
907 1665 1037 1734 exeunt,
1059 1675 1121 1716 nec
1138 1653 1191 1716 isti
1206 1653 1313 1717 minus
1329 1655 1404 1717 iusti
1420 1665 1477 1718 aut
1494 1652 1606 1717 mundi
1622 1653 1675 1718 vel
1691 1655 1826 1718 veniunt

169 1758 223 1824 vel
246 1769 377 1839 exeunt,
402 1759 480 1846 quia
503 1781 577 1824 cnm
600 1768 667 1824 toto
691 1758 841 1844 originali
871 1769 1007 1845 peccato
1031 1758 1200 1847 veniunt⁰l
1234 1765 1281 1823 'et
1311 1760 1380 1822 sine
1411 1761 1498 1824 omni
1529 1770 1665 1846 peccato
1695 1761 1824 1847 utrique
1844 1784 1936 1834 wass.

170 1874 300 1930 exeunt.
348 1865 492 1929 Veniunt
518 1875 684 1951 portantes
708 1865 919 1951 obprobrium
943 1867 1076 1954 antique
1099 1865 1368 1952 prevaricationis
1393 1877 1425 1929 et
1449 1866 1671 1931 confusionem
1695 1867 1823 1931 servilis

170 1971 375 2052 conditionis,
400 1982 521 2036 exeunt
544 1981 747 2058 reportantes
770 1971 925 2037 honorem
957 1971 1067 2062 divine
1097 1973 1317 2057 generationis
1348 1983 1381 2036 et
1411 1972 1540 2061 celestis
1565 1973 1701 2058 gloriam
1725 1971 1823 2038 liber·

128 2109 152 2148 ιι
170 2079 256 2143 tatis.
291 2078 437 2142 Veniunt
459 2087 626 2166 portantes
648 2079 825 2164 imaginem
848 2079 969 2144 terreni
993 2079 1142 2160 hominis,
1168 2090 1290 2144 exeunt
1312 2090 1517 2165 reportantes
1540 2081 1716 2164 imaginem
1740 2079 1823 2170 cele·
1845 2068 1975 2173 ,5³⁴4‘Jffi,

170 2187 238 2250 stis.
285 2185 430 2250 Veniunt
459 2184 563 2250 induti
587 2195 732 2249 veterem
755 2185 873 2266 Adam,
904 2186 939 2249 in
962 2185 1047 2272 quo‘
1071 2211 1176 2251 corner
1202 2189 1389 2266 moriuntur,
1420 2197 1543 2250 exeunt
1570 2186 1676 2250 induti
1705 2209 1826 2251 novum

169 2292 287 2373 Adam,
318 2290 352 2355 id
376 2301 425 2356 est
448 2290 624 2372 Christum,
655 2292 689 2355 in
719 2314 783 2378 qno
815 2317 918 2358 omnes
949 2294 1200 2379 vivificabuntur.
1249 2291 1317 2356 Sed
1343 2292 1379 2355 fit
1405 2291 1585 2378 plerunque
1594 2304 1618 2376 ⁸,
1644 2295 1758 2380 utqui
1782 2316 1824 2358 ex
1842 2317 1917 2359 ruer.

169 2398 314 2484 legitimo
338 2399 489 2484 coniugio
512 2397 728 2484 baptizantur,
760 2399 824 2462 sint
847 2424 924 2464 oasa
947 2402 1005 2480 ire,
1035 2414 1111 2484 apto
1141 2402 1176 2463 ia
1199 2402 1367 2480 interitum,
1398 2398 1440 2463 ab
1465 2409 1576 2487 eterno
1607 2400 1740 2486 presciti
1766 2399 1825 2463 filii
1844 2423 1979 2474 masas.

170 2504 360 2591 perditionis
392 2516 425 2569 et
454 2527 528 2570 cum
556 2503 686 2570 diabolo
717 2504 884 2591 puniendi,
916 2515 949 2569 et
979 2505 1034 2591 qui
1065 2527 1107 2569 ex
1137 2527 1202 2570 non
1231 2504 1378 2591 legitimo
1409 2504 1627 2591 baptizantur,
1660 2506 1725 2569 sint
1748 2531 1825 2572 oasa
1844 2531 1916 2573 maa.

125 2645 152 2682 eo
172 2613 398 2698 rudericordie,
427 2623 505 2698 apta
534 2613 568 2676 in
592 2610 739 2693 salutem,
768 2621 843 2676 ante
868 2610 979 2676 secula
1002 2611 1098 2676 electi
1121 2621 1154 2676 et
1176 2611 1389 2698 predestinati
1413 2611 1590 2692 advitam,
1615 2613 1703 2676 omni
1726 2610 1824 2676 bene·

172 2718 312 2783 dictione
336 2719 497 2806 spirituali
520 2717 687 2783 benedicti
709 2719 744 2782 in
767 2717 945 2806 celestibus
968 2720 1003 2782 in
1019 2717 1149 2783 Christo
1173 2729 1205 2783 et
1229 2719 1319 2784 cives
1342 2728 1527 2782 sanctorum
1545 2718 1678 2782 decreti.
1714 2718 1824 2799 Quare

170 2827 198 2889 si
221 2827 308 2890 omni
330 2823 560 2891 benedictione
584 2825 745 2911 spirituali
767 2824 932 2890 benedicti
957 2834 1032 2890 sunt
1054 2825 1088 2888 in
1112 2823 1286 2914 celestibus
1309 2826 1343 2888 in
1367 2823 1507 2906 Christo,
1538 2846 1603 2889 non
1634 2833 1684 2888 est
1714 2824 1823 2913 divine

171 2933 355 3014 sanctionis,
378 2944 415 2997 ut
438 2932 587 2997 ordinum
603 2931 848 2998 benedictiones
873 2933 920 2996 eis
945 2931 1147 3018 denegentur
1170 2930 1212 2996 ab
1228 2931 1413 2997 hominibus
1436 2933 1471 2996 in
1493 2931 1555 2996 hoc
1571 2930 1702 2996 mundo.
1737 2931 1823 2995 Tali·
1843 2958 2002 3008 ronanam.

169 3038 231 3104 bus
254 3040 374 3104 etenim
398 3040 487 3105 dedit
511 3039 655 3105 Olerz'atus
671 3054 855 3127 potestatem
871 3041 964 3127 filios
987 3039 1055 3105 Dei
1066 3042 1156 3127 fleri,
1187 3043 1247 3125 qui
1273 3065 1334 3128 nou
1363 3065 1401 3104 ee
1422 3041 1630 3127 sanguinibus
1659 3063 1757 3124 aeque
1787 3063 1826 3104 em

76 3165 78 3169 '
125 3148 324 3216 revelantate
354 3149 462 3212 caratis
491 3171 588 3232 neque
616 3171 655 3212 ecc
677 3148 832 3212 voluntate
856 3149 931 3227 viri,
961 3147 1018 3212 sed
1040 3171 1079 3212 em
1101 3147 1169 3210 Deo
1199 3150 1270 3212 uoti
1296 3160 1375 3210 sunt.
1424 3144 1460 3210 Si
1483 3167 1526 3209 ex
1549 3144 1622 3210 Deo
1646 3145 1715 3209 nati
1738 3157 1822 3226 sunt,

169 3274 235 3317 non
258 3243 437 3318 seeundum
460 3275 593 3318 carnem
616 3254 685 3317 nati
708 3263 792 3333 sunt,
811 3252 884 3316 *sed
903 3253 1081 3318 secundum
1105 3253 1265 3339 spiritum,
1289 3274 1355 3316 non
1378 3251 1419 3316 de
1443 3250 1573 3333 ancilla,
1597 3273 1658 3316 nec
1682 3251 1724 3316 de
1747 3273 1823 3317 con·
1843 3277 1935 3326 mast.

169 3357 300 3442 cubina,
323 3359 383 3424 sed
406 3359 446 3423 de
469 3358 582 3441 libera,
606 3359 662 3423 illa
677 3359 842 3439 videlicet,
867 3382 930 3446 que
954 3382 1082 3424 sursum
1105 3368 1155 3423 est
1176 3359 1365 3439 Ierusalem,
1390 3381 1453 3446 que
1477 3369 1663 3424 sanctorum
1680 3359 1824 3423 omnium
1842 3349 1959 3444 ,ffig

170 3475 273 3530 mater
297 3477 355 3530 est.
401 3467 455 3530 Ex
478 3467 630 3553 coniugio
655 3467 741 3530 enim
766 3465 887 3530 Christi
918 3477 950 3530 ct
981 3464 1109 3555 celestis
1132 3466 1310 3530 Ierusalem
1341 3465 1422 3529 tales
1453 3467 1521 3530 nati
1549 3475 1633 3546 sunt,
1663 3464 1751 3551 quod
1774 3475 1824 3529 est

169 3571 349 3658 legitimum
372 3572 590 3658 legitimorum
614 3573 811 3658 coniugium.
858 3573 911 3636 Ex
934 3572 1079 3658 legitimo
1103 3574 1203 3659 igitur
1225 3572 1444 3657 legitimorum
1467 3573 1618 3658 coniugio
1646 3573 1714 3636 nati
1738 3581 1821 3636 sunt

124 3711 151 3750 m
170 3677 263 3744 Sicut
285 3701 363 3764 ergo
386 3691 481 3765 turpe
505 3689 554 3744 est
575 3679 637 3763 his,
661 3681 716 3767 qui
741 3702 784 3744 ex
800 3679 873 3744 Deo
896 3681 964 3744 nati
987 3689 1071 3763 sunt,
1096 3689 1170 3766 post
1185 3679 1338 3767 celestem
1363 3689 1395 3743 et
1419 3679 1563 3744 divinam
1578 3678 1823 3765 generationem

169 3786 210 3850 dc
232 3785 305 3872 lege
328 3796 456 3873 terrene
480 3796 513 3850 et
536 3786 699 3851 carnalish
722 3788 942 3872 generationis
966 3786 1107 3873 gloriari,
1131 3788 1178 3851 ita
1201 3787 1238 3850 e¹
1265 3787 1427 3852 contrario
1451 3787 1543 3851 nefas
1568 3797 1626 3868 est,
1651 3797 1686 3851 ut
1710 3785 1750 3849 de
1774 3786 1822 3848 in-
1850 3843 1852 3848 .

169 3893 360 3959 honestatek
378 3894 500 3958 terreni
523 3903 556 3957 et
579 3892 718 3957 carnalis
742 3893 885 3979 coniugii
909 3891 1139 3980 obprobrium¹
1158 3893 1212 3958 vel
1231 3894 1463 3979 improperium
1478 3893 1595 3979 aliquis
1612 3890 1753 3956 obitiatm
1770 3891 1822 3956 vel

170 4011 279 4066 notam
301 4001 424 4085 irroget
447 3985 675 4064 confusionis.⁴
703 3999 788 4064 Nam
812 4001 868 4087 qui
897 3998 999 4064 filium
1029 4000 1210 4082 inhonorat,
1238 4000 1348 4064 Deum
1375 4011 1501 4085 patrem
1524 3998 1705 4081 inhonorat,
1729 4000 1822 4064 cuius
1841 4023 2000 4072 erroneas.

171 4117 220 4172 est
242 4107 327 4171 filius
351 4117 384 4170 et
406 4104 621 4188 membrumr,
646 4117 679 4170 et
702 4130 776 4172 cum
800 4129 864 4193 quo
888 4129 971 4171 unus
995 4118 1044 4172 est
1067 4108 1209 4194 spiritus.
1241 4107 1338 4172 Unde
1361 4117 1394 4170 et
1417 4107 1451 4170 in
1467 4105 1639 4191 euangelio
1662 4106 1920 4192 loquitumrmor.
1930 4131 1950 4179 o,
1961 4131 1993 4169 ιι.

125 4243 152 4283 ιι
179 4215 253 4279 Volo
270 4229 376 4301 poter,
399 4228 434 4279 ut
454 4217 536 4279 siout
558 4238 611 4302 ego
635 4229 664 4278 et
684 4228 717 4279 tu
740 4239 835 4279 uuum
859 4239 975 4295 sumus,
1007 4218 1052 4280 ita
1082 4229 1110 4280 et
1140 4217 1208 4301 ivai
1237 4217 1272 4280 in
1301 4217 1391 4280 uobis
1421 4239 1516 4278 unum
1546 4217 1618 4279 aiut.
1664 4213 1729 4276 Pro
1759 4212 2001 4286 baoariorum.

171 4321 281 4407 itaque
305 4321 428 4384 unitate
453 4318 532 4385 alibi
556 4319 650 4384 dicit:
685 4321 751 4398 Qut
777 4346 831 4386 oos
861 4324 985 4408 recipit,
1014 4347 1062 4388 me
1091 4324 1215 4408 recepit,
1246 4324 1356 4407 etqui
1378 4345 1430 4384 uos
1452 4323 1582 4407 spernit,
1611 4345 1660 4385 me
1691 4307 2000 4409 spernt't.1⁵2¹,',¹,“lb¹‚‘l‘,⁴⁰

274 4424 423 4492 Caveant
437 4427 546 4512 igitur,
563 4427 619 4514 qui
635 4426 716 4492 tales
732 4427 776 4491 ad
791 4427 921 4492 ordines
936 4428 1083 4514 recipere
1100 4427 1213 4492 nolunt
1229 4437 1261 4492 et
1277 4436 1519 4513 contempnunt,
1536 4448 1577 4490 ne
1591 4426 1699 4490 Deum
1715 4427 1822 4512 potius

171 4543 327 4619 spernant
348 4533 402 4597 vel
431 4533 638 4616 inhonorent,
663 4536 718 4620 qui
747 4535 781 4597 in
805 4535 884 4620 ipsis
908 4545 941 4599 et
963 4535 1119 4620 recipitur
1143 4544 1175 4598 ct
1197 4535 1370 4621 spernitur.
1419 4533 1492 4622 Qua
1523 4535 1609 4598 enim
1640 4534 1722 4597 ratio
1751 4554 1823 4596 esse

170 4650 286 4726 potest,
314 4649 350 4704 ut
379 4662 434 4705 eos
448 4651 449 4654 ’
465 4640 508 4704 ad
538 4640 669 4706 ordines
698 4663 764 4704 non
795 4641 964 4727 recipiant,
988 4664 1069 4728 quos
1093 4639 1241 4706 Christus
1270 4640 1315 4705 ad
1336 4641 1492 4705 unitatem
1517 4640 1567 4703 sui
1591 4641 1717 4726 recipit,
1742 4661 1823 4725 quos

125 4776 153 4816 ro
171 4769 229 4834 sue
259 4746 437 4812 divinitatis
467 4748 646 4834 participes
676 4770 716 4812 ac
743 4770 803 4834 per
830 4748 892 4813 hoc
917 4747 994 4812 deos
1024 4748 1111 4830 fecit,
1137 4770 1218 4834 quos
1242 4747 1283 4812 de
1307 4747 1431 4833 Spiritu
1454 4757 1567 4810 sancto
1591 4747 1713 4831 genuit,
1742 4768 1827 4832 quos

171 4853 234 4918 sibi
256 4852 466 4918 immaculata
490 4859 633 4941 'sponsa
658 4864 772 4919 sancta
786 4853 940 4918 videlicet
959 4853 1109 4944 ecclesia,
1132 4853 1339 4918 immaculato
1363 4865 1458 4940 partu
1481 4855 1514 4917 in
1537 4852 1647 4942 leticia
1669 4851 1823 4938 peperit?
1843 4878 1878 4926 ψ.
1886 4876 1934 4917 ιιι.

171 4959 255 5043 Non,
279 4961 422 5047 inquam,
445 4959 577 5034 videtur
600 4982 671 5025 esse
694 4961 788 5044 ratio,
819 4960 877 5025 sed
904 4960 1130 5048 postponenda
1159 4960 1300 5025 haditio.
1348 4959 1499 5040 Quodam
1530 4961 1616 5023 enim
1646 4960 1732 5024 fastu
1762 4958 1823 5048 hec

171 5065 339 5132 attendere
370 5066 557 5153 negligunt,
582 5066 639 5131 sed
670 5067 713 5132 ad
736 5067 866 5132 carnale
894 5068 1089 5153 coniugium,
1113 5077 1224 5154 utpote
1249 5066 1424 5132 carnaliter
1446 5069 1621 5153 sapientes,
1645 5065 1753 5130 cordis
1777 5067 1823 5129 in-

170 5174 347 5237 tentionem
368 5172 549 5256 reflectunt,
574 5175 668 5259 quasi
691 5173 878 5239 de·carnali
901 5174 1064 5260 coniugio,
1089 5184 1121 5238 et
1143 5197 1209 5238 non
1232 5174 1273 5238 de
1297 5174 1467 5260 spirituali,
1491 5173 1535 5238 ad
1558 5195 1668 5238 sacros
1692 5172 1823 5236 ordines

125 5280 236 5348 assint
258 5279 404 5344 homines
428 5279 631 5345 admittendi.
680 5279 746 5345 Sed
776 5279 838 5345 hoc
865 5302 1038 5367 perperam
1061 5280 1196 5363 faciunt,
1221 5281 1307 5367 quia,
1336 5282 1400 5344 nisi
1423 5279 1463 5344 de
1487 5277 1648 5366 spirituali
1672 5279 1823 5365 coniugio

170 5385 261 5472 prius
291 5397 513 5470 nascerentur,
544 5386 624 5452 nulli
655 5386 696 5451 ad
728 5409 837 5452 sacros
868 5386 998 5451 ordines
1028 5386 1286 5451 admitterentur.
1334 5387 1475 5452 Ordines
1499 5388 1620 5473 quippe
1645 5386 1729 5450 sacri
1759 5407 1823 5450 non

259 5587 305 5650 a)
325 5589 449 5639 inmundi
468 5589 501 5638 B.
565 5585 593 5650 b)
616 5588 704 5660 equsl.
724 5584 1220 5658 B‚sieruodoe,modccseribitB.
1275 5585 1301 5650 c)
1322 5588 1475 5649 aioB‚om.
1495 5589 1528 5638 A.
1584 5585 1612 5648 d)
1633 5592 1698 5637 sunt
1716 5585 1776 5635 add.
1790 5584 1824 5634 B.

171 5673 198 5738 e)
218 5677 289 5728 uncis
306 5677 396 5728 incius.
414 5677 529 5739 adala·
546 5676 642 5728 emat.
696 5675 807 5743 flquos
826 5677 859 5728 A.
914 5674 942 5744 g)
963 5678 1001 5728 ito
1020 5679 1061 5740 11,-
1078 5677 1209 5744 plersrqne
1228 5678 1262 5729 B.
1323 5675 1352 5740 h)
1374 5677 1462 5726 carnia
1481 5676 1515 5726 B.
1570 5673 1590 5736 i)
1612 5692 1627 5744 e
1646 5675 1679 5725 B.
1734 5671 1763 5732 k)
1785 5675 1823 5723 in-

172 5765 285 5816 honeste
303 5783 367 5817 corr.
385 5767 558 5817 inhonestate
578 5785 675 5828 arcura,
694 5775 724 5817 ut
741 5767 847 5828 uidetur,
866 5785 886 5816 s.
901 5767 960 5817 XV.
979 5767 1007 5817 ia
1026 5767 1060 5817 A.
1134 5764 1153 5828 l)
1175 5784 1252 5833 oppr.
1271 5766 1305 5817 B.
1372 5762 1409 5828 m)
1430 5765 1464 5816 sic
1483 5767 1517 5815 A.
1581 5761 1609 5827 n)
1631 5765 1771 5815 menbrum
1791 5762 1824 5812 B.

1557 5869 1609 5922 82*
