4396 6390
506 390 815 448 COMMENTARIUS
839 389 879 446 IN
902 388 1078 445 PSALMOS
1102 389 1177 445 LIV.
1201 389 1293 444 LXII.
1317 389 1424 445 LXIV.
1721 383 1784 445 439

138 585 182 644 et
204 577 507 664 pseudoprophetae
527 577 608 641 falso
624 576 802 662 gloriantur
824 577 858 640 in
874 574 1060 640 sacerdocio
1076 574 1129 638 vel
1151 575 1186 638 in
1201 575 1371 660 prophetia
1386 574 1528 638 Deitatis
1550 575 1691 656 nomine,
1716 597 1790 639 cum

138 682 214 748 sint
235 685 298 769 ipsi
314 683 507 770 vulpeculae
532 706 571 748 ac
593 693 701 769 partes
718 682 873 769 vulpium,
897 703 981 768 quae
1004 681 1122 746 rectius
1146 682 1180 745 in
1195 679 1402 745 inferioribus
1418 690 1524 745 terrae
1540 680 1654 746 foveas
1670 679 1791 746 habent
1809 669 1932 772 ἷζξξζζζχ

139 809 247 874 quam
271 790 400 855 culmen
422 791 587 876 regiminis
610 788 844 854 aecclesiastici
866 787 1087 853 fraudulenter
1110 810 1168 852 seu
1190 787 1349 852 violenter
1372 797 1541 874 occupent.

732 1091 790 1155 IN
807 1089 1036 1156 PSALMUM
1054 1089 1203 1153 LXIIII.

1034 1299 1299 1367 TRACTATUS
1323 1203 1745 1368 DEB·ECLESIASTICIS

1278 1407 1503 1474 NEGOCHS.

213 1516 344 1581 Psalmo
375 1519 579 1604 sexagesimo
603 1527 716 1604 quarto
747 1515 787 1581 de
816 1515 942 1582 duabus
1062 1514 1192 1580 Psalmo
1223 1517 1426 1601 sexagesimo
1451 1525 1566 1601 quarto
1595 1515 1635 1580 de
1666 1515 1791 1582 duabus
1809 1539 1847 1592 (¹)-

70 1639 106 1679 ιο
143 1621 335 1688 civitatibus
369 1625 454 1688 inter
484 1646 518 1688 se
550 1625 733 1705 contrariis,
764 1622 942 1687 Ierusalem
997 1621 1183 1686 civitatibus
1217 1622 1302 1686 inter
1332 1644 1366 1686 se
1400 1622 1583 1704 contrariis,
1613 1622 1792 1690 Ierusalem

135 1727 302 1794 videlicet
332 1742 364 1794 et
392 1729 578 1812 Babilonia‚
610 1752 785 1818 earumque
816 1727 942 1793 civibus
996 1726 1149 1793 videlicet
1173 1739 1205 1792 et
1226 1728 1408 1810 Babilonia,
1437 1739 1636 1815 earumque·
1664 1728 1791 1795 civibus

128 1831 232 1899 inter
255 1858 291 1900 se
315 1837 483 1902 contrariis
501 1839 616 1922 agitur.
649 1836 701 1900 De
718 1857 941 1922 quorum-per·
995 1835 1081 1899 inter
1104 1857 1138 1898 se
1162 1835 1331 1899 contrariis
1348 1836 1463 1922 agitur.
1498 1834 1550 1899 De
1568 1858 1704 1922 quorum
1720 1859 1791 1923 per-

122 1943 305 2007 mixtione
336 1965 374 2007 ac
403 1942 608 2008 distinctione
631 1943 665 2006 in
688 1955 832 2028 tempore
856 1964 941 2028 pape
996 1942 1151 2005 mixtione
1176 1964 1214 2006 ac
1238 1941 1443 2006 distinctione
1467 1943 1501 2005 in
1523 1952 1669 2028 tempore
1686 1965 1791 2030 papae

118 2043 290 2134 Eugenii
312 2048 403 2136 largo
419 2061 558 2115 tractatu
573 2061 706 2136 agentes
729 2048 814 2115 hunc
835 2050 941 2135 ipsum
996 2047 1137 2133 Eugenii
1160 2046 1250 2132 largo
1266 2058 1405 2112 tractatu
1421 2059 1565 2133 agentes,
1582 2048 1668 2114 hunc
1684 2051 1791 2136 ipsum

27 2169 78 2209 1⁶
115 2155 309 2238 psalmum
332 2179 391 2242 pro
406 2159 541 2220 materia
563 2167 638 2221 tunc
662 2155 833 2220 habuimus
854 2177 942 2220 eum·
995 2154 1155 2241 psalmum
1177 2177 1237 2240 pro
1252 2156 1390 2219 materia
1410 2165 1487 2219 tunc
1510 2153 1682 2220 habuimus
1704 2179 1790 2220 eum-

117 2281 210 2346 que
236 2263 299 2348 ipsi
322 2261 438 2326 beatae
462 2264 636 2328 memoriae
658 2262 803 2349 pontifici
834 2260 941 2347 legen·
997 2283 1059 2347 que
1094 2262 1156 2347 ipsi
1187 2259 1280 2326 beate
1314 2263 1468 2326 memorie
1503 2261 1649 2348 pontifici
1683 2262 1791 2349 legen-

119 2366 225 2432 dum
241 2370 510 2454 presentavimus,
534 2369 595 2434 hac
611 2370 788 2434 intentione
808 2366 941 2449 scilicet,
997 2366 1073 2432 dum
1089 2369 1358 2454 presentavimus,
1382 2367 1444 2450 hac
1463 2369 1639 2434 intentione
1656 2369 1790 2452 scilicet,

118 2486 181 2538 ut
210 2476 303 2538 curia
324 2475 480 2558 Romana,
508 2498 591 2562 quae
623 2485 821 2540 contestante
844 2475 941 2538 Petro
995 2485 1031 2539 ut
1065 2475 1156 2538 curia
1183 2474 1339 2557 Romana,
1368 2497 1431 2561 que
1466 2485 1666 2540 contestante
1694 2475 1791 2542 Petro
1812 2497 1968 2546 naseam.

127 2579 310 2644 aeeclesia
348 2592 397 2644 cst
432 2582 466 2645 in
499 2580 657 2646 Babilone
697 2580 846 2664 collecta,
884 2603 943 2666 per
997 2579 1136 2645 ecclesia
1151 2590 1200 2644 est
1214 2581 1248 2645 in
1262 2580 1421 2646 Babilone
1438 2580 1583 2664 collecta,
1599 2605 1659 2669 per
1674 2605 1792 2648 nornen

28 2704 86 2745 no
126 2709 268 2751 nomen
282 2685 448 2752 Babilonis
464 2689 588 2773 tropice
604 2697 715 2752 notata
729 2686 809 2752 urbe
829 2687 941 2769 Roma,
996 2685 1162 2752 Babilonis
1193 2689 1316 2773 tropice
1346 2697 1457 2753 notata
1486 2686 1567 2752 urbe
1595 2689 1715 2772 Roma3
1745 2700 1791 2774 ut,

133 2803 192 2884 nt,
223 2795 367 2879 inquam,
398 2795 489 2858 curia
517 2793 571 2858 illa
601 2795 809 2880 semetipsam
839 2803 941 2858 atten-
995 2795 1139 2880 inquam,
1168 2794 1259 2858 curia
1286 2793 1341 2858 illa
1369 2795 1576 2880 semetipsam
1600 2795 1792 2862 adtenderet

144 2899 242 2964 deret
265 2921 401 2985 seseque
425 2923 463 2964 ac
486 2901 607 2986 pariter
630 2900 823 2964 aecclesiam
841 2911 941 2964 totam
997 2921 1133 2986 seseque
1157 2922 1196 2964 ac
1219 2901 1342 2987 pariter
1365 2899 1536 2966 ecclesiam
1559 2911 1669 2984 totam,
1694 2925 1792 2989 quam

151 3028 247 3092 quam
270 3028 383 3092 regere
400 3005 498 3070 debet
513 3029 533 3070 a
549 3007 736 3071 confirsione
752 3006 943 3071 Babilonica
997 3027 1110 3091 regere
1139 3005 1246 3089 debet,
1275 3030 1295 3070 a
1319 3006 1507 3072 confirsione
1529 3006 1723 3076 Babilonica
1745 3009 1791 3074 di-

152 3111 336 3177 distinctam
359 3112 514 3178 exhibere
539 3124 700 3200 satageret
723 3115 792 3178 sine
816 3113 944 3178 macula
998 3114 1147 3177 stinctam
1165 3112 1319 3177 exhibere
1344 3123 1507 3200 satageret
1530 3115 1599 3178 sine
1616 3115 1745 3180 macula
1760 3127 1792 3181 et
1810 3135 1937 3186 nossa.

49 3231 114 3274 ²5
152 3231 182 3283 et
193 3242 284 3306 ruga.
307 3219 352 3283 Et
361 3219 492 3306 quidem
502 3219 667 3306 predictus
679 3242 766 3307 papa
775 3220 941 3306 Eugenius
997 3220 1109 3305 ruga*.
1148 3219 1262 3305 Neque
1287 3221 1373 3284 enim
1388 3219 1443 3283 vel
1464 3219 1526 3284 hoc
1549 3221 1656 3306 ipsum
1680 3244 1792 3287 carere

151 3335 277 3411 gratum
298 3325 420 3408 habuit,
438 3327 523 3414 quod
540 3328 608 3391 eius
632 3328 819 3413 paternitati
843 3327 941 3391 auda·
996 3324 1124 3390 macula
1151 3325 1289 3406 videtur,
1318 3325 1407 3411 quod
1436 3348 1522 3390 nunc
1552 3325 1671 3391 dicitur
1702 3329 1793 3393 ouria

152 3433 202 3497 cia
227 3431 318 3496 filiali
348 3434 584 3519 suggessimus3
612 3444 834 3516 veruntamen,
860 3435 943 3498 sicut
996 3431 1153 3514 Romana,
1178 3454 1261 3519 quae
1292 3431 1430 3497 antehac
1457 3430 1627 3498 dicebatur
1654 3433 1792 3499 ecclesia

152 3551 224 3604 ante
248 3562 305 3604 nos
329 3539 451 3604 dictum
475 3545 559 3604 sst1:
996 3537 1152 3602 Romana.
1208 3537 1307 3620 Nam,
1347 3539 1374 3602 si
1412 3537 1622 3603 revolvantur
1660 3542 1793 3626 antiqua

194 3646 328 3711 Romam
360 3662 451 3712 vexat
479 3647 582 3712 adhuc
611 3671 700 3712 amor
730 3648 942 3713 inmoderatos
996 3645 1214 3710 Romanorum
1244 3645 1432 3731 pontificum
1463 3646 1597 3731 scripta,
1630 3669 1791 3734 nusquam

72 3764 134 3814 &a
627 3754 772 3834 labendi,
996 3753 1030 3815 in
1046 3753 1093 3816 eis
1116 3753 1277 3838 reperitur
1290 3751 1351 3816 hoc
1374 3774 1502 3836 nomen,
1523 3750 1610 3838 quod
1626 3763 1676 3816 est
1691 3755 1791 3838 curia,

197 3859 293 3937 Quem
315 3885 376 3924 aon
400 3863 554 3948 estinpcet
575 3863 642 3925 osai
667 3861 861 3926 indivisim
884 3876 941 3926 tre-
996 3861 1030 3923 in
1064 3858 1287 3944 designatione
1322 3869 1527 3924 sacrosancte
1561 3858 1706 3924 Romane
1741 3882 1792 3925 ec·

626 3967 740 4032 mendi.
997 3965 1111 4030 clesie:
1143 3986 1227 4050 quae
1255 3965 1375 4030 rectius
1402 3964 1551 4048 ecclesia,
1579 3988 1676 4053 quam
1703 3969 1794 4032 curia

151 4071 231 4136 Erat
265 4070 396 4157 quidem
433 4070 527 4135 nobis
564 4073 764 4158 propositum
801 4074 836 4136 in
870 4096 942 4160 pre·
996 4073 1189 4154 nominatur,
1213 4073 1289 4158 quia
1310 4093 1428 4138 nomen
1451 4073 1549 4156 curie,
1573 4082 1609 4137 ut
1637 4083 1710 4137 ante
1733 4096 1793 4138 nos

153 4179 234 4242 senti
257 4177 419 4242 volumine
443 4176 634 4243 adbreviare
660 4201 747 4243 nunc
770 4189 943 4244 tractatum
984 4179 1118 4244 dietum
1135 4188 1194 4261 est,
1211 4201 1231 4242 a
1247 4201 1360 4244 cruore
1377 4177 1553 4260 derivatur,
1574 4181 1642 4243 sive
1660 4202 1679 4244 a
1696 4181 1792 4263 curis,

108 4307 136 4348 as
152 4285 296 4349 Romano
319 4283 464 4371 pontifici
490 4295 568 4349 tunc
591 4285 786 4349 destinatum
810 4308 848 4351 ao
870 4309 943 4372 pre·
997 4295 1033 4349 ut
1056 4286 1102 4349 ait
1125 4284 1273 4373 quidam:
1503 4361 1504 4364 Ἴ

153 4400 312 4455 sentatum
337 4401 369 4455 et
392 4391 460 4456 eius
484 4390 717 4477 approbatione
747 4391 942 4457 roboratum.
1047 4391 1147 4457 Curio
1166 4417 1312 4457 cararum
1333 4396 1482 4480 peas'trix,
1505 4395 1673 4480 nutrixque
1695 4395 1792 4459 mal·

154 4496 219 4563 Sed
243 4499 319 4584 quia
342 4499 528 4562 sentenciae
558 4509 687 4564 nostrae
716 4498 756 4562 de
785 4498 943 4585 glorifica·
1322 4551 1324 4556 .
1528 4499 1632 4581 romb,

153 4605 239 4668 tione
268 4605 303 4668 in
324 4603 390 4668 Dei
419 4603 484 4668 filio
515 4604 675 4668 humanae
703 4603 901 4670 substantiae
926 4628 945 4669 a
1044 4604 1182 4670 Iniustos
1197 4608 1298 4687 isatis,
1323 4607 1498 4672 inhonestos
1512 4621 1628 4692 aequat
1649 4606 1792 4672 dorcada.

1813 4361 1885 4429 [Dee
1906 4365 2014 4417 nomine

1857 4431 1967 4500 curiae]

284 4818 310 4896 ¹)
336 4830 395 4882 coa
413 4831 550 4883 asama
576 4832 603 4882 a
628 4832 722 4882 arama
741 4831 815 4897 foas
839 4833 966 4897 apuam
991 4833 1105 4894 meme,
1129 4848 1191 4899 qaas
1211 4831 1314 4897 isaar.-
1339 4827 1473 4884 nenses
1495 4828 1652 4884 venerabili
1680 4835 1793 4885 saneta

113 4947 137 4986 so
334 4931 476 4988 Romanae
507 4933 663 4990 aecclesiae
694 4933 828 4989 cardinali
854 4935 1023 5006 presbytero
1046 4934 1136 4990 frater
1159 4929 1292 5006 Glerhoh]
1318 4935 1354 4990 de
1378 4931 1568 5007 Richersperg
1590 4936 1708 4991 devotas
1732 4953 1793 4992 ora-

334 5039 427 5096 tiones
450 5057 513 5095 cum
535 5038 614 5096 fideli
636 5041 782 5112 obsequio.
829 5041 979 5097 Desiderio
1002 5041 1160 5098 desiderari
1185 5058 1220 5096 ex
1241 5040 1325 5113 longo
1347 5048 1475 5113 tempore
1499 5049 1624 5097 sanctam
1642 5041 1793 5098 Romanam

335 5146 500 5202 aecclesiam
523 5147 619 5202 ridere
650 5155 776 5202 ornatam
805 5147 865 5203 sine
895 5147 1005 5203 macula
1035 5154 1065 5203 et
1093 5164 1174 5219 roga.
1219 5147 1321 5218 Neque
1351 5147 1426 5202 enim
1452 5160 1495 5202 etc.
1523 5177 1567 5186 -
1596 5166 1648 5219 pro
1677 5155 1793 5205 munere

335 5251 477 5308 offerimus
498 5259 632 5309 masticant
648 5275 704 5308 acm
722 5256 755 5308 B.

261 5439 288 5505 a)
310 5460 456 5510 eorumque
477 5443 509 5494 B.
599 5441 627 5507 b)
648 5443 780 5495 malarum
799 5439 824 5490 B
841 5452 865 5494 et
881 5444 951 5508 epist.
969 5443 1004 5495 cd
1022 5444 1178 5494 Heinricum.
1264 5441 1289 5506 c)
1310 5460 1373 5510 quoe
1389 5443 1429 5494 hic
1447 5453 1469 5495 et
1486 5443 1559 5510 infra
1576 5445 1604 5495 in
1622 5446 1733 5512 margine
1750 5446 1795 5497 cd·

114 5543 139 5583 ct
156 5540 241 5582 comto
258 5541 317 5583 sunt
335 5541 432 5583 tantum
450 5533 478 5583 io
496 5532 529 5583 B.

266 5732 294 5801 1)
320 5731 370 5789 En
393 5731 526 5802 carmine,
557 5732 634 5808 quod
654 5733 696 5788 cd.
719 5729 905 5801 Glosehreclt,
929 5730 979 5788 Ἰ).
1006 5731 1179 5789 Kaiserzeit’
1204 5731 1257 5788 ΙΙΙ
1281 5725 1336 5806 (ed.
1356 5727 1400 5807 V),
1427 5752 1459 5808 p.
1481 5732 1573 5788 1228.
