4568 6428
371 1352 399 1391 Ὗ.
409 1351 462 1391 128‘.

313 2147 395 2188 matth.
403 2147 435 2196 18,
441 2147 461 2187 i.

479 373 521 438 60
610 380 765 437 LIBELLI
786 379 953 437 HONORII
975 337 1352 437 AUGUSTODUNENSIQ
1381 372 1621 436 PRESBYTERI
1644 380 1695 436 ET
1717 377 1981 435 SCHOLASTiOI.

1015 569 1064 631 12.
1106 566 1165 631 De
1195 555 1401 632 uxoribus
1433 588 1580 631 eornm.

586 691 795 757 Onimium⁸
818 691 978 756 miseraeb
1002 689 1076 756 illae
1099 689 1261 771 mulieres,
1292 710 1376 777 quae
1404 691 1451 754 eis
1481 689 1524 754 ad
1546 689 1771 755 fornicandum
1795 690 2010 770 consentiunt,
2041 689 2119 776 quia

479 796 652 884 sulphureo
676 798 751 883 igne
775 796 981 862 aeternaliter
997 819 1071 862 cum
1087 798 1134 861 eis
1150 795 1326 862 ardebunt!
1374 795 1408 862 Si
1434 796 1519 861 enim
1544 818 1684 860 canones
1708 797 1891 884 precipiunt
1901 799 1921 877 ¹,
1945 806 1980 860 ut
2003 794 2119 859 mulier

480 926 553 968 cum
576 901 788 990 presbyter0⁰
812 901 935 990 polluta
958 924 1134 991 numquam
1157 903 1294 968 alicuius
1313 904 1375 966 viri
1399 901 1591 988 amplerrus‘l
1614 901 1738 984 subeat,
1763 902 1821 966 sed
1844 923 1946 988 usque
1970 903 2005 965 in
2020 900 2118 965 finem

479 1011 513 1074 in
543 1010 721 1098 penitentia
750 1021 948 1096 permaneat,
980 1032 1044 1096 qua
1073 1032 1159 1096 pena
1189 1009 1249 1073 hae
1281 1007 1551 1095 dampnabuntur,
1583 1031 1667 1095 quae
1698 1031 1771 1073 cum
1801 1008 2012 1096 presbyteris,
2043 1030 2150 1073 cums

479 1115 656 1198 monachis,
688 1138 761 1180 cum
791 1115 945 1201 apostatis
977 1114 1202 1180 insatiabiliter
1231 1114 1441 1202 polluuntur?
1489 1115 1516 1180 Ο
1548 1138 1645 1202 quam
1675 1115 1843 1180 infelices⁹
1872 1127 2002 1197 matres,
2034 1137 2118 1202 quae

480 1221 560 1287 tales
583 1221 665 1286 filias
689 1223 884 1308 genuerunt!
933 1222 984 1287 Οῐ
1009 1245 1105 1308 quam
1128 1223 1328 1287 miserrimae
1351 1221 1447 1303 filiae,
1479 1243 1562 1309 quae
1593 1221 1636 1286 ad
1664 1222 1745 1286 tales
1772 1223 1902 1308 nuptias
1925 1233 2086 1286 venerunt
2096 1221 2117 1285 f.

480 1327 598 1392 Aliae⁸
621 1351 760 1414 namque
784 1327 934 1393 mulieres
958 1327 1121 1415 impudice
1145 1329 1293 1392 viventes
1316 1351 1381 1392 una
1403 1350 1489 1416 pena
1511 1327 1725 1415 plectentnrl,
1750 1329 1850 1393 'istae
1880 1327 1999 1414 triplici
2026 1339 2118 1392 reatu

480 1435 663 1521 punientur.
711 1433 819 1499 Unum
849 1433 1007 1520 flagitium
1038 1435 1250 1516 committunt,
1283 1433 1388 1520 quod¹
1422 1457 1456 1498 se
1487 1456 1560 1498 cum
1590 1433 1790 1522 presbyteris
1819 1435 1998 1522 polluuntl,
2030 1432 2118 1498 aliud

480 1541 605 1606 facinus
629 1551 826 1628 perpetrant,
851 1540 956 1626 quod¹
976 1564 1010 1605 se
1028 1563 1101 1605 cum
1116 1540 1282 1605 monachis
1307 1540 1526 1626 coinquinant,
1551 1543 1644 1605 tertio
1668 1542 1801 1606 crimine
1826 1540 2016 1622 subduntur,
2042 1539 2119 1604 dum
2139 1562 2163 1601 ιο

481 1669 555 1711 cum
579 1647 734 1732 apostatis
758 1645 906 1711 sordibus
930 1647 1147 1712 involvuntur.
1194 1647 1282 1713 etio·
1302 1672 1417 1728 eorum,
1444 1657 1479 1710 ut
1502 1646 1581 1711 dicit
1604 1649 1794 1734 scriptura¹,
1826 1650 1971 1714 arentin
1995 1648 2047 1713 die
2069 1651 2118 1712 iu-

482 1754 565 1819 dicii
584 1767 671 1818 testea
692 1768 797 1818 reatus
819 1756 956 1818 eorum.¹

967 1897 1016 1958 13.
1058 1893 1117 1958 De
1148 1893 1449 1959 maledictione
1480 1917 1627 1960 eorum.

587 2019 656 2082 Hos
686 2019 871 2104 transfugas
894 2017 1055 2082 Dominus
1085 2016 1228 2100 denotat,
1259 2017 1335 2082 dum
1365 2017 1542 2084 terribilem
1573 2019 1831 2084 maledictionem
1862 2043 1959 2107 super
1986 2043 2041 2085 eos
2071 2022 2118 2084 in-

480 2134 586 2188 tonat:
620 2125 680 2189 Vae
703 2125 818 2189 mundo
842 2127 881 2190 ab
904 2125 1075 2189 scandalis.
1122 2125 1253 2190 Necesse
1276 2140 1320 2190 eat
1342 2128 1433 2206 euim,
1466 2140 1498 2189 ut
1524 2130 1677 2190 venante
1699 2127 1861 2192 scandat.
1906 2127 2119 2193 Verumtamen
2140 2145 2164 2184 ιδ

481 2255 537 2296 voe
560 2232 683 2296 domiai
703 2233 765 2312 illi,
789 2256 852 2318 per
882 2256 970 2316 quern
997 2231 1181 2296 ocortdolom
1205 2234 1295 2296 venit.
1343 2231 1432 2317 lpsi¹²
1456 2243 1529 2296 sunt
1552 2233 1648 2296 totius
1672 2232 1850 2297 aecclesiae
1875 2232 2063 2298 scandalum
2087 2244 2120 2298 et

481 2338 623 2401 omnium
647 2335 689 2400 ad
712 2335 821 2400 Deum
851 2335 1143 2400 convertendorum
1174 2335 1385 2401 obstaculum.
1433 2336 1515 2401 Cum
1540 2339 1625 2402 enirn
1649 2360 1669 2403 a
1692 2361 1749 2403 suo
1774 2341 1938 2426 proposito
1962 2351 2038 2404 eos⁰
2063 2339 2119 2404 de-

481 2442 597 2507 fecisse
622 2441 839 2523 considerant,
864 2442 1129 2507 consuetudinem
1153 2453 1284 2508 sanctae
1309 2445 1561 2508 conversationis
1585 2456 1651 2508 tam
1675 2467 1832 2532 asperam,
1864 2456 1930 2510 tarn
1954 2445 2119 2511 difficilem

482 2549 641 2630 estimant,
666 2559 701 2612 ut
724 2549 786 2634 ipsi
811 2571 883 2612 eam
905 2547 1040 2634 implere
1064 2547 1270 2614 nullomodor
1293 2550 1492 2636 prevaleant,
1517 2562 1548 2613 et
1571 2553 1617 2614 ita
1640 2549 1766 2615 illorum
1790 2552 1938 2638 exemplo
1962 2553 1996 2616 in
2010 2554 2118 2638 pravi-

481 2665 546 2718 tate
570 2665 789 2740 perseverant.
836 2655 879 2718 Et
903 2656 979 2740 quia
1000 2677 1065 2718 non
1090 2654 1193 2718 solum
1216 2657 1275 2736 sui,
1301 2656 1380 2720 sedq
1403 2655 1530 2720 illorum
1554 2655 1734 2721 homicidae
1759 2659 1910 2740 existunt,
1934 2657 2007 2722 ideo
2031 2657 2119 2723 illam
2139 2679 2166 2718 ao

456 2761 741 2825 maledictionem
764 2761 927 2826 incidunt:
962 2762 1023 2826 Vae
1052 2763 1175 2827 bomini
1202 2764 1264 2843 itit,
1288 2788 1351 2849 per
1374 2788 1464 2848 quem
1486 2764 1670 2828 scandalum
1699 2768 1810 2830 verritu.
1858 2764 1930 2829 Hoc
1954 2764 2035 2828 ‘vae'
2061 2765 2121 2829 erit

480 2869 514 2931 in
537 2867 591 2932 illo
615 2867 720 2948 loco‘,

693 2992 766 3073 Quo
791 2991 891 3074 dolor,
916 2991 957 3056 ah
981 3003 1013 3056 et
1035 3014 1096 3056 vae

692 3098 765 3179 Quo
790 3099 845 3184 qui
869 3097 1071 3179 clauduntur,

692 3203 822 3269 Vellent
846 3206 966 3290 quippe
990 3205 1081 3286 mori,

693 3310 766 3392 Quo
790 3313 888 3376 miser
910 3311 986 3375 illeu
1010 3311 1096 3394 furit,

692 3419 805 3500 Frons,
830 3417 925 3498 oculi,
949 3419 1048 3500 naris,

693 3527 749 3607 Os,
774 3537 893 3611 guttur,
919 3547 1077 3588 mammae

692 3632 809 3714 Dorsa,
833 3632 925 3714 latus,
952 3636 1080 3695 ‘venter

692 3737 761 3804 Nec
785 3739 904 3824 frigent
928 3760 1031 3802 coxae

693 3845 721 3909 Ο
746 3867 843 3931 quam
866 3845 902 3908 fit
925 3845 1034 3926 tristis,

694 3949 800 4031 Quam
823 3950 859 4014 fit
881 3949 1039 4036 lugubris,

694 4056 760 4136 Qui
782 4058 848 4120 vim
871 4057 983 4121 fetoris

694 4163 793 4228 Saevi
816 4165 945 4226 tortoris

1435 3015 1564 3080 semper
1588 3004 1701 3058 erunt·
1726 2995 1794 3060 sine
1819 3018 1886 3081 spe,

1434 3099 1627 3185 nequeundo
1651 3102 1749 3164 mori¹
1774 3103 1961 3167 moriuntur.

1435 3205 1512 3291 quia
1534 3229 1593 3291 par
1616 3228 1701 3270 mors
1724 3206 1812 3271 nulla
1836 3207 1948 3290 dolori,
2140 3227 2167 3267 ’ὁ

1435 3333 1532 3396 quem
1554 3310 1685 3376 flamma
1707 3315 1858 3398 perennis
1882 3316 1954 3378 urit.

1435 3419 1558 3500 cervix,
1582 3417 1671 3483 locus
1694 3419 1895 3503 amicularis,

1435 3523 1516 3587 fiunt
1539 3523 1584 3588 ibi
1607 3524 1728 3611 pabula
1750 3525 1908 3592 flammae.

1434 3629 1573 3716 flagrant
1595 3630 1834 3715 indeficienter;

1435 3736 1487 3800 vel
1512 3749 1620 3826 cetera
1644 3739 1796 3803 consciav
1819 3761 1936 3804 noxae.
2142 3760 2169 3800 so

1436 3843 1492 3930 qni
1515 3844 1653 3908 traditur
1675 3844 1805 3931 ignibus
1829 3847 1909 3927 istis,

1437 3951 1492 4036 qui
1515 3950 1652 4014 traditur
1674 3974 1750 4015 esca
1774 3951 1923 4034 colubris,

1434 4057 1493 4120 vix
1516 4058 1653 4121 sustinet
1676 4057 1824 4123 omnibus
1847 4059 1944 4140 horis,

1436 4163 1491 4248 qui
1514 4162 1660 4227 tunditur
1682 4163 1824 4251 undique
1848 4165 1934 4229 loris.

482 4286 609 4368 Quibus
631 4287 759 4350 miseris
783 4309 848 4350 non
871 4286 999 4349 suffecit
1007 4295 1036 4366 w,
1061 4297 1096 4350 ut
1120 4285 1159 4349 de
1184 4284 1296 4349 humili
1320 4285 1390 4349 loco
1415 4284 1458 4349 ad
1481 4285 1634 4350 Tartarus
1658 4299 1855 4370 corruerent,
1883 4288 1941 4353 sed
1964 4311 2124 4354 cacumen
2143 4309 2169 4348 n

482 4395 598 4457 montis
622 4392 848 4474 ascenderunt,
873 4403 908 4456 ut
931 4391 971 4455 de
996 4391 1059 4456 alto
1084 4413 1118 4454 se
1143 4391 1207 4456 ad¹
1230 4401 1366 4454 mortem
1389 4393 1631 4478 precipitarent.

1122 4570 1170 4632 14.
1212 4567 1272 4631 De
1302 4568 1486 4632 mortuis.

587 4693 633 4758 Hi
657 4693 683 4756 si
706 4693 896 4774 moriuntur,
920 4714 985 4756 non
1009 4701 1058 4755 est
1079 4714 1138 4778 pro
1163 4691 1210 4755 eis
1235 4691 1391 4756 orandum
1414 4691 1467 4756 vel
1492 4693 1750 4778 sacrificandum,
1775 4697 1861 4782 quia,
1885 4706 1920 4760 ut
1940 4695 2019 4761 dicit
2032 4695 2124 4783 Dyo-

481 4802 583 4866 nisius
606 4799 840 4885 Ariopagytal,
864 4797 973 4862 Deum
996 4796 1209 4884 blasphemat,
1234 4799 1289 4884 qui
1313 4820 1372 4884 pro
1396 4799 1495 4886 impio
1520 4810 1590 4864 orat
1612 4800 1664 4865 vel
1688 4802 1859 4867 sacrificat.

589 4996 616 5060 a)
639 5000 760 5050 omnium
778 4994 851 5048 AC.
905 4995 934 5060 b)
957 4999 1104 5068 miserrime
1119 4993 1145 5048 O.
1202 4995 1227 5060 c)
1249 4999 1309 5050 viro
1328 4994 1368 5061 A;
1386 4997 1434 5050 det.
1453 5017 1520 5050 maa.
1535 5008 1601 5066 port.
1620 5009 1643 5050 et
1660 5019 1784 5066 mpraacr.
1803 5004 1971 5069 presbytero.
2026 5001 2054 5064 d)
2070 5021 2123 5053 am·
2143 5011 2171 5049 40

483 5087 561 5154 plens
586 5106 649 5140 corr.
674 5105 742 5138 aron.
764 5095 829 5153 post.
856 5086 997 5153 amplexus
1024 5083 1057 5136 A.

482 5185 616 5229 venerunt
640 5178 690 5228 dea.
718 5173 745 5227 0.

485 5264 504 5328 Ι)
526 5283 547 5318 a.
567 5267 592 5317 d.
612 5262 640 5317 C.
725 5261 761 5326 m)
784 5267 827 5316 vei
842 5265 851 5324 il
864 5267 941 5316 uiant
962 5260 988 5314 O.

484 5352 512 5422 p)
534 5373 560 5406 n.
578 5357 596 5406 i.
616 5351 648 5405 B.
733 5353 761 5419 q)
782 5354 841 5404 aad.
862 5362 889 5405 et
908 5349 940 5404 B.

484 5445 564 5504 mori,
587 5443 629 5494 aed
645 5453 703 5509 post
720 5443 832 5494 radendo
849 5444 924 5495 deleo.
945 5439 976 5493 B.

483 5529 747 5594 Dmmwss

594 5713 623 5785 l)
647 5711 714 5770 Non
737 5712 838 5770 inverti.

1131 5083 1157 5146 a)
1184 5103 1208 5152 q.
1231 5089 1248 5137 i.
1274 5104 1342 5138 man.
1367 5104 1449 5138 recena
1473 5089 1523 5140 alio
1548 5097 1638 5139 onam.
1663 5099 1769 5141 ratam.
1791 5087 1818 5141 C.

834 5175 863 5242 g)
891 5175 957 5226 illas
984 5171 1018 5225 D.
1108 5173 1136 5235 h)
1164 5176 1323 5242 plectuntur
1347 5173 1382 5227 D.

1073 5261 1102 5326 n)
1125 5265 1182 5330 ipsi
1201 5272 1265 5316 sunt
1288 5289 1320 5300 -
1342 5265 1503 5317 scandalum
1522 5269 1597 5318 venit
1618 5267 1668 5318 dea.
1689 5264 1716 5320 C.

1026 5351 1048 5414 r)
1070 5355 1098 5404 in
1117 5355 1134 5404 i.
1155 5353 1171 5404 Ι.
1192 5355 1243 5404 erit
1262 5349 1301 5416 B;
1323 5353 1383 5404 odd.
1402 5355 1430 5404 iu
1448 5373 1526 5422 nrory.
1545 5356 1648 5407 Versus
1667 5354 1701 5407 A.

1062 5440 1091 5504 u)
1112 5442 1178 5493 decet
1195 5439 1233 5504 A,
1252 5460 1376 5508 aupnoeer.
1395 5461 1463 5494 oran.
1478 5453 1543 5509 post.

1890 5087 1911 5152 i)
1938 5093 1960 5143 0
1986 5108 2066 5157 quam
2092 5117 2123 5126 -

1472 5175 1493 5240 i)
1522 5180 1587 5244 quia
1612 5175 1646 5229 D.
1735 5179 1763 5242 k)
1792 5179 1953 5246 polluuntur
1975 5177 2009 5231 A.
2034 5176 2066 5232 B.
2090 5178 2124 5231 D.

1801 5266 1829 5330 o)
1851 5285 1898 5320 eos
1918 5287 1934 5321 a
1952 5288 1973 5320 s.
1992 5287 2018 5336 p.
2038 5265 2070 5320 B.
2090 5265 2124 5319 D.

1782 5354 1806 5420 s)
1828 5374 1852 5408 a.
1871 5353 1940 5409 sl).
2022 5355 2043 5420 t)
2064 5358 2124 5409 odd.

1628 5441 1656 5506 v)
1678 5439 1738 5496 ‘c'cia
1759 5442 1786 5497 C.
1867 5443 1902 5509 w)
1924 5447 2024 5499 suflicit
2044 5444 2071 5498 0.
2090 5444 2124 5498 D.
2143 5454 2171 5492 st
