4410 6406
532 403 650 458 LIBER
671 404 724 458 DE
748 401 1013 460 NOVITA'HBUS
1037 402 1157 460 HUIUS
1181 403 1387 460 TEMPORIS.
1720 397 1783 462 297

130 587 317 654 sedetiam
349 611 390 652 ex
414 588 575 675 imperiali
605 588 763 675 dignitate
794 611 892 675 super
915 611 1026 654 omnes
1057 590 1258 675 principatus
1288 590 1385 654 totius
1416 589 1503 655 orbis
1534 590 1784 658 dominaturum.

129 693 232 759 Dicis
261 695 370 782 itaque
401 695 496 760 mihi:
528 695 579 760 ‘Si
601 717 667 760 non
690 693 810 760 dehent
837 693 984 760 ecclesiis
1015 695 1136 760 auferri
1165 697 1237 782 ipsa
1267 695 1400 781 regalia,
1431 695 1614 783 exquibus
1639 699 1784 785 episcopi

129 799 295 866 habentes
318 823 358 866 ea
381 800 503 866 dehent
525 802 631 866 cesari
658 823 741 888 quae
773 802 893 866 cesaris
924 813 1007 883 sunt,
1039 803 1123 866 sicut
1153 825 1195 866 cx
1218 799 1448 867 ecclesiasticis
1478 802 1686 868 facultatibus
1710 804 1783 870 Deo
1803 828 1960 879 murima

134 911 237 994 'quae
260 907 326 972 Dei
349 919 431 990 sunt,
457 907 617 994 quomodo
641 909 749 994 puniri
771 918 923 994 poterunt
946 909 1091 994 episcopi
1114 908 1166 972 vel
1190 906 1327 972 abbates
1350 909 1495 973 nolentes
1519 909 1655 975 reddere
1679 912 1784 976 cesari
1802 935 1892 984 aaa.

94 1035 200 1099 sque
232 1016 353 1078 cesaris
382 1024 466 1096 sunt,
495 1037 569 1078 cum
599 1013 715 1079 eadem
744 1013 866 1078 auferri
896 1015 942 1078 eis
973 1037 1037 1079 non
1067 1025 1228 1100 poterunt,
1259 1036 1311 1096 ne,
1342 1016 1426 1079 sicut
1455 1014 1576 1080 oblatio
1607 1016 1720 1081 talium
1749 1019 1783 1082 in

133 1122 321 1185 sanctuario
341 1120 403 1185 fuit
418 1120 546 1202 devota,
571 1121 617 1186 sic
642 1119 761 1185 oblatio
786 1143 897 1184 eorum
921 1143 940 1184 a
964 1121 1147 1185 sanctuario
1163 1119 1221 1184 fiat
1236 1120 1437 1206 sacrilegal’
1473 1121 1669 1208 Respondeo
1685 1122 1782 1209 plane

132 1226 217 1290 mihi
238 1226 378 1314 placere,
401 1237 437 1291 ut
459 1226 637 1291 reddantur
659 1249 722 1313 qne
746 1237 820 1290 sunt
843 1228 964 1291 cesaris
988 1228 1103 1309 cesari,
1128 1237 1246 1314 etque
1271 1227 1335 1291 Dei
1358 1227 1442 1310 Deo,
1474 1228 1532 1293 scd
1560 1227 1619 1293 sub
1644 1251 1684 1293 ca
1708 1253 1782 1294 cau-

132 1333 212 1414 tela,
235 1345 270 1397 ut
293 1356 357 1398 non
372 1345 518 1400 vastetur
541 1333 681 1398 ecclesia
703 1332 757 1397 vel
780 1333 919 1398 nudetur
942 1332 1055 1397 saltem
1075 1343 1167 1397 veste
1191 1332 1276 1414 alba,
1301 1335 1328 1397 si
1351 1335 1446 1398 nimis
1470 1336 1600 1399 incaute
1624 1335 1782 1401 abstrahi-

132 1451 188 1503 tur
212 1441 243 1504 ei
266 1462 418 1526 purpura.
454 1440 617 1505 Fecerunt
639 1439 700 1504 hoc
724 1439 841 1504 milites
865 1439 910 1503 illi
935 1441 1065 1525 pagani,
1090 1441 1146 1525 qui
1162 1438 1324 1504 Christum
1350 1440 1571 1526 spoliaverunt
1590 1452 1680 1507 veste
1696 1454 1782 1508 utra·

82 1571 112 1608 ro
135 1569 200 1632 que
224 1546 347 1611 nudum
363 1546 626 1632 crucifigendum,
651 1545 710 1610 sed
733 1544 827 1626 absit,
852 1555 887 1610 ut
909 1545 1051 1632 idipsum
1066 1545 1190 1610 faciant
1204 1545 1322 1611 milites
1339 1546 1516 1611 christiani.
1548 1547 1782 1614 Verumtamen

135 1663 171 1717 ut
194 1652 366 1718 insolentia
387 1675 451 1717 non
476 1663 602 1718 crescat
623 1653 707 1717 ultra
729 1652 859 1717 modum
877 1663 988 1717 contra
1011 1653 1193 1739 imperium,
1217 1675 1260 1716 ex
1282 1653 1476 1718 necessitate
1499 1654 1723 1719 iusiurandum
1738 1694 1782 1706 -

135 1759 213 1823 licet
235 1759 297 1824 hoc
320 1761 427 1845 ipsum
451 1761 491 1824 sit
515 1759 641 1823 amalo
665 1799 709 1807 -
732 1760 955 1845 interponitur,
979 1771 1015 1824 ut
1038 1758 1100 1824 sibi
1129 1758 1227 1823 fidem
1258 1769 1389 1824 servent
1418 1771 1528 1824 mutuo
1556 1760 1726 1847 pontifices
1750 1773 1783 1828 et

135 1888 241 1952 reges,
265 1865 537 1953 quemadmodum
560 1866 745 1953 patriarcha
766 1864 872 1929 fidelis
888 1864 1056 1930 Abraham
1080 1867 1286 1930 contentione
1311 1876 1381 1930 orta
1404 1888 1462 1952 pro
1486 1866 1601 1932 eadem
1625 1868 1782 1954 sopienda

135 1983 168 2036 et
197 1974 233 2036 in
261 1985 426 2059 posterum
456 1973 603 2037 cavenda
633 1974 752 2037 iuravit
780 1973 851 2058 regi
874 1971 1043 2037 Abimelec
1074 1981 1107 2036 et
1135 1971 1189 2036 ille
1220 1970 1282 2036 sibi
1312 1993 1406 2036 secus
1433 1983 1566 2058 puteum
1595 1974 1779 2040 iuramenti.
1799 1970 1935 2076 θ’·,ξξξὲξῑν

87 2103 115 2141 rs
133 2080 225 2166 Ergo
256 2081 339 2144 sicut
367 2079 414 2144 illi
443 2078 506 2144 sibi
531 2091 641 2144 mutuo
664 2081 862 2160 iuraverunt,
894 2080 940 2144 sic
964 2077 1071 2143 adhuc
1094 2100 1189 2164 reges
1211 2079 1319 2142 iurant
1348 2079 1510 2143 iusticiam
1534 2079 1681 2163 ecclesie,
1706 2104 1780 2147 cum

134 2198 369 2251 consecrantur
391 2197 424 2251 et
446 2196 650 2268 coronantur,
675 2197 707 2251 et
729 2187 876 2272 episcopi
899 2208 1028 2272 quoque
1059 2184 1182 2271 regalia
1210 2195 1358 2250 tenentes
1388 2184 1519 2271 regibus
1549 2187 1657 2251 iurant
1679 2187 1781 2254 ildeh-

133 2305 234 2356 tatem
259 2293 348 2357 salvo
372 2293 422 2356 sui
446 2292 567 2357 ordinis
591 2291 708 2357 officio.
757 2291 792 2358 Si
816 2315 893 2378 ergo
916 2292 1015 2356 fuerit
1037 2291 1192 2355 violatum
1216 2291 1424 2357 iurisiurandi
1448 2303 1696 2378 sacramentum,
1713 2296 1781 2359 vio·

133 2399 228 2481 lator,
259 2399 337 2464 licet
366 2400 408 2463 sit
437 2397 539 2463 abbas
566 2409 622 2463 aut
646 2401 829 2486 episcopus,
859 2399 929 2463 iure
954 2408 1090 2484 utroque
1121 2398 1277 2484 spoliatur
1305 2398 1426 2463 honore
1452 2421 1561 2464 coram
1584 2422 1642 2464 suo
1672 2400 1780 2466 iudice

133 2505 329 2570 sacerdotali
354 2505 493 2570 'scilicet
515 2518 547 2569 et
570 2505 624 2570 illo
641 2529 738 2592 quem
754 2505 795 2570 de
811 2501 975 2591 regalibus
992 2502 1100 2569 habet.
1136 2503 1172 2570 Si
1196 2505 1282 2568 enim
1298 2505 1446 2591 periurus
1470 2507 1643 2592 episcopus
1666 2518 1780 2572 tenens
1799 2531 1890 2581 esras.

86 2635 114 2675 ao
132 2613 369 2699 episcopatum,
393 2611 579 2698 spoliandus
596 2610 759 2698 regalibus
780 2621 962 2698 exponatur
977 2610 1144 2692 militibus,
1163 2610 1240 2675 inde
1257 2621 1473 2698 consequetur
1488 2611 1635 2677 conhrsio
1651 2636 1780 2700 magna,

133 2741 199 2804 qua
229 2719 448 2783 invalescente
479 2719 664 2782 minuentur
691 2729 724 2782 et
747 2717 961 2782 vastabuntur
985 2717 1208 2782 ecclesiastica
1232 2716 1326 2798 bona,
1350 2717 1428 2782 dum
1450 2720 1547 2782 nimis
1570 2720 1700 2784 incante
1724 2720 1780 2786 ab·

133 2825 320 2890 strahentur
342 2825 414 2911 ipsa
429 2823 553 2910 regalia
576 2834 609 2889 et
631 2825 676 2888 ita
700 2823 865 2889 scindetur
880 2819 1013 2910 pallium
1031 2823 1199 2904 Samuelis,
1217 2845 1280 2910 quo
1297 2825 1398 2889 scisso
1415 2825 1582 2890 scindetur
1597 2837 1629 2890 et
1644 2848 1781 2913 regnum
1800 2836 1818 2875 ¹·
1825 2834 1920 2927 ἔτος-ξῦν

133 2942 167 2995 et
190 2930 426 3019 periclitabitur
449 2929 676 2995 sacerdotium.
724 2929 820 3010 Quod
843 2931 889 2994 ita
911 2929 1041 2994 demum
1058 2931 1229 3016 precaveri
1251 2931 1384 3016 poterit,
1404 2931 1431 2994 si
1455 2932 1627 3018 epiecopus
1651 2934 1780 2998 nonnisi
1851 2917 1857 2930 ⁴
1891 2918 1898 2930 ⁰

134 3039 223 3125 prius
254 3037 330 3102 alba
353 3048 443 3102 veste
473 3037 606 3101 indutus
637 3059 813 3123 purpuram
841 3037 1005 3122 suscipiat,
1030 3059 1127 3123 quam
1150 3058 1211 3100 nec
1235 3037 1371 3119 amittat,
1402 3037 1464 3100 nisi
1487 3047 1520 3101 et
1543 3036 1618 3102 alba
1647 3053 1782 3125 propter

86 3169 114 3208 aa
134 3143 359 3209 infidelitatem
383 3166 493 3208 carere
517 3143 645 3224 debeat,
670 3157 705 3208 ut
728 3142 881 3208 videlicet
904 3153 1074 3228 peccatum
1091 3165 1228 3228 persone
1251 3144 1285 3206 in
1302 3143 1530 3208 detrimentum
1553 3167 1618 3208 non
1633 3157 1780 3210 vertatur

134 3251 289 3334 ecclesie3
321 3252 404 3315 siout
433 3251 498 3314 iam
529 3249 648 3314 alicubi
678 3250 800 3314 factum
831 3249 950 3313 scimus
980 3250 1128 3335 personis
1156 3247 1352 3335 quibusdam
1375 3250 1558 3322 inordinate
1582 3253 1778 3338 purpuratis,

134 3368 308 3444 antequam
332 3368 422 3421 veste
446 3355 521 3420 alba
543 3367 639 3443 prout
662 3356 803 3442 oportuit
825 3355 1045 3437 induerentur,
1069 3354 1157 3436 dum,
1180 3354 1320 3419 necdum
1344 3355 1531 3442 spiritaliter
1553 3367 1627 3443 post
1650 3358 1778 3422 electio-

133 3487 208 3528 nem
225 3464 401 3529 examinati
418 3473 473 3527 aut
490 3463 680 3544 consecrati,
706 3472 780 3526 sunt
802 3459 966 3546 regalibus
990 3461 1177 3548 amplificati
1201 3473 1233 3525 et
1256 3464 1302 3526 ita
1323 3463 1419 3526 nimis
1444 3463 1625 3546 confortati,
1642 3474 1678 3528 ut
1692 3475 1778 3550 post-

133 3571 264 3635 modum
288 3592 353 3634 non
376 3580 550 3656 potuerunt
573 3570 763 3652 examinari,
787 3568 845 3632 sed
869 3577 1032 3654 oporteret
1055 3590 1110 3632 eos
1134 3567 1177 3631 ad
1200 3567 1353 3654 placitum
1376 3570 1464 3655 regis
1488 3581 1520 3633 et
1542 3569 1679 3634 militum
1703 3593 1777 3636 con-

88 3703 116 3742 so
134 3679 266 3742 sacrari.
321 3676 475 3742 Similiter
504 3676 650 3762 personis
682 3674 877 3762 quibusdam
911 3685 986 3738 ante
1020 3673 1176 3739 iudicium
1209 3674 1353 3760 spiritale
1384 3675 1612 3762 depurpuratis
1643 3678 1778 3763 contigit

134 3783 357 3849 ecclesiastica
372 3782 459 3848 bona
475 3783 606 3863 vastari,
630 3783 731 3846 minui
755 3791 787 3846 et
810 3780 925 3862 scindi,
950 3782 1050 3845 scisso
1068 3791 1305 3867 consequenter
1328 3791 1360 3845 et
1383 3804 1494 3868 regno,
1519 3782 1602 3847 sicut
1619 3781 1777 3848 Samuelis

133 3889 232 3977 pallio
249 3892 364 3954 'scisso
389 3891 525 3954 scissum
548 3900 598 3953 est
621 3899 653 3952 et
675 3911 811 3974 regnum
835 3910 855 3952 a
878 3886 975 3953 Saule
999 3886 1133 3974 pallium
1157 3887 1359 3952 sacerdotale
1384 3888 1561 3953 scindente.
1600 3889 1777 3954 Enimvero
1797 3914 1889 3965 *nna

134 3996 332 4062 arbitrantur
347 3995 479 4082 quidam
502 3996 594 4059 iuxta
616 3993 697 4058 illud
719 3993 872 4080 apostoli:
897 3995 970 4059 Noa
983 3997 1082 4081 prius
1105 3995 1191 4080 quod
1211 3997 1367 4082 spiritale,
1390 3996 1448 4060 aad
1469 3996 1555 4082 qood
1574 3998 1713 4062 anomale
1736 4012 1779 4062 est
1798 4020 1956 4068 neuneu.

134 4103 287 4168 animalia
310 4113 342 4167 et
364 4100 564 4188 temporalia,
589 4123 652 4187 que
676 4123 696 4164 a
718 4099 851 4186 regibus
874 4098 1045 4182 habentur,
1068 4101 1217 4186 primitus
1240 4100 1343 4165 electe
1363 4123 1501 4187 persone
1526 4102 1724 4167 conferenda
1747 4114 1779 4168 et

91 4233 117 4275 ao
134 4210 210 4275 inde
234 4209 392 4296 spiritalia
415 4209 658 4273 consecratione
689 4206 910 4294 percipienda,
940 4206 1028 4293 quod
1057 4217 1143 4271 esset
1171 4207 1321 4293 primitus
1351 4230 1524 4294 purpurea,
1556 4207 1674 4273 deinde
1704 4207 1779 4273 alba

134 4328 225 4381 veste
249 4315 340 4380 indui
364 4325 477 4380 contra
499 4314 736 4379 ordinationem
751 4314 853 4401 ipsius
870 4311 1001 4395 Christi,
1021 4314 1078 4399 qui
1093 4313 1241 4399 primitus
1265 4312 1349 4396 alba,
1374 4313 1492 4379 deinde
1508 4337 1672 4402 purpurea
1687 4325 1778 4380 veste

103 4437 104 4440 ’
134 4423 236 4488 voluit
258 4424 292 4486 in
315 4424 466 4510 passione
490 4444 549 4486 sua
572 4420 672 4485 indui.
709 4419 835 4500 Quibus
859 4419 1022 4484 humiliter
1045 4419 1260 4506 suggerimus,
1283 4430 1320 4484 ut
1343 4421 1480 4507 apostoli
1496 4420 1598 4486 verba
1620 4423 1780 4508 premisse

135 4529 222 4594 dicta
245 4531 350 4594 sciant
371 4552 438 4594 non
459 4527 501 4592 de
524 4550 620 4611 novo,
652 4526 709 4592 sed
738 4526 778 4591 de
801 4527 905 4591 veteri
928 4524 1045 4608 Adam,
1076 4527 1111 4589 in
1135 4549 1198 4613 quo
1221 4549 1287 4591 non
1310 4528 1399 4613 prius
1423 4527 1511 4614 quod
1534 4527 1689 4615 spiritale,
1721 4528 1779 4593 sed

135 4636 223 4723 quod
246 4635 385 4700 animale
409 4635 470 4699 hoc
493 4635 582 4721 prius
607 4644 685 4698 erat.

89 4893 118 4932 ao
532 4867 581 4929 13.
618 4863 803 4929 Collatio
826 4864 986 4927 veteris
1009 4861 1124 4927 Adae
1148 4862 1196 4927 ad
1219 4885 1375 4927 novum.

239 4991 409 5056 Formavit
431 4991 517 5056 enim
540 4989 701 5053 Dominus
732 4987 895 5052 hominem
925 4987 966 5051 de
996 4987 1072 5051 limo
1103 4999 1188 5052 terre
1217 4986 1396 5052 secundum
1420 4988 1454 5053 id
1477 4988 1563 5076 quod
1593 4991 1627 5053 in
1650 4989 1779 5055 homine
1798 5015 1910 5064 asnaa.

134 5097 273 5163 animale
304 5119 362 5162 seu
393 5096 490 5160 etiam
520 5095 687 5182 corporale
718 5104 778 5176 est,
808 5116 848 5158 ac
878 5093 953 5157 inde
982 5094 1156 5179 inspiravit
1185 5093 1360 5158 infaciem
1385 5097 1454 5159 eius
1482 5095 1678 5181 spiraculum
1701 5097 1778 5179 vite,

135 5204 222 5291 quod
253 5202 449 5291 spiraculum
480 5201 623 5289 spiritale
654 5213 712 5265 est.
759 5201 868 5288 Atque
892 5200 966 5264 ideo
990 5199 1135 5285 episcopi
1159 5199 1338 5264 secundum
1361 5201 1467 5288 ipsum
1491 5201 1620 5266 formati
1643 5202 1779 5267 credun·

134 5321 197 5392 tur,
220 5312 276 5398 qui
300 5311 389 5397 prius
412 5311 446 5373 in
470 5307 703 5395 corporalibus,
728 5307 846 5372 deinde
869 5309 903 5371 in
920 5303 1118 5393 spiritalibus
1134 5306 1354 5392 perficiuntur.
1391 5307 1562 5374 Secundus
1577 5331 1655 5373 vero
1671 5307 1779 5375 Adam

90 5419 223 5504 cuprius
247 5427 317 5482 erat
340 5419 373 5481 in
396 5417 510 5503 spiritu
534 5438 573 5480 ac
596 5414 715 5479 deinde
739 5415 826 5500 cepit
849 5435 920 5478 esse
943 5415 1138 5498 incorpore,
1156 5412 1419 5501 quodcumipse
1443 5416 1477 5478 in
1493 5416 1608 5501 spiritu
1631 5425 1663 5479 et
1686 5417 1779 5503 spiri-

134 5535 185 5589 tus
209 5535 304 5606 esset,
328 5533 460 5610 propter
482 5545 540 5587 nos
565 5522 693 5607 accepit
714 5519 848 5585 mortale
872 5521 941 5583 sive
966 5519 1121 5602 animale,
1146 5541 1185 5584 ac
1208 5518 1344 5605 proinde
1368 5521 1546 5587 secundum
1569 5523 1676 5607 ipsum
1698 5521 1781 5585 fiunt

136 5631 291 5718 episcopi,
308 5631 364 5718 qui
379 5631 484 5716 primo
499 5628 692 5715 regulariter
708 5627 803 5692 electi
827 5636 859 5691 et
883 5625 1069 5713 spiritaliter
1089 5627 1266 5690 examinati
1289 5637 1387 5714 atque
1411 5629 1593 5692 consecrati
1616 5637 1778 5714 postremo

134 5748 268 5824 propter
290 5737 511 5801 imminentem
534 5734 763 5801 necessitatem
786 5754 884 5820 super
899 5731 1006 5797 albam
1023 5741 1146 5797 vestem
1170 5733 1350 5819 suscipiunt
1374 5743 1407 5798 et
1429 5757 1635 5821 purpuream,
1659 5757 1700 5800 ne
1716 5735 1778 5799 hac

205 5865 306 5918 Libelli
325 5867 358 5917 dc
377 5865 434 5917 lite.
463 5866 518 5916 111.
1532 5865 1566 5914 38
