4478 6396
443 390 508 452 242
736 392 915 449 GERHOHI
939 391 1170 447 PRAEPOSITI
1194 391 1603 448 RElCHERSBERGENSIS
1626 392 1793 446 LIBELLI.

287 607 378 655 sums,
390 607 423 648 19.
443 582 597 669 apostoli:
630 582 720 647 Sicut
737 606 799 668 per
822 583 916 645 unita
939 580 1183 644 inobedientia-m
1207 580 1368 644 hominie⁸
1384 594 1567 668 peccatores
1598 583 1758 644 constituti
1777 593 1850 644 seint
1873 581 1975 658 tortelli,
2004 581 2051 644 ito
2074 592 2102 642 at

435 716 500 778 per
523 692 617 755 unius
640 687 873 754 ohedim‘oneotb
897 689 976 752 irati
997 689 1219 750 scrutinatam
1241 688 1341 752 sachi.
1379 686 1461 766 Quis
1478 707 1556 772 ergo
1572 686 1676 750 iustus
1693 685 1734 750 de
1750 708 1810 750 sua
1832 685 1918 749 inse
1943 683 2102 770 glorietur

442 797 581 878 iusticia,
606 818 703 882 quam
729 816 836 880 neque
867 792 1009 857 humana
1038 791 1199 856 industria
1228 814 1335 878 neque
1371 791 1509 857 liberum
1541 791 1727 874 arbitrium,
1763 792 1821 857 sed
1852 791 1943 857 solac
1977 789 2101 856 Christi

290 890 422 993 [0111111
444 907 610 989 'operatur
633 900 830 983 obedientia,
853 898 909 963 illa
932 900 1084 963 nimirum
1108 897 1392 984 obedientiaque
1414 899 1474 962 ivit
1497 899 1540 963 ad
1563 908 1691 984 patrem
1715 910 1748 963 et
1769 899 1835 963 iarn
1858 922 1926 963 non
1948 897 2102 962 videmus

442 1031 526 1074 eum.
573 1009 625 1072 De
649 1007 705 1071 illa
728 1008 849 1093 quippe
873 1004 1061 1070 obedientia
1091 1005 1193 1070 libero
1224 1015 1334 1070 nostro
1366 1004 1500 1070 arbitrio
1524 1016 1614 1070 tanta
1641 1007 1675 1070 in
1698 1005 1863 1070 Christum
1886 1003 2133 1070 credentibuss

442 1125 474 1179 et
497 1138 556 1202 pro
579 1115 642 1179 hac
665 1116 737 1201 ipsa
761 1113 947 1178 obedientia
977 1113 1084 1199 ipsum
1114 1111 1326 1197 diligentibus
1357 1113 1522 1178 confertur
1548 1115 1665 1198 gratia,
1689 1123 1726 1178 ut
1748 1114 1812 1200 ipsi
1834 1113 1937 1178 libero
1963 1110 2102 1176 arbitrio

441 1222 579 1287 liberum
596 1243 725 1308 qnoque
749 1221 826 1284 insit
849 1219 1019 1284 consilium
1044 1218 1085 1284 ad
1108 1218 1143 1282 id
1168 1219 1369 1302 sectandum,
1395 1220 1483 1306 quod
1506 1231 1539 1284 et
1560 1243 1621 1306 per
1635 1219 1775 1285 liberum
1791 1218 1962 1285 arbitrium
1978 1219 2103 1284 discer-

442 1331 529 1393 nitur
553 1339 584 1393 et
607 1351 667 1414 per
688 1326 828 1391 liberum
852 1325 1022 1391 consilium
1046 1324 1246 1412 approbatur
1269 1328 1353 1390 iuste
1384 1327 1547 1412 agendum
1571 1329 1626 1410 ita,
1650 1337 1686 1391 ut
1708 1328 1781 1414 ipsa
1804 1327 1943 1391 hominis
1967 1327 2104 1391 iusticia

442 1435 482 1500 de
506 1437 696 1522 presignata
715 1432 836 1498 Christi
859 1432 1046 1497 obedientia
1069 1454 1135 1496 non
1158 1431 1325 1498 dubitetur
1348 1432 1506 1499 derivata.
1555 1433 1720 1514 Quocirca
1743 1444 1831 1499 recte
1857 1435 1990 1519 spiritus
2014 1433 2102 1497 veri-

441 1543 516 1606 tatis
540 1543 648 1627 arguit
669 1540 826 1605 mundum
851 1540 891 1604 de
915 1540 977 1604 hac
1001 1540 1132 1604 iusticia
1160 1563 1225 1604 non
1253 1539 1357 1605 solum
1386 1542 1420 1604 in
1445 1540 1494 1604 his
1519 1542 1575 1628 qui
1599 1563 1673 1604 eam
1696 1540 1876 1626 negligunt,
1907 1540 1967 1605 sed
1990 1542 2026 1604 in
2049 1539 2102 1603 his
2122 1562 2146 1600 ro

442 1660 475 1714 et
496 1648 719 1734 multomagis
743 1649 776 1711 in
799 1646 849 1711 his
873 1647 930 1734 qui
953 1669 1026 1710 eam
1051 1647 1117 1710 suis
1133 1645 1259 1710 viribus
1283 1645 1477 1730 asscribunt,
1503 1648 1581 1733 quia
1603 1647 1759 1712 videlicet
1782 1658 1815 1713 et
1837 1647 1884 1712 illi
1907 1657 1984 1712 sunt
2006 1648 2102 1712 inex-

442 1754 604 1821 cusabiles
627 1765 761 1842 propter
775 1753 914 1818 liberum
938 1751 1108 1818 arbitrium
1132 1752 1230 1836 nulla,
1256 1763 1290 1817 11
1313 1763 1349 1817 11
1371 1753 1406 1818 in
1423 1753 1565 1840 quodam
1581 1753 1692 1818 libello
1707 1759 1785 1820 tu01
1801 1756 1931 1837 asseris,
1955 1754 2101 1818 necessi-

441 1873 508 1927 tate
539 1862 603 1926 add
626 1860 830 1948 peccandum
861 1861 1029 1924 astrictum
1060 1871 1092 1924 et
1121 1861 1175 1924 isti
1205 1859 1431 1924 damnabiles⁰
1454 1871 1589 1947 propter
1615 1883 1721 1926 vanae
1751 1860 1875 1946 gloriae
1906 1861 2100 1948 appetitum.

441 1969 573 2033 Etenim
602 1978 776 2055 postquam
800 1966 948 2031 Christus
972 1967 1015 2030 ad
1038 1977 1164 2053 patrem
1188 1968 1249 2031 ivit
1278 1989 1337 2054 per
1360 1967 1422 2031 iter
1445 1965 1631 2032 obedientie
1644 1967 1665 2051 f,
1694 1967 1782 2054 quod
1811 1979 1920 2032 nostre
1944 1967 2100 2032 iustifica-

442 2077 539 2140 tionis
569 2076 641 2140 icns
673 2085 704 2138 et
734 2096 835 2139 causa
865 2074 1010 2138 efficiens
1042 2075 1167 2156 existit,
1199 2074 1346 2160 quisquis
1375 2096 1396 2137 a
1418 2073 1515 2139 modo
1546 2074 1659 2139 audita
1683 2073 1805 2140 Christi
1827 2075 1968 2139 victoria
1998 2075 2102 2138 servit
2119 2094 2144 2134 rs

264 2206 422 2256 cassian.
441 2193 589 2269 peccato,
612 2181 693 2246 illud
716 2181 780 2246 tale
805 2191 853 2245 est
877 2180 973 2267 quale
996 2180 1058 2245 hcc
1082 2181 1206 2262 fuisset,
1231 2181 1259 2245 si
1276 2178 1410 2244 Coliath
1430 2182 1586 2267 gigantess
1602 2191 1764 2268 prostrato
1789 2192 1821 2246 et
1844 2191 1910 2246 toto
1926 2180 2100 2246 Philisteo-

344 2311 422 2352 ·ssn.
441 2313 514 2353 rum
538 2291 685 2353 exercitu
707 2288 819 2374 fugato
842 2288 981 2374 populus
997 2286 1099 2351 Israel
1122 2288 1228 2373 magis
1252 2286 1406 2373 elegisset
1430 2286 1579 2352 'subesse
1603 2311 1642 2353 ac
1667 2289 1790 2353 servire
1806 2287 1983 2371 Philisteis,
2001 2311 2100 2374 quam

442 2397 538 2481 potiri
569 2396 729 2481 acquisita
758 2392 907 2460 libertate
938 2417 998 2480 per
1020 2393 1133 2458 David
1162 2393 1410 2458 manufortem.
1459 2394 1525 2474 Qui
1548 2405 1658 2459 autem
1683 2393 1805 2460 Christi
1827 2395 2023 2459 victoriam*²
2046 2394 2099 2459 vel

442 2502 761 2589 quantulamcunque
792 2501 955 2566 iusticiam
984 2499 1069 2564 illius
1093 2501 1229 2565 victorie
1257 2501 1502 2566 consecutivam
1525 2501 1579 2566 vel
1603 2503 1702 2566 etiam
1723 2501 1855 2567 laudem
1880 2524 1938 2567 seu
1961 2501 2098 2588 gloriam

440 2610 590 2673 iusticias
611 2607 756 2672 debitam
780 2607 843 2672 sibi
866 2617 1030 2693 arrogant,
1054 2607 1175 2671 similes
1199 2608 1410 2671 inveniuntur
1433 2607 1574 2694 superbo
1593 2607 1709 2673 Saulei
1736 2608 1849 2673 humili
1865 2608 1978 2673 David
2001 2610 2098 2672 nimis
2116 2631 2142 2669 so

441 2715 601 2780 invidenti
631 2725 664 2780 et
693 2715 830 2800 gloriam
858 2715 962 2801 ipsius
985 2713 1097 2778 David
1128 2713 1281 2778 sibimetk
1311 2737 1464 2800 arrogare
1496 2716 1652 2802 cupienti.
1698 2715 1805 2780 Iratus
1830 2725 1879 2780 est
1908 2717 1996 2780 enim
2020 2714 2098 2781 Saul

270 2845 423 2896 asanaa
443 2822 571 2886 dicens:
602 2823 693 2887 Mitt
720 2821 826 2887 1111161
854 2822 1006 2888 dederunt
1028 2837 1056 2886 et
1078 2821 1193 2886 Dauid
1213 2821 1249 2884 X
1254 2833 1276 2861 ²¹¹
1299 2824 1402 2888 milia.
1450 2821 1641 2887 Irascuntur
1671 2832 1704 2888 61
1733 2845 1820 2887 nunc
1846 2823 1949 2906 multi,
1982 2824 2010 2886 si
2032 2847 2098 2888 non

443 2930 490 2993 eis
514 2928 669 2992 offeratur
691 2928 795 3014 gloria
818 2927 878 2992 soli
894 2928 967 2992 Dec
992 2926 1113 3010 debita,
1131 2929 1208 3013 quia
1223 2927 1359 3012 gloriam
1384 2927 1585 2994 abinvicem
1601 2929 1768 3016 accipiunt
1792 2941 1825 2994 et
1847 2929 1995 3016 gloriam,
2012 2953 2098 3016 quae

442 3059 462 3100 a
485 3035 553 3101 solo
572 3035 646 3100 Deo
671 3043 729 3118 est,
752 3035 931 3121 negligunt.
977 3035 1059 3116 Hos,
1083 3045 1119 3099 ut
1142 3033 1282 3120 predixi,
1306 3045 1373 3099 tam
1397 3035 1431 3098 in
1447 3035 1544 3100 dictis
1569 3058 1667 3122 quam
1690 3037 1724 3100 in
1749 3037 1878 3123 scriptis
1901 3038 1966 3101 tuis
1990 3037 2099 3122 arguit

442 3143 574 3228 spiritus
597 3142 744 3207 veritatis
767 3140 910 3228 probans
933 3140 1072 3205 hominis
1095 3141 1258 3206 iusticiam
1282 3141 1342 3205 soli
1366 3140 1497 3206 divinae
1528 3142 1654 3228 gratiae
1678 3141 1929 3208 attribuendam.
1975 3143 2097 3208 Recolo
2115 3164 2141 3204 rs

441 3271 528 3313 nnnc
551 3247 633 3314 illud
656 3248 792 3335 apostoli
817 3247 940 3312 dictum
963 3271 984 3312 a
1006 3257 1038 3312 te
1062 3249 1096 3312 in
1120 3249 1211 3313 curia
1228 3246 1501 3334 Babenbergensi
1523 3249 1736 3314 vehementer
1757 3250 1858 3314 michi
1880 3249 2096 3316 inculcatum:

264 3343 421 3447 ”hffl’lssssgj
441 3355 526 3444 Reqi
545 3358 720 3422 secutorum
744 3357 910 3421 inmortali
929 3357 1100 3435 invisibili,
1123 3357 1188 3419 soli
1201 3355 1270 3419 Deo
1288 3356 1387 3420 honor
1410 3370 1439 3420 et
1458 3358 1575 3444 plorat,
1600 3367 1632 3420 et
1655 3355 1734 3421 illud
1751 3356 1954 3442 angelicumt
1981 3359 2097 3424 Gloria

441 3465 476 3527 ia
498 3464 629 3527 amabis
644 3463 722 3527 Deo.
771 3461 843 3542 Qua
868 3461 932 3527 dno
956 3462 1142 3526 testimonia
1165 3461 1206 3525 de
1230 3483 1285 3526 ore
1310 3461 1490 3547 apostolico
1515 3471 1547 3526 et
1571 3462 1721 3548 angelico
1744 3474 1839 3549 rapta
1862 3463 1999 3528 forsitan
2022 3463 2096 3529 ideo

441 3568 520 3632 mihi
550 3567 735 3650 obtendisti,
766 3591 807 3632 ne
838 3567 974 3654 gloriam
1005 3566 1064 3632 soli
1088 3567 1160 3632 Deo
1193 3567 1337 3632 debitam
1361 3590 1422 3654 ego
1446 3570 1546 3633 miser
1570 3569 1733 3656 captando
1760 3569 1933 3656 perderem
1957 3572 2096 3658 gratiam

319 3697 421 3748 11111.
440 3675 532 3760 pacis
556 3675 768 3761 imprecatum
790 3673 974 3739 hominibus
998 3672 1083 3739 bone
1099 3673 1284 3738 voluntatis.
1322 3673 1471 3758 Gaudeo,
1495 3676 1642 3762 piissime
1667 3687 1700 3740 et
1722 3676 1903 3741 reverende
1926 3688 2031 3763 pater,
2056 3677 2095 3744 de
2114 3699 2140 3738 so

440 3791 497 3844 tua
520 3782 610 3846 circa
632 3804 684 3846 me
709 3779 937 3864 sollicitudine,
961 3791 1210 3868 verumptamen
1232 3781 1306 3846 Deo
1338 3783 1460 3868 gratias
1490 3804 1556 3847 non
1586 3782 1668 3846 mihi
1697 3805 1768 3847 sum
1793 3785 1944 3848 conscius
1974 3783 2015 3848 de
2039 3784 2095 3848 hu-

355 3910 423 3958 ·css.
440 3910 536 3951 mane
561 3910 600 3952 ao
623 3910 728 3952 vanae
752 3887 875 3974 gloriae
896 3888 1075 3962 'aviditate
1123 3888 1207 3968 Non,
1232 3889 1375 3974 inquam,
1400 3887 1503 3954 mihi¹1
1526 3912 1598 3953 sum
1622 3891 1782 3972 conscius,
1807 3889 1865 3954 sed
1888 3913 1954 3954 non
1977 3891 2011 3954 in
2035 3889 2095 3955 hoc

284 4017 422 4068 rosan
442 4015 513 4057 sum
536 3993 739 4059 iustificatus.
775 3993 841 4074 Qui
857 3995 943 4058 enim
966 3993 1090 4058 iudicat
1112 4017 1175 4076 me,
1199 3994 1360 4058 Dominus
1378 4005 1436 4078 est,
1461 3997 1554 4060 cuius
1578 4005 1611 4060 et
1634 3995 1695 4060 hoc
1719 3997 1826 4082 ipsum
1843 3996 1963 4061 donum
1987 3998 2022 4060 in
2044 4020 2095 4061 me

332 4126 421 4176 nas.
442 4109 491 4164 est
515 4099 612 4185 quod,
636 4111 671 4165 ut
694 4100 773 4165 mihi
802 4100 842 4165 de
866 4123 917 4165 me
941 4100 1080 4184 videtur,
1111 4124 1170 4187 pro
1201 4102 1334 4165 minimo
1364 4102 1444 4166 mihi
1467 4113 1526 4185 est,
1551 4113 1629 4167 uta
1652 4101 1746 4167 vobis
1777 4102 1938 4167 diiudicer
1967 4114 2024 4168 aut
2053 4103 2095 4168 ab

441 4206 582 4270 humano
613 4206 676 4290 die,
708 4207 766 4272 sed
794 4230 901 4294 neque
931 4230 983 4272 me
1013 4209 1120 4294 ipsum
1150 4207 1269 4290 iudicO,
1298 4209 1375 4294 quia
1398 4208 1555 4274 iudicium
1579 4209 1726 4272 divinum
1750 4209 1791 4273 de
1816 4208 1965 4273 omnibus
1988 4210 2139 4292 1661111

440 4312 536 4377 dictis
561 4323 593 4376 et
616 4314 764 4398 cogitatis
787 4314 868 4377 meis
891 4323 1033 4378 tremens
1058 4325 1208 4400 expecta,
1240 4326 1335 4378 aucto
1366 4316 1445 4379 mihi
1469 4327 1609 4380 tremore
1635 4315 1675 4380 de
1698 4325 1756 4379 tua
1778 4326 1915 4402 paterna
1939 4318 2095 4382 ammoni·

440 4420 538 4504 tione,
563 4441 628 4506 qua
650 4419 763 4483 dixisti
785 4419 929 4505 singulos
952 4431 1098 4485 nostrum
1121 4419 1242 4484 debere
1267 4420 1484 4502 considerare,
1509 4421 1614 4508 qualis
1633 4422 1687 4486 161
1711 4432 1850 4508 quantus
1874 4422 1999 4488 fructus
2022 4447 2095 4511 prc-

440 4527 568 4590 veniret
595 4526 635 4590 de
660 4549 718 4590 suo
748 4527 782 4589 in
805 4524 906 4590 verbo
930 4527 997 4590 Dei
1019 4525 1141 4591 labore.
1188 4527 1282 4591 Haec
1305 4538 1436 4614 poteras
1461 4528 1571 4594 dicere
1596 4551 1730 4593 securus
1754 4540 1920 4616 tamquam
1944 4532 2094 4595 conscius

332 4658 421 4708 nau
440 4631 500 4697 tibi
525 4656 717 4719 magnorum
740 4633 913 4716 fructuum,
938 4635 994 4719 qui
1022 4644 1053 4697 16
1077 4633 1244 4720 plantante
1275 4657 1313 4698 ac
1344 4636 1481 4721 rigante,
1510 4636 1584 4700 Deo
1608 4658 1687 4700 vero
1717 4637 1953 4701 incrementum
1985 4637 2093 4721 dante,

440 4751 660 4825 provenerunt
681 4763 742 4826 per
764 4738 908 4803 laborem
931 4750 1032 4823 tuum,
1054 4762 1151 4826 quem
1174 4739 1276 4804 habes
1301 4743 1389 4805 circa
1404 4742 1470 4806 Dei
1493 4741 1640 4807 verbum.
1675 4743 1747 4828 Ego
1763 4765 1842 4808 vero
1865 4753 2009 4808 11611616
2031 4744 2094 4809 hec
2111 4767 2138 4806 so

298 4873 335 4912 1..
345 4872 390 4922 raa,
400 4874 421 4915 r.
440 4845 528 4911 dieta
551 4857 608 4911 tua
630 4847 785 4932 recogito,
810 4847 865 4932 qui
890 4846 930 4911 de
954 4845 1054 4911 multo
1077 4845 1188 4911 labore
1213 4870 1285 4911 meo
1302 4871 1424 4934 paucos
1449 4849 1631 4935 manipulos
1648 4849 1776 4935 collige,
1800 4850 1844 4914 ad
1866 4849 1994 4915 illorum
2018 4874 2093 4916 con-

439 4953 642 5039 parationem
666 4953 723 5039 qui
746 4953 881 5017 multum
904 4953 1036 5017 trahunt
1057 4964 1132 5040 post
1155 4977 1189 5017 se
1214 4953 1448 5041 discipulorum
1465 4979 1600 5042 gregem
1617 4956 1670 5020 161
1694 4956 1736 5020 ad
1752 4957 1854 5021 vitam
1869 4957 2094 5022 heremiticam

439 5059 493 5123 vel
516 5058 558 5123 ad
581 5059 679 5123 aliam
696 5061 976 5124 conversationem
999 5083 1019 5123 a
1042 5060 1161 5124 mundo
1185 5059 1281 5146 longe
1306 5061 1492 5126 distinctam
1509 5084 1687 5149 eorumque
1703 5064 1770 5126 vite
1795 5063 2016 5146 assimilatam,
2038 5065 2092 5151 qui

260 5194 282 5233 1.
290 5193 346 5243 neg.
356 5194 377 5242 1,
385 5194 419 5236 aa.
440 5189 514 5230 cum
542 5165 677 5231 Heliseo
709 5166 869 5252 propheta
899 5166 939 5230 de
971 5166 1154 5252 agrestibus
1183 5166 1294 5231 herbis
1330 5169 1363 5232 in
1394 5168 1567 5233 solitudine
1598 5170 1766 5252 vixerunt,
1798 5167 1928 5256 qnando
1958 5181 2094 5257 propter

549 5386 578 5458 1)
604 5387 653 5460 Cf.
677 5389 724 5444 De
743 5389 841 5466 qratia
865 5397 892 5446 et
912 5389 997 5446 libero
1020 5389 1148 5460 urbicio,
1175 5387 1248 5465 Opp.
1274 5385 1471 5465 (Antwcrpiae
1498 5385 1595 5465 1620)
1621 5390 1764 5454 661912,
2110 5409 2137 5448 ts

545 5577 572 5642 a)
594 5581 761 5632 1161111662.
858 5577 886 5644 b)
909 5581 1093 5632 obedientiam
1114 5583 1138 5632 2.
1230 5579 1257 5644 6)
1279 5583 1406 5632 111612.
1505 5580 1532 5644 d)
1555 5583 1589 5632 ad
1609 5599 1686 5649 pecc.
1704 5601 1751 5633 orn.
1772 5585 1796 5634 2.
1889 5581 1914 5646 e)
1937 5586 2046 5651 dumpn.
2066 5588 2091 5636 2.

436 5666 458 5732 1)
481 5669 637 5741 obedientia
658 5673 681 5721 2.
764 5669 792 5736 g)
813 5687 876 5736 gyg.
896 5673 920 5722 2.
1002 5669 1031 5732 h)
1052 5672 1171 5721 victoria
1192 5673 1215 5721 1.
1297 5669 1317 5732 i)
1340 5671 1411 5722 sauli
1431 5674 1455 5720 2.
1535 5668 1564 5732 k)
1586 5673 1637 5722 sib.
1657 5689 1709 5722 arr.
1728 5689 1803 5737 super
1821 5673 1867 5723 lin.
1888 5674 1912 5723 2.
1987 5671 2006 5736 Ι)
2029 5674 2090 5725 ded.

437 5759 493 5810 mil.
513 5761 537 5809 2.
611 5757 809 5822 11)(1666112.
882 5757 910 5822 1)
933 5777 990 5810 sum
1011 5761 1076 5810 mihi
1097 5763 1120 5810 2.
