4426 6398
454 405 520 468 674
963 407 1197 466 Tahcunsus
1222 408 1512 465 EBORACENSES.
1547 409 1599 466 IV.

455 607 488 663 et
510 595 708 684 inpudicus·
724 605 757 660 et
779 595 1011 682 irreligiosusb.
1046 594 1161 682 Neque
1186 596 1272 660 enim
1296 605 1346 660 est
1369 605 1484 660 contra
1506 593 1651 681 regulam
1675 594 1805 683 iusticie
1815 605 1839 677 ⁰,
1862 603 1901 658 ut
1924 591 2014 678 leges
2038 615 2102 657 con·

455 704 590 768 stituant
611 723 717 788 reges,
741 700 860 789 quibus
883 711 1029 766 sanctam
1054 701 1226 788 ecclesiam
1250 701 1423 766 tueantur‘¹
1447 712 1479 766 et
1502 711 1684 788 protegant.
1719 700 1790 765 Nec
1807 711 1989 764 vereantur
2012 703 2105 764 sancti

455 833 570 896 regum
593 807 683 896 leges
706 808 880 895 implorare
905 817 1002 895 atque
1026 807 1192 894 suffragia,
1217 809 1295 896 quia
1308 807 1431 873 Paulus
1455 806 1619 894 apostolus
1635 808 1800 872 Romanas
1822 806 1916 892 leges
1940 803 2105 892 implorare

301 903 436 1006 „sigfffllj
457 917 604 981 ‘minima
628 913 799 998 dubitavit,
823 915 929 979 civem
953 915 1133 978 Romanum
1164 937 1198 980 se
1229 937 1301 979 esse
1332 912 1548 1002 proclamans,
1579 936 1660 1001 quos
1691 925 1768 978 tunc
1792 911 1896 1000 affligi
1922 910 2106 977 verberibus

456 1045 522 1088 non
544 1020 674 1086 licebat.
710 1021 868 1107 Itemque,
892 1043 933 1086 ne
949 1020 1060 1084 Iudeis
1084 1043 1159 1085 eum
1182 1022 1367 1086 interimere
1386 1019 1593 1107 cupientibus
1608 1020 1801 1103 traderetur,
1822 1020 1947 1084 cesaris
1966 1020 2131 1104 poposcits

457 1128 625 1210 auxilinm,
650 1129 787 1193 Romani
804 1126 936 1216 quidem
959 1127 1127 1214 principis,
1152 1128 1210 1193 sed
1233 1151 1297 1192 uon
1317 1127 1496 1192 christiani.
1536 1126 1602 1193 Ubi
1626 1129 1704 1192 satis
1727 1126 1879 1208 ostendit,
1906 1126 1987 1212 quid
2006 1125 2107 1190 facere

457 1245 572 1322 postea
607 1232 765 1300 deberent
799 1232 919 1299 Christi
958 1233 1215 1321 dispensatores,
1254 1233 1384 1321 quando
1423 1235 1636 1320 imperatores
1675 1233 1868 1298 christianos
1909 1231 2107 1319 periclitante

337 1367 438 1416 nnus.
459 1341 599 1424 ecclesia
621 1342 811 1428 reperirent.
853 1339 997 1420 Quorum
1015 1341 1114 1405 etiam
1129 1341 1235 1426 gratia
1251 1349 1309 1423 est,
1333 1352 1370 1405 ut
1393 1343 1533 1407 iudicent
1554 1344 1588 1407 ia
1612 1341 1733 1406 iudicio
1753 1365 1915 1428 pauperes
1939 1355 1968 1404 et
1982 1355 2110 1426 aequant

458 1453 493 1514 in
516 1451 650 1536 pquitute
665 1473 731 1536 pro
754 1451 924 1512 memneris
947 1463 1035 1534 terrp.
1085 1448 1127 1512 Et
1143 1451 1326 1535 perendinat
1354 1463 1471 1513 terrum
1500 1451 1593 1536 uirpa
1622 1447 1715 1533 regni
1745 1451 1800 1512 sui
1821 1463 1849 1512 et
1870 1450 1992 1534 spiritu
2016 1445 2110 1531 gladii

458 1558 513 1621 sui
533 1558 726 1644 interficient
748 1557 890 1641 impium.
939 1551 1076 1618 Gladius
1100 1555 1221 1641 quippe
1246 1577 1367 1636 eorum,
1393 1555 1453 1618 etsi
1476 1575 1535 1640 per
1559 1555 1727 1618 materiam
1758 1575 1936 1640 corporeus
1967 1565 2028 1633 est,
2059 1552 2110 1617 sed
2126 1579 2146 1617 u

458 1683 519 1748 per
540 1662 693 1725 virtutem
718 1661 914 1726 sacramenti
939 1659 1079 1747 Spiritus
1103 1673 1235 1726 sanctus
1259 1671 1317 1743 est,
1348 1669 1384 1724 ut
1414 1683 1495 1747 quos
1520 1661 1655 1724 materia
1685 1661 1831 1747 corporis
1861 1683 1924 1746 per
1953 1659 2110 1723 iusticiam

461 1769 604 1832 exterius
627 1767 790 1850 interficit,
815 1768 1010 1831 sacramenti
1032 1767 1135 1831 virtus
1158 1790 1218 1854 per
1241 1767 1397 1855 Spiritum
1421 1777 1568 1832 sanctum
1592 1767 1726 1862 interius
1742 1766 1898 1830 vivificet.
1939 1766 2015 1830 Hac
2031 1766 2111 1828 enim

461 1874 501 1939 de
533 1897 634 1939 causa
663 1873 809 1961 gladium
839 1883 979 1960 portant,
1008 1884 1043 1938 ut
1072 1875 1107 1937 in
1135 1897 1173 1938 co
1204 1874 1324 1938 feriant
1353 1884 1544 1960 peccatores
1571 1883 1604 1938 et
1626 1872 1794 1937 vindicent
1816 1874 1971 1937 iniuriam
1996 1871 2111 1936 domini

282 1971 442 2073 {lffflssfflj
462 1979 617 2063 Sabaoth,
642 1980 738 2045 etde
761 2004 856 2068 repuo
886 1984 954 2046 eius
984 1981 1095 2046 tollant
1124 1985 1230 2046 omnia
1259 1981 1414 2046 scaudala
1445 1990 1478 2044 et
1507 1979 1687 2044 ascendant
1709 1979 1751 2044 ad
1774 1979 1922 2065 predam,
1948 1979 2044 2066 quasi
2066 1978 2111 2042 leo

341 2113 441 2162 1..ro,s.
462 2097 576 2153 contra
598 2086 706 2151 hostes
723 2086 867 2168 Domini,
884 2095 917 2151 et
933 2086 1089 2174 diripiant
1111 2086 1331 2151 fortitudinem
1354 2087 1559 2152 inimicorum
1575 2087 1656 2167 eius,
1677 2095 1731 2149 et‘
1748 2111 1809 2151 voa
1830 2108 1944 2150 eorum
1960 2097 2113 2173 tanquam
2129 2109 2150 2148 a

461 2193 564 2258 leonis
589 2195 756 2259 clamantis
786 2196 820 2258 in
844 2193 972 2258 deserto.
1019 2193 1063 2257 Et
1086 2193 1113 2256 si
1137 2193 1256 2279 queris,
1286 2193 1365 2280 quid
1389 2193 1517 2275 clamet,
1541 2208 1668 2281 parate,
1700 2192 1829 2275 clamat,
1860 2195 1948 2257 uiam
1972 2193 2112 2272 Domini,

462 2316 561 2366 rectas
586 2301 688 2388 facite
718 2304 752 2365 in
779 2301 949 2364 solimdine
979 2303 1105 2364 semitas
1129 2300 1266 2365 Domini
1292 2303 1400 2365 nostri.
1448 2299 1520 2364 Hoc
1550 2300 1636 2365 enim
1664 2300 1783 2364 clamat
1812 2321 1872 2364 rex
1895 2300 2002 2363 iustus
2026 2321 2112 2380 voce,

462 2406 582 2470 clamat
611 2429 719 2492 opere.
768 2403 895 2470 Clamat
924 2404 1037 2488 verbo,
1069 2405 1188 2470 clamat
1217 2406 1377 2494 exemplo.
1426 2405 1553 2470 Clamat
1581 2407 1687 2488 minis,
1719 2405 1839 2470 clamat
1872 2404 2113 2470 blandimentis.

463 2512 590 2577 Clamat
613 2510 750 2598 legibus,
775 2512 894 2576 clamat
916 2512 1043 2577 edictis.
1090 2511 1217 2577 Clamat
1247 2513 1394 2600 imperio,
1426 2513 1544 2578 clamat
1573 2512 1704 2576 iudicio.
1750 2512 1830 2577 Ideo
1861 2515 1896 2577 in
1926 2510 2113 2598 repubhca‘

463 2619 692 2707 omnipotentis
723 2618 798 2702 Dei,
829 2618 936 2684 idest
965 2619 1000 2682 in
1029 2629 1143 2684 sancta
1173 2619 1313 2708 ecclesia
1343 2619 1412 2684 siva
1443 2620 1476 2683 in
1507 2619 1568 2683 hoc
1591 2618 1723 2700 mundo,
1748 2629 1836 2684 tenet
1859 2619 1977 2683 solium
2002 2619 2115 2682 summi
2131 2643 2154 2680 so

462 2727 640 2811 regiminis,
664 2725 780 2790 solium
803 2725 905 2812 glorie
929 2734 961 2789 et
983 2725 1243 2812 pulchritudinis,
1268 2725 1383 2790 solium
1407 2727 1535 2810 iusticie
1565 2735 1598 2790 ct
1627 2725 1835 2807 fortitudinis,
1860 2725 1979 2790 solium
2006 2724 2115 2789 iudicii

463 2843 496 2896 ct
520 2833 681 2918 equitatis,
707 2831 822 2896 solium
845 2832 937 2918 regni
961 2842 993 2897 et
1016 2833 1154 2918 imperii,
1187 2832 1301 2896 solium
1331 2831 1554 2922 misericordie
1585 2844 1618 2897 et
1646 2833 1788 2918 pictatis,
1816 2831 1935 2896 solium
1958 2832 2064 2918 gratie
2086 2842 2116 2894 et

463 2938 601 3020 decoris,
626 2938 742 3002 solium
765 2938 923 3026 modestis
948 2948 981 3003 et
1004 2938 1197 3021 dilectionis,
1222 2938 1337 3004 solium
1361 2939 1599 3026 propitiationis
1630 2949 1662 3002 et
1691 2938 1978 3021 reconciliationis,
2004 2937 2115 3002 sofium

352 3071 443 3121 mass.
463 3044 576 3110 David
595 3056 627 3109 et
648 3043 707 3108 filii
732 3045 815 3108 'cius
839 3045 978 3132 pacifici,
1003 3045 1118 3110 solium
1136 3043 1257 3110 Christi
1281 3055 1314 3109 et
1329 3045 1404 3127 Dei,
1430 3044 1544 3110 solium
1569 3044 1656 3132 quod
1675 3066 1781 3132 neque
1805 3067 1866 3130 par
1888 3044 1991 3109 habet
2014 3066 2116 3130 neque

463 3152 661 3239 prestantius
684 3151 719 3215 in
742 3149 875 3216 sedibus
898 3151 993 3215 huius
1018 3150 1129 3215 seculi.
1170 3149 1225 3215 Sic
1249 3152 1336 3216 euim
1359 3151 1479 3216 docent
1501 3173 1560 3215 nos
1585 3151 1714 3238 eloquia
1728 3150 1794 3215 Dei
1818 3162 1852 3215 et
1872 3151 2003 3236 mistice
2019 3149 2156 3214 verbosa

465 3259 728 3323 consecrationis.
764 3257 832 3321 Nos
856 3257 941 3339 dico,
966 3259 1022 3344 qui
1044 3257 1156 3321 nutriti
1180 3279 1289 3321 sumus
1313 3259 1347 3321 in
1369 3257 1453 3322 lacte
1478 3281 1542 3322 non
1566 3267 1689 3322 tantum
1705 3257 1804 3339 Petri,
1829 3256 1888 3322 sed
1912 3257 2013 3321 etiam
2030 3254 2117 3320 Chri-

464 3367 515 3448 sti,
540 3365 596 3451 qui
620 3364 763 3428 sedimus
789 3363 832 3427 ad
855 3387 1000 3428 mensam
1023 3364 1094 3426 veri
1119 3362 1300 3428 Salomonis
1325 3375 1356 3428 et
1378 3363 1519 3428 vidimus
1544 3363 1635 3428 cibos
1659 3385 1770 3452 manse
1794 3364 1864 3428 eius
1888 3374 1922 3428 et
1946 3362 1987 3427 de
2013 3361 2117 3427 solidi-

465 3481 531 3535 tate
554 3472 756 3557 gustavimus
780 3468 927 3534 cihorum
950 3469 1089 3555 pacifici.

571 3577 615 3641 Et
638 3577 699 3642 hoc
716 3587 766 3640 cst
781 3599 892 3641 eorum
909 3575 1072 3662 singulare
1088 3575 1295 3663 privilegium
1312 3586 1345 3640 et
1360 3574 1401 3641 ab
1418 3575 1568 3641 omnibus
1587 3576 1818 3663 inparticipata
1833 3576 1951 3662 gratia.
1987 3574 2120 3640 Habent

466 3696 575 3749 tamen
592 3694 624 3748 et
640 3683 825 3748 sacerdotes
841 3683 1005 3770 quandam
1022 3683 1189 3769 regiminis
1205 3683 1464 3748 communionem
1480 3706 1553 3747 cum
1569 3683 1616 3748 eis
1632 3695 1665 3748 et
1678 3682 1823 3747 eiusdem
1839 3683 2012 3768 regiminis
2029 3683 2120 3768 signa
2137 3705 2161 3744 so

466 3791 607 3880 quedam
624 3791 817 3872 communia,
834 3799 870 3853 ut
886 3800 934 3854 est
949 3791 1044 3874 virga
1060 3788 1231 3876 pastoralis
1249 3801 1281 3854 et
1296 3790 1390 3876 virga
1405 3791 1505 3876 regia.
1541 3791 1615 3880 Heg
1631 3791 1752 3877 quippe
1768 3790 1864 3854 unius
1881 3800 1957 3853 sunt
1973 3791 2119 3871 misterii,

466 3899 562 3962 unius
577 3899 716 3980 virtutis,
734 3909 767 3961 et
782 3919 952 3961 commune
970 3897 1117 3983 optinent
1132 3907 1381 3960 sacramentum.
1416 3897 1500 3960 Nam
1517 3896 1558 3960 dc
1575 3897 1669 3982 virga
1685 3895 1840 3982 pastorali
1864 3918 1939 3960 cum
1960 3895 2059 3960 datm
2081 3895 2122 3960 ad

468 4006 666 4091 episcopum,
684 4003 817 4068 dicitur:
841 4003 961 4090 Accipe
984 4004 1128 4068 baculam
1144 4005 1269 4090 sipnum
1285 4005 1471 4091 repiminis!
1479 4007 1488 4045 ¹
1522 4003 1575 4068 De
1592 4003 1686 4087 virga
1703 4013 1812 4066 autem
1834 4003 1927 4088 regia
1950 4001 1995 4066 ad
2011 4024 2122 4088 regem

469 4111 603 4175 dicitur:
627 4110 746 4196 Accipe
770 4113 894 4197 os‘rqom
917 4109 1038 4174 iudicii
1058 4123 1086 4174 et
1108 4109 1316 4196 equitasse-²,
1340 4108 1427 4196 quod
1449 4119 1498 4172 est
1520 4109 1688 4196 proprium
1709 4108 1808 4174 decus
1831 4111 1917 4173 sacri
1940 4109 2122 4194 regiminis.

468 4216 624 4298 Audistis
642 4217 718 4303 quia
735 4215 858 4280 dictum
877 4225 926 4278 est
949 4215 1103 4301 episcopo
1115 4220 1136 4297 ¹,
1160 4225 1195 4280 ut
1218 4215 1398 4280 inbecilles¹
1417 4217 1601 4296 consolides,
1626 4218 1790 4281 timiam
1806 4219 1981 4303 confirmes,
2002 4240 2124 4303 pronos
2141 4237 2166 4277 ss

470 4326 621 4409 corripas,
638 4337 777 4387 errantes
793 4323 918 4409 diripas
942 4325 976 4386 in
992 4325 1077 4386 oium
1100 4323 1213 4387 salutas
1228 4336 1337 4407 μονῆς,
1362 4337 1390 4386 et
1413 4325 1447 4386 ia
1462 4323 1659 4410 corripendis
1675 4325 1770 4388 viciis
1791 4325 1837 4387 aas
1860 4326 1983 4388 seviens
1999 4339 2037 4404 et,
2054 4349 2122 4388 cum

470 4433 571 4494 iratus
586 4431 709 4517 fueris,
732 4429 951 4514 misericordie
973 4429 1199 4494 recordaberis.
1238 4426 1396 4510 Audistis,
1417 4429 1494 4514 quia
1509 4427 1631 4492 dictum
1653 4439 1703 4492 est
1726 4429 1795 4514 regi
1806 4433 1828 4509 ³,
1853 4433 1939 4515 quo*
1962 4432 2124 4518 iuteliipos

469 4538 603 4600 mulcere
612 4539 689 4621 pios
704 4550 734 4599 et
754 4549 869 4599 terrere
884 4537 1043 4622 reprobos,
1059 4549 1198 4600 errantes
1214 4538 1299 4599 viam
1316 4535 1401 4616 doce,
1418 4537 1578 4621 &ipsisque
1593 4559 1719 4599 monum
1732 4537 1875 4623 porripe,
1892 4535 2124 4622 disperdasque

469 4643 618 4729 superbos
633 4656 662 4706 et
676 4643 792 4706 releves
807 4642 950 4721 humiles,
967 4655 995 4706 et
1009 4641 1156 4727 aperiet¹¹
1172 4643 1233 4706 tibi
1252 4641 1383 4706 hostium
1402 4641 1491 4706 Iessrs
1507 4641 1650 4706 Christus
1666 4641 1812 4706 dominus
1827 4655 1941 4722 noster,
1964 4645 2026 4728 qui
2039 4643 2076 4706 de
2092 4667 2124 4706 se

470 4751 539 4834 ipso
554 4750 615 4812 ait:
630 4748 700 4836 Epo
714 4773 783 4811 sum
798 4749 943 4829 hostium,
953 4772 1016 4834 per
1030 4773 1078 4812 me
1093 4751 1210 4834 siquis
1227 4751 1394 4827 introierit,
1410 4749 1594 4812 salvabitur.
1626 4746 1742 4812 Nonne
1759 4769 1837 4832 ergo
1852 4769 1953 4810 unum
1968 4747 2123 4834 idemque
2141 4770 2168 4808 so

470 4863 519 4917 est
542 4854 575 4916 in
591 4854 762 4934 sententia,
787 4852 873 4939 quod
897 4852 940 4917 ad
962 4865 1134 4939 utrumque
1151 4853 1273 4917 dictum
1290 4865 1348 4935 cst,
1374 4855 1470 4917 etiam
1494 4855 1522 4916 si
1545 4853 1718 4918 diversitas
1742 4855 1784 4916 sit
1805 4853 1840 4916 in
1856 4853 2039 4940 prolatione
2058 4877 2124 4918 ser-

359 4989 394 5026 η,
444 5016 449 5026 ,
469 4958 597 5022 monis?
630 4958 682 5022 Ita
698 4971 756 5040 est,
772 4960 916 5045 inquam,
933 4969 965 5023 et
980 4960 1015 5022 in
1031 4961 1190 5023 sententia
1207 4969 1239 5022 et
1253 4960 1288 5022 in
1305 4969 1507 5024 sacramento
1524 4971 1557 5023 et
1571 4961 1691 5024 virtute
1708 4969 1741 5024 et
1758 4958 2007 5024 'benedictione
2023 4983 2125 5025 unum

576 5175 602 5240 a)
623 5179 687 5242 imp.
707 5176 740 5226 B.
806 5175 834 5238 b)
856 5177 880 5226 ir
897 5194 1017 5242 superscr.
1039 5177 1071 5227 A.
1136 5175 1162 5238 c)
1184 5178 1264 5248 iustip
1284 5178 1317 5226 A.
1382 5175 1409 5238 d)
1432 5185 1470 5228 tu.
1490 5177 1556 5248 qccl.
1577 5178 1609 5228 B.
1675 5175 1700 5240 e)
1723 5179 1914 5228 at-iudicio
1935 5180 2010 5230 Ll9.
2029 5179 2123 5230 malt.

468 5267 489 5327 i)
511 5267 540 5316 in
559 5283 579 5316 r.
598 5266 626 5315 in
645 5283 723 5331 merp.
742 5266 802 5316 edd.
817 5265 850 5315 A.
922 5265 951 5330 g)
973 5267 1033 5334 Hes
1054 5263 1086 5316 B.
1159 5263 1187 5328 h)
1210 5268 1318 5316 virtutis
1338 5273 1366 5316 et
1386 5273 1413 5316 ct
1433 5268 1561 5330 equitatis
1581 5273 1609 5317 ot
1628 5275 1727 5317 cetera.
1765 5268 1838 5316 Ecce
1858 5267 1975 5316 erudistis
1996 5268 2124 5318 haculum

469 5355 591 5420 episcopi
617 5357 726 5420 signum
752 5371 810 5406 esse
837 5356 982 5418 regiminis,
1007 5371 1072 5406 ecce
1099 5355 1214 5405 audistis
1233 5356 1338 5420 virgam
1365 5357 1437 5420 regis
1456 5357 1560 5420 virgam
1586 5371 1646 5406 esse
1665 5357 1775 5406 virtutis
1799 5363 1827 5406 et
1853 5357 1983 5422 equitatis
2009 5357 2071 5407 add.
2091 5357 2123 5406 B.
2141 5363 2167 5402 st

469 5442 488 5505 i)
510 5445 608 5494 imbec.
628 5444 660 5494 B.
734 5441 763 5504 k)
784 5449 935 5508 tauperser.
953 5444 987 5492 A.

580 5639 608 5714 l)
631 5641 696 5697 Non
720 5640 823 5697 inveni.
895 5641 924 5710 2)
951 5642 1062 5698 Eadem
1072 5643 1143 5713 sere
1165 5641 1251 5699 uerba
1274 5641 1359 5712 infra
1377 5662 1410 5717 p.
1430 5641 1503 5712 678,
1528 5643 1546 5698 l.
1566 5641 1617 5698 21.
1689 5639 1720 5716 3)
1738 5641 1786 5714 Of.
1804 5643 1889 5716 infra
1907 5664 1940 5719 p.
1956 5644 2031 5715 678,
2050 5645 2122 5702 ml.

470 5745 501 5822 4)
526 5747 637 5805 Scilicet
658 5747 749 5824 virpa.
