<?xml version="1.0" encoding="UTF-8"?>
<!DOCTYPE html PUBLIC "-//W3C//DTD XHTML 1.0 Transitional//EN"
    "http://www.w3.org/TR/xhtml1/DTD/xhtml1-transitional.dtd">
<html xmlns="http://www.w3.org/1999/xhtml" xml:lang="en" lang="en">
 <head>
  <title>
</title>
<meta http-equiv="Content-Type" content="text/html;charset=utf-8" />
  <meta name='ocr-system' content='tesseract 3.04.00' />
  <meta name='ocr-capabilities' content='ocr_page ocr_carea ocr_par ocr_line ocrx_word'/>
</head>
<body>
  <div class='ocr_page' id='page_1' title='image "./monumentagerman00unkngoog_0415.png"; bbox 0 0 4396 6390; ppageno 0'>
   <div class='ocr_carea' id='block_1_1' title="bbox 416 375 1755 438">
    <p class='ocr_par' dir='ltr' id='par_1_1' title="bbox 416 375 1755 438">
     <span class='ocr_line' id='line_1_1' title="bbox 416 375 1755 438; baseline -0.001 0"><span class='ocrx_word' id='word_1_1' title='bbox 416 375 481 438; x_wconf 83' lang='grc'><strong>436</strong></span> <span class='ocrx_word' id='word_1_2' title='bbox 707 379 885 436; x_wconf 82' lang='lat' dir='ltr'>GERHOHI</span> <span class='ocrx_word' id='word_1_3' title='bbox 907 379 1140 438; x_wconf 82' lang='lat' dir='ltr'><strong>PBAEPOSITI</strong></span> <span class='ocrx_word' id='word_1_4' title='bbox 1162 381 1567 438; x_wconf 79' lang='lat' dir='ltr'><strong>REICHERSBERGENSIS</strong></span> <span class='ocrx_word' id='word_1_5' title='bbox 1590 382 1755 437; x_wconf 82' lang='lat' dir='ltr'><strong>LIBELLI.</strong></span> 
     </span>
    </p>
   </div>
   <div class='ocr_carea' id='block_1_2' title="bbox 245 565 2197 5228">
    <p class='ocr_par' dir='ltr' id='par_1_2' title="bbox 245 565 2197 4376">
     <span class='ocr_line' id='line_1_2' title="bbox 524 565 2055 654; baseline 0 -22"><span class='ocrx_word' id='word_1_6' title='bbox 524 565 680 632; x_wconf 83' lang='lat' dir='ltr'><strong>Certatim</strong></span> <span class='ocrx_word' id='word_1_7' title='bbox 714 566 853 631; x_wconf 83' lang='lat' dir='ltr'><strong>curritur</strong></span> <span class='ocrx_word' id='word_1_8' title='bbox 887 567 929 630; x_wconf 90' lang='lat' dir='ltr'><strong>ad</strong></span> <span class='ocrx_word' id='word_1_9' title='bbox 963 565 1082 631; x_wconf 91' lang='lat' dir='ltr'><strong>bellum</strong></span> <span class='ocrx_word' id='word_1_10' title='bbox 1117 571 1302 632; x_wconf 57' lang='lat' dir='ltr'><strong>sanctina</strong></span> <span class='ocrx_word' id='word_1_11' title='bbox 1315 589 1388 631; x_wconf 91' lang='lat' dir='ltr'><strong>cum</strong></span> <span class='ocrx_word' id='word_1_12' title='bbox 1420 565 1630 632; x_wconf 87' lang='lat' dir='ltr'><strong>iubilantibus</strong></span> <span class='ocrx_word' id='word_1_13' title='bbox 1664 565 1750 631; x_wconf 90' lang='lat' dir='ltr'><strong>tubis</strong></span> <span class='ocrx_word' id='word_1_14' title='bbox 1781 567 1947 653; x_wconf 80' lang='lat' dir='ltr'>argenteis</span> <span class='ocrx_word' id='word_1_15' title='bbox 1976 590 2055 654; x_wconf 89' lang='lat' dir='ltr'><strong>papa</strong></span> 
     </span>
     <span class='ocr_line' id='line_1_3' title="bbox 267 671 2057 759; baseline -0.001 -20"><span class='ocrx_word' id='word_1_16' title='bbox 267 699 399 748; x_wconf 61' lang='lat' dir='ltr'><strong>aemma.</strong></span> <span class='ocrx_word' id='word_1_17' title='bbox 416 673 565 758; x_wconf 84' lang='lat' dir='ltr'><strong>Eugenio</strong></span> <span class='ocrx_word' id='word_1_18' title='bbox 598 672 642 737; x_wconf 91' lang='lat'><strong>11.</strong></span> <span class='ocrx_word' id='word_1_19' title='bbox 682 683 715 736; x_wconf 90' lang='lat' dir='ltr'><strong>et</strong></span> <span class='ocrx_word' id='word_1_20' title='bbox 751 673 820 737; x_wconf 90' lang='lat' dir='ltr'><strong>eius</strong></span> <span class='ocrx_word' id='word_1_21' title='bbox 857 673 992 754; x_wconf 88' lang='lat' dir='ltr'><strong>nuntiis,</strong></span> <span class='ocrx_word' id='word_1_22' title='bbox 1029 695 1164 759; x_wconf 89' lang='lat' dir='ltr'><strong>qnorum</strong></span> <span class='ocrx_word' id='word_1_23' title='bbox 1203 675 1378 759; x_wconf 90' lang='lat' dir='ltr'><strong>precipuus</strong></span> <span class='ocrx_word' id='word_1_24' title='bbox 1413 683 1461 737; x_wconf 90' lang='lat' dir='ltr'><strong>est</strong></span> <span class='ocrx_word' id='word_1_25' title='bbox 1499 673 1721 756; x_wconf 88' lang='lat' dir='ltr'><strong>Bernhardus,</strong></span> <span class='ocrx_word' id='word_1_26' title='bbox 1760 672 1863 738; x_wconf 88' lang='lat' dir='ltr'><strong>abbas</strong></span> <span class='ocrx_word' id='word_1_27' title='bbox 1903 671 2057 738; x_wconf 79' lang='lat' dir='ltr'><strong>Clareval·</strong></span> 
     </span>
     <span class='ocr_line' id='line_1_4' title="bbox 416 777 2058 866; baseline 0.001 -23"><span class='ocrx_word' id='word_1_28' title='bbox 416 778 530 860; x_wconf 82' lang='lat' dir='ltr'><strong>lensia,</strong></span> <span class='ocrx_word' id='word_1_29' title='bbox 562 801 700 864; x_wconf 87' lang='lat' dir='ltr'><strong>quorum</strong></span> <span class='ocrx_word' id='word_1_30' title='bbox 736 777 1012 865; x_wconf 78' lang='lat' dir='ltr'><strong>predicationibus</strong></span> <span class='ocrx_word' id='word_1_31' title='bbox 1051 778 1299 844; x_wconf 89' lang='lat' dir='ltr'><strong>contonantibus</strong></span> <span class='ocrx_word' id='word_1_32' title='bbox 1334 789 1366 843; x_wconf 90' lang='lat' dir='ltr'><strong>et</strong></span> <span class='ocrx_word' id='word_1_33' title='bbox 1399 779 1564 843; x_wconf 83' lang='lat' dir='ltr'><strong>miraculis</strong></span> <span class='ocrx_word' id='word_1_34' title='bbox 1600 779 1762 844; x_wconf 90' lang='lat' dir='ltr'><strong>nonnullis</strong></span> <span class='ocrx_word' id='word_1_35' title='bbox 1797 781 1922 866; x_wconf 87' lang='lat' dir='ltr'><strong>pariter</strong></span> <span class='ocrx_word' id='word_1_36' title='bbox 1956 802 2058 844; x_wconf 89' lang='lat' dir='ltr'><strong>corus·</strong></span> 
     </span>
     <span class='ocr_line' id='line_1_5' title="bbox 418 884 2059 972; baseline 0 -22"><span class='ocrx_word' id='word_1_37' title='bbox 418 884 566 950; x_wconf 90' lang='lat' dir='ltr'><strong>cantibus</strong></span> <span class='ocrx_word' id='word_1_38' title='bbox 577 891 598 966; x_wconf 82' lang='lat'><strong>²,</strong></span> <span class='ocrx_word' id='word_1_39' title='bbox 629 895 841 949; x_wconf 79' lang='lat' dir='ltr'><strong>terraemotus</strong></span> <span class='ocrx_word' id='word_1_40' title='bbox 863 885 969 950; x_wconf 90' lang='lat' dir='ltr'><strong>factus</strong></span> <span class='ocrx_word' id='word_1_41' title='bbox 998 895 1047 950; x_wconf 91' lang='lat' dir='ltr'><strong>est</strong></span> <span class='ocrx_word' id='word_1_42' title='bbox 1070 908 1215 971; x_wconf 89' lang='lat' dir='ltr'><strong>magnus.</strong></span> <span class='ocrx_word' id='word_1_43' title='bbox 1262 885 1365 950; x_wconf 84' lang='lat' dir='ltr'><strong>Multa</strong></span> <span class='ocrx_word' id='word_1_44' title='bbox 1387 885 1477 950; x_wconf 90' lang='lat' dir='ltr'><strong>milia</strong></span> <span class='ocrx_word' id='word_1_45' title='bbox 1500 885 1750 951; x_wconf 86' lang='lat' dir='ltr'><strong>Teutonicornm</strong></span> <span class='ocrx_word' id='word_1_46' title='bbox 1774 910 1848 951; x_wconf 90' lang='lat' dir='ltr'><strong>cum</strong></span> <span class='ocrx_word' id='word_1_47' title='bbox 1871 891 1973 972; x_wconf 79' lang='lat' dir='ltr'><strong>rege⁸</strong></span> <span class='ocrx_word' id='word_1_48' title='bbox 1995 909 2059 967; x_wconf 88' lang='lat' dir='ltr'><strong>suo,</strong></span> 
     </span>
     <span class='ocr_line' id='line_1_6' title="bbox 417 990 2117 1078; baseline 0.001 -21"><span class='ocrx_word' id='word_1_49' title='bbox 417 991 518 1057; x_wconf 86' lang='lat' dir='ltr'><strong>multa</strong></span> <span class='ocrx_word' id='word_1_50' title='bbox 547 991 636 1056; x_wconf 90' lang='lat' dir='ltr'><strong>milia</strong></span> <span class='ocrx_word' id='word_1_51' title='bbox 662 991 939 1076; x_wconf 83' lang='lat' dir='ltr'><strong>Francigenarum</strong></span> <span class='ocrx_word' id='word_1_52' title='bbox 970 1014 1042 1056; x_wconf 88' lang='lat' dir='ltr'><strong>cum</strong></span> <span class='ocrx_word' id='word_1_53' title='bbox 1072 1015 1149 1077; x_wconf 91' lang='lat' dir='ltr'><strong>rege</strong></span> <span class='ocrx_word' id='word_1_54' title='bbox 1180 997 1259 1056; x_wconf 71' lang='lat' dir='ltr'><strong>suo*</strong></span> <span class='ocrx_word' id='word_1_55' title='bbox 1289 995 1323 1056; x_wconf 91' lang='lat' dir='ltr'><strong>in</strong></span> <span class='ocrx_word' id='word_1_56' title='bbox 1352 990 1511 1056; x_wconf 89' lang='lat' dir='ltr'><strong>frontibus</strong></span> <span class='ocrx_word' id='word_1_57' title='bbox 1542 993 1608 1056; x_wconf 87' lang='lat' dir='ltr'><strong>suis</strong></span> <span class='ocrx_word' id='word_1_58' title='bbox 1638 1003 1671 1056; x_wconf 90' lang='lat' dir='ltr'><strong>et</strong></span> <span class='ocrx_word' id='word_1_59' title='bbox 1697 993 1808 1078; x_wconf 88' lang='lat' dir='ltr'><strong>galeis,</strong></span> <span class='ocrx_word' id='word_1_60' title='bbox 1837 993 1871 1056; x_wconf 93' lang='lat' dir='ltr'><strong>in</strong></span> <span class='ocrx_word' id='word_1_61' title='bbox 1902 993 2002 1057; x_wconf 88' lang='lat' dir='ltr'><strong>scutis</strong></span> <span class='ocrx_word' id='word_1_62' title='bbox 2031 1005 2061 1057; x_wconf 86' lang='lat' dir='ltr'><strong>et</strong></span> <span class='ocrx_word' id='word_1_63' title='bbox 2076 1017 2117 1062; x_wconf 57' lang='lat' dir='ltr'><strong>a</strong></span> 
     </span>
     <span class='ocr_line' id='line_1_7' title="bbox 417 1096 2061 1185; baseline 0.001 -25"><span class='ocrx_word' id='word_1_64' title='bbox 417 1097 546 1162; x_wconf 82' lang='lat' dir='ltr'><strong>vexillis</strong></span> <span class='ocrx_word' id='word_1_65' title='bbox 576 1096 743 1184; x_wconf 81' lang='lat' dir='ltr'><strong>preferant</strong></span> <span class='ocrx_word' id='word_1_66' title='bbox 772 1099 900 1183; x_wconf 88' lang='lat' dir='ltr'><strong>signum</strong></span> <span class='ocrx_word' id='word_1_67' title='bbox 929 1099 1213 1164; x_wconf 84' lang='lat' dir='ltr'><strong>victoriosissimae</strong></span> <span class='ocrx_word' id='word_1_68' title='bbox 1244 1100 1359 1163; x_wconf 82' lang='lat' dir='ltr'><strong>cmcis.</strong></span> <span class='ocrx_word' id='word_1_69' title='bbox 1412 1099 1527 1162; x_wconf 90' lang='lat' dir='ltr'><strong>Preter</strong></span> <span class='ocrx_word' id='word_1_70' title='bbox 1560 1097 1618 1162; x_wconf 91' lang='lat' dir='ltr'><strong>hos</strong></span> <span class='ocrx_word' id='word_1_71' title='bbox 1652 1098 1767 1164; x_wconf 81' lang='lat' dir='ltr'><strong>turbae</strong></span> <span class='ocrx_word' id='word_1_72' title='bbox 1796 1121 1953 1185; x_wconf 88' lang='lat' dir='ltr'><strong>magnae,</strong></span> <span class='ocrx_word' id='word_1_73' title='bbox 1984 1122 2061 1184; x_wconf 87' lang='lat' dir='ltr'><strong>quas</strong></span> 
     </span>
     <span class='ocr_line' id='line_1_8' title="bbox 418 1203 2197 1291; baseline 0 -22"><span class='ocrx_word' id='word_1_74' title='bbox 418 1204 622 1269; x_wconf 90' lang='lat' dir='ltr'><strong>dinumerare</strong></span> <span class='ocrx_word' id='word_1_75' title='bbox 653 1226 747 1268; x_wconf 89' lang='lat' dir='ltr'><strong>nemo</strong></span> <span class='ocrx_word' id='word_1_76' title='bbox 777 1214 892 1290; x_wconf 87' lang='lat' dir='ltr'><strong>potest,</strong></span> <span class='ocrx_word' id='word_1_77' title='bbox 924 1227 966 1269; x_wconf 85' lang='lat' dir='ltr'><strong>ex</strong></span> <span class='ocrx_word' id='word_1_78' title='bbox 996 1205 1133 1270; x_wconf 89' lang='lat' dir='ltr'><strong>diversis</strong></span> <span class='ocrx_word' id='word_1_79' title='bbox 1163 1203 1311 1270; x_wconf 81' lang='lat' dir='ltr'><strong>tribubus</strong></span> <span class='ocrx_word' id='word_1_80' title='bbox 1342 1215 1374 1268; x_wconf 88' lang='lat' dir='ltr'><strong>et</strong></span> <span class='ocrx_word' id='word_1_81' title='bbox 1403 1204 1523 1290; x_wconf 89' lang='lat' dir='ltr'><strong>linguis</strong></span> <span class='ocrx_word' id='word_1_82' title='bbox 1551 1215 1583 1269; x_wconf 92' lang='lat' dir='ltr'><strong>et</strong></span> <span class='ocrx_word' id='word_1_83' title='bbox 1609 1205 1737 1291; x_wconf 89' lang='lat' dir='ltr'><strong>populis</strong></span> <span class='ocrx_word' id='word_1_84' title='bbox 1768 1217 1905 1270; x_wconf 84' lang='lat' dir='ltr'><strong>cummt</strong></span> <span class='ocrx_word' id='word_1_85' title='bbox 1934 1206 1968 1268; x_wconf 92' lang='lat' dir='ltr'><strong>in</strong></span> <span class='ocrx_word' id='word_1_86' title='bbox 1992 1227 2061 1291; x_wconf 92' lang='lat' dir='ltr'><strong>pro·</strong></span> <span class='ocrx_word' id='word_1_87' title='bbox 2176 1275 2197 1288; x_wconf 25' lang='grc' dir='ltr'><strong>ἱ</strong></span> 
     </span>
     <span class='ocr_line' id='line_1_9' title="bbox 419 1310 2061 1397; baseline -0.001 -21"><span class='ocrx_word' id='word_1_88' title='bbox 419 1312 560 1376; x_wconf 76' lang='lat' dir='ltr'><strong>cinctum</strong></span> <span class='ocrx_word' id='word_1_89' title='bbox 584 1321 677 1396; x_wconf 89' lang='lat' dir='ltr'><strong>rapto</strong></span> <span class='ocrx_word' id='word_1_90' title='bbox 700 1311 803 1395; x_wconf 86' lang='lat' dir='ltr'><strong>signo,</strong></span> <span class='ocrx_word' id='word_1_91' title='bbox 828 1321 860 1374; x_wconf 92' lang='lat' dir='ltr'><strong>et</strong></span> <span class='ocrx_word' id='word_1_92' title='bbox 882 1311 1002 1376; x_wconf 85' lang='lat' dir='ltr'><strong>vexillo</strong></span> <span class='ocrx_word' id='word_1_93' title='bbox 1031 1311 1212 1376; x_wconf 84' lang='lat' dir='ltr'><strong>dominicae</strong></span> <span class='ocrx_word' id='word_1_94' title='bbox 1241 1313 1356 1376; x_wconf 90' lang='lat' dir='ltr'><strong>crucis.</strong></span> <span class='ocrx_word' id='word_1_95' title='bbox 1403 1311 1495 1375; x_wconf 87' lang='lat' dir='ltr'><strong>Neve</strong></span> <span class='ocrx_word' id='word_1_96' title='bbox 1520 1312 1560 1375; x_wconf 92' lang='lat' dir='ltr'><strong>sit</strong></span> <span class='ocrx_word' id='word_1_97' title='bbox 1582 1310 1818 1375; x_wconf 89' lang='lat' dir='ltr'><strong>infructuosum</strong></span> <span class='ocrx_word' id='word_1_98' title='bbox 1842 1310 1932 1397; x_wconf 89' lang='lat' dir='ltr'><strong>quod</strong></span> <span class='ocrx_word' id='word_1_99' title='bbox 1955 1322 2061 1396; x_wconf 80' lang='lat' dir='ltr'><strong>agunt,</strong></span> 
     </span>
     <span class='ocr_line' id='line_1_10' title="bbox 276 1415 2061 1504; baseline -0.001 -22"><span class='ocrx_word' id='word_1_100' title='bbox 276 1417 569 1502; x_wconf 73' lang='lat' dir='ltr'><strong>uue.1e‚s.exemplo</strong></span> <span class='ocrx_word' id='word_1_101' title='bbox 592 1416 714 1482; x_wconf 88' lang='lat' dir='ltr'><strong>Zachei</strong></span> <span class='ocrx_word' id='word_1_102' title='bbox 744 1416 835 1481; x_wconf 88' lang='lat' dir='ltr'><strong>multi</strong></span> <span class='ocrx_word' id='word_1_103' title='bbox 866 1439 908 1482; x_wconf 88' lang='lat' dir='ltr'><strong>ex</strong></span> <span class='ocrx_word' id='word_1_104' title='bbox 938 1418 984 1481; x_wconf 89' lang='lat' dir='ltr'><strong>eis</strong></span> <span class='ocrx_word' id='word_1_105' title='bbox 1014 1418 1163 1504; x_wconf 88' lang='lat' dir='ltr'><strong>primitus</strong></span> <span class='ocrx_word' id='word_1_106' title='bbox 1194 1416 1301 1482; x_wconf 91' lang='lat' dir='ltr'><strong>ablata</strong></span> <span class='ocrx_word' id='word_1_107' title='bbox 1325 1440 1383 1481; x_wconf 89' lang='lat' dir='ltr'><strong>seu</strong></span> <span class='ocrx_word' id='word_1_108' title='bbox 1405 1415 1555 1481; x_wconf 88' lang='lat' dir='ltr'><strong>fraudata</strong></span> <span class='ocrx_word' id='word_1_109' title='bbox 1585 1418 1766 1499; x_wconf 88' lang='lat' dir='ltr'><strong>restituunt,</strong></span> <span class='ocrx_word' id='word_1_110' title='bbox 1791 1429 1824 1482; x_wconf 89' lang='lat' dir='ltr'><strong>et</strong></span> <span class='ocrx_word' id='word_1_111' title='bbox 1847 1417 1938 1503; x_wconf 91' lang='lat' dir='ltr'><strong>quod</strong></span> <span class='ocrx_word' id='word_1_112' title='bbox 1960 1419 2061 1481; x_wconf 90' lang='lat' dir='ltr'><strong>maius</strong></span> 
     </span>
     <span class='ocr_line' id='line_1_11' title="bbox 420 1521 2061 1610; baseline -0.001 -22"><span class='ocrx_word' id='word_1_113' title='bbox 420 1534 478 1606; x_wconf 86' lang='lat' dir='ltr'><strong>est,</strong></span> <span class='ocrx_word' id='word_1_114' title='bbox 504 1523 652 1609; x_wconf 86' lang='lat' dir='ltr'><strong>exemplo</strong></span> <span class='ocrx_word' id='word_1_115' title='bbox 677 1521 798 1588; x_wconf 86' lang='lat' dir='ltr'><strong>Christi</strong></span> <span class='ocrx_word' id='word_1_116' title='bbox 826 1525 891 1587; x_wconf 90' lang='lat' dir='ltr'><strong>suis</strong></span> <span class='ocrx_word' id='word_1_117' title='bbox 922 1525 1061 1588; x_wconf 91' lang='lat' dir='ltr'><strong>inimicis</strong></span> <span class='ocrx_word' id='word_1_118' title='bbox 1092 1523 1236 1588; x_wconf 89' lang='lat' dir='ltr'><strong>osculum</strong></span> <span class='ocrx_word' id='word_1_119' title='bbox 1267 1525 1357 1610; x_wconf 91' lang='lat' dir='ltr'><strong>pacis</strong></span> <span class='ocrx_word' id='word_1_120' title='bbox 1388 1523 1534 1604; x_wconf 86' lang='lat' dir='ltr'><strong>offerunt,</strong></span> <span class='ocrx_word' id='word_1_121' title='bbox 1565 1524 1699 1588; x_wconf 90' lang='lat' dir='ltr'><strong>iniurias</strong></span> <span class='ocrx_word' id='word_1_122' title='bbox 1729 1525 1905 1610; x_wconf 90' lang='lat' dir='ltr'><strong>ignoscunt</strong></span> <span class='ocrx_word' id='word_1_123' title='bbox 1927 1535 1959 1588; x_wconf 92' lang='lat' dir='ltr'><strong>et</strong></span> <span class='ocrx_word' id='word_1_124' title='bbox 1981 1522 2061 1587; x_wconf 92' lang='lat' dir='ltr'><strong>ultro</strong></span> 
     </span>
     <span class='ocr_line' id='line_1_12' title="bbox 420 1628 2060 1717; baseline 0 -23"><span class='ocrx_word' id='word_1_125' title='bbox 420 1629 462 1694; x_wconf 86' lang='lat' dir='ltr'><strong>ad</strong></span> <span class='ocrx_word' id='word_1_126' title='bbox 485 1628 622 1716; x_wconf 90' lang='lat' dir='ltr'><strong>prelium</strong></span> <span class='ocrx_word' id='word_1_127' title='bbox 644 1628 778 1711; x_wconf 87' lang='lat' dir='ltr'><strong>vadunt,</strong></span> <span class='ocrx_word' id='word_1_128' title='bbox 802 1628 858 1695; x_wconf 91' lang='lat' dir='ltr'><strong>ubi</strong></span> <span class='ocrx_word' id='word_1_129' title='bbox 882 1631 1017 1717; x_wconf 92' lang='lat' dir='ltr'><strong>cupiunt</strong></span> <span class='ocrx_word' id='word_1_130' title='bbox 1039 1641 1095 1694; x_wconf 89' lang='lat' dir='ltr'><strong>aut</strong></span> <span class='ocrx_word' id='word_1_131' title='bbox 1118 1629 1276 1694; x_wconf 89' lang='lat' dir='ltr'><strong>immolari</strong></span> <span class='ocrx_word' id='word_1_132' title='bbox 1298 1653 1357 1716; x_wconf 87' lang='lat' dir='ltr'><strong>pro</strong></span> <span class='ocrx_word' id='word_1_133' title='bbox 1382 1628 1511 1694; x_wconf 92' lang='lat' dir='ltr'><strong>Christo</strong></span> <span class='ocrx_word' id='word_1_134' title='bbox 1535 1631 1628 1716; x_wconf 88' lang='lat' dir='ltr'><strong>quasi</strong></span> <span class='ocrx_word' id='word_1_135' title='bbox 1651 1630 1792 1710; x_wconf 86' lang='lat' dir='ltr'><strong>victime,</strong></span> <span class='ocrx_word' id='word_1_136' title='bbox 1821 1641 1877 1695; x_wconf 86' lang='lat' dir='ltr'><strong>aut</strong></span> <span class='ocrx_word' id='word_1_137' title='bbox 1901 1653 1968 1694; x_wconf 88' lang='lat' dir='ltr'><strong>non</strong></span> <span class='ocrx_word' id='word_1_138' title='bbox 1991 1629 2060 1708; x_wconf 90' lang='lat' dir='ltr'><strong>sibi,</strong></span> 
     </span>
     <span class='ocr_line' id='line_1_13' title="bbox 273 1735 2059 1822; baseline -0.001 -20"><span class='ocrx_word' id='word_1_139' title='bbox 273 1763 330 1802; x_wconf 76' lang='lat' dir='ltr'><strong>ssu.</strong></span> <span class='ocrx_word' id='word_1_140' title='bbox 339 1766 358 1812; x_wconf 88' lang='lat'><strong>1,</strong></span> <span class='ocrx_word' id='word_1_141' title='bbox 366 1763 400 1802; x_wconf 84' lang='lat' dir='ltr'><strong>u.</strong></span> <span class='ocrx_word' id='word_1_142' title='bbox 420 1736 479 1801; x_wconf 88' lang='lat' dir='ltr'><strong>sed</strong></span> <span class='ocrx_word' id='word_1_143' title='bbox 494 1735 621 1800; x_wconf 89' lang='lat' dir='ltr'><strong>Christo</strong></span> <span class='ocrx_word' id='word_1_144' title='bbox 637 1737 759 1816; x_wconf 83' lang='lat' dir='ltr'><strong>vivere,</strong></span> <span class='ocrx_word' id='word_1_145' title='bbox 778 1735 905 1800; x_wconf 89' lang='lat' dir='ltr'><strong>dicente</strong></span> <span class='ocrx_word' id='word_1_146' title='bbox 921 1758 1116 1822; x_wconf 90' lang='lat' dir='ltr'><strong>unoquoque</strong></span> <span class='ocrx_word' id='word_1_147' title='bbox 1140 1736 1229 1822; x_wconf 86' lang='lat' dir='ltr'><strong>apud</strong></span> <span class='ocrx_word' id='word_1_148' title='bbox 1244 1759 1295 1800; x_wconf 86' lang='lat' dir='ltr'><strong>se:</strong></span> <span class='ocrx_word' id='word_1_149' title='bbox 1320 1737 1408 1802; x_wconf 75' lang='lat' dir='ltr'><strong>Mili</strong></span> <span class='ocrx_word' id='word_1_150' title='bbox 1426 1739 1528 1801; x_wconf 80' lang='lat' dir='ltr'><strong>oe&#39;oere</strong></span> <span class='ocrx_word' id='word_1_151' title='bbox 1544 1736 1687 1802; x_wconf 79' lang='lat' dir='ltr'><strong>Christus</strong></span> <span class='ocrx_word' id='word_1_152' title='bbox 1710 1752 1753 1802; x_wconf 84' lang='lat' dir='ltr'><strong>eat</strong></span> <span class='ocrx_word' id='word_1_153' title='bbox 1775 1752 1803 1802; x_wconf 86' lang='lat' dir='ltr'><strong>et</strong></span> <span class='ocrx_word' id='word_1_154' title='bbox 1824 1740 1911 1802; x_wconf 83' lang='lat' dir='ltr'><strong>mori</strong></span> <span class='ocrx_word' id='word_1_155' title='bbox 1933 1738 2059 1801; x_wconf 79' lang='lat' dir='ltr'><strong>lucrum.</strong></span> 
     </span>
     <span class='ocr_line' id='line_1_14' title="bbox 420 1840 2061 1929; baseline -0.001 -22"><span class='ocrx_word' id='word_1_156' title='bbox 420 1843 534 1907; x_wconf 88' lang='lat' dir='ltr'><strong>Nonne</strong></span> <span class='ocrx_word' id='word_1_157' title='bbox 558 1841 604 1906; x_wconf 92' lang='lat' dir='ltr'><strong>illi</strong></span> <span class='ocrx_word' id='word_1_158' title='bbox 628 1853 676 1906; x_wconf 88' lang='lat' dir='ltr'><strong>est</strong></span> <span class='ocrx_word' id='word_1_159' title='bbox 699 1843 780 1907; x_wconf 85' lang='lat' dir='ltr'><strong>mon‘</strong></span> <span class='ocrx_word' id='word_1_160' title='bbox 808 1843 941 1923; x_wconf 88' lang='lat' dir='ltr'><strong>lucrum,</strong></span> <span class='ocrx_word' id='word_1_161' title='bbox 966 1843 1021 1929; x_wconf 91' lang='lat' dir='ltr'><strong>qui</strong></span> <span class='ocrx_word' id='word_1_162' title='bbox 1044 1843 1210 1907; x_wconf 89' lang='lat' dir='ltr'><strong>moriendo</strong></span> <span class='ocrx_word' id='word_1_163' title='bbox 1233 1842 1377 1907; x_wconf 87' lang='lat' dir='ltr'><strong>lucratur</strong></span> <span class='ocrx_word' id='word_1_164' title='bbox 1399 1840 1587 1906; x_wconf 77' lang='lat' dir='ltr'><strong>Christum?</strong></span> <span class='ocrx_word' id='word_1_165' title='bbox 1633 1842 1748 1907; x_wconf 86' lang='lat' dir='ltr'><strong>Nonne</strong></span> <span class='ocrx_word' id='word_1_166' title='bbox 1772 1842 1818 1906; x_wconf 89' lang='lat' dir='ltr'><strong>illi</strong></span> <span class='ocrx_word' id='word_1_167' title='bbox 1842 1853 1892 1908; x_wconf 90' lang='lat' dir='ltr'><strong>est</strong></span> <span class='ocrx_word' id='word_1_168' title='bbox 1916 1841 2061 1907; x_wconf 84' lang='lat' dir='ltr'><strong>Christus</strong></span> 
     </span>
     <span class='ocr_line' id='line_1_15' title="bbox 420 1946 2066 2034; baseline 0 -22"><span class='ocrx_word' id='word_1_169' title='bbox 420 1950 543 2030; x_wconf 85' lang='lat' dir='ltr'><strong>vivere,</strong></span> <span class='ocrx_word' id='word_1_170' title='bbox 567 1949 623 2034; x_wconf 93' lang='lat' dir='ltr'><strong>qui</strong></span> <span class='ocrx_word' id='word_1_171' title='bbox 646 1947 821 2012; x_wconf 88' lang='lat' dir='ltr'><strong>destinavit</strong></span> <span class='ocrx_word' id='word_1_172' title='bbox 843 1971 909 2012; x_wconf 90' lang='lat' dir='ltr'><strong>non</strong></span> <span class='ocrx_word' id='word_1_173' title='bbox 932 1948 1003 2030; x_wconf 90' lang='lat' dir='ltr'><strong>sibi,</strong></span> <span class='ocrx_word' id='word_1_174' title='bbox 1029 1947 1086 2012; x_wconf 89' lang='lat' dir='ltr'><strong>sed</strong></span> <span class='ocrx_word' id='word_1_175' title='bbox 1103 1946 1232 2014; x_wconf 88' lang='lat' dir='ltr'><strong>Christo</strong></span> <span class='ocrx_word' id='word_1_176' title='bbox 1249 1947 1385 2012; x_wconf 81' lang='lat' dir='ltr'><strong>vivere?</strong></span> <span class='ocrx_word' id='word_1_177' title='bbox 1420 1947 1464 2011; x_wconf 85' lang='lat' dir='ltr'><strong>Et</strong></span> <span class='ocrx_word' id='word_1_178' title='bbox 1481 1948 1612 2034; x_wconf 91' lang='lat' dir='ltr'><strong>quidem</strong></span> <span class='ocrx_word' id='word_1_179' title='bbox 1634 1971 1698 2013; x_wconf 91' lang='lat' dir='ltr'><strong>non</strong></span> <span class='ocrx_word' id='word_1_180' title='bbox 1715 1947 1901 2014; x_wconf 88' lang='lat' dir='ltr'><strong>dubitamus</strong></span> <span class='ocrx_word' id='word_1_181' title='bbox 1925 1950 1959 2012; x_wconf 91' lang='lat' dir='ltr'><strong>in</strong></span> <span class='ocrx_word' id='word_1_182' title='bbox 1975 1959 2066 2014; x_wconf 87' lang='lat' dir='ltr'><strong>tanta</strong></span> 
     </span>
     <span class='ocr_line' id='line_1_16' title="bbox 420 2053 2154 2141; baseline 0 -23"><span class='ocrx_word' id='word_1_183' title='bbox 420 2054 622 2119; x_wconf 90' lang='lat' dir='ltr'><strong>multitudine</strong></span> <span class='ocrx_word' id='word_1_184' title='bbox 654 2053 810 2140; x_wconf 88' lang='lat' dir='ltr'><strong>quosdam</strong></span> <span class='ocrx_word' id='word_1_185' title='bbox 833 2076 910 2119; x_wconf 87' lang='lat' dir='ltr'><strong>vere</strong></span> <span class='ocrx_word' id='word_1_186' title='bbox 942 2077 981 2118; x_wconf 89' lang='lat' dir='ltr'><strong>ac</strong></span> <span class='ocrx_word' id='word_1_187' title='bbox 1011 2055 1135 2120; x_wconf 89' lang='lat' dir='ltr'><strong>sincere</strong></span> <span class='ocrx_word' id='word_1_188' title='bbox 1160 2054 1288 2120; x_wconf 90' lang='lat' dir='ltr'><strong>Christo</strong></span> <span class='ocrx_word' id='word_1_189' title='bbox 1319 2053 1468 2136; x_wconf 89' lang='lat' dir='ltr'><strong>militare,</strong></span> <span class='ocrx_word' id='word_1_190' title='bbox 1497 2055 1654 2141; x_wconf 87' lang='lat' dir='ltr'><strong>quosdam</strong></span> <span class='ocrx_word' id='word_1_191' title='bbox 1677 2077 1755 2119; x_wconf 88' lang='lat' dir='ltr'><strong>vero</strong></span> <span class='ocrx_word' id='word_1_192' title='bbox 1785 2079 1845 2141; x_wconf 91' lang='lat' dir='ltr'><strong>per</strong></span> <span class='ocrx_word' id='word_1_193' title='bbox 1874 2056 2068 2120; x_wconf 82' lang='lat' dir='ltr'><strong>occasiones</strong></span> <span class='ocrx_word' id='word_1_194' title='bbox 2122 2099 2154 2137; x_wconf 64' lang='lat'><strong>,5</strong></span> 
     </span>
     <span class='ocr_line' id='line_1_17' title="bbox 330 2160 2074 2248; baseline 0 -22"><span class='ocrx_word' id='word_1_195' title='bbox 330 2186 403 2228; x_wconf 66' lang='lat' dir='ltr'><strong>usa.</strong></span> <span class='ocrx_word' id='word_1_196' title='bbox 419 2163 538 2242; x_wconf 87' lang='lat' dir='ltr'><strong>varias,</strong></span> <span class='ocrx_word' id='word_1_197' title='bbox 563 2183 643 2247; x_wconf 88' lang='lat' dir='ltr'><strong>quas</strong></span> <span class='ocrx_word' id='word_1_198' title='bbox 667 2160 846 2225; x_wconf 87' lang='lat' dir='ltr'><strong>diiudicare</strong></span> <span class='ocrx_word' id='word_1_199' title='bbox 872 2166 950 2226; x_wconf 81' lang='lat' dir='ltr'><strong>&#39;non</strong></span> <span class='ocrx_word' id='word_1_200' title='bbox 973 2171 1022 2225; x_wconf 92' lang='lat' dir='ltr'><strong>est</strong></span> <span class='ocrx_word' id='word_1_201' title='bbox 1051 2173 1205 2242; x_wconf 84' lang='lat' dir='ltr'><strong>nostrum,</strong></span> <span class='ocrx_word' id='word_1_202' title='bbox 1236 2160 1294 2225; x_wconf 90' lang='lat' dir='ltr'><strong>sed</strong></span> <span class='ocrx_word' id='word_1_203' title='bbox 1323 2162 1424 2247; x_wconf 88' lang='lat' dir='ltr'><strong>ipsius</strong></span> <span class='ocrx_word' id='word_1_204' title='bbox 1455 2163 1510 2248; x_wconf 92' lang='lat' dir='ltr'><strong>qui</strong></span> <span class='ocrx_word' id='word_1_205' title='bbox 1542 2160 1627 2226; x_wconf 90' lang='lat' dir='ltr'><strong>solus</strong></span> <span class='ocrx_word' id='word_1_206' title='bbox 1657 2162 1748 2226; x_wconf 84' lang='lat' dir='ltr'><strong>novit</strong></span> <span class='ocrx_word' id='word_1_207' title='bbox 1771 2161 1871 2226; x_wconf 90' lang='lat' dir='ltr'><strong>corda</strong></span> <span class='ocrx_word' id='word_1_208' title='bbox 1898 2161 2074 2226; x_wconf 80' lang='lat' dir='ltr'><strong>hominum</strong></span> 
     </span>
     <span class='ocr_line' id='line_1_18' title="bbox 420 2267 2071 2354; baseline 0 -22"><span class='ocrx_word' id='word_1_209' title='bbox 420 2269 490 2333; x_wconf 84' lang='lat' dir='ltr'><strong>sive</strong></span> <span class='ocrx_word' id='word_1_210' title='bbox 513 2279 611 2350; x_wconf 90' lang='lat' dir='ltr'><strong>recte,</strong></span> <span class='ocrx_word' id='word_1_211' title='bbox 641 2269 710 2331; x_wconf 87' lang='lat' dir='ltr'><strong>sive</strong></span> <span class='ocrx_word' id='word_1_212' title='bbox 733 2289 797 2332; x_wconf 89' lang='lat' dir='ltr'><strong>non</strong></span> <span class='ocrx_word' id='word_1_213' title='bbox 820 2279 908 2331; x_wconf 91' lang='lat' dir='ltr'><strong>recte</strong></span> <span class='ocrx_word' id='word_1_214' title='bbox 932 2267 1147 2332; x_wconf 89' lang='lat' dir='ltr'><strong>militantium.</strong></span> <span class='ocrx_word' id='word_1_215' title='bbox 1194 2268 1266 2332; x_wconf 90' lang='lat' dir='ltr'><strong>Hoc</strong></span> <span class='ocrx_word' id='word_1_216' title='bbox 1289 2277 1397 2332; x_wconf 85' lang='lat' dir='ltr'><strong>tamen</strong></span> <span class='ocrx_word' id='word_1_217' title='bbox 1422 2277 1607 2332; x_wconf 86' lang='lat' dir='ltr'><strong>constanter</strong></span> <span class='ocrx_word' id='word_1_218' title='bbox 1629 2267 1836 2350; x_wconf 86' lang='lat' dir='ltr'><strong>affirmamus,</strong></span> <span class='ocrx_word' id='word_1_219' title='bbox 1861 2267 1951 2354; x_wconf 89' lang='lat' dir='ltr'><strong>quod</strong></span> <span class='ocrx_word' id='word_1_220' title='bbox 1974 2267 2071 2332; x_wconf 84' lang='lat' dir='ltr'><strong>multi</strong></span> 
     </span>
     <span class='ocr_line' id='line_1_19' title="bbox 245 2368 2068 2468; baseline -0.001 -28"><span class='ocrx_word' id='word_1_221' title='bbox 245 2368 401 2468; x_wconf 55' lang='lat' dir='ltr'><strong>mffi‘m</strong></span> <span class='ocrx_word' id='word_1_222' title='bbox 421 2374 464 2440; x_wconf 88' lang='lat' dir='ltr'><strong>ad</strong></span> <span class='ocrx_word' id='word_1_223' title='bbox 493 2374 577 2438; x_wconf 85' lang='lat' dir='ltr'><strong>hanc</strong></span> <span class='ocrx_word' id='word_1_224' title='bbox 606 2372 756 2438; x_wconf 88' lang='lat' dir='ltr'><strong>militiam</strong></span> <span class='ocrx_word' id='word_1_225' title='bbox 784 2375 908 2455; x_wconf 78' lang='lat' dir='ltr'><strong>vocati,</strong></span> <span class='ocrx_word' id='word_1_226' title='bbox 939 2375 1036 2460; x_wconf 89' lang='lat' dir='ltr'><strong>pauci</strong></span> <span class='ocrx_word' id='word_1_227' title='bbox 1058 2396 1137 2439; x_wconf 87' lang='lat' dir='ltr'><strong>vero</strong></span> <span class='ocrx_word' id='word_1_228' title='bbox 1168 2374 1262 2439; x_wconf 87' lang='lat' dir='ltr'><strong>electi</strong></span> <span class='ocrx_word' id='word_1_229' title='bbox 1293 2386 1375 2439; x_wconf 90' lang='lat' dir='ltr'><strong>sunt.</strong></span> <span class='ocrx_word' id='word_1_230' title='bbox 1428 2375 1479 2438; x_wconf 90' lang='lat' dir='ltr'><strong>lta</strong></span> <span class='ocrx_word' id='word_1_231' title='bbox 1509 2373 1674 2460; x_wconf 89' lang='lat' dir='ltr'><strong>quondam</strong></span> <span class='ocrx_word' id='word_1_232' title='bbox 1704 2375 1738 2438; x_wconf 91' lang='lat' dir='ltr'><strong>in</strong></span> <span class='ocrx_word' id='word_1_233' title='bbox 1768 2377 1860 2439; x_wconf 86' lang='lat' dir='ltr'><strong>exitu</strong></span> <span class='ocrx_word' id='word_1_234' title='bbox 1889 2373 1994 2438; x_wconf 90' lang='lat' dir='ltr'><strong>Israel</strong></span> <span class='ocrx_word' id='word_1_235' title='bbox 2024 2373 2068 2439; x_wconf 84' lang='lat' dir='ltr'><strong>de</strong></span> 
     </span>
     <span class='ocr_line' id='line_1_20' title="bbox 420 2479 2067 2568; baseline -0.001 -23"><span class='ocrx_word' id='word_1_236' title='bbox 420 2481 551 2568; x_wconf 85' lang='lat' dir='ltr'><strong>Egypto</strong></span> <span class='ocrx_word' id='word_1_237' title='bbox 574 2481 687 2566; x_wconf 89' lang='lat' dir='ltr'><strong>paucis</strong></span> <span class='ocrx_word' id='word_1_238' title='bbox 710 2480 783 2544; x_wconf 91' lang='lat' dir='ltr'><strong>Deo</strong></span> <span class='ocrx_word' id='word_1_239' title='bbox 807 2479 905 2544; x_wconf 90' lang='lat' dir='ltr'><strong>fidem</strong></span> <span class='ocrx_word' id='word_1_240' title='bbox 928 2479 1131 2545; x_wconf 85' lang='lat' dir='ltr'><strong>servantibus</strong></span> <span class='ocrx_word' id='word_1_241' title='bbox 1162 2481 1253 2544; x_wconf 93' lang='lat' dir='ltr'><strong>multi</strong></span> <span class='ocrx_word' id='word_1_242' title='bbox 1282 2502 1354 2544; x_wconf 89' lang='lat' dir='ltr'><strong>eum</strong></span> <span class='ocrx_word' id='word_1_243' title='bbox 1385 2481 1601 2562; x_wconf 85' lang='lat' dir='ltr'><strong>irritaverunt,</strong></span> <span class='ocrx_word' id='word_1_244' title='bbox 1626 2502 1761 2566; x_wconf 88' lang='lat' dir='ltr'><strong>quorum</strong></span> <span class='ocrx_word' id='word_1_245' title='bbox 1785 2502 1924 2566; x_wconf 90' lang='lat' dir='ltr'><strong>corpora</strong></span> <span class='ocrx_word' id='word_1_246' title='bbox 1953 2483 1988 2544; x_wconf 88' lang='lat' dir='ltr'><strong>in</strong></span> <span class='ocrx_word' id='word_1_247' title='bbox 2011 2481 2067 2544; x_wconf 87' lang='lat' dir='ltr'><strong>dc-</strong></span> 
     </span>
     <span class='ocr_line' id='line_1_21' title="bbox 422 2585 2131 2673; baseline 0 -21"><span class='ocrx_word' id='word_1_248' title='bbox 422 2598 507 2652; x_wconf 85' lang='lat' dir='ltr'><strong>serto</strong></span> <span class='ocrx_word' id='word_1_249' title='bbox 537 2597 698 2673; x_wconf 86' lang='lat' dir='ltr'><strong>prostrata</strong></span> <span class='ocrx_word' id='word_1_250' title='bbox 727 2597 811 2650; x_wconf 91' lang='lat' dir='ltr'><strong>sunt.</strong></span> <span class='ocrx_word' id='word_1_251' title='bbox 858 2585 1014 2651; x_wconf 84' lang='lat' dir='ltr'><strong>Gedeone</strong></span> <span class='ocrx_word' id='word_1_252' title='bbox 1042 2609 1169 2673; x_wconf 88' lang='lat' dir='ltr'><strong>quoque</strong></span> <span class='ocrx_word' id='word_1_253' title='bbox 1201 2585 1283 2651; x_wconf 89' lang='lat' dir='ltr'><strong>duce</strong></span> <span class='ocrx_word' id='word_1_254' title='bbox 1313 2585 1451 2650; x_wconf 90' lang='lat' dir='ltr'><strong>filiorum</strong></span> <span class='ocrx_word' id='word_1_255' title='bbox 1474 2586 1575 2651; x_wconf 89' lang='lat' dir='ltr'><strong>lsrael</strong></span> <span class='ocrx_word' id='word_1_256' title='bbox 1606 2609 1679 2650; x_wconf 92' lang='lat' dir='ltr'><strong>curn</strong></span> <span class='ocrx_word' id='word_1_257' title='bbox 1709 2585 1916 2651; x_wconf 89' lang='lat' dir='ltr'><strong>multitudine</strong></span> <span class='ocrx_word' id='word_1_258' title='bbox 1947 2610 2063 2673; x_wconf 87' lang='lat' dir='ltr'><strong>magna</strong></span> <span class='ocrx_word' id='word_1_259' title='bbox 2080 2619 2131 2657; x_wconf 71' lang='grc' dir='ltr'><strong>ω</strong></span> 
     </span>
     <span class='ocr_line' id='line_1_22' title="bbox 296 2681 2061 2781; baseline -0.002 -20"><span class='ocrx_word' id='word_1_260' title='bbox 296 2719 402 2770; x_wconf 71' lang='lat' dir='ltr'><strong>ruane.</strong></span> <span class='ocrx_word' id='word_1_261' title='bbox 421 2693 617 2781; x_wconf 83' lang='lat' dir='ltr'><strong>procedente</strong></span> <span class='ocrx_word' id='word_1_262' title='bbox 647 2693 689 2757; x_wconf 88' lang='lat' dir='ltr'><strong>ad</strong></span> <span class='ocrx_word' id='word_1_263' title='bbox 718 2681 838 2758; x_wconf 82' lang='lat' dir='ltr'><strong>bellum</strong></span> <span class='ocrx_word' id='word_1_264' title='bbox 862 2705 975 2758; x_wconf 87' lang='lat' dir='ltr'><strong>contra</strong></span> <span class='ocrx_word' id='word_1_265' title='bbox 997 2692 1203 2774; x_wconf 86' lang='lat' dir='ltr'><strong>Madianitas,</strong></span> <span class='ocrx_word' id='word_1_266' title='bbox 1234 2694 1331 2780; x_wconf 89' lang='lat' dir='ltr'><strong>pauci</strong></span> <span class='ocrx_word' id='word_1_267' title='bbox 1359 2715 1431 2758; x_wconf 89' lang='lat' dir='ltr'><strong>cum</strong></span> <span class='ocrx_word' id='word_1_268' title='bbox 1456 2715 1494 2757; x_wconf 91' lang='lat' dir='ltr'><strong>eo</strong></span> <span class='ocrx_word' id='word_1_269' title='bbox 1517 2704 1749 2774; x_wconf 87' lang='lat' dir='ltr'><strong>remanserunt,</strong></span> <span class='ocrx_word' id='word_1_270' title='bbox 1781 2693 1841 2758; x_wconf 92' lang='lat' dir='ltr'><strong>soli</strong></span> <span class='ocrx_word' id='word_1_271' title='bbox 1865 2691 1952 2758; x_wconf 86' lang='lat' dir='ltr'><strong>CCC</strong></span> <span class='ocrx_word' id='word_1_272' title='bbox 1976 2693 2061 2758; x_wconf 84' lang='lat' dir='ltr'><strong>vidc-</strong></span> 
     </span>
     <span class='ocr_line' id='line_1_23' title="bbox 422 2797 2057 2887; baseline -0.001 -22"><span class='ocrx_word' id='word_1_273' title='bbox 422 2801 507 2884; x_wconf 90' lang='lat' dir='ltr'><strong>licet,</strong></span> <span class='ocrx_word' id='word_1_274' title='bbox 531 2797 638 2864; x_wconf 90' lang='lat' dir='ltr'><strong>multis</strong></span> <span class='ocrx_word' id='word_1_275' title='bbox 661 2809 747 2863; x_wconf 90' lang='lat' dir='ltr'><strong>retro</strong></span> <span class='ocrx_word' id='word_1_276' title='bbox 771 2797 975 2865; x_wconf 89' lang='lat' dir='ltr'><strong>abeuntibus.</strong></span> <span class='ocrx_word' id='word_1_277' title='bbox 1014 2799 1108 2863; x_wconf 88' lang='lat' dir='ltr'><strong>Beati</strong></span> <span class='ocrx_word' id='word_1_278' title='bbox 1132 2801 1187 2886; x_wconf 90' lang='lat' dir='ltr'><strong>qui</strong></span> <span class='ocrx_word' id='word_1_279' title='bbox 1211 2801 1257 2864; x_wconf 88' lang='lat' dir='ltr'><strong>sic</strong></span> <span class='ocrx_word' id='word_1_280' title='bbox 1275 2799 1349 2864; x_wconf 91' lang='lat' dir='ltr'><strong>Deo</strong></span> <span class='ocrx_word' id='word_1_281' title='bbox 1373 2799 1520 2882; x_wconf 85' lang='lat' dir='ltr'><strong>militant,</strong></span> <span class='ocrx_word' id='word_1_282' title='bbox 1544 2811 1581 2864; x_wconf 86' lang='lat' dir='ltr'><strong>ut</strong></span> <span class='ocrx_word' id='word_1_283' title='bbox 1602 2801 1708 2886; x_wconf 86' lang='lat' dir='ltr'><strong>ipsum</strong></span> <span class='ocrx_word' id='word_1_284' title='bbox 1732 2823 1809 2864; x_wconf 89' lang='lat' dir='ltr'><strong>suae</strong></span> <span class='ocrx_word' id='word_1_285' title='bbox 1833 2799 1970 2864; x_wconf 89' lang='lat' dir='ltr'><strong>militiae</strong></span> <span class='ocrx_word' id='word_1_286' title='bbox 1994 2823 2057 2887; x_wconf 88' lang='lat' dir='ltr'><strong>pre-</strong></span> 
     </span>
     <span class='ocr_line' id='line_1_24' title="bbox 253 2905 2060 2994; baseline -0.001 -20"><span class='ocrx_word' id='word_1_287' title='bbox 253 2934 403 2984; x_wconf 59' lang='lat' dir='ltr'><strong>monitus.</strong></span> <span class='ocrx_word' id='word_1_288' title='bbox 422 2908 522 2972; x_wconf 92' lang='lat' dir='ltr'><strong>mium</strong></span> <span class='ocrx_word' id='word_1_289' title='bbox 544 2908 719 2992; x_wconf 88' lang='lat' dir='ltr'><strong>requirant.</strong></span> <span class='ocrx_word' id='word_1_290' title='bbox 757 2905 851 2970; x_wconf 87' lang='lat' dir='ltr'><strong>Beati</strong></span> <span class='ocrx_word' id='word_1_291' title='bbox 876 2907 932 2992; x_wconf 92' lang='lat' dir='ltr'><strong>qui</strong></span> <span class='ocrx_word' id='word_1_292' title='bbox 954 2907 1070 2971; x_wconf 87' lang='lat' dir='ltr'><strong>vivunt</strong></span> <span class='ocrx_word' id='word_1_293' title='bbox 1091 2929 1156 2970; x_wconf 90' lang='lat' dir='ltr'><strong>non</strong></span> <span class='ocrx_word' id='word_1_294' title='bbox 1180 2906 1252 2987; x_wconf 90' lang='lat' dir='ltr'><strong>sibi,</strong></span> <span class='ocrx_word' id='word_1_295' title='bbox 1277 2905 1335 2970; x_wconf 92' lang='lat' dir='ltr'><strong>sed</strong></span> <span class='ocrx_word' id='word_1_296' title='bbox 1358 2906 1510 2970; x_wconf 90' lang='lat' dir='ltr'><strong>Domino.</strong></span> <span class='ocrx_word' id='word_1_297' title='bbox 1545 2906 1647 2970; x_wconf 88' lang='lat' dir='ltr'><strong>Multo</strong></span> <span class='ocrx_word' id='word_1_298' title='bbox 1670 2907 1774 2992; x_wconf 90' lang='lat' dir='ltr'><strong>magis</strong></span> <span class='ocrx_word' id='word_1_299' title='bbox 1790 2928 1868 2971; x_wconf 84' lang='lat' dir='ltr'><strong>vero</strong></span> <span class='ocrx_word' id='word_1_300' title='bbox 1893 2909 1986 2988; x_wconf 66' lang='lat' dir='ltr'><strong>beati</strong></span> <span class='ocrx_word' id='word_1_301' title='bbox 2010 2913 2060 2994; x_wconf 83' lang='lat' dir='ltr'><strong>qni</strong></span> 
     </span>
     <span class='ocr_line' id='line_1_25' title="bbox 422 3012 2057 3100; baseline -0.001 -22"><span class='ocrx_word' id='word_1_302' title='bbox 422 3017 598 3079; x_wconf 82' lang='lat' dir='ltr'><strong>moriuntur</strong></span> <span class='ocrx_word' id='word_1_303' title='bbox 627 3016 662 3078; x_wconf 86' lang='lat' dir='ltr'><strong>io</strong></span> <span class='ocrx_word' id='word_1_304' title='bbox 684 3013 831 3078; x_wconf 82' lang='lat' dir='ltr'><strong>Domino.</strong></span> <span class='ocrx_word' id='word_1_305' title='bbox 878 3012 1033 3077; x_wconf 89' lang='lat' dir='ltr'><strong>Preciosa</strong></span> <span class='ocrx_word' id='word_1_306' title='bbox 1061 3013 1094 3076; x_wconf 91' lang='lat' dir='ltr'><strong>in</strong></span> <span class='ocrx_word' id='word_1_307' title='bbox 1124 3023 1300 3100; x_wconf 88' lang='lat' dir='ltr'><strong>conspectu</strong></span> <span class='ocrx_word' id='word_1_308' title='bbox 1323 3012 1456 3077; x_wconf 91' lang='lat' dir='ltr'><strong>Domini</strong></span> <span class='ocrx_word' id='word_1_309' title='bbox 1486 3035 1596 3098; x_wconf 90' lang='lat' dir='ltr'><strong>pugna</strong></span> <span class='ocrx_word' id='word_1_310' title='bbox 1625 3012 1761 3078; x_wconf 88' lang='lat' dir='ltr'><strong>militum</strong></span> <span class='ocrx_word' id='word_1_311' title='bbox 1792 3014 1871 3094; x_wconf 89' lang='lat' dir='ltr'><strong>eius,</strong></span> <span class='ocrx_word' id='word_1_312' title='bbox 1904 3023 1937 3078; x_wconf 89' lang='lat' dir='ltr'><strong>et</strong></span> <span class='ocrx_word' id='word_1_313' title='bbox 1967 3013 2057 3078; x_wconf 89' lang='lat' dir='ltr'><strong>multo</strong></span> 
     </span>
     <span class='ocr_line' id='line_1_26' title="bbox 270 3117 2089 3207; baseline -0.001 -21"><span class='ocrx_word' id='word_1_314' title='bbox 270 3121 526 3205; x_wconf 65' lang='lat' dir='ltr'><strong>aestatemagis</strong></span> <span class='ocrx_word' id='word_1_315' title='bbox 543 3123 693 3206; x_wconf 82' lang='lat' dir='ltr'><strong>precioso</strong></span> <span class='ocrx_word' id='word_1_316' title='bbox 716 3123 750 3185; x_wconf 84' lang='lat' dir='ltr'><strong>io</strong></span> <span class='ocrx_word' id='word_1_317' title='bbox 766 3134 927 3207; x_wconf 78' lang='lat' dir='ltr'><strong>conspectu</strong></span> <span class='ocrx_word' id='word_1_318' title='bbox 942 3119 1079 3185; x_wconf 81' lang='lat' dir='ltr'><strong>Domini</strong></span> <span class='ocrx_word' id='word_1_319' title='bbox 1098 3145 1182 3184; x_wconf 84' lang='lat' dir='ltr'><strong>more</strong></span> <span class='ocrx_word' id='word_1_320' title='bbox 1204 3133 1379 3184; x_wconf 81' lang='lat' dir='ltr'><strong>sanctorum</strong></span> <span class='ocrx_word' id='word_1_321' title='bbox 1404 3122 1479 3184; x_wconf 80' lang='lat' dir='ltr'><strong>eius.</strong></span> <span class='ocrx_word' id='word_1_322' title='bbox 1516 3118 1598 3199; x_wconf 80' lang='lat' dir='ltr'><strong>Quis</strong></span> <span class='ocrx_word' id='word_1_323' title='bbox 1623 3121 1708 3183; x_wconf 87' lang='lat' dir='ltr'><strong>enim</strong></span> <span class='ocrx_word' id='word_1_324' title='bbox 1724 3117 1851 3184; x_wconf 87' lang='lat' dir='ltr'><strong>dubitet</strong></span> <span class='ocrx_word' id='word_1_325' title='bbox 1872 3121 1908 3183; x_wconf 90' lang='lat' dir='ltr'><strong>in</strong></span> <span class='ocrx_word' id='word_1_326' title='bbox 1931 3141 2089 3184; x_wconf 75' lang='lat' dir='ltr'><strong>numeros</strong></span> 
     </span>
     <span class='ocr_line' id='line_1_27' title="bbox 424 3223 2058 3311; baseline 0 -21"><span class='ocrx_word' id='word_1_327' title='bbox 424 3236 606 3291; x_wconf 87' lang='lat' dir='ltr'><strong>sanctorum</strong></span> <span class='ocrx_word' id='word_1_328' title='bbox 623 3224 865 3311; x_wconf 89' lang='lat' dir='ltr'><strong>computandos,</strong></span> <span class='ocrx_word' id='word_1_329' title='bbox 882 3226 939 3311; x_wconf 92' lang='lat' dir='ltr'><strong>qui</strong></span> <span class='ocrx_word' id='word_1_330' title='bbox 954 3235 987 3288; x_wconf 88' lang='lat' dir='ltr'><strong>ct</strong></span> <span class='ocrx_word' id='word_1_331' title='bbox 1001 3237 1183 3311; x_wconf 86' lang='lat' dir='ltr'><strong>pugnantes</strong></span> <span class='ocrx_word' id='word_1_332' title='bbox 1199 3248 1237 3290; x_wconf 90' lang='lat' dir='ltr'><strong>ac</strong></span> <span class='ocrx_word' id='word_1_333' title='bbox 1253 3224 1487 3311; x_wconf 87' lang='lat' dir='ltr'><strong>triumphantes</strong></span> <span class='ocrx_word' id='word_1_334' title='bbox 1503 3225 1668 3290; x_wconf 86' lang='lat' dir='ltr'><strong>lucrantur</strong></span> <span class='ocrx_word' id='word_1_335' title='bbox 1683 3223 1811 3289; x_wconf 90' lang='lat' dir='ltr'><strong>Christo</strong></span> <span class='ocrx_word' id='word_1_336' title='bbox 1835 3237 1868 3289; x_wconf 91' lang='lat' dir='ltr'><strong>et</strong></span> <span class='ocrx_word' id='word_1_337' title='bbox 1891 3227 2058 3290; x_wconf 89' lang='lat' dir='ltr'><strong>morientes</strong></span> 
     </span>
     <span class='ocr_line' id='line_1_28' title="bbox 423 3330 2058 3413; baseline -0.001 -17"><span class='ocrx_word' id='word_1_338' title='bbox 423 3333 589 3398; x_wconf 89' lang='lat' dir='ltr'><strong>lucrantur</strong></span> <span class='ocrx_word' id='word_1_339' title='bbox 605 3330 793 3397; x_wconf 82' lang='lat' dir='ltr'><strong>Christum?</strong></span> <span class='ocrx_word' id='word_1_340' title='bbox 839 3332 905 3413; x_wconf 81' lang='lat' dir='ltr'><strong>Qui</strong></span> <span class='ocrx_word' id='word_1_341' title='bbox 928 3333 1033 3396; x_wconf 85' lang='lat' dir='ltr'><strong>secun&#39;</strong></span> <span class='ocrx_word' id='word_1_342' title='bbox 1057 3331 1165 3396; x_wconf 89' lang='lat' dir='ltr'><strong>hostes</strong></span> <span class='ocrx_word' id='word_1_343' title='bbox 1188 3330 1367 3396; x_wconf 86' lang='lat' dir='ltr'><strong>aecclesiae</strong></span> <span class='ocrx_word' id='word_1_344' title='bbox 1391 3333 1588 3413; x_wconf 88' lang='lat' dir='ltr'><strong>interimunt,</strong></span> <span class='ocrx_word' id='word_1_345' title='bbox 1613 3333 1791 3396; x_wconf 84' lang='lat' dir='ltr'><strong>securiores</strong></span> <span class='ocrx_word' id='word_1_346' title='bbox 1814 3331 1856 3396; x_wconf 89' lang='lat' dir='ltr'><strong>ab</strong></span> <span class='ocrx_word' id='word_1_347' title='bbox 1879 3332 1945 3396; x_wconf 91' lang='lat' dir='ltr'><strong>illis</strong></span> <span class='ocrx_word' id='word_1_348' title='bbox 1969 3333 2058 3396; x_wconf 90' lang='lat' dir='ltr'><strong>inter-</strong></span> 
     </span>
     <span class='ocr_line' id='line_1_29' title="bbox 424 3437 2060 3526; baseline -0.001 -22"><span class='ocrx_word' id='word_1_349' title='bbox 424 3449 511 3520; x_wconf 88' lang='lat' dir='ltr'><strong>eunt,</strong></span> <span class='ocrx_word' id='word_1_350' title='bbox 535 3440 677 3526; x_wconf 89' lang='lat' dir='ltr'><strong>quinon</strong></span> <span class='ocrx_word' id='word_1_351' title='bbox 700 3437 823 3503; x_wconf 85' lang='lat' dir='ltr'><strong>faciunt</strong></span> <span class='ocrx_word' id='word_1_352' title='bbox 845 3439 986 3502; x_wconf 89' lang='lat' dir='ltr'><strong>animam</strong></span> <span class='ocrx_word' id='word_1_353' title='bbox 1010 3460 1100 3502; x_wconf 88' lang='lat' dir='ltr'><strong>suam</strong></span> <span class='ocrx_word' id='word_1_354' title='bbox 1124 3439 1352 3524; x_wconf 86' lang='lat' dir='ltr'><strong>preciosiorem</strong></span> <span class='ocrx_word' id='word_1_355' title='bbox 1368 3461 1465 3524; x_wconf 88' lang='lat' dir='ltr'><strong>quam</strong></span> <span class='ocrx_word' id='word_1_356' title='bbox 1485 3461 1529 3520; x_wconf 92' lang='lat' dir='ltr'><strong>se,</strong></span> <span class='ocrx_word' id='word_1_357' title='bbox 1550 3438 1724 3503; x_wconf 90' lang='lat' dir='ltr'><strong>dummodo</strong></span> <span class='ocrx_word' id='word_1_358' title='bbox 1748 3450 1974 3503; x_wconf 89' lang='lat' dir='ltr'><strong>consumment</strong></span> <span class='ocrx_word' id='word_1_359' title='bbox 1996 3461 2060 3503; x_wconf 89' lang='lat' dir='ltr'><strong>cur-</strong></span> 
     </span>
     <span class='ocr_line' id='line_1_30' title="bbox 424 3543 2061 3630; baseline -0.001 -20"><span class='ocrx_word' id='word_1_360' title='bbox 424 3569 495 3610; x_wconf 88' lang='lat' dir='ltr'><strong>sum</strong></span> <span class='ocrx_word' id='word_1_361' title='bbox 518 3567 595 3609; x_wconf 89' lang='lat' dir='ltr'><strong>suae</strong></span> <span class='ocrx_word' id='word_1_362' title='bbox 618 3544 762 3626; x_wconf 89' lang='lat' dir='ltr'><strong>militiae,</strong></span> <span class='ocrx_word' id='word_1_363' title='bbox 787 3543 927 3608; x_wconf 89' lang='lat' dir='ltr'><strong>habituri</strong></span> <span class='ocrx_word' id='word_1_364' title='bbox 951 3565 1061 3608; x_wconf 86' lang='lat' dir='ltr'><strong>aecum</strong></span> <span class='ocrx_word' id='word_1_365' title='bbox 1084 3545 1118 3607; x_wconf 90' lang='lat' dir='ltr'><strong>in</strong></span> <span class='ocrx_word' id='word_1_366' title='bbox 1140 3543 1242 3630; x_wconf 91' lang='lat' dir='ltr'><strong>prelio</strong></span> <span class='ocrx_word' id='word_1_367' title='bbox 1266 3567 1379 3609; x_wconf 84' lang='lat' dir='ltr'><strong>verum</strong></span> <span class='ocrx_word' id='word_1_368' title='bbox 1401 3545 1506 3610; x_wconf 87' lang='lat' dir='ltr'><strong>Ioaue.</strong></span> <span class='ocrx_word' id='word_1_369' title='bbox 1553 3545 1655 3610; x_wconf 90' lang='lat' dir='ltr'><strong>Porro</strong></span> <span class='ocrx_word' id='word_1_370' title='bbox 1679 3546 1832 3610; x_wconf 87' lang='lat' dir='ltr'><strong>sacerdos</strong></span> <span class='ocrx_word' id='word_1_371' title='bbox 1855 3545 1967 3610; x_wconf 86' lang='lat' dir='ltr'><strong>Aaron</strong></span> <span class='ocrx_word' id='word_1_372' title='bbox 1992 3567 2061 3610; x_wconf 89' lang='lat' dir='ltr'><strong>cum</strong></span> 
     </span>
     <span class='ocr_line' id='line_1_31' title="bbox 423 3650 2101 3738; baseline -0.001 -22"><span class='ocrx_word' id='word_1_373' title='bbox 423 3662 491 3716; x_wconf 90' lang='lat' dir='ltr'><strong>tota</strong></span> <span class='ocrx_word' id='word_1_374' title='bbox 513 3651 600 3716; x_wconf 90' lang='lat' dir='ltr'><strong>tribu</strong></span> <span class='ocrx_word' id='word_1_375' title='bbox 616 3651 763 3715; x_wconf 90' lang='lat' dir='ltr'><strong>Levitica</strong></span> <span class='ocrx_word' id='word_1_376' title='bbox 786 3651 926 3715; x_wconf 90' lang='lat' dir='ltr'><strong>sociatus</strong></span> <span class='ocrx_word' id='word_1_377' title='bbox 950 3660 998 3714; x_wconf 88' lang='lat' dir='ltr'><strong>est</strong></span> <span class='ocrx_word' id='word_1_378' title='bbox 1020 3672 1098 3714; x_wconf 87' lang='lat' dir='ltr'><strong>vero</strong></span> <span class='ocrx_word' id='word_1_379' title='bbox 1114 3651 1220 3736; x_wconf 90' lang='lat' dir='ltr'><strong>Moysi</strong></span> <span class='ocrx_word' id='word_1_380' title='bbox 1243 3652 1348 3715; x_wconf 90' lang='lat' dir='ltr'><strong>oranti</strong></span> <span class='ocrx_word' id='word_1_381' title='bbox 1370 3674 1507 3732; x_wconf 88' lang='lat' dir='ltr'><strong>sursum,</strong></span> <span class='ocrx_word' id='word_1_382' title='bbox 1530 3650 1587 3716; x_wconf 93' lang='lat' dir='ltr'><strong>ubi</strong></span> <span class='ocrx_word' id='word_1_383' title='bbox 1609 3674 1668 3738; x_wconf 88' lang='lat' dir='ltr'><strong>pro</strong></span> <span class='ocrx_word' id='word_1_384' title='bbox 1692 3650 1785 3716; x_wconf 90' lang='lat' dir='ltr'><strong>nobis</strong></span> <span class='ocrx_word' id='word_1_385' title='bbox 1808 3650 2009 3738; x_wconf 87' lang='lat' dir='ltr'><strong>interpellat:</strong></span> <span class='ocrx_word' id='word_1_386' title='bbox 2034 3663 2063 3716; x_wconf 87' lang='lat' dir='ltr'><strong>ct</strong></span> <span class='ocrx_word' id='word_1_387' title='bbox 2079 3676 2101 3715; x_wconf 82' lang='lat' dir='ltr'><strong>n</strong></span> 
     </span>
     <span class='ocr_line' id='line_1_32' title="bbox 248 3751 2063 3852; baseline 0 -30"><span class='ocrx_word' id='word_1_388' title='bbox 248 3751 404 3852; x_wconf 48' lang='lat' dir='ltr'><strong>Emssfffl</strong></span> <span class='ocrx_word' id='word_1_389' title='bbox 425 3767 473 3822; x_wconf 89' lang='lat' dir='ltr'><strong>est</strong></span> <span class='ocrx_word' id='word_1_390' title='bbox 495 3757 618 3843; x_wconf 85' lang='lat' dir='ltr'><strong>grande</strong></span> <span class='ocrx_word' id='word_1_391' title='bbox 642 3756 862 3843; x_wconf 89' lang='lat' dir='ltr'><strong>spectaculum</strong></span> <span class='ocrx_word' id='word_1_392' title='bbox 877 3755 990 3820; x_wconf 85' lang='lat' dir='ltr'><strong>videre</strong></span> <span class='ocrx_word' id='word_1_393' title='bbox 1013 3756 1089 3821; x_wconf 89' lang='lat' dir='ltr'><strong>hinc</strong></span> <span class='ocrx_word' id='word_1_394' title='bbox 1111 3756 1228 3820; x_wconf 89' lang='lat' dir='ltr'><strong>milites</strong></span> <span class='ocrx_word' id='word_1_395' title='bbox 1251 3758 1284 3820; x_wconf 91' lang='lat' dir='ltr'><strong>in</strong></span> <span class='ocrx_word' id='word_1_396' title='bbox 1308 3780 1422 3843; x_wconf 87' lang='lat' dir='ltr'><strong>campo</strong></span> <span class='ocrx_word' id='word_1_397' title='bbox 1446 3769 1627 3844; x_wconf 84' lang='lat' dir='ltr'><strong>pugnantes</strong></span> <span class='ocrx_word' id='word_1_398' title='bbox 1651 3757 1733 3824; x_wconf 91' lang='lat' dir='ltr'><strong>duce</strong></span> <span class='ocrx_word' id='word_1_399' title='bbox 1757 3758 1862 3838; x_wconf 76' lang='lat' dir='ltr'><strong>losse,</strong></span> <span class='ocrx_word' id='word_1_400' title='bbox 1886 3759 1964 3823; x_wconf 89' lang='lat' dir='ltr'><strong>hinc</strong></span> <span class='ocrx_word' id='word_1_401' title='bbox 1988 3781 2063 3822; x_wconf 83' lang='lat' dir='ltr'><strong>vero</strong></span> 
     </span>
     <span class='ocr_line' id='line_1_33' title="bbox 423 3861 2065 3951; baseline 0.001 -23"><span class='ocrx_word' id='word_1_402' title='bbox 423 3863 555 3928; x_wconf 89' lang='lat' dir='ltr'><strong>beatum</strong></span> <span class='ocrx_word' id='word_1_403' title='bbox 570 3862 797 3948; x_wconf 84' lang='lat' dir='ltr'><strong>Augustinum‚</strong></span> <span class='ocrx_word' id='word_1_404' title='bbox 815 3863 908 3948; x_wconf 88' lang='lat' dir='ltr'><strong>quasi</strong></span> <span class='ocrx_word' id='word_1_405' title='bbox 924 3861 1059 3926; x_wconf 87' lang='lat' dir='ltr'><strong>alterum</strong></span> <span class='ocrx_word' id='word_1_406' title='bbox 1074 3861 1184 3927; x_wconf 85' lang='lat' dir='ltr'><strong>Aaron</strong></span> <span class='ocrx_word' id='word_1_407' title='bbox 1201 3864 1354 3948; x_wconf 88' lang='lat' dir='ltr'><strong>stipatum</strong></span> <span class='ocrx_word' id='word_1_408' title='bbox 1373 3863 1490 3944; x_wconf 88' lang='lat' dir='ltr'><strong>levitis,</strong></span> <span class='ocrx_word' id='word_1_409' title='bbox 1511 3875 1542 3928; x_wconf 91' lang='lat' dir='ltr'><strong>et</strong></span> <span class='ocrx_word' id='word_1_410' title='bbox 1566 3877 1711 3931; x_wconf 90' lang='lat' dir='ltr'><strong>sanctum</strong></span> <span class='ocrx_word' id='word_1_411' title='bbox 1726 3865 1951 3946; x_wconf 90' lang='lat' dir='ltr'><strong>Benedictnm‚</strong></span> <span class='ocrx_word' id='word_1_412' title='bbox 1974 3867 2065 3951; x_wconf 88' lang='lat' dir='ltr'><strong>quasi</strong></span> 
     </span>
     <span class='ocr_line' id='line_1_34' title="bbox 425 3968 2065 4058; baseline 0.002 -24"><span class='ocrx_word' id='word_1_413' title='bbox 425 3969 474 4034; x_wconf 92' lang='lat' dir='ltr'><strong>Ur</strong></span> <span class='ocrx_word' id='word_1_414' title='bbox 504 3972 656 4056; x_wconf 90' lang='lat' dir='ltr'><strong>stipatum</strong></span> <span class='ocrx_word' id='word_1_415' title='bbox 686 3969 846 4055; x_wconf 87' lang='lat' dir='ltr'><strong>religiosis</strong></span> <span class='ocrx_word' id='word_1_416' title='bbox 876 3968 1053 4050; x_wconf 89' lang='lat' dir='ltr'><strong>monachis,</strong></span> <span class='ocrx_word' id='word_1_417' title='bbox 1078 3979 1206 4033; x_wconf 89' lang='lat' dir='ltr'><strong>orantes</strong></span> <span class='ocrx_word' id='word_1_418' title='bbox 1233 3981 1264 4033; x_wconf 90' lang='lat' dir='ltr'><strong>et</strong></span> <span class='ocrx_word' id='word_1_419' title='bbox 1292 3971 1500 4055; x_wconf 83' lang='lat' dir='ltr'><strong>agonizantes</strong></span> <span class='ocrx_word' id='word_1_420' title='bbox 1530 3971 1565 4034; x_wconf 90' lang='lat' dir='ltr'><strong>in</strong></span> <span class='ocrx_word' id='word_1_421' title='bbox 1588 3983 1693 4036; x_wconf 90' lang='lat' dir='ltr'><strong>monte</strong></span> <span class='ocrx_word' id='word_1_422' title='bbox 1717 3974 1792 4054; x_wconf 86' lang='lat' dir='ltr'><strong>alto,</strong></span> <span class='ocrx_word' id='word_1_423' title='bbox 1816 3971 1972 4036; x_wconf 81' lang='lat' dir='ltr'><strong>videlicet</strong></span> <span class='ocrx_word' id='word_1_424' title='bbox 1995 3995 2065 4058; x_wconf 88' lang='lat' dir='ltr'><strong>pro-</strong></span> 
     </span>
     <span class='ocr_line' id='line_1_35' title="bbox 425 4075 2067 4164; baseline 0.001 -24"><span class='ocrx_word' id='word_1_425' title='bbox 425 4077 539 4163; x_wconf 90' lang='lat' dir='ltr'><strong>posito,</strong></span> <span class='ocrx_word' id='word_1_426' title='bbox 564 4075 652 4162; x_wconf 93' lang='lat' dir='ltr'><strong>quod</strong></span> <span class='ocrx_word' id='word_1_427' title='bbox 673 4097 771 4140; x_wconf 79' lang='lat' dir='ltr'><strong>verus</strong></span> <span class='ocrx_word' id='word_1_428' title='bbox 794 4075 925 4162; x_wconf 89' lang='lat' dir='ltr'><strong>Moyses</strong></span> <span class='ocrx_word' id='word_1_429' title='bbox 955 4076 1119 4161; x_wconf 87' lang='lat' dir='ltr'><strong>incapite</strong></span> <span class='ocrx_word' id='word_1_430' title='bbox 1148 4077 1224 4138; x_wconf 81' lang='lat' dir='ltr'><strong>novi</strong></span> <span class='ocrx_word' id='word_1_431' title='bbox 1255 4078 1439 4140; x_wconf 86' lang='lat' dir='ltr'><strong>testamenti</strong></span> <span class='ocrx_word' id='word_1_432' title='bbox 1464 4078 1582 4162; x_wconf 88' lang='lat' dir='ltr'><strong>posuit,</strong></span> <span class='ocrx_word' id='word_1_433' title='bbox 1613 4077 1741 4162; x_wconf 90' lang='lat' dir='ltr'><strong>quando</strong></span> <span class='ocrx_word' id='word_1_434' title='bbox 1766 4080 1830 4142; x_wconf 91' lang='lat' dir='ltr'><strong>suis</strong></span> <span class='ocrx_word' id='word_1_435' title='bbox 1855 4077 2067 4164; x_wconf 87' lang='lat' dir='ltr'><strong>discipulisa</strong></span> 
     </span>
     <span class='ocr_line' id='line_1_36' title="bbox 425 4181 2107 4271; baseline -0.001 -24"><span class='ocrx_word' id='word_1_436' title='bbox 425 4183 522 4248; x_wconf 86' lang='lat' dir='ltr'><strong>turba</strong></span> <span class='ocrx_word' id='word_1_437' title='bbox 549 4184 679 4247; x_wconf 89' lang='lat' dir='ltr'><strong>semotis</strong></span> <span class='ocrx_word' id='word_1_438' title='bbox 702 4205 767 4247; x_wconf 92' lang='lat' dir='ltr'><strong>non</strong></span> <span class='ocrx_word' id='word_1_439' title='bbox 790 4184 824 4247; x_wconf 91' lang='lat' dir='ltr'><strong>in</strong></span> <span class='ocrx_word' id='word_1_440' title='bbox 846 4182 917 4247; x_wconf 91' lang='lat' dir='ltr'><strong>loco</strong></span> <span class='ocrx_word' id='word_1_441' title='bbox 941 4182 1124 4268; x_wconf 87' lang='lat' dir='ltr'><strong>campestri,</strong></span> <span class='ocrx_word' id='word_1_442' title='bbox 1156 4181 1213 4246; x_wconf 80' lang='lat' dir='ltr'><strong>ted</strong></span> <span class='ocrx_word' id='word_1_443' title='bbox 1242 4184 1275 4245; x_wconf 92' lang='lat' dir='ltr'><strong>in</strong></span> <span class='ocrx_word' id='word_1_444' title='bbox 1297 4193 1405 4247; x_wconf 89' lang='lat' dir='ltr'><strong>monte</strong></span> <span class='ocrx_word' id='word_1_445' title='bbox 1435 4182 1652 4248; x_wconf 89' lang='lat' dir='ltr'><strong>beatitudines</strong></span> <span class='ocrx_word' id='word_1_446' title='bbox 1683 4183 1923 4268; x_wconf 75' lang='lat' dir='ltr'><strong>capessendas·</strong></span> <span class='ocrx_word' id='word_1_447' title='bbox 1948 4207 2066 4271; x_wconf 86' lang='lat' dir='ltr'><strong>propo·</strong></span> <span class='ocrx_word' id='word_1_448' title='bbox 2084 4207 2107 4246; x_wconf 77' lang='lat' dir='ltr'><strong>a</strong></span> 
     </span>
     <span class='ocr_line' id='line_1_37' title="bbox 271 4290 1270 4376; baseline -0.007 -18"><span class='ocrx_word' id='word_1_449' title='bbox 271 4319 407 4366; x_wconf 68' lang='lat' dir='ltr'><strong>usstass.</strong></span> <span class='ocrx_word' id='word_1_450' title='bbox 427 4291 490 4355; x_wconf 86' lang='lat' dir='ltr'><strong>suit</strong></span> <span class='ocrx_word' id='word_1_451' title='bbox 513 4290 640 4355; x_wconf 88' lang='lat' dir='ltr'><strong>dicens:</strong></span> <span class='ocrx_word' id='word_1_452' title='bbox 666 4291 763 4355; x_wconf 82' lang='lat' dir='ltr'><strong>Beati</strong></span> <span class='ocrx_word' id='word_1_453' title='bbox 776 4315 936 4376; x_wconf 67' lang='lat' dir='ltr'><strong>purpurea</strong></span> <span class='ocrx_word' id='word_1_454' title='bbox 957 4291 1074 4376; x_wconf 77' lang='lat' dir='ltr'><strong>spirito</strong></span> <span class='ocrx_word' id='word_1_455' title='bbox 1097 4297 1130 4352; x_wconf 85' lang='lat' dir='ltr'><strong>et</strong></span> <span class='ocrx_word' id='word_1_456' title='bbox 1152 4299 1270 4352; x_wconf 86' lang='lat' dir='ltr'><strong>cetera.</strong></span> 
     </span>
    </p>

    <p class='ocr_par' dir='ltr' id='par_1_3' title="bbox 427 4395 2109 5121">
     <span class='ocr_line' id='line_1_38' title="bbox 533 4395 2067 4483; baseline 0.001 -23"><span class='ocrx_word' id='word_1_457' title='bbox 533 4396 605 4460; x_wconf 89' lang='lat' dir='ltr'><strong>Hec</strong></span> <span class='ocrx_word' id='word_1_458' title='bbox 628 4405 701 4460; x_wconf 91' lang='lat' dir='ltr'><strong>sunt</strong></span> <span class='ocrx_word' id='word_1_459' title='bbox 723 4397 778 4482; x_wconf 89' lang='lat' dir='ltr'><strong>pia</strong></span> <span class='ocrx_word' id='word_1_460' title='bbox 803 4395 843 4460; x_wconf 89' lang='lat' dir='ltr'><strong>de</strong></span> <span class='ocrx_word' id='word_1_461' title='bbox 867 4397 980 4481; x_wconf 88' lang='lat' dir='ltr'><strong>spiritu</strong></span> <span class='ocrx_word' id='word_1_462' title='bbox 1010 4395 1139 4482; x_wconf 91' lang='lat' dir='ltr'><strong>pietatis</strong></span> <span class='ocrx_word' id='word_1_463' title='bbox 1166 4396 1390 4481; x_wconf 88' lang='lat' dir='ltr'><strong>provenientia</strong></span> <span class='ocrx_word' id='word_1_464' title='bbox 1413 4396 1607 4481; x_wconf 88' lang='lat' dir='ltr'><strong>spectacula,</strong></span> <span class='ocrx_word' id='word_1_465' title='bbox 1632 4397 1723 4462; x_wconf 90' lang='lat' dir='ltr'><strong>cuius</strong></span> <span class='ocrx_word' id='word_1_466' title='bbox 1747 4398 1926 4483; x_wconf 86' lang='lat' dir='ltr'><strong>operationi</strong></span> <span class='ocrx_word' id='word_1_467' title='bbox 1950 4409 1984 4462; x_wconf 91' lang='lat' dir='ltr'><strong>et</strong></span> <span class='ocrx_word' id='word_1_468' title='bbox 2007 4397 2067 4462; x_wconf 91' lang='lat' dir='ltr'><strong>hoc</strong></span> 
     </span>
     <span class='ocr_line' id='line_1_39' title="bbox 427 4500 2067 4590; baseline 0.001 -24"><span class='ocrx_word' id='word_1_469' title='bbox 427 4504 639 4588; x_wconf 88' lang='lat' dir='ltr'><strong>assignamus,</strong></span> <span class='ocrx_word' id='word_1_470' title='bbox 664 4501 750 4587; x_wconf 91' lang='lat' dir='ltr'><strong>quod</strong></span> <span class='ocrx_word' id='word_1_471' title='bbox 769 4504 802 4565; x_wconf 90' lang='lat' dir='ltr'><strong>in</strong></span> <span class='ocrx_word' id='word_1_472' title='bbox 819 4501 932 4566; x_wconf 87' lang='lat' dir='ltr'><strong>diebus</strong></span> <span class='ocrx_word' id='word_1_473' title='bbox 951 4502 1021 4565; x_wconf 87' lang='lat' dir='ltr'><strong>istis</strong></span> <span class='ocrx_word' id='word_1_474' title='bbox 1039 4523 1159 4587; x_wconf 89' lang='lat' dir='ltr'><strong>magna</strong></span> <span class='ocrx_word' id='word_1_475' title='bbox 1175 4512 1224 4565; x_wconf 90' lang='lat' dir='ltr'><strong>est</strong></span> <span class='ocrx_word' id='word_1_476' title='bbox 1242 4500 1397 4566; x_wconf 80' lang='lat' dir='ltr'><strong>libertas⁵</strong></span> <span class='ocrx_word' id='word_1_477' title='bbox 1415 4504 1579 4567; x_wconf 90' lang='lat' dir='ltr'><strong>canonicis</strong></span> <span class='ocrx_word' id='word_1_478' title='bbox 1599 4501 1810 4567; x_wconf 88' lang='lat' dir='ltr'><strong>electionibus</strong></span> <span class='ocrx_word' id='word_1_479' title='bbox 1829 4505 2067 4590; x_wconf 90' lang='lat' dir='ltr'><strong>episcoporum,</strong></span> 
     </span>
     <span class='ocr_line' id='line_1_40' title="bbox 428 4607 2068 4697; baseline 0.002 -25"><span class='ocrx_word' id='word_1_480' title='bbox 428 4607 592 4688; x_wconf 91' lang='lat' dir='ltr'><strong>abbatum,</strong></span> <span class='ocrx_word' id='word_1_481' title='bbox 606 4609 840 4694; x_wconf 87' lang='lat' dir='ltr'><strong>prepositorum</strong></span> <span class='ocrx_word' id='word_1_482' title='bbox 856 4619 888 4672; x_wconf 89' lang='lat' dir='ltr'><strong>et</strong></span> <span class='ocrx_word' id='word_1_483' title='bbox 903 4607 1039 4672; x_wconf 91' lang='lat' dir='ltr'><strong>aliarum</strong></span> <span class='ocrx_word' id='word_1_484' title='bbox 1055 4607 1347 4672; x_wconf 89' lang='lat' dir='ltr'><strong>ecclesiasticarum</strong></span> <span class='ocrx_word' id='word_1_485' title='bbox 1362 4631 1572 4694; x_wconf 89' lang='lat' dir='ltr'><strong>personarum</strong></span> <span class='ocrx_word' id='word_1_486' title='bbox 1587 4608 1867 4694; x_wconf 85' lang='lat' dir='ltr'><strong>provehendarum</strong></span> <span class='ocrx_word' id='word_1_487' title='bbox 1882 4611 1916 4673; x_wconf 93' lang='lat' dir='ltr'><strong>in</strong></span> <span class='ocrx_word' id='word_1_488' title='bbox 1929 4610 2068 4697; x_wconf 88' lang='lat' dir='ltr'><strong>dignita·</strong></span> 
     </span>
     <span class='ocr_line' id='line_1_41' title="bbox 427 4712 2109 4803; baseline 0 -26"><span class='ocrx_word' id='word_1_489' title='bbox 427 4712 523 4796; x_wconf 90' lang='lat' dir='ltr'><strong>tibus,</strong></span> <span class='ocrx_word' id='word_1_490' title='bbox 538 4735 617 4800; x_wconf 88' lang='lat' dir='ltr'><strong>quas</strong></span> <span class='ocrx_word' id='word_1_491' title='bbox 634 4735 693 4799; x_wconf 91' lang='lat' dir='ltr'><strong>per</strong></span> <span class='ocrx_word' id='word_1_492' title='bbox 708 4714 823 4778; x_wconf 86' lang='lat' dir='ltr'><strong>multos</strong></span> <span class='ocrx_word' id='word_1_493' title='bbox 840 4736 941 4778; x_wconf 90' lang='lat' dir='ltr'><strong>annos</strong></span> <span class='ocrx_word' id='word_1_494' title='bbox 956 4735 1040 4799; x_wconf 90' lang='lat' dir='ltr'><strong>pene</strong></span> <span class='ocrx_word' id='word_1_495' title='bbox 1057 4735 1077 4776; x_wconf 90' lang='lat' dir='ltr'><strong>a</strong></span> <span class='ocrx_word' id='word_1_496' title='bbox 1092 4723 1237 4799; x_wconf 90' lang='lat' dir='ltr'><strong>tempore</strong></span> <span class='ocrx_word' id='word_1_497' title='bbox 1251 4714 1377 4778; x_wconf 89' lang='lat' dir='ltr'><strong>Ottonis</strong></span> <span class='ocrx_word' id='word_1_498' title='bbox 1394 4716 1489 4800; x_wconf 91' lang='lat' dir='ltr'><strong>primi</strong></span> <span class='ocrx_word' id='word_1_499' title='bbox 1503 4716 1708 4800; x_wconf 90' lang='lat' dir='ltr'><strong>imperatoris</strong></span> <span class='ocrx_word' id='word_1_500' title='bbox 1719 4738 1821 4802; x_wconf 89' lang='lat' dir='ltr'><strong>usque</strong></span> <span class='ocrx_word' id='word_1_501' title='bbox 1838 4716 1881 4780; x_wconf 95' lang='lat' dir='ltr'><strong>ad</strong></span> <span class='ocrx_word' id='word_1_502' title='bbox 1895 4717 2068 4803; x_wconf 85' lang='lat' dir='ltr'><strong>imperato·</strong></span> <span class='ocrx_word' id='word_1_503' title='bbox 2085 4739 2109 4777; x_wconf 84' lang='lat' dir='ltr'><strong>n</strong></span> 
     </span>
     <span class='ocr_line' id='line_1_42' title="bbox 428 4818 2067 4910; baseline 0.001 -26"><span class='ocrx_word' id='word_1_504' title='bbox 428 4843 496 4885; x_wconf 92' lang='lat' dir='ltr'><strong>rem</strong></span> <span class='ocrx_word' id='word_1_505' title='bbox 519 4820 710 4884; x_wconf 89' lang='lat' dir='ltr'><strong>Heinricum</strong></span> <span class='ocrx_word' id='word_1_506' title='bbox 734 4831 882 4906; x_wconf 90' lang='lat' dir='ltr'><strong>quartum</strong></span> <span class='ocrx_word' id='word_1_507' title='bbox 905 4819 1047 4884; x_wconf 86' lang='lat' dir='ltr'><strong>vendere</strong></span> <span class='ocrx_word' id='word_1_508' title='bbox 1071 4818 1218 4884; x_wconf 88' lang='lat' dir='ltr'><strong>solebant</strong></span> <span class='ocrx_word' id='word_1_509' title='bbox 1243 4822 1306 4906; x_wconf 90' lang='lat' dir='ltr'><strong>ipsi</strong></span> <span class='ocrx_word' id='word_1_510' title='bbox 1329 4843 1423 4908; x_wconf 89' lang='lat' dir='ltr'><strong>reges</strong></span> <span class='ocrx_word' id='word_1_511' title='bbox 1446 4820 1499 4885; x_wconf 90' lang='lat' dir='ltr'><strong>vel</strong></span> <span class='ocrx_word' id='word_1_512' title='bbox 1521 4823 1743 4908; x_wconf 89' lang='lat' dir='ltr'><strong>imperatores,</strong></span> <span class='ocrx_word' id='word_1_513' title='bbox 1766 4832 1923 4907; x_wconf 86' lang='lat' dir='ltr'><strong>regnante</strong></span> <span class='ocrx_word' id='word_1_514' title='bbox 1946 4821 2067 4910; x_wconf 88' lang='lat' dir='ltr'><strong>ubique</strong></span> 
     </span>
     <span class='ocr_line' id='line_1_43' title="bbox 429 4926 2068 5017; baseline 0.002 -26"><span class='ocrx_word' id='word_1_515' title='bbox 429 4927 585 5014; x_wconf 87' lang='lat' dir='ltr'><strong>symonia,</strong></span> <span class='ocrx_word' id='word_1_516' title='bbox 600 4926 676 4991; x_wconf 88' lang='lat' dir='ltr'><strong>dum</strong></span> <span class='ocrx_word' id='word_1_517' title='bbox 689 4949 748 5012; x_wconf 91' lang='lat' dir='ltr'><strong>per</strong></span> <span class='ocrx_word' id='word_1_518' title='bbox 759 4927 961 5013; x_wconf 90' lang='lat' dir='ltr'><strong>symoniacos</strong></span> <span class='ocrx_word' id='word_1_519' title='bbox 974 4927 1144 5012; x_wconf 90' lang='lat' dir='ltr'><strong>episcopos</strong></span> <span class='ocrx_word' id='word_1_520' title='bbox 1157 4929 1191 4990; x_wconf 91' lang='lat' dir='ltr'><strong>in</strong></span> <span class='ocrx_word' id='word_1_521' title='bbox 1207 4927 1360 4992; x_wconf 87' lang='lat' dir='ltr'><strong>cathedra</strong></span> <span class='ocrx_word' id='word_1_522' title='bbox 1374 4927 1578 5013; x_wconf 88' lang='lat' dir='ltr'><strong>pestilentiae</strong></span> <span class='ocrx_word' id='word_1_523' title='bbox 1589 4930 1711 5014; x_wconf 89' lang='lat' dir='ltr'><strong>positos</strong></span> <span class='ocrx_word' id='word_1_524' title='bbox 1723 4927 1888 4994; x_wconf 84' lang='lat' dir='ltr'><strong>mortifera</strong></span> <span class='ocrx_word' id='word_1_525' title='bbox 1899 4929 1956 4994; x_wconf 91' lang='lat' dir='ltr'><strong>illa</strong></span> <span class='ocrx_word' id='word_1_526' title='bbox 1967 4932 2068 5017; x_wconf 85' lang='lat' dir='ltr'><strong>pestis</strong></span> 
     </span>
     <span class='ocr_line' id='line_1_44' title="bbox 429 5031 2069 5121; baseline 0.001 -24"><span class='ocrx_word' id='word_1_527' title='bbox 429 5032 563 5098; x_wconf 83' lang='lat' dir='ltr'><strong>dilatata</strong></span> <span class='ocrx_word' id='word_1_528' title='bbox 574 5044 624 5097; x_wconf 90' lang='lat' dir='ltr'><strong>est</strong></span> <span class='ocrx_word' id='word_1_529' title='bbox 638 5055 740 5118; x_wconf 89' lang='lat' dir='ltr'><strong>usque</strong></span> <span class='ocrx_word' id='word_1_530' title='bbox 757 5032 800 5097; x_wconf 93' lang='lat' dir='ltr'><strong>ad</strong></span> <span class='ocrx_word' id='word_1_531' title='bbox 814 5032 940 5096; x_wconf 87' lang='lat' dir='ltr'><strong>infimos</strong></span> <span class='ocrx_word' id='word_1_532' title='bbox 955 5031 1112 5119; x_wconf 90' lang='lat' dir='ltr'><strong>plebanos</strong></span> <span class='ocrx_word' id='word_1_533' title='bbox 1129 5044 1162 5097; x_wconf 90' lang='lat' dir='ltr'><strong>et</strong></span> <span class='ocrx_word' id='word_1_534' title='bbox 1177 5033 1371 5119; x_wconf 88' lang='lat' dir='ltr'><strong>capellanos,</strong></span> <span class='ocrx_word' id='word_1_535' title='bbox 1386 5056 1447 5120; x_wconf 91' lang='lat' dir='ltr'><strong>per</strong></span> <span class='ocrx_word' id='word_1_536' title='bbox 1457 5057 1538 5121; x_wconf 89' lang='lat' dir='ltr'><strong>quos</strong></span> <span class='ocrx_word' id='word_1_537' title='bbox 1550 5034 1645 5099; x_wconf 87' lang='lat' dir='ltr'><strong>valde</strong></span> <span class='ocrx_word' id='word_1_538' title='bbox 1661 5034 1890 5121; x_wconf 90' lang='lat' dir='ltr'><strong>multiplicatos</strong></span> <span class='ocrx_word' id='word_1_539' title='bbox 1907 5035 2069 5101; x_wconf 89' lang='lat' dir='ltr'><strong>aecclesia</strong></span> 
     </span>
    </p>

    <p class='ocr_par' dir='ltr' id='par_1_4' title="bbox 299 5136 2067 5228">
     <span class='ocr_line' id='line_1_45' title="bbox 299 5136 2067 5228; baseline -0.002 -19"><span class='ocrx_word' id='word_1_540' title='bbox 299 5161 512 5226; x_wconf 76' lang='lat' dir='ltr'><strong>s2.1a‚s.pene</strong></span> <span class='ocrx_word' id='word_1_541' title='bbox 533 5149 601 5204; x_wconf 86' lang='lat' dir='ltr'><strong>tota</strong></span> <span class='ocrx_word' id='word_1_542' title='bbox 618 5137 791 5204; x_wconf 82' lang='lat' dir='ltr'><strong>sedabatur</strong></span> <span class='ocrx_word' id='word_1_543' title='bbox 812 5160 914 5225; x_wconf 91' lang='lat' dir='ltr'><strong>usque</strong></span> <span class='ocrx_word' id='word_1_544' title='bbox 933 5138 976 5203; x_wconf 90' lang='lat' dir='ltr'><strong>ad</strong></span> <span class='ocrx_word' id='word_1_545' title='bbox 992 5136 1185 5224; x_wconf 85' lang='lat' dir='ltr'><strong>Gregorium</strong></span> <span class='ocrx_word' id='word_1_546' title='bbox 1208 5161 1326 5226; x_wconf 88' lang='lat' dir='ltr'><strong>papam</strong></span> <span class='ocrx_word' id='word_1_547' title='bbox 1339 5140 1413 5222; x_wconf 87' lang='lat' dir='ltr'><strong>Vll,</strong></span> <span class='ocrx_word' id='word_1_548' title='bbox 1439 5142 1494 5226; x_wconf 88' lang='lat' dir='ltr'><strong>qni</strong></span> <span class='ocrx_word' id='word_1_549' title='bbox 1517 5163 1551 5206; x_wconf 90' lang='lat' dir='ltr'><strong>se</strong></span> <span class='ocrx_word' id='word_1_550' title='bbox 1575 5143 1725 5227; x_wconf 89' lang='lat' dir='ltr'><strong>opposuit</strong></span> <span class='ocrx_word' id='word_1_551' title='bbox 1743 5163 1869 5206; x_wconf 89' lang='lat' dir='ltr'><strong>murum</strong></span> <span class='ocrx_word' id='word_1_552' title='bbox 1888 5164 1948 5228; x_wconf 88' lang='lat' dir='ltr'><strong>pro</strong></span> <span class='ocrx_word' id='word_1_553' title='bbox 1971 5141 2067 5207; x_wconf 88' lang='lat' dir='ltr'><strong>domo</strong></span> 
     </span>
    </p>
   </div>
   <div class='ocr_carea' id='block_1_3' title="bbox 536 5336 2111 5404">
    <p class='ocr_par' dir='ltr' id='par_1_5' title="bbox 536 5336 2111 5404">
     <span class='ocr_line' id='line_1_46' title="bbox 536 5336 2111 5404; baseline -0.004 -15"><span class='ocrx_word' id='word_1_554' title='bbox 536 5336 563 5400; x_wconf 87' lang='lat' dir='ltr'><strong>a)</strong></span> <span class='ocrx_word' id='word_1_555' title='bbox 585 5339 766 5404; x_wconf 72' lang='lat' dir='ltr'><strong>capessendas</strong></span> <span class='ocrx_word' id='word_1_556' title='bbox 785 5355 805 5388; x_wconf 83' lang='lat' dir='ltr'><strong>c.</strong></span> <span class='ocrx_word' id='word_1_557' title='bbox 2084 5351 2111 5390; x_wconf 74' lang='lat' dir='ltr'><strong>tt</strong></span> 
     </span>
    </p>
   </div>
   <div class='ocr_carea' id='block_1_4' title="bbox 430 5497 2068 5791">
    <p class='ocr_par' dir='ltr' id='par_1_6' title="bbox 430 5497 2068 5791">
     <span class='ocr_line' id='line_1_47' title="bbox 539 5497 2067 5578; baseline 0.004 -22"><span class='ocrx_word' id='word_1_558' title='bbox 539 5499 568 5571; x_wconf 93' lang='lat'><strong>1)</strong></span> <span class='ocrx_word' id='word_1_559' title='bbox 595 5497 643 5573; x_wconf 86' lang='lat' dir='ltr'><strong>Cf.</strong></span> <span class='ocrx_word' id='word_1_560' title='bbox 667 5499 713 5557; x_wconf 85' lang='lat' dir='ltr'><strong>De</strong></span> <span class='ocrx_word' id='word_1_561' title='bbox 735 5500 859 5578; x_wconf 70' lang='lat' dir='ltr'><strong>iovasny.</strong></span> <span class='ocrx_word' id='word_1_562' title='bbox 884 5501 1011 5558; x_wconf 81' lang='lat' dir='ltr'><strong>Anticbr.</strong></span> <span class='ocrx_word' id='word_1_563' title='bbox 1036 5501 1060 5571; x_wconf 85' lang='lat' dir='ltr'><strong>I,</strong></span> <span class='ocrx_word' id='word_1_564' title='bbox 1090 5521 1113 5558; x_wconf 89' lang='lat' dir='ltr'><strong>c.</strong></span> <span class='ocrx_word' id='word_1_565' title='bbox 1135 5501 1174 5558; x_wconf 83' lang='lat'><strong>59</strong></span> <span class='ocrx_word' id='word_1_566' title='bbox 1191 5522 1251 5578; x_wconf 83' lang='lat' dir='ltr'><strong>sqq.</strong></span> <span class='ocrx_word' id='word_1_567' title='bbox 1359 5501 1389 5572; x_wconf 86' lang='grc'><strong>2)</strong></span> <span class='ocrx_word' id='word_1_568' title='bbox 1414 5503 1470 5560; x_wconf 73' lang='lat' dir='ltr'><strong>Hic</strong></span> <span class='ocrx_word' id='word_1_569' title='bbox 1492 5505 1567 5560; x_wconf 81' lang='lat' dir='ltr'><strong>locus</strong></span> <span class='ocrx_word' id='word_1_570' title='bbox 1591 5501 1628 5562; x_wconf 72' lang='lat' dir='ltr'><strong>G.</strong></span> <span class='ocrx_word' id='word_1_571' title='bbox 1645 5503 1807 5576; x_wconf 74' lang='lat' dir='ltr'><strong>ffiifferum,</strong></span> <span class='ocrx_word' id='word_1_572' title='bbox 1832 5523 1891 5561; x_wconf 83' lang='lat' dir='ltr'><strong>cum</strong></span> <span class='ocrx_word' id='word_1_573' title='bbox 1916 5505 1951 5561; x_wconf 84' lang='lat' dir='ltr'><strong>de</strong></span> <span class='ocrx_word' id='word_1_574' title='bbox 1972 5514 2067 5562; x_wconf 76' lang='lat' dir='ltr'><strong>sancto</strong></span> 
     </span>
     <span class='ocr_line' id='line_1_48' title="bbox 430 5603 2068 5684; baseline 0.001 -20"><span class='ocrx_word' id='word_1_575' title='bbox 430 5607 584 5666; x_wconf 81' lang='lat' dir='ltr'><strong>Bernardo</strong></span> <span class='ocrx_word' id='word_1_576' title='bbox 605 5605 746 5676; x_wconf 78' lang='lat' dir='ltr'><strong>scriberet,</strong></span> <span class='ocrx_word' id='word_1_577' title='bbox 777 5607 882 5684; x_wconf 66' lang='lat' dir='ltr'><strong>effugit.</strong></span> <span class='ocrx_word' id='word_1_578' title='bbox 985 5603 1015 5682; x_wconf 89' lang='lat'><strong>3)</strong></span> <span class='ocrx_word' id='word_1_579' title='bbox 1039 5608 1179 5665; x_wconf 81' lang='lat' dir='ltr'><strong>Kourado</strong></span> <span class='ocrx_word' id='word_1_580' title='bbox 1203 5607 1258 5665; x_wconf 87' lang='lat' dir='ltr'><em>III.</em></span> <span class='ocrx_word' id='word_1_581' title='bbox 1362 5609 1392 5678; x_wconf 83' lang='lat'><strong>4)</strong></span> <span class='ocrx_word' id='word_1_582' title='bbox 1419 5609 1559 5667; x_wconf 75' lang='lat' dir='ltr'><strong>haderico</strong></span> <span class='ocrx_word' id='word_1_583' title='bbox 1581 5609 1645 5666; x_wconf 86' lang='lat' dir='ltr'><em>VII.</em></span> <span class='ocrx_word' id='word_1_584' title='bbox 1747 5611 1777 5681; x_wconf 83' lang='lat'><strong>5)</strong></span> <span class='ocrx_word' id='word_1_585' title='bbox 1804 5609 1851 5682; x_wconf 82' lang='lat' dir='ltr'><strong>Cf.</strong></span> <span class='ocrx_word' id='word_1_586' title='bbox 1878 5609 2012 5668; x_wconf 79' lang='lat' dir='ltr'><strong>Libellum</strong></span> <span class='ocrx_word' id='word_1_587' title='bbox 2036 5611 2068 5667; x_wconf 85' lang='lat' dir='ltr'><strong>de</strong></span> 
     </span>
     <span class='ocr_line' id='line_1_49' title="bbox 430 5713 1133 5791; baseline -0.004 -19"><span class='ocrx_word' id='word_1_588' title='bbox 430 5714 529 5772; x_wconf 81' lang='lat' dir='ltr'><strong>ordine</strong></span> <span class='ocrx_word' id='word_1_589' title='bbox 551 5713 688 5770; x_wconf 82' lang='lat' dir='ltr'><strong>donorwn</strong></span> <span class='ocrx_word' id='word_1_590' title='bbox 711 5713 741 5770; x_wconf 82' lang='lat' dir='ltr'><strong>S.</strong></span> <span class='ocrx_word' id='word_1_591' title='bbox 759 5713 882 5788; x_wconf 77' lang='lat' dir='ltr'><strong>Spiritus</strong></span> <span class='ocrx_word' id='word_1_592' title='bbox 902 5733 992 5789; x_wconf 80' lang='lat' dir='ltr'><strong>supra</strong></span> <span class='ocrx_word' id='word_1_593' title='bbox 1009 5735 1042 5791; x_wconf 84' lang='lat' dir='ltr'><strong>p.</strong></span> <span class='ocrx_word' id='word_1_594' title='bbox 1061 5713 1133 5770; x_wconf 84' lang='lat'>280.</span> 
     </span>
    </p>
   </div>
   <div class='ocr_carea' id='block_1_5' title="bbox 0 0 2220 6388">
    <p class='ocr_par' dir='ltr' id='par_1_7' title="bbox 0 0 2220 6388">
     <span class='ocr_line' id='line_1_50' title="bbox 0 0 2220 6388; baseline 0 0"><span class='ocrx_word' id='word_1_595' title='bbox 0 0 2220 6388; x_wconf 95' lang='lat' dir='ltr'><strong> </strong></span> 
     </span>
    </p>
   </div>
  </div>
 </body>
</html>
