<?xml version="1.0" encoding="UTF-8"?>
<!DOCTYPE html PUBLIC "-//W3C//DTD XHTML 1.0 Transitional//EN"
    "http://www.w3.org/TR/xhtml1/DTD/xhtml1-transitional.dtd">
<html xmlns="http://www.w3.org/1999/xhtml" xml:lang="en" lang="en">
 <head>
  <title>
</title>
<meta http-equiv="Content-Type" content="text/html;charset=utf-8" />
  <meta name='ocr-system' content='tesseract 3.04.00' />
  <meta name='ocr-capabilities' content='ocr_page ocr_carea ocr_par ocr_line ocrx_word'/>
</head>
<body>
  <div class='ocr_page' id='page_1' title='image "./monumentagerman00unkngoog_0316.png"; bbox 0 0 4410 6406; ppageno 0'>
   <div class='ocr_carea' id='block_1_1' title="bbox 449 379 1796 442">
    <p class='ocr_par' dir='ltr' id='par_1_1' title="bbox 449 379 1796 442">
     <span class='ocr_line' id='line_1_1' title="bbox 449 379 1796 442; baseline -0.003 0"><span class='ocrx_word' id='word_1_1' title='bbox 449 379 513 442; x_wconf 82' lang='grc'><strong>312</strong></span> <span class='ocrx_word' id='word_1_2' title='bbox 740 385 920 442; x_wconf 83' lang='lat' dir='ltr'>GERHOHI</span> <span class='ocrx_word' id='word_1_3' title='bbox 944 385 1176 442; x_wconf 79' lang='lat' dir='ltr'><strong>PRAEPOSI&#39;I&#39;I</strong></span> <span class='ocrx_word' id='word_1_4' title='bbox 1199 383 1607 442; x_wconf 82' lang='lat' dir='ltr'>REICHERSBERGENSIS</span> <span class='ocrx_word' id='word_1_5' title='bbox 1632 384 1796 439; x_wconf 82' lang='lat' dir='ltr'>LIBELLI.</span> 
     </span>
    </p>
   </div>
   <div class='ocr_carea' id='block_1_2' title="bbox 270 569 2153 3328">
    <p class='ocr_par' dir='ltr' id='par_1_2' title="bbox 449 569 2104 658">
     <span class='ocr_line' id='line_1_2' title="bbox 449 569 2104 658; baseline -0.002 -20"><span class='ocrx_word' id='word_1_6' title='bbox 449 574 654 639; x_wconf 89' lang='lat' dir='ltr'><strong>interdictum</strong></span> <span class='ocrx_word' id='word_1_7' title='bbox 672 572 999 639; x_wconf 84' lang='lat' dir='ltr'><strong>communicatoribus</strong></span> <span class='ocrx_word' id='word_1_8' title='bbox 1023 571 1207 654; x_wconf 87' lang='lat' dir='ltr'><strong>afferentes,</strong></span> <span class='ocrx_word' id='word_1_9' title='bbox 1232 571 1319 658; x_wconf 91' lang='lat' dir='ltr'><strong>quod</strong></span> <span class='ocrx_word' id='word_1_10' title='bbox 1343 581 1376 636; x_wconf 87' lang='lat' dir='ltr'><strong>et</strong></span> <span class='ocrx_word' id='word_1_11' title='bbox 1397 569 1501 636; x_wconf 89' lang='lat' dir='ltr'><strong>nubes</strong></span> <span class='ocrx_word' id='word_1_12' title='bbox 1526 571 1658 658; x_wconf 88' lang='lat' dir='ltr'><strong>quidem</strong></span> <span class='ocrx_word' id='word_1_13' title='bbox 1682 593 1764 653; x_wconf 90' lang='lat' dir='ltr'><strong>esse,</strong></span> <span class='ocrx_word' id='word_1_14' title='bbox 1789 570 1847 636; x_wconf 88' lang='lat' dir='ltr'><strong>sed</strong></span> <span class='ocrx_word' id='word_1_15' title='bbox 1872 571 1968 657; x_wconf 88' lang='lat' dir='ltr'><strong>aquis</strong></span> <span class='ocrx_word' id='word_1_16' title='bbox 1994 593 2104 634; x_wconf 89' lang='lat' dir='ltr'><strong>carere</strong></span> 
     </span>
    </p>

    <p class='ocr_par' dir='ltr' id='par_1_3' title="bbox 448 676 2105 768">
     <span class='ocr_line' id='line_1_3' title="bbox 448 676 2105 768; baseline -0.003 -22"><span class='ocrx_word' id='word_1_17' title='bbox 448 703 486 746; x_wconf 88' lang='lat' dir='ltr'><strong>ac</strong></span> <span class='ocrx_word' id='word_1_18' title='bbox 509 704 568 768; x_wconf 93' lang='lat' dir='ltr'><strong>pro</strong></span> <span class='ocrx_word' id='word_1_19' title='bbox 593 682 686 768; x_wconf 89' lang='lat' dir='ltr'><strong>aquis</strong></span> <span class='ocrx_word' id='word_1_20' title='bbox 710 679 909 766; x_wconf 71' lang='lat' dir='ltr'><strong>grandines·</strong></span> <span class='ocrx_word' id='word_1_21' title='bbox 933 681 1008 766; x_wconf 90' lang='lat' dir='ltr'><strong>igne</strong></span> <span class='ocrx_word' id='word_1_22' title='bbox 1031 681 1150 744; x_wconf 88' lang='lat' dir='ltr'><strong>mixtas</strong></span> <span class='ocrx_word' id='word_1_23' title='bbox 1168 679 1324 744; x_wconf 89' lang='lat' dir='ltr'><strong>emittere.</strong></span> <span class='ocrx_word' id='word_1_24' title='bbox 1361 677 1432 743; x_wconf 85' lang='lat' dir='ltr'><strong>Oeli</strong></span> <span class='ocrx_word' id='word_1_25' title='bbox 1449 701 1577 764; x_wconf 91' lang='lat' dir='ltr'><strong>quoque</strong></span> <span class='ocrx_word' id='word_1_26' title='bbox 1594 677 1689 742; x_wconf 92' lang='lat' dir='ltr'><strong>huius</strong></span> <span class='ocrx_word' id='word_1_27' title='bbox 1713 679 1802 742; x_wconf 86' lang='lat' dir='ltr'><strong>aerei</strong></span> <span class='ocrx_word' id='word_1_28' title='bbox 1826 676 1979 742; x_wconf 90' lang='lat' dir='ltr'><strong>diabolus</strong></span> <span class='ocrx_word' id='word_1_29' title='bbox 2004 699 2105 763; x_wconf 88' lang='lat' dir='ltr'><strong>usquc</strong></span> 
     </span>
    </p>

    <p class='ocr_par' dir='ltr' id='par_1_4' title="bbox 299 783 2106 874">
     <span class='ocr_line' id='line_1_4' title="bbox 299 783 2106 874; baseline -0.002 -22"><span class='ocrx_word' id='word_1_30' title='bbox 299 811 428 861; x_wconf 71' lang='lat' dir='ltr'><strong>apuam</strong></span> <span class='ocrx_word' id='word_1_31' title='bbox 447 789 480 852; x_wconf 93' lang='lat' dir='ltr'><strong>in</strong></span> <span class='ocrx_word' id='word_1_32' title='bbox 505 787 590 852; x_wconf 91' lang='lat' dir='ltr'><strong>diem</strong></span> <span class='ocrx_word' id='word_1_33' title='bbox 615 787 737 870; x_wconf 91' lang='lat' dir='ltr'><strong>iudicii,</strong></span> <span class='ocrx_word' id='word_1_34' title='bbox 762 786 892 874; x_wconf 90' lang='lat' dir='ltr'><strong>quando</strong></span> <span class='ocrx_word' id='word_1_35' title='bbox 916 787 1062 851; x_wconf 83' lang='lat' dir='ltr'><strong>mittetur</strong></span> <span class='ocrx_word' id='word_1_36' title='bbox 1084 787 1118 850; x_wconf 91' lang='lat' dir='ltr'><strong>in</strong></span> <span class='ocrx_word' id='word_1_37' title='bbox 1142 784 1307 872; x_wconf 83' lang='lat' dir='ltr'><strong>abyssum,</strong></span> <span class='ocrx_word' id='word_1_38' title='bbox 1331 783 1495 850; x_wconf 90' lang='lat' dir='ltr'><strong>habitator</strong></span> <span class='ocrx_word' id='word_1_39' title='bbox 1518 795 1576 867; x_wconf 91' lang='lat' dir='ltr'><strong>est,</strong></span> <span class='ocrx_word' id='word_1_40' title='bbox 1600 785 1687 850; x_wconf 93' lang='lat' dir='ltr'><strong>unde</strong></span> <span class='ocrx_word' id='word_1_41' title='bbox 1712 784 1896 871; x_wconf 87' lang='lat' dir='ltr'><strong>apostolus:</strong></span> <span class='ocrx_word' id='word_1_42' title='bbox 1925 785 2106 849; x_wconf 75' lang='lat' dir='ltr'><strong>Colluctar-</strong></span> 
     </span>
    </p>

    <p class='ocr_par' dir='ltr' id='par_1_5' title="bbox 447 889 2138 1086">
     <span class='ocr_line' id='line_1_5' title="bbox 448 889 2107 981; baseline -0.002 -23"><span class='ocrx_word' id='word_1_43' title='bbox 448 895 522 959; x_wconf 86' lang='lat' dir='ltr'><strong>dum</strong></span> <span class='ocrx_word' id='word_1_44' title='bbox 552 896 651 974; x_wconf 73' lang='lat' dir='ltr'><strong>noca,</strong></span> <span class='ocrx_word' id='word_1_45' title='bbox 683 895 738 976; x_wconf 89' lang='lat' dir='ltr'><strong>ait,</strong></span> <span class='ocrx_word' id='word_1_46' title='bbox 770 909 877 959; x_wconf 82' lang='lat' dir='ltr'><strong>contra</strong></span> <span class='ocrx_word' id='word_1_47' title='bbox 907 895 1094 981; x_wconf 83' lang='lat' dir='ltr'><strong>spiritualia</strong></span> <span class='ocrx_word' id='word_1_48' title='bbox 1124 895 1282 979; x_wconf 76' lang='lat' dir='ltr'><strong>nequitiae</strong></span> <span class='ocrx_word' id='word_1_49' title='bbox 1314 896 1346 956; x_wconf 92' lang='lat' dir='ltr'><strong>in</strong></span> <span class='ocrx_word' id='word_1_50' title='bbox 1370 894 1539 958; x_wconf 77' lang='lat' dir='ltr'><strong>celestibus</strong></span> <span class='ocrx_word' id='word_1_51' title='bbox 1588 891 1708 978; x_wconf 82' lang='lat' dir='ltr'><strong>Sisque</strong></span> <span class='ocrx_word' id='word_1_52' title='bbox 1736 915 1796 977; x_wconf 91' lang='lat' dir='ltr'><strong>per</strong></span> <span class='ocrx_word' id='word_1_53' title='bbox 1818 891 1929 956; x_wconf 88' lang='lat' dir='ltr'><strong>omnia</strong></span> <span class='ocrx_word' id='word_1_54' title='bbox 1954 889 2107 956; x_wconf 89' lang='lat' dir='ltr'><strong>diabolus</strong></span> 
     </span>
     <span class='ocr_line' id='line_1_6' title="bbox 447 998 2138 1086; baseline -0.002 -22"><span class='ocrx_word' id='word_1_55' title='bbox 447 1001 596 1065; x_wconf 90' lang='lat' dir='ltr'><strong>ruinosus</strong></span> <span class='ocrx_word' id='word_1_56' title='bbox 628 1001 739 1064; x_wconf 88' lang='lat' dir='ltr'><strong>mortis</strong></span> <span class='ocrx_word' id='word_1_57' title='bbox 769 1001 953 1086; x_wconf 82' lang='lat' dir='ltr'><strong>prepositus</strong></span> <span class='ocrx_word' id='word_1_58' title='bbox 983 999 1261 1086; x_wconf 87' lang='lat' dir='ltr'><strong>percontrarium</strong></span> <span class='ocrx_word' id='word_1_59' title='bbox 1290 999 1404 1064; x_wconf 90' lang='lat' dir='ltr'><strong>nititur</strong></span> <span class='ocrx_word' id='word_1_60' title='bbox 1426 998 1539 1063; x_wconf 90' lang='lat' dir='ltr'><strong>similis</strong></span> <span class='ocrx_word' id='word_1_61' title='bbox 1562 1021 1635 1062; x_wconf 90' lang='lat' dir='ltr'><strong>esse</strong></span> <span class='ocrx_word' id='word_1_62' title='bbox 1659 998 1825 1080; x_wconf 89' lang='lat' dir='ltr'><strong>altissimo,</strong></span> <span class='ocrx_word' id='word_1_63' title='bbox 1850 1008 1942 1062; x_wconf 89' lang='lat' dir='ltr'><strong>utet</strong></span> <span class='ocrx_word' id='word_1_64' title='bbox 1971 998 2009 1062; x_wconf 92' lang='lat' dir='ltr'><strong>in</strong></span> <span class='ocrx_word' id='word_1_65' title='bbox 2033 1020 2138 1062; x_wconf 83' lang='lat' dir='ltr'><strong>con-s</strong></span> 
     </span>
    </p>

    <p class='ocr_par' dir='ltr' id='par_1_6' title="bbox 447 1103 2107 1191">
     <span class='ocr_line' id='line_1_7' title="bbox 447 1103 2107 1191; baseline -0.002 -20"><span class='ocrx_word' id='word_1_66' title='bbox 447 1108 612 1171; x_wconf 73' lang='lat' dir='ltr'><strong>uarietate</strong></span> <span class='ocrx_word' id='word_1_67' title='bbox 637 1105 813 1172; x_wconf 88' lang='lat' dir='ltr'><strong>similitudo</strong></span> <span class='ocrx_word' id='word_1_68' title='bbox 837 1117 869 1171; x_wconf 92' lang='lat' dir='ltr'><strong>et</strong></span> <span class='ocrx_word' id='word_1_69' title='bbox 892 1109 925 1170; x_wconf 92' lang='lat' dir='ltr'><strong>in</strong></span> <span class='ocrx_word' id='word_1_70' title='bbox 950 1105 1160 1170; x_wconf 89' lang='lat' dir='ltr'><strong>similitudine</strong></span> <span class='ocrx_word' id='word_1_71' title='bbox 1185 1106 1397 1171; x_wconf 80' lang='lat' dir='ltr'><strong>contrarietas</strong></span> <span class='ocrx_word' id='word_1_72' title='bbox 1421 1106 1472 1169; x_wconf 90' lang='lat' dir='ltr'><strong>sit.</strong></span> <span class='ocrx_word' id='word_1_73' title='bbox 1509 1105 1595 1186; x_wconf 80' lang='lat' dir='ltr'><strong>Quia</strong></span> <span class='ocrx_word' id='word_1_74' title='bbox 1617 1127 1696 1169; x_wconf 85' lang='lat' dir='ltr'><strong>vero</strong></span> <span class='ocrx_word' id='word_1_75' title='bbox 1720 1104 1792 1186; x_wconf 91' lang='lat' dir='ltr'><strong>hec,</strong></span> <span class='ocrx_word' id='word_1_76' title='bbox 1816 1128 1879 1191; x_wconf 92' lang='lat' dir='ltr'><strong>que</strong></span> <span class='ocrx_word' id='word_1_77' title='bbox 1905 1104 1946 1169; x_wconf 90' lang='lat' dir='ltr'><strong>de</strong></span> <span class='ocrx_word' id='word_1_78' title='bbox 1973 1103 2107 1168; x_wconf 89' lang='lat' dir='ltr'><strong>diabolo</strong></span> 
     </span>
    </p>

    <p class='ocr_par' dir='ltr' id='par_1_7' title="bbox 447 1210 2108 1300">
     <span class='ocr_line' id='line_1_8' title="bbox 447 1210 2108 1300; baseline -0.002 -22"><span class='ocrx_word' id='word_1_79' title='bbox 447 1212 507 1279; x_wconf 90' lang='lat' dir='ltr'><strong>sub</strong></span> <span class='ocrx_word' id='word_1_80' title='bbox 531 1224 609 1300; x_wconf 87' lang='lat' dir='ltr'><strong>typo</strong></span> <span class='ocrx_word' id='word_1_81' title='bbox 634 1214 720 1299; x_wconf 82' lang='lat' dir='ltr'><strong>regis</strong></span> <span class='ocrx_word' id='word_1_82' title='bbox 736 1213 903 1278; x_wconf 87' lang='lat' dir='ltr'><strong>Babilonia</strong></span> <span class='ocrx_word' id='word_1_83' title='bbox 919 1212 1072 1278; x_wconf 90' lang='lat' dir='ltr'><strong>dicuntur</strong></span> <span class='ocrx_word' id='word_1_84' title='bbox 1095 1213 1164 1276; x_wconf 89' lang='lat' dir='ltr'><strong>eius</strong></span> <span class='ocrx_word' id='word_1_85' title='bbox 1189 1213 1333 1298; x_wconf 90' lang='lat' dir='ltr'><strong>compari</strong></span> <span class='ocrx_word' id='word_1_86' title='bbox 1348 1211 1403 1276; x_wconf 89' lang='lat' dir='ltr'><strong>vel</strong></span> <span class='ocrx_word' id='word_1_87' title='bbox 1418 1213 1529 1298; x_wconf 90' lang='lat' dir='ltr'><strong>supari</strong></span> <span class='ocrx_word' id='word_1_88' title='bbox 1543 1210 1744 1276; x_wconf 84' lang='lat' dir='ltr'><strong>Antichristo</strong></span> <span class='ocrx_word' id='word_1_89' title='bbox 1769 1221 1964 1298; x_wconf 84' lang='lat' dir='ltr'><strong>congruunt,</strong></span> <span class='ocrx_word' id='word_1_90' title='bbox 1983 1213 2108 1298; x_wconf 88' lang='lat' dir='ltr'><strong>quippe</strong></span> 
     </span>
    </p>

    <p class='ocr_par' dir='ltr' id='par_1_8' title="bbox 447 1316 2109 1408">
     <span class='ocr_line' id='line_1_9' title="bbox 447 1316 2109 1408; baseline -0.002 -23"><span class='ocrx_word' id='word_1_91' title='bbox 447 1322 503 1408; x_wconf 91' lang='lat' dir='ltr'><strong>qui</strong></span> <span class='ocrx_word' id='word_1_92' title='bbox 528 1331 561 1385; x_wconf 92' lang='lat' dir='ltr'><strong>et</strong></span> <span class='ocrx_word' id='word_1_93' title='bbox 583 1343 641 1384; x_wconf 91' lang='lat' dir='ltr'><strong>sua</strong></span> <span class='ocrx_word' id='word_1_94' title='bbox 666 1320 868 1385; x_wconf 76' lang='lat' dir='ltr'><strong>estimatione</strong></span> <span class='ocrx_word' id='word_1_95' title='bbox 893 1321 926 1384; x_wconf 88' lang='lat' dir='ltr'><strong>in</strong></span> <span class='ocrx_word' id='word_1_96' title='bbox 943 1319 1047 1385; x_wconf 90' lang='lat' dir='ltr'><strong>celum</strong></span> <span class='ocrx_word' id='word_1_97' title='bbox 1068 1319 1267 1400; x_wconf 86' lang='lat' dir='ltr'><strong>conscendit,</strong></span> <span class='ocrx_word' id='word_1_98' title='bbox 1291 1320 1325 1382; x_wconf 91' lang='lat' dir='ltr'><strong>in</strong></span> <span class='ocrx_word' id='word_1_99' title='bbox 1348 1327 1456 1382; x_wconf 86' lang='lat' dir='ltr'><strong>monta</strong></span> <span class='ocrx_word' id='word_1_100' title='bbox 1480 1318 1675 1400; x_wconf 83' lang='lat' dir='ltr'><strong>testamenti,</strong></span> <span class='ocrx_word' id='word_1_101' title='bbox 1699 1319 1732 1382; x_wconf 92' lang='lat' dir='ltr'><strong>in</strong></span> <span class='ocrx_word' id='word_1_102' title='bbox 1756 1319 1933 1382; x_wconf 89' lang='lat' dir='ltr'><strong>eminentia</strong></span> <span class='ocrx_word' id='word_1_103' title='bbox 1948 1316 2109 1382; x_wconf 86' lang='lat' dir='ltr'><strong>videlicet</strong></span> 
     </span>
    </p>

    <p class='ocr_par' dir='ltr' id='par_1_9' title="bbox 447 1423 2151 1620">
     <span class='ocr_line' id='line_1_10' title="bbox 447 1423 2108 1514; baseline -0.002 -23"><span class='ocrx_word' id='word_1_104' title='bbox 447 1427 717 1514; x_wconf 84' lang='lat' dir='ltr'><strong>legisperitorum,</strong></span> <span class='ocrx_word' id='word_1_105' title='bbox 741 1427 775 1490; x_wconf 91' lang='lat' dir='ltr'><strong>in</strong></span> <span class='ocrx_word' id='word_1_106' title='bbox 790 1425 946 1490; x_wconf 83' lang='lat' dir='ltr'><strong>lateribus</strong></span> <span class='ocrx_word' id='word_1_107' title='bbox 963 1426 1134 1513; x_wconf 88' lang='lat' dir='ltr'><strong>aquilonis,</strong></span> <span class='ocrx_word' id='word_1_108' title='bbox 1159 1427 1193 1490; x_wconf 91' lang='lat' dir='ltr'><strong>in</strong></span> <span class='ocrx_word' id='word_1_109' title='bbox 1208 1425 1336 1511; x_wconf 84' lang='lat' dir='ltr'><strong>frigidis</strong></span> <span class='ocrx_word' id='word_1_110' title='bbox 1360 1436 1393 1490; x_wconf 89' lang='lat' dir='ltr'><strong>et</strong></span> <span class='ocrx_word' id='word_1_111' title='bbox 1416 1448 1435 1489; x_wconf 90' lang='lat' dir='ltr'><strong>a</strong></span> <span class='ocrx_word' id='word_1_112' title='bbox 1459 1425 1601 1489; x_wconf 87' lang='lat' dir='ltr'><strong>caritatis</strong></span> <span class='ocrx_word' id='word_1_113' title='bbox 1627 1423 1733 1489; x_wconf 85' lang='lat' dir='ltr'><strong>calore</strong></span> <span class='ocrx_word' id='word_1_114' title='bbox 1758 1425 1940 1489; x_wconf 88' lang='lat' dir='ltr'><strong>exstrancis</strong></span> <span class='ocrx_word' id='word_1_115' title='bbox 1966 1424 2108 1490; x_wconf 89' lang='lat' dir='ltr'><strong>homini-</strong></span> 
     </span>
     <span class='ocr_line' id='line_1_11' title="bbox 447 1530 2151 1620; baseline -0.003 -21"><span class='ocrx_word' id='word_1_116' title='bbox 447 1534 507 1599; x_wconf 90' lang='lat' dir='ltr'><strong>bus</strong></span> <span class='ocrx_word' id='word_1_117' title='bbox 531 1532 594 1598; x_wconf 89' lang='lat' dir='ltr'><strong>sibi</strong></span> <span class='ocrx_word' id='word_1_118' title='bbox 618 1532 728 1598; x_wconf 89' lang='lat' dir='ltr'><strong>sedem</strong></span> <span class='ocrx_word' id='word_1_119' title='bbox 746 1532 893 1615; x_wconf 90' lang='lat' dir='ltr'><strong>collocat,</strong></span> <span class='ocrx_word' id='word_1_120' title='bbox 918 1556 1017 1620; x_wconf 91' lang='lat' dir='ltr'><strong>super</strong></span> <span class='ocrx_word' id='word_1_121' title='bbox 1032 1532 1235 1597; x_wconf 86' lang='lat' dir='ltr'><strong>altitudinem</strong></span> <span class='ocrx_word' id='word_1_122' title='bbox 1252 1554 1381 1619; x_wconf 91' lang='lat' dir='ltr'><strong>quoque</strong></span> <span class='ocrx_word' id='word_1_123' title='bbox 1405 1530 1550 1612; x_wconf 90' lang='lat' dir='ltr'><strong>nubium,</strong></span> <span class='ocrx_word' id='word_1_124' title='bbox 1575 1530 1689 1618; x_wconf 91' lang='lat' dir='ltr'><strong>quales</strong></span> <span class='ocrx_word' id='word_1_125' title='bbox 1712 1531 1798 1595; x_wconf 88' lang='lat' dir='ltr'><strong>dicte</strong></span> <span class='ocrx_word' id='word_1_126' title='bbox 1822 1541 1898 1596; x_wconf 91' lang='lat' dir='ltr'><strong>sunt</strong></span> <span class='ocrx_word' id='word_1_127' title='bbox 1921 1533 1994 1596; x_wconf 91' lang='lat' dir='ltr'><strong>sine</strong></span> <span class='ocrx_word' id='word_1_128' title='bbox 2020 1555 2109 1618; x_wconf 84' lang='lat' dir='ltr'><strong>aqua</strong></span> <span class='ocrx_word' id='word_1_129' title='bbox 2128 1557 2151 1594; x_wconf 84' lang='lat' dir='ltr'><strong>n</strong></span> 
     </span>
    </p>

    <p class='ocr_par' dir='ltr' id='par_1_10' title="bbox 446 1637 2109 1726">
     <span class='ocr_line' id='line_1_12' title="bbox 446 1637 2109 1726; baseline -0.002 -21"><span class='ocrx_word' id='word_1_130' title='bbox 446 1641 499 1705; x_wconf 80' lang='lat' dir='ltr'><strong>vel</strong></span> <span class='ocrx_word' id='word_1_131' title='bbox 523 1639 662 1704; x_wconf 89' lang='lat' dir='ltr'><strong>nebulae</strong></span> <span class='ocrx_word' id='word_1_132' title='bbox 687 1637 870 1703; x_wconf 90' lang='lat' dir='ltr'><strong>turbinibus</strong></span> <span class='ocrx_word' id='word_1_133' title='bbox 894 1641 1047 1726; x_wconf 82' lang='lat' dir='ltr'><strong>agitatae,</strong></span> <span class='ocrx_word' id='word_1_134' title='bbox 1071 1638 1228 1722; x_wconf 86' lang='lat' dir='ltr'><strong>ascendit,</strong></span> <span class='ocrx_word' id='word_1_135' title='bbox 1253 1661 1352 1725; x_wconf 91' lang='lat' dir='ltr'><strong>super</strong></span> <span class='ocrx_word' id='word_1_136' title='bbox 1367 1649 1455 1702; x_wconf 89' lang='lat' dir='ltr'><strong>astra</strong></span> <span class='ocrx_word' id='word_1_137' title='bbox 1479 1638 1577 1703; x_wconf 89' lang='lat' dir='ltr'><strong>etiam</strong></span> <span class='ocrx_word' id='word_1_138' title='bbox 1594 1637 1666 1720; x_wconf 91' lang='lat' dir='ltr'><strong>celi,</strong></span> <span class='ocrx_word' id='word_1_139' title='bbox 1687 1637 1796 1724; x_wconf 89' lang='lat' dir='ltr'><strong>qualia</strong></span> <span class='ocrx_word' id='word_1_140' title='bbox 1818 1639 1897 1702; x_wconf 86' lang='lat' dir='ltr'><strong>item</strong></span> <span class='ocrx_word' id='word_1_141' title='bbox 1915 1639 2007 1704; x_wconf 86' lang='lat' dir='ltr'><strong>dieta</strong></span> <span class='ocrx_word' id='word_1_142' title='bbox 2031 1649 2109 1702; x_wconf 91' lang='lat' dir='ltr'><strong>sunt</strong></span> 
     </span>
    </p>

    <p class='ocr_par' dir='ltr' id='par_1_11' title="bbox 447 1744 2107 1832">
     <span class='ocr_line' id='line_1_13' title="bbox 447 1744 2107 1832; baseline 0 -22"><span class='ocrx_word' id='word_1_143' title='bbox 447 1746 555 1812; x_wconf 89' lang='lat' dir='ltr'><strong>sidera</strong></span> <span class='ocrx_word' id='word_1_144' title='bbox 570 1745 725 1811; x_wconf 89' lang='lat' dir='ltr'><strong>videlicet</strong></span> <span class='ocrx_word' id='word_1_145' title='bbox 741 1746 892 1828; x_wconf 77' lang='lat' dir='ltr'><strong>errantia,</strong></span> <span class='ocrx_word' id='word_1_146' title='bbox 917 1745 1032 1810; x_wconf 91' lang='lat' dir='ltr'><strong>solium</strong></span> <span class='ocrx_word' id='word_1_147' title='bbox 1049 1769 1142 1810; x_wconf 91' lang='lat' dir='ltr'><strong>suum</strong></span> <span class='ocrx_word' id='word_1_148' title='bbox 1159 1744 1290 1827; x_wconf 88' lang='lat' dir='ltr'><strong>exaltat,</strong></span> <span class='ocrx_word' id='word_1_149' title='bbox 1314 1767 1379 1810; x_wconf 88' lang='lat' dir='ltr'><strong>non</strong></span> <span class='ocrx_word' id='word_1_150' title='bbox 1403 1747 1581 1830; x_wconf 85' lang='lat' dir='ltr'><strong>incongrue</strong></span> <span class='ocrx_word' id='word_1_151' title='bbox 1604 1746 1687 1810; x_wconf 90' lang='lat' dir='ltr'><strong>forte</strong></span> <span class='ocrx_word' id='word_1_152' title='bbox 1706 1745 1778 1832; x_wconf 92' lang='lat' dir='ltr'><strong>quis</strong></span> <span class='ocrx_word' id='word_1_153' title='bbox 1796 1744 1962 1810; x_wconf 86' lang='lat' dir='ltr'><strong>estimabit</strong></span> <span class='ocrx_word' id='word_1_154' title='bbox 1984 1747 2107 1832; x_wconf 90' lang='lat' dir='ltr'><strong>ipsum,</strong></span> 
     </span>
    </p>

    <p class='ocr_par' dir='ltr' id='par_1_12' title="bbox 447 1850 2109 1939">
     <span class='ocr_line' id='line_1_14' title="bbox 447 1850 2109 1939; baseline -0.001 -21"><span class='ocrx_word' id='word_1_155' title='bbox 447 1853 487 1918; x_wconf 88' lang='lat' dir='ltr'><strong>dc</strong></span> <span class='ocrx_word' id='word_1_156' title='bbox 505 1875 569 1939; x_wconf 90' lang='lat' dir='ltr'><strong>quo</strong></span> <span class='ocrx_word' id='word_1_157' title='bbox 592 1851 755 1938; x_wconf 89' lang='lat' dir='ltr'><strong>loquimur</strong></span> <span class='ocrx_word' id='word_1_158' title='bbox 772 1850 1008 1916; x_wconf 89' lang='lat' dir='ltr'><strong>Antichristum</strong></span> <span class='ocrx_word' id='word_1_159' title='bbox 1024 1852 1065 1918; x_wconf 89' lang='lat' dir='ltr'><strong>de</strong></span> <span class='ocrx_word' id='word_1_160' title='bbox 1081 1850 1255 1917; x_wconf 90' lang='lat' dir='ltr'><strong>Babilonia</strong></span> <span class='ocrx_word' id='word_1_161' title='bbox 1270 1853 1469 1916; x_wconf 88' lang='lat' dir='ltr'><strong>nasciturum</strong></span> <span class='ocrx_word' id='word_1_162' title='bbox 1490 1875 1546 1916; x_wconf 90' lang='lat' dir='ltr'><strong>seu</strong></span> <span class='ocrx_word' id='word_1_163' title='bbox 1563 1861 1746 1932; x_wconf 89' lang='lat' dir='ltr'><strong>venturum,</strong></span> <span class='ocrx_word' id='word_1_164' title='bbox 1763 1863 1808 1934; x_wconf 89' lang='lat' dir='ltr'><strong>ut,</strong></span> <span class='ocrx_word' id='word_1_165' title='bbox 1826 1852 2109 1938; x_wconf 83' lang='lat' dir='ltr'><strong>quemadmodum</strong></span> 
     </span>
    </p>

    <p class='ocr_par' dir='ltr' id='par_1_13' title="bbox 323 1957 2153 2155">
     <span class='ocr_line' id='line_1_15' title="bbox 323 1957 2109 2046; baseline -0.001 -21"><span class='ocrx_word' id='word_1_166' title='bbox 323 1959 577 2034; x_wconf 77' lang='lat' dir='ltr'><strong>10·.s‚s.Ohristo</strong></span> <span class='ocrx_word' id='word_1_167' title='bbox 593 1957 813 2022; x_wconf 84' lang='lat' dir='ltr'><strong>Antichristus</strong></span> <span class='ocrx_word' id='word_1_168' title='bbox 837 1960 1021 2046; x_wconf 89' lang='lat' dir='ltr'><strong>opponitur,</strong></span> <span class='ocrx_word' id='word_1_169' title='bbox 1045 1960 1091 2023; x_wconf 89' lang='lat' dir='ltr'><strong>ita</strong></span> <span class='ocrx_word' id='word_1_170' title='bbox 1114 1968 1147 2024; x_wconf 88' lang='lat' dir='ltr'><strong>ct</strong></span> <span class='ocrx_word' id='word_1_171' title='bbox 1170 1959 1296 2023; x_wconf 89' lang='lat' dir='ltr'><strong>civitati</strong></span> <span class='ocrx_word' id='word_1_172' title='bbox 1319 1957 1507 2041; x_wconf 86' lang='lat' dir='ltr'><strong>Ierusalem,</strong></span> <span class='ocrx_word' id='word_1_173' title='bbox 1532 1958 1572 2023; x_wconf 91' lang='lat' dir='ltr'><strong>de</strong></span> <span class='ocrx_word' id='word_1_174' title='bbox 1597 1981 1662 2045; x_wconf 91' lang='lat' dir='ltr'><strong>qua</strong></span> <span class='ocrx_word' id='word_1_175' title='bbox 1686 1960 1927 2046; x_wconf 84' lang='lat' dir='ltr'><strong>scriptumest:</strong></span> <span class='ocrx_word' id='word_1_176' title='bbox 1954 1959 2043 2038; x_wconf 78' lang='lat' dir='ltr'><strong>Quia</strong></span> <span class='ocrx_word' id='word_1_177' title='bbox 2069 1960 2109 2024; x_wconf 83' lang='lat' dir='ltr'><strong>de</strong></span> 
     </span>
     <span class='ocr_line' id='line_1_16' title="bbox 448 2064 2153 2155; baseline -0.002 -23"><span class='ocrx_word' id='word_1_178' title='bbox 448 2067 533 2155; x_wconf 77' lang='lat' dir='ltr'><strong>Syon</strong></span> <span class='ocrx_word' id='word_1_179' title='bbox 563 2068 661 2132; x_wconf 71' lang='lat' dir='ltr'><strong>catha</strong></span> <span class='ocrx_word' id='word_1_180' title='bbox 692 2068 743 2132; x_wconf 80' lang='lat' dir='ltr'><strong>len</strong></span> <span class='ocrx_word' id='word_1_181' title='bbox 771 2081 800 2132; x_wconf 88' lang='lat' dir='ltr'><strong>et</strong></span> <span class='ocrx_word' id='word_1_182' title='bbox 828 2069 955 2132; x_wconf 74' lang='lat' dir='ltr'><strong>nabunt</strong></span> <span class='ocrx_word' id='word_1_183' title='bbox 979 2067 1114 2132; x_wconf 82' lang='lat' dir='ltr'><strong>Domini</strong></span> <span class='ocrx_word' id='word_1_184' title='bbox 1135 2067 1173 2132; x_wconf 86' lang='lat' dir='ltr'><strong>de</strong></span> <span class='ocrx_word' id='word_1_185' title='bbox 1196 2067 1380 2146; x_wconf 82' lang='lat' dir='ltr'><strong>Ierusalem,</strong></span> <span class='ocrx_word' id='word_1_186' title='bbox 1411 2066 1527 2129; x_wconf 87' lang='lat' dir='ltr'><strong>civitas</strong></span> <span class='ocrx_word' id='word_1_187' title='bbox 1557 2064 1613 2129; x_wconf 92' lang='lat' dir='ltr'><strong>illa</strong></span> <span class='ocrx_word' id='word_1_188' title='bbox 1636 2064 1758 2130; x_wconf 91' lang='lat' dir='ltr'><strong>diaboli</strong></span> <span class='ocrx_word' id='word_1_189' title='bbox 1781 2064 1922 2131; x_wconf 90' lang='lat' dir='ltr'><strong>Babilon</strong></span> <span class='ocrx_word' id='word_1_190' title='bbox 1944 2067 2047 2130; x_wconf 88' lang='lat' dir='ltr'><strong>etiam</strong></span> <span class='ocrx_word' id='word_1_191' title='bbox 2073 2067 2109 2129; x_wconf 90' lang='lat' dir='ltr'><strong>in</strong></span> <span class='ocrx_word' id='word_1_192' title='bbox 2130 2090 2153 2128; x_wconf 83' lang='lat' dir='ltr'><strong>u</strong></span> 
     </span>
    </p>

    <p class='ocr_par' dir='ltr' id='par_1_14' title="bbox 349 2171 2107 2260">
     <span class='ocr_line' id='line_1_17' title="bbox 349 2171 2107 2260; baseline -0.001 -22"><span class='ocrx_word' id='word_1_193' title='bbox 349 2200 385 2250; x_wconf 58' lang='grc' dir='ltr'><strong>ψ.</strong></span> <span class='ocrx_word' id='word_1_194' title='bbox 395 2199 427 2240; x_wconf 87' lang='grc' dir='ltr'><strong>ιο.</strong></span> <span class='ocrx_word' id='word_1_195' title='bbox 446 2174 508 2238; x_wconf 92' lang='lat' dir='ltr'><strong>hoc</strong></span> <span class='ocrx_word' id='word_1_196' title='bbox 532 2183 723 2260; x_wconf 91' lang='lat' dir='ltr'><strong>opponatur,</strong></span> <span class='ocrx_word' id='word_1_197' title='bbox 748 2171 836 2260; x_wconf 91' lang='lat' dir='ltr'><strong>quod</strong></span> <span class='ocrx_word' id='word_1_198' title='bbox 858 2195 901 2237; x_wconf 84' lang='lat' dir='ltr'><strong>ex</strong></span> <span class='ocrx_word' id='word_1_199' title='bbox 925 2195 965 2237; x_wconf 92' lang='lat' dir='ltr'><strong>ea</strong></span> <span class='ocrx_word' id='word_1_200' title='bbox 987 2183 1142 2237; x_wconf 86' lang='lat' dir='ltr'><strong>venturus</strong></span> <span class='ocrx_word' id='word_1_201' title='bbox 1166 2174 1207 2237; x_wconf 93' lang='lat' dir='ltr'><strong>sit</strong></span> <span class='ocrx_word' id='word_1_202' title='bbox 1229 2173 1459 2238; x_wconf 86' lang='lat' dir='ltr'><strong>Antichristus.</strong></span> <span class='ocrx_word' id='word_1_203' title='bbox 1505 2172 1549 2236; x_wconf 85' lang='lat' dir='ltr'><strong>Et</strong></span> <span class='ocrx_word' id='word_1_204' title='bbox 1572 2173 1644 2260; x_wconf 89' lang='lat' dir='ltr'><strong>quis</strong></span> <span class='ocrx_word' id='word_1_205' title='bbox 1667 2172 1743 2237; x_wconf 91' lang='lat' dir='ltr'><strong>huic</strong></span> <span class='ocrx_word' id='word_1_206' title='bbox 1768 2173 1949 2259; x_wconf 78' lang='lat' dir='ltr'><strong>&#39;oppinioni</strong></span> <span class='ocrx_word' id='word_1_207' title='bbox 1976 2182 2107 2237; x_wconf 87' lang='lat' dir='ltr'><strong>contra-</strong></span> 
     </span>
    </p>

    <p class='ocr_par' dir='ltr' id='par_1_15' title="bbox 448 2278 2109 2366">
     <span class='ocr_line' id='line_1_18' title="bbox 448 2278 2109 2366; baseline -0.001 -22"><span class='ocrx_word' id='word_1_208' title='bbox 448 2279 560 2344; x_wconf 82' lang='lat' dir='ltr'><strong>dicat?</strong></span> <span class='ocrx_word' id='word_1_209' title='bbox 597 2279 679 2360; x_wconf 80' lang='lat' dir='ltr'><strong>Quis</strong></span> <span class='ocrx_word' id='word_1_210' title='bbox 702 2302 781 2344; x_wconf 88' lang='lat' dir='ltr'><strong>vero</strong></span> <span class='ocrx_word' id='word_1_211' title='bbox 805 2280 903 2344; x_wconf 87' lang='lat' dir='ltr'><strong>etiam</strong></span> <span class='ocrx_word' id='word_1_212' title='bbox 927 2279 1090 2344; x_wconf 88' lang='lat' dir='ltr'><strong>affirmare</strong></span> <span class='ocrx_word' id='word_1_213' title='bbox 1114 2278 1258 2344; x_wconf 81' lang='lat' dir='ltr'><strong>audeat?</strong></span> <span class='ocrx_word' id='word_1_214' title='bbox 1292 2279 1376 2344; x_wconf 85' lang='lat' dir='ltr'><strong>Nam</strong></span> <span class='ocrx_word' id='word_1_215' title='bbox 1401 2279 1428 2343; x_wconf 92' lang='lat' dir='ltr'><strong>si</strong></span> <span class='ocrx_word' id='word_1_216' title='bbox 1450 2279 1630 2345; x_wconf 81' lang='lat' dir='ltr'><strong>manifestis</strong></span> <span class='ocrx_word' id='word_1_217' title='bbox 1654 2289 1768 2344; x_wconf 88' lang='lat' dir='ltr'><strong>sancta</strong></span> <span class='ocrx_word' id='word_1_218' title='bbox 1791 2279 1952 2366; x_wconf 81' lang='lat' dir='ltr'><strong>scriptum</strong></span> <span class='ocrx_word' id='word_1_219' title='bbox 1978 2279 2109 2344; x_wconf 89' lang='lat' dir='ltr'><strong>diceret</strong></span> 
     </span>
    </p>

    <p class='ocr_par' dir='ltr' id='par_1_16' title="bbox 447 2385 2107 2473">
     <span class='ocr_line' id='line_1_19' title="bbox 447 2385 2107 2473; baseline 0 -23"><span class='ocrx_word' id='word_1_220' title='bbox 447 2385 556 2450; x_wconf 88' lang='lat' dir='ltr'><strong>verbis</strong></span> <span class='ocrx_word' id='word_1_221' title='bbox 580 2385 816 2451; x_wconf 86' lang='lat' dir='ltr'><strong>Antichristum</strong></span> <span class='ocrx_word' id='word_1_222' title='bbox 847 2385 888 2451; x_wconf 90' lang='lat' dir='ltr'><strong>de</strong></span> <span class='ocrx_word' id='word_1_223' title='bbox 911 2385 1083 2450; x_wconf 90' lang='lat' dir='ltr'><strong>Babilonia</strong></span> <span class='ocrx_word' id='word_1_224' title='bbox 1105 2397 1288 2468; x_wconf 88' lang='lat' dir='ltr'><strong>venturum,</strong></span> <span class='ocrx_word' id='word_1_225' title='bbox 1319 2386 1426 2451; x_wconf 92' lang='lat' dir='ltr'><strong>adbuc</strong></span> <span class='ocrx_word' id='word_1_226' title='bbox 1450 2385 1600 2451; x_wconf 87' lang='lat' dir='ltr'><strong>subesset</strong></span> <span class='ocrx_word' id='word_1_227' title='bbox 1622 2385 1767 2468; x_wconf 90' lang='lat' dir='ltr'><strong>dubium,</strong></span> <span class='ocrx_word' id='word_1_228' title='bbox 1792 2386 1833 2452; x_wconf 90' lang='lat' dir='ltr'><strong>de</strong></span> <span class='ocrx_word' id='word_1_229' title='bbox 1857 2409 2001 2473; x_wconf 89' lang='lat' dir='ltr'><strong>quanam</strong></span> <span class='ocrx_word' id='word_1_230' title='bbox 2026 2409 2107 2451; x_wconf 83' lang='lat' dir='ltr'><strong>ven·</strong></span> 
     </span>
    </p>

    <p class='ocr_par' dir='ltr' id='par_1_17' title="bbox 276 2492 2152 2688">
     <span class='ocr_line' id='line_1_20' title="bbox 448 2492 2107 2580; baseline 0 -22"><span class='ocrx_word' id='word_1_231' title='bbox 448 2505 539 2558; x_wconf 88' lang='lat' dir='ltr'><strong>turus</strong></span> <span class='ocrx_word' id='word_1_232' title='bbox 567 2504 653 2557; x_wconf 89' lang='lat' dir='ltr'><strong>esset</strong></span> <span class='ocrx_word' id='word_1_233' title='bbox 675 2492 858 2574; x_wconf 89' lang='lat' dir='ltr'><strong>Babilonia,</strong></span> <span class='ocrx_word' id='word_1_234' title='bbox 882 2503 989 2558; x_wconf 87' lang='lat' dir='ltr'><strong>utrum</strong></span> <span class='ocrx_word' id='word_1_235' title='bbox 1013 2492 1168 2558; x_wconf 86' lang='lat' dir='ltr'><strong>videlicet</strong></span> <span class='ocrx_word' id='word_1_236' title='bbox 1197 2493 1238 2558; x_wconf 93' lang='lat' dir='ltr'><strong>de</strong></span> <span class='ocrx_word' id='word_1_237' title='bbox 1267 2492 1333 2575; x_wconf 93' lang='lat' dir='ltr'><strong>illa,</strong></span> <span class='ocrx_word' id='word_1_238' title='bbox 1364 2515 1426 2580; x_wconf 91' lang='lat' dir='ltr'><strong>que</strong></span> <span class='ocrx_word' id='word_1_239' title='bbox 1457 2494 1586 2579; x_wconf 87' lang='lat' dir='ltr'><strong>proprie</strong></span> <span class='ocrx_word' id='word_1_240' title='bbox 1610 2492 1783 2558; x_wconf 89' lang='lat' dir='ltr'><strong>Babilonia</strong></span> <span class='ocrx_word' id='word_1_241' title='bbox 1812 2493 1941 2575; x_wconf 91' lang='lat' dir='ltr'><strong>dicitur,</strong></span> <span class='ocrx_word' id='word_1_242' title='bbox 1974 2494 2040 2558; x_wconf 87' lang='lat' dir='ltr'><strong>sita</strong></span> <span class='ocrx_word' id='word_1_243' title='bbox 2071 2495 2107 2558; x_wconf 92' lang='lat' dir='ltr'><strong>in</strong></span> 
     </span>
     <span class='ocr_line' id='line_1_21' title="bbox 276 2599 2152 2688; baseline -0.002 -21"><span class='ocrx_word' id='word_1_244' title='bbox 276 2625 558 2687; x_wconf 67' lang='lat' dir='ltr'><strong>sr.n2n.s‚1.cantpo</strong></span> <span class='ocrx_word' id='word_1_245' title='bbox 581 2601 718 2683; x_wconf 80' lang='lat' dir='ltr'><strong>Duram,</strong></span> <span class='ocrx_word' id='word_1_246' title='bbox 749 2623 791 2664; x_wconf 91' lang='lat' dir='ltr'><strong>an</strong></span> <span class='ocrx_word' id='word_1_247' title='bbox 821 2599 862 2664; x_wconf 92' lang='lat' dir='ltr'><strong>de</strong></span> <span class='ocrx_word' id='word_1_248' title='bbox 885 2600 989 2664; x_wconf 87' lang='lat' dir='ltr'><strong>Roma</strong></span> <span class='ocrx_word' id='word_1_249' title='bbox 1018 2600 1160 2682; x_wconf 88' lang='lat' dir='ltr'><strong>civitate,</strong></span> <span class='ocrx_word' id='word_1_250' title='bbox 1191 2621 1275 2687; x_wconf 89' lang='lat' dir='ltr'><strong>quae</strong></span> <span class='ocrx_word' id='word_1_251' title='bbox 1305 2600 1430 2686; x_wconf 89' lang='lat' dir='ltr'><strong>tropice</strong></span> <span class='ocrx_word' id='word_1_252' title='bbox 1454 2599 1595 2665; x_wconf 91' lang='lat' dir='ltr'><strong>Babilon</strong></span> <span class='ocrx_word' id='word_1_253' title='bbox 1625 2600 1753 2682; x_wconf 91' lang='lat' dir='ltr'><strong>dicitur,</strong></span> <span class='ocrx_word' id='word_1_254' title='bbox 1784 2601 1935 2665; x_wconf 90' lang='lat' dir='ltr'><strong>nimirum</strong></span> <span class='ocrx_word' id='word_1_255' title='bbox 1966 2613 2108 2688; x_wconf 91' lang='lat' dir='ltr'><strong>propter</strong></span> <span class='ocrx_word' id='word_1_256' title='bbox 2126 2626 2152 2664; x_wconf 79' lang='lat' dir='ltr'><strong>eo</strong></span> 
     </span>
    </p>

    <p class='ocr_par' dir='ltr' id='par_1_18' title="bbox 448 2705 2107 2794">
     <span class='ocr_line' id='line_1_22' title="bbox 448 2705 2107 2794; baseline 0 -24"><span class='ocrx_word' id='word_1_257' title='bbox 448 2705 620 2792; x_wconf 88' lang='lat' dir='ltr'><strong>superbiae</strong></span> <span class='ocrx_word' id='word_1_258' title='bbox 652 2729 691 2770; x_wconf 90' lang='lat' dir='ltr'><strong>ac</strong></span> <span class='ocrx_word' id='word_1_259' title='bbox 720 2729 845 2771; x_wconf 90' lang='lat' dir='ltr'><strong>morum</strong></span> <span class='ocrx_word' id='word_1_260' title='bbox 879 2705 965 2770; x_wconf 89' lang='lat' dir='ltr'><strong>illius</strong></span> <span class='ocrx_word' id='word_1_261' title='bbox 1000 2706 1252 2771; x_wconf 88' lang='lat' dir='ltr'><strong>similitudinem.</strong></span> <span class='ocrx_word' id='word_1_262' title='bbox 1305 2706 1401 2772; x_wconf 90' lang='lat' dir='ltr'><strong>Unde</strong></span> <span class='ocrx_word' id='word_1_263' title='bbox 1432 2707 1548 2772; x_wconf 89' lang='lat' dir='ltr'><strong>Petrus</strong></span> <span class='ocrx_word' id='word_1_264' title='bbox 1579 2706 1744 2794; x_wconf 91' lang='lat' dir='ltr'><strong>apostolus</strong></span> <span class='ocrx_word' id='word_1_265' title='bbox 1774 2707 1875 2771; x_wconf 88' lang='lat' dir='ltr'><strong>Rome</strong></span> <span class='ocrx_word' id='word_1_266' title='bbox 1906 2709 2107 2772; x_wconf 89' lang='lat' dir='ltr'><strong>constitutus</strong></span> 
     </span>
    </p>

    <p class='ocr_par' dir='ltr' id='par_1_19' title="bbox 270 2811 2107 2900">
     <span class='ocr_line' id='line_1_23' title="bbox 270 2811 2107 2900; baseline -0.001 -20"><span class='ocrx_word' id='word_1_267' title='bbox 270 2839 429 2889; x_wconf 62' lang='lat' dir='ltr'><strong>taenara.</strong></span> <span class='ocrx_word' id='word_1_268' title='bbox 447 2811 598 2878; x_wconf 89' lang='lat' dir='ltr'><strong>fidelibus</strong></span> <span class='ocrx_word' id='word_1_269' title='bbox 621 2811 750 2878; x_wconf 89' lang='lat' dir='ltr'><strong>scribit:</strong></span> <span class='ocrx_word' id='word_1_270' title='bbox 776 2813 901 2878; x_wconf 80' lang='lat' dir='ltr'><strong>Salutat</strong></span> <span class='ocrx_word' id='word_1_271' title='bbox 923 2838 986 2894; x_wconf 82' lang='lat' dir='ltr'><strong>aaa,</strong></span> <span class='ocrx_word' id='word_1_272' title='bbox 1010 2814 1171 2900; x_wconf 88' lang='lat' dir='ltr'><strong>inquiens,</strong></span> <span class='ocrx_word' id='word_1_273' title='bbox 1194 2815 1347 2879; x_wconf 86' lang='lat' dir='ltr'><strong>aecclesia</strong></span> <span class='ocrx_word' id='word_1_274' title='bbox 1370 2817 1405 2879; x_wconf 84' lang='lat' dir='ltr'><strong>in</strong></span> <span class='ocrx_word' id='word_1_275' title='bbox 1421 2815 1577 2880; x_wconf 84' lang='lat' dir='ltr'><strong>Babilonc</strong></span> <span class='ocrx_word' id='word_1_276' title='bbox 1600 2816 1739 2895; x_wconf 81' lang='lat' dir='ltr'><strong>collecta,</strong></span> <span class='ocrx_word' id='word_1_277' title='bbox 1763 2812 1823 2877; x_wconf 92' lang='lat' dir='ltr'><strong>sub</strong></span> <span class='ocrx_word' id='word_1_278' title='bbox 1847 2815 1978 2878; x_wconf 89' lang='lat' dir='ltr'><strong>nomine</strong></span> <span class='ocrx_word' id='word_1_279' title='bbox 2004 2813 2107 2879; x_wconf 90' lang='lat' dir='ltr'><strong>Babi-</strong></span> 
     </span>
    </p>

    <p class='ocr_par' dir='ltr' id='par_1_20' title="bbox 280 2918 2107 3006">
     <span class='ocr_line' id='line_1_24' title="bbox 280 2918 2107 3006; baseline -0.001 -20"><span class='ocrx_word' id='word_1_280' title='bbox 280 2946 428 2995; x_wconf 79' lang='lat' dir='ltr'><strong>1.10h.e,1a.</strong></span> <span class='ocrx_word' id='word_1_281' title='bbox 448 2919 530 2984; x_wconf 90' lang='lat' dir='ltr'><strong>lonis</strong></span> <span class='ocrx_word' id='word_1_282' title='bbox 553 2919 689 2984; x_wconf 87' lang='lat' dir='ltr'><strong>Romam</strong></span> <span class='ocrx_word' id='word_1_283' title='bbox 713 2919 826 2984; x_wconf 87' lang='lat' dir='ltr'><strong>volens</strong></span> <span class='ocrx_word' id='word_1_284' title='bbox 850 2918 996 3006; x_wconf 85' lang='lat' dir='ltr'><strong>intelligi.</strong></span> <span class='ocrx_word' id='word_1_285' title='bbox 1042 2919 1111 2985; x_wconf 88' lang='lat' dir='ltr'><strong>Aut</strong></span> <span class='ocrx_word' id='word_1_286' title='bbox 1133 2921 1231 2985; x_wconf 89' lang='lat' dir='ltr'><strong>etiam</strong></span> <span class='ocrx_word' id='word_1_287' title='bbox 1255 2922 1332 3006; x_wconf 91' lang='lat' dir='ltr'><strong>quia</strong></span> <span class='ocrx_word' id='word_1_288' title='bbox 1354 2919 1522 2985; x_wconf 86' lang='lat' dir='ltr'><strong>Babilonia</strong></span> <span class='ocrx_word' id='word_1_289' title='bbox 1552 2922 1682 2985; x_wconf 91' lang='lat' dir='ltr'><strong>nomine</strong></span> <span class='ocrx_word' id='word_1_290' title='bbox 1713 2919 1825 2986; x_wconf 90' lang='lat' dir='ltr'><strong>mundi</strong></span> <span class='ocrx_word' id='word_1_291' title='bbox 1851 2920 1947 2985; x_wconf 89' lang='lat' dir='ltr'><strong>huius</strong></span> <span class='ocrx_word' id='word_1_292' title='bbox 1975 2923 2011 2986; x_wconf 93' lang='lat' dir='ltr'><strong>in</strong></span> <span class='ocrx_word' id='word_1_293' title='bbox 2035 2945 2107 2986; x_wconf 89' lang='lat' dir='ltr'><strong>ma-</strong></span> 
     </span>
    </p>

    <p class='ocr_par' dir='ltr' id='par_1_21' title="bbox 306 3023 2151 3221">
     <span class='ocr_line' id='line_1_25' title="bbox 306 3023 2105 3116; baseline 0.001 -24"><span class='ocrx_word' id='word_1_294' title='bbox 306 3024 535 3112; x_wconf 82' lang='lat' dir='ltr'><strong>r·.1ae,1.ligno</strong></span> <span class='ocrx_word' id='word_1_295' title='bbox 566 3027 662 3112; x_wconf 90' lang='lat' dir='ltr'><strong>positi</strong></span> <span class='ocrx_word' id='word_1_296' title='bbox 693 3025 840 3091; x_wconf 88' lang='lat' dir='ltr'><strong>confusio</strong></span> <span class='ocrx_word' id='word_1_297' title='bbox 871 3023 953 3090; x_wconf 86' lang='lat' dir='ltr'><strong>solet</strong></span> <span class='ocrx_word' id='word_1_298' title='bbox 981 3026 1143 3113; x_wconf 88' lang='lat' dir='ltr'><strong>generalis</strong></span> <span class='ocrx_word' id='word_1_299' title='bbox 1171 3027 1206 3090; x_wconf 91' lang='lat' dir='ltr'><strong>in</strong></span> <span class='ocrx_word' id='word_1_300' title='bbox 1234 3028 1402 3114; x_wconf 89' lang='lat' dir='ltr'><strong>scripturis</strong></span> <span class='ocrx_word' id='word_1_301' title='bbox 1432 3029 1539 3114; x_wconf 87' lang='lat' dir='ltr'><strong>accipi</strong></span> <span class='ocrx_word' id='word_1_302' title='bbox 1567 3037 1604 3092; x_wconf 90' lang='lat' dir='ltr'><strong>ut</strong></span> <span class='ocrx_word' id='word_1_303' title='bbox 1633 3038 1683 3092; x_wconf 87' lang='lat' dir='ltr'><strong>est</strong></span> <span class='ocrx_word' id='word_1_304' title='bbox 1712 3026 1807 3091; x_wconf 90' lang='lat' dir='ltr'><strong>illud:</strong></span> <span class='ocrx_word' id='word_1_305' title='bbox 1839 3027 1943 3114; x_wconf 82' lang='lat' dir='ltr'><strong>Super</strong></span> <span class='ocrx_word' id='word_1_306' title='bbox 1957 3030 2105 3116; x_wconf 46' lang='lat' dir='ltr'><strong>,flumina</strong></span> 
     </span>
     <span class='ocr_line' id='line_1_26' title="bbox 368 3132 2151 3221; baseline -0.001 -22"><span class='ocrx_word' id='word_1_307' title='bbox 368 3160 427 3200; x_wconf 77' lang='lat' dir='ltr'><strong>tus.</strong></span> <span class='ocrx_word' id='word_1_308' title='bbox 450 3134 620 3198; x_wconf 83' lang='lat' dir='ltr'><strong>Babilonia</strong></span> <span class='ocrx_word' id='word_1_309' title='bbox 643 3134 713 3198; x_wconf 84' lang='lat' dir='ltr'><strong>illic</strong></span> <span class='ocrx_word' id='word_1_310' title='bbox 735 3133 875 3198; x_wconf 82' lang='lat' dir='ltr'><strong>sedimus</strong></span> <span class='ocrx_word' id='word_1_311' title='bbox 898 3147 926 3198; x_wconf 90' lang='lat' dir='ltr'><strong>et</strong></span> <span class='ocrx_word' id='word_1_312' title='bbox 939 3135 1090 3220; x_wconf 78' lang='lat' dir='ltr'><strong>flevimus</strong></span> <span class='ocrx_word' id='word_1_313' title='bbox 1120 3144 1152 3198; x_wconf 87' lang='lat' dir='ltr'><strong>et</strong></span> <span class='ocrx_word' id='word_1_314' title='bbox 1178 3132 1274 3197; x_wconf 88' lang='lat' dir='ltr'><strong>illud:</strong></span> <span class='ocrx_word' id='word_1_315' title='bbox 1298 3136 1377 3221; x_wconf 81' lang='lat' dir='ltr'><strong>filia</strong></span> <span class='ocrx_word' id='word_1_316' title='bbox 1400 3135 1571 3200; x_wconf 68' lang='lat' dir='ltr'><strong>Babilonia</strong></span> <span class='ocrx_word' id='word_1_317' title='bbox 1593 3137 1720 3214; x_wconf 66' lang='lat' dir='ltr'><strong>misera,</strong></span> <span class='ocrx_word' id='word_1_318' title='bbox 1751 3135 1829 3198; x_wconf 92' lang='lat' dir='ltr'><strong>item</strong></span> <span class='ocrx_word' id='word_1_319' title='bbox 1852 3145 1886 3198; x_wconf 88' lang='lat' dir='ltr'><strong>et</strong></span> <span class='ocrx_word' id='word_1_320' title='bbox 1907 3133 1990 3198; x_wconf 93' lang='lat' dir='ltr'><strong>illud</strong></span> <span class='ocrx_word' id='word_1_321' title='bbox 2013 3135 2106 3221; x_wconf 93' lang='lat' dir='ltr'><strong>quod</strong></span> <span class='ocrx_word' id='word_1_322' title='bbox 2125 3159 2151 3198; x_wconf 80' lang='lat' dir='ltr'><strong>ss</strong></span> 
     </span>
    </p>

    <p class='ocr_par' dir='ltr' id='par_1_22' title="bbox 447 3238 2106 3328">
     <span class='ocr_line' id='line_1_27' title="bbox 447 3238 2106 3328; baseline 0.002 -25"><span class='ocrx_word' id='word_1_323' title='bbox 447 3239 546 3304; x_wconf 90' lang='lat' dir='ltr'><strong>fronti</strong></span> <span class='ocrx_word' id='word_1_324' title='bbox 568 3239 713 3304; x_wconf 90' lang='lat' dir='ltr'><strong>mulieris</strong></span> <span class='ocrx_word' id='word_1_325' title='bbox 738 3262 836 3326; x_wconf 86' lang='lat' dir='ltr'><strong>super</strong></span> <span class='ocrx_word' id='word_1_326' title='bbox 856 3238 996 3304; x_wconf 88' lang='lat' dir='ltr'><strong>bestiam</strong></span> <span class='ocrx_word' id='word_1_327' title='bbox 1020 3240 1208 3304; x_wconf 89' lang='lat' dir='ltr'><strong>coccineam</strong></span> <span class='ocrx_word' id='word_1_328' title='bbox 1232 3240 1374 3305; x_wconf 91' lang='lat' dir='ltr'><strong>sedentis</strong></span> <span class='ocrx_word' id='word_1_329' title='bbox 1397 3241 1588 3328; x_wconf 90' lang='lat' dir='ltr'><strong>inscriptum</strong></span> <span class='ocrx_word' id='word_1_330' title='bbox 1618 3241 1652 3304; x_wconf 91' lang='lat' dir='ltr'><strong>in</strong></span> <span class='ocrx_word' id='word_1_331' title='bbox 1676 3240 1854 3327; x_wconf 86' lang='lat' dir='ltr'><strong>apocalipsi</strong></span> <span class='ocrx_word' id='word_1_332' title='bbox 1879 3263 1939 3305; x_wconf 90' lang='lat' dir='ltr'><strong>sua</strong></span> <span class='ocrx_word' id='word_1_333' title='bbox 1961 3240 2106 3306; x_wconf 84' lang='lat' dir='ltr'><strong>iohanni</strong></span> 
     </span>
    </p>
   </div>
   <div class='ocr_carea' id='block_1_3' title="bbox 314 3345 2147 4074">
    <p class='ocr_par' dir='ltr' id='par_1_23' title="bbox 314 3345 2147 4074">
     <span class='ocr_line' id='line_1_28' title="bbox 314 3345 2104 3440; baseline -0.001 -25"><span class='ocrx_word' id='word_1_334' title='bbox 314 3345 627 3424; x_wconf 72' lang='lat' dir='ltr'><strong>sp.1r‚s.revelatum</strong></span> <span class='ocrx_word' id='word_1_335' title='bbox 651 3357 700 3410; x_wconf 90' lang='lat' dir='ltr'><strong>est</strong></span> <span class='ocrx_word' id='word_1_336' title='bbox 722 3347 913 3433; x_wconf 89' lang='lat' dir='ltr'><strong>mysterium</strong></span> <span class='ocrx_word' id='word_1_337' title='bbox 930 3347 1069 3412; x_wconf 83' lang='lat' dir='ltr'><strong>Babilon</strong></span> <span class='ocrx_word' id='word_1_338' title='bbox 1093 3371 1207 3440; x_wconf 75' lang='lat' dir='ltr'><strong>rnapna</strong></span> <span class='ocrx_word' id='word_1_339' title='bbox 1230 3361 1329 3412; x_wconf 84' lang='lat' dir='ltr'><strong>mater</strong></span> <span class='ocrx_word' id='word_1_340' title='bbox 1344 3349 1601 3435; x_wconf 77' lang='lat' dir='ltr'><strong>fornicationum</strong></span> <span class='ocrx_word' id='word_1_341' title='bbox 1624 3357 1657 3412; x_wconf 90' lang='lat' dir='ltr'><strong>et</strong></span> <span class='ocrx_word' id='word_1_342' title='bbox 1680 3346 1980 3412; x_wconf 75' lang='lat' dir='ltr'><strong>abhominationem</strong></span> <span class='ocrx_word' id='word_1_343' title='bbox 2004 3359 2104 3432; x_wconf 89' lang='lat' dir='ltr'><strong>terre,</strong></span> 
     </span>
     <span class='ocr_line' id='line_1_29' title="bbox 447 3452 2104 3541; baseline 0.001 -24"><span class='ocrx_word' id='word_1_344' title='bbox 447 3475 531 3535; x_wconf 89' lang='lat' dir='ltr'><strong>cum,</strong></span> <span class='ocrx_word' id='word_1_345' title='bbox 563 3454 705 3540; x_wconf 90' lang='lat' dir='ltr'><strong>inquam,</strong></span> <span class='ocrx_word' id='word_1_346' title='bbox 737 3453 771 3517; x_wconf 91' lang='lat' dir='ltr'><strong>in</strong></span> <span class='ocrx_word' id='word_1_347' title='bbox 794 3453 843 3517; x_wconf 90' lang='lat' dir='ltr'><strong>bis</strong></span> <span class='ocrx_word' id='word_1_348' title='bbox 867 3463 900 3517; x_wconf 91' lang='lat' dir='ltr'><strong>et</strong></span> <span class='ocrx_word' id='word_1_349' title='bbox 923 3452 1082 3517; x_wconf 90' lang='lat' dir='ltr'><strong>similibus</strong></span> <span class='ocrx_word' id='word_1_350' title='bbox 1111 3452 1225 3518; x_wconf 91' lang='lat' dir='ltr'><strong>mundi</strong></span> <span class='ocrx_word' id='word_1_351' title='bbox 1254 3453 1350 3517; x_wconf 91' lang='lat' dir='ltr'><strong>huius</strong></span> <span class='ocrx_word' id='word_1_352' title='bbox 1377 3453 1513 3517; x_wconf 88' lang='lat' dir='ltr'><strong>confusa</strong></span> <span class='ocrx_word' id='word_1_353' title='bbox 1536 3463 1569 3518; x_wconf 90' lang='lat' dir='ltr'><strong>et</strong></span> <span class='ocrx_word' id='word_1_354' title='bbox 1592 3453 1791 3519; x_wconf 87' lang='lat' dir='ltr'><strong>confusionis</strong></span> <span class='ocrx_word' id='word_1_355' title='bbox 1813 3453 1912 3540; x_wconf 91' lang='lat' dir='ltr'><strong>plena</strong></span> <span class='ocrx_word' id='word_1_356' title='bbox 1936 3455 2104 3541; x_wconf 85' lang='lat' dir='ltr'><strong>cupiditas</strong></span> 
     </span>
     <span class='ocr_line' id='line_1_30' title="bbox 446 3558 2103 3647; baseline 0.001 -23"><span class='ocrx_word' id='word_1_357' title='bbox 446 3558 547 3624; x_wconf 90' lang='lat' dir='ltr'><strong>soleat</strong></span> <span class='ocrx_word' id='word_1_358' title='bbox 570 3561 686 3646; x_wconf 92' lang='lat' dir='ltr'><strong>accipi,</strong></span> <span class='ocrx_word' id='word_1_359' title='bbox 711 3561 784 3647; x_wconf 89' lang='lat' dir='ltr'><strong>quis</strong></span> <span class='ocrx_word' id='word_1_360' title='bbox 808 3559 1031 3624; x_wconf 91' lang='lat' dir='ltr'><strong>contradicere</strong></span> <span class='ocrx_word' id='word_1_361' title='bbox 1055 3561 1157 3646; x_wconf 92' lang='lat' dir='ltr'><strong>possit</strong></span> <span class='ocrx_word' id='word_1_362' title='bbox 1180 3561 1277 3624; x_wconf 90' lang='lat' dir='ltr'><strong>etiam</strong></span> <span class='ocrx_word' id='word_1_363' title='bbox 1301 3559 1341 3624; x_wconf 91' lang='lat' dir='ltr'><strong>de</strong></span> <span class='ocrx_word' id='word_1_364' title='bbox 1358 3559 1414 3623; x_wconf 89' lang='lat' dir='ltr'><strong>tali</strong></span> <span class='ocrx_word' id='word_1_365' title='bbox 1430 3558 1603 3625; x_wconf 89' lang='lat' dir='ltr'><strong>Babilonia</strong></span> <span class='ocrx_word' id='word_1_366' title='bbox 1617 3559 1855 3625; x_wconf 90' lang='lat' dir='ltr'><strong>Antichristum</strong></span> <span class='ocrx_word' id='word_1_367' title='bbox 1878 3571 2103 3626; x_wconf 90' lang='lat' dir='ltr'><strong>surrecturum</strong></span> 
     </span>
     <span class='ocr_line' id='line_1_31' title="bbox 446 3664 2147 3752; baseline 0.002 -22"><span class='ocrx_word' id='word_1_368' title='bbox 446 3688 528 3748; x_wconf 86' lang='lat' dir='ltr'><strong>essa,</strong></span> <span class='ocrx_word' id='word_1_369' title='bbox 553 3676 588 3731; x_wconf 92' lang='lat' dir='ltr'><strong>ut</strong></span> <span class='ocrx_word' id='word_1_370' title='bbox 610 3689 746 3731; x_wconf 90' lang='lat' dir='ltr'><strong>neccsse</strong></span> <span class='ocrx_word' id='word_1_371' title='bbox 769 3689 835 3730; x_wconf 91' lang='lat' dir='ltr'><strong>non</strong></span> <span class='ocrx_word' id='word_1_372' title='bbox 859 3667 900 3730; x_wconf 90' lang='lat' dir='ltr'><strong>sit</strong></span> <span class='ocrx_word' id='word_1_373' title='bbox 922 3665 1021 3748; x_wconf 89' lang='lat' dir='ltr'><strong>illam,</strong></span> <span class='ocrx_word' id='word_1_374' title='bbox 1046 3687 1130 3752; x_wconf 88' lang='lat' dir='ltr'><strong>quae</strong></span> <span class='ocrx_word' id='word_1_375' title='bbox 1154 3667 1284 3752; x_wconf 88' lang='lat' dir='ltr'><strong>proprie</strong></span> <span class='ocrx_word' id='word_1_376' title='bbox 1308 3664 1482 3731; x_wconf 86' lang='lat' dir='ltr'><strong>Babilonia</strong></span> <span class='ocrx_word' id='word_1_377' title='bbox 1505 3666 1633 3748; x_wconf 88' lang='lat' dir='ltr'><strong>dicitur,</strong></span> <span class='ocrx_word' id='word_1_378' title='bbox 1662 3666 1854 3752; x_wconf 83' lang='lat' dir='ltr'><strong>intelligere,</strong></span> <span class='ocrx_word' id='word_1_379' title='bbox 1884 3668 1981 3731; x_wconf 88' lang='lat' dir='ltr'><strong>etiam</strong></span> <span class='ocrx_word' id='word_1_380' title='bbox 2009 3669 2037 3732; x_wconf 89' lang='lat' dir='ltr'><strong>si</strong></span> <span class='ocrx_word' id='word_1_381' title='bbox 2067 3670 2103 3732; x_wconf 88' lang='lat' dir='ltr'><strong>in</strong></span> <span class='ocrx_word' id='word_1_382' title='bbox 2122 3695 2147 3734; x_wconf 77' lang='lat' dir='ltr'><strong>a</strong></span> 
     </span>
     <span class='ocr_line' id='line_1_32' title="bbox 446 3772 2100 3861; baseline 0.002 -24"><span class='ocrx_word' id='word_1_383' title='bbox 446 3775 493 3837; x_wconf 88' lang='lat' dir='ltr'><strong>eis</strong></span> <span class='ocrx_word' id='word_1_384' title='bbox 524 3773 703 3860; x_wconf 89' lang='lat' dir='ltr'><strong>scripturis,</strong></span> <span class='ocrx_word' id='word_1_385' title='bbox 735 3795 872 3859; x_wconf 88' lang='lat' dir='ltr'><strong>quarum</strong></span> <span class='ocrx_word' id='word_1_386' title='bbox 902 3773 1087 3837; x_wconf 83' lang='lat' dir='ltr'><strong>auctoritati</strong></span> <span class='ocrx_word' id='word_1_387' title='bbox 1118 3772 1299 3838; x_wconf 91' lang='lat' dir='ltr'><strong>cedendum</strong></span> <span class='ocrx_word' id='word_1_388' title='bbox 1331 3783 1389 3855; x_wconf 89' lang='lat' dir='ltr'><strong>cst,</strong></span> <span class='ocrx_word' id='word_1_389' title='bbox 1420 3773 1482 3837; x_wconf 86' lang='lat' dir='ltr'><strong>tale</strong></span> <span class='ocrx_word' id='word_1_390' title='bbox 1511 3774 1591 3861; x_wconf 91' lang='lat' dir='ltr'><strong>quid</strong></span> <span class='ocrx_word' id='word_1_391' title='bbox 1619 3774 1799 3840; x_wconf 83' lang='lat' dir='ltr'><strong>manifestis</strong></span> <span class='ocrx_word' id='word_1_392' title='bbox 1822 3772 1933 3838; x_wconf 85' lang='lat' dir='ltr'><strong>verbis</strong></span> <span class='ocrx_word' id='word_1_393' title='bbox 1964 3773 2100 3856; x_wconf 89' lang='lat' dir='ltr'><strong>dictum,</strong></span> 
     </span>
     <span class='ocr_line' id='line_1_33' title="bbox 446 3878 2102 3966; baseline 0.001 -22"><span class='ocrx_word' id='word_1_394' title='bbox 446 3879 534 3966; x_wconf 91' lang='lat' dir='ltr'><strong>quod</strong></span> <span class='ocrx_word' id='word_1_395' title='bbox 556 3881 688 3944; x_wconf 89' lang='lat' dir='ltr'><strong>minime</strong></span> <span class='ocrx_word' id='word_1_396' title='bbox 711 3878 860 3962; x_wconf 87' lang='lat' dir='ltr'><strong>arbitror,</strong></span> <span class='ocrx_word' id='word_1_397' title='bbox 884 3879 1109 3944; x_wconf 81' lang='lat' dir='ltr'><strong>inveniretur?</strong></span> <span class='ocrx_word' id='word_1_398' title='bbox 1155 3879 1199 3944; x_wconf 84' lang='lat' dir='ltr'><strong>Et</strong></span> <span class='ocrx_word' id='word_1_399' title='bbox 1221 3879 1283 3943; x_wconf 89' lang='lat' dir='ltr'><strong>boc</strong></span> <span class='ocrx_word' id='word_1_400' title='bbox 1306 3901 1365 3966; x_wconf 89' lang='lat' dir='ltr'><strong>pro</strong></span> <span class='ocrx_word' id='word_1_401' title='bbox 1389 3879 1568 3946; x_wconf 85' lang='lat' dir='ltr'><strong>aedictum</strong></span> <span class='ocrx_word' id='word_1_402' title='bbox 1591 3882 1641 3962; x_wconf 90' lang='lat' dir='ltr'><strong>sit,</strong></span> <span class='ocrx_word' id='word_1_403' title='bbox 1666 3891 1850 3945; x_wconf 87' lang='lat' dir='ltr'><strong>utrumnam</strong></span> <span class='ocrx_word' id='word_1_404' title='bbox 1867 3879 1908 3945; x_wconf 94' lang='lat' dir='ltr'><strong>de</strong></span> <span class='ocrx_word' id='word_1_405' title='bbox 1924 3880 2102 3947; x_wconf 88' lang='lat' dir='ltr'><strong>Babilonia</strong></span> 
     </span>
     <span class='ocr_line' id='line_1_34' title="bbox 445 3985 1749 4074; baseline 0.001 -24"><span class='ocrx_word' id='word_1_406' title='bbox 445 3986 501 4051; x_wconf 93' lang='lat' dir='ltr'><strong>illa</strong></span> <span class='ocrx_word' id='word_1_407' title='bbox 525 3985 743 4051; x_wconf 81' lang='lat' dir='ltr'><strong>Chaldeorum</strong></span> <span class='ocrx_word' id='word_1_408' title='bbox 766 3986 938 4073; x_wconf 89' lang='lat' dir='ltr'><strong>metropoli</strong></span> <span class='ocrx_word' id='word_1_409' title='bbox 960 3986 1197 4051; x_wconf 90' lang='lat' dir='ltr'><strong>Antichristum</strong></span> <span class='ocrx_word' id='word_1_410' title='bbox 1220 3997 1392 4050; x_wconf 85' lang='lat' dir='ltr'><strong>venturum</strong></span> <span class='ocrx_word' id='word_1_411' title='bbox 1416 3987 1567 4051; x_wconf 89' lang='lat' dir='ltr'><strong>estimare</strong></span> <span class='ocrx_word' id='word_1_412' title='bbox 1591 3997 1749 4074; x_wconf 90' lang='lat' dir='ltr'><strong>oporteat.</strong></span> 
     </span>
    </p>
   </div>
   <div class='ocr_carea' id='block_1_4' title="bbox 674 4180 1859 4268">
    <p class='ocr_par' dir='ltr' id='par_1_24' title="bbox 674 4180 1859 4268">
     <span class='ocr_line' id='line_1_35' title="bbox 674 4180 1859 4268; baseline 0.002 -23"><span class='ocrx_word' id='word_1_413' title='bbox 674 4184 705 4245; x_wconf 83' lang='lat'><strong>4.</strong></span> <span class='ocrx_word' id='word_1_414' title='bbox 740 4181 801 4246; x_wconf 89' lang='lat' dir='ltr'><strong>De</strong></span> <span class='ocrx_word' id='word_1_415' title='bbox 825 4204 885 4264; x_wconf 91' lang='lat' dir='ltr'><strong>eo,</strong></span> <span class='ocrx_word' id='word_1_416' title='bbox 910 4181 1017 4268; x_wconf 90' lang='lat' dir='ltr'><strong>quod</strong></span> <span class='ocrx_word' id='word_1_417' title='bbox 1040 4182 1080 4245; x_wconf 88' lang='lat' dir='ltr'><strong>in</strong></span> <span class='ocrx_word' id='word_1_418' title='bbox 1103 4181 1257 4268; x_wconf 90' lang='lat' dir='ltr'><strong>templo</strong></span> <span class='ocrx_word' id='word_1_419' title='bbox 1280 4181 1360 4246; x_wconf 93' lang='lat' dir='ltr'><strong>Dei</strong></span> <span class='ocrx_word' id='word_1_420' title='bbox 1383 4180 1632 4268; x_wconf 90' lang='lat' dir='ltr'><strong>perhibetur</strong></span> <span class='ocrx_word' id='word_1_421' title='bbox 1655 4205 1859 4247; x_wconf 88' lang='lat' dir='ltr'><strong>sessurus.</strong></span> 
     </span>
    </p>
   </div>
   <div class='ocr_carea' id='block_1_5' title="bbox 266 4304 2169 5356">
    <p class='ocr_par' dir='ltr' id='par_1_25' title="bbox 266 4304 2169 5356">
     <span class='ocr_line' id='line_1_36' title="bbox 551 4304 2142 4392; baseline 0.004 -23"><span class='ocrx_word' id='word_1_422' title='bbox 551 4305 621 4370; x_wconf 91' lang='lat' dir='ltr'><strong>Iam</strong></span> <span class='ocrx_word' id='word_1_423' title='bbox 646 4317 679 4371; x_wconf 92' lang='lat' dir='ltr'><strong>et</strong></span> <span class='ocrx_word' id='word_1_424' title='bbox 701 4305 792 4388; x_wconf 92' lang='lat' dir='ltr'><strong>illud,</strong></span> <span class='ocrx_word' id='word_1_425' title='bbox 817 4305 903 4392; x_wconf 91' lang='lat' dir='ltr'><strong>quod</strong></span> <span class='ocrx_word' id='word_1_426' title='bbox 926 4305 1096 4392; x_wconf 90' lang='lat' dir='ltr'><strong>intemplo</strong></span> <span class='ocrx_word' id='word_1_427' title='bbox 1113 4306 1200 4370; x_wconf 87' lang='lat' dir='ltr'><strong>Dei¹</strong></span> <span class='ocrx_word' id='word_1_428' title='bbox 1223 4327 1371 4370; x_wconf 88' lang='lat' dir='ltr'><strong>sessurus</strong></span> <span class='ocrx_word' id='word_1_429' title='bbox 1395 4305 1436 4370; x_wconf 89' lang='lat' dir='ltr'><strong>ab</strong></span> <span class='ocrx_word' id='word_1_430' title='bbox 1461 4305 1605 4392; x_wconf 90' lang='lat' dir='ltr'><strong>apostolo</strong></span> <span class='ocrx_word' id='word_1_431' title='bbox 1624 4304 1824 4392; x_wconf 89' lang='lat' dir='ltr'><strong>perhibetur,</strong></span> <span class='ocrx_word' id='word_1_432' title='bbox 1849 4307 2034 4374; x_wconf 90' lang='lat' dir='ltr'><strong>deducatur</strong></span> <span class='ocrx_word' id='word_1_433' title='bbox 2057 4309 2099 4374; x_wconf 87' lang='lat' dir='ltr'><strong>ad</strong></span> <span class='ocrx_word' id='word_1_434' title='bbox 2117 4334 2142 4374; x_wconf 80' lang='lat' dir='ltr'><strong>a</strong></span> 
     </span>
     <span class='ocr_line' id='line_1_37' title="bbox 266 4411 2169 4499; baseline 0.003 -23"><span class='ocrx_word' id='word_1_435' title='bbox 266 4437 426 4488; x_wconf 66' lang='lat' dir='ltr'><strong>armam.</strong></span> <span class='ocrx_word' id='word_1_436' title='bbox 444 4411 598 4476; x_wconf 89' lang='lat' dir='ltr'><strong>medium.</strong></span> <span class='ocrx_word' id='word_1_437' title='bbox 644 4413 733 4477; x_wconf 90' lang='lat' dir='ltr'><strong>Huic</strong></span> <span class='ocrx_word' id='word_1_438' title='bbox 758 4413 843 4476; x_wconf 90' lang='lat' dir='ltr'><strong>enim</strong></span> <span class='ocrx_word' id='word_1_439' title='bbox 866 4411 979 4495; x_wconf 87' lang='lat' dir='ltr'><strong>verbo,</strong></span> <span class='ocrx_word' id='word_1_440' title='bbox 1004 4414 1157 4499; x_wconf 90' lang='lat' dir='ltr'><strong>quoniam</strong></span> <span class='ocrx_word' id='word_1_441' title='bbox 1180 4412 1357 4499; x_wconf 88' lang='lat' dir='ltr'><strong>apostolice</strong></span> <span class='ocrx_word' id='word_1_442' title='bbox 1381 4414 1583 4478; x_wconf 86' lang='lat' dir='ltr'><strong>auctoritatis</strong></span> <span class='ocrx_word' id='word_1_443' title='bbox 1609 4413 1820 4479; x_wconf 89' lang='lat' dir='ltr'><strong>fundamento</strong></span> <span class='ocrx_word' id='word_1_444' title='bbox 1844 4415 1967 4498; x_wconf 89' lang='lat' dir='ltr'><strong>nititur,</strong></span> <span class='ocrx_word' id='word_1_445' title='bbox 1998 4417 2098 4481; x_wconf 90' lang='lat' dir='ltr'><strong>refra-</strong></span> <span class='ocrx_word' id='word_1_446' title='bbox 2168 4467 2169 4470; x_wconf 63' lang='lat'><strong>,</strong></span> 
     </span>
     <span class='ocr_line' id='line_1_38' title="bbox 445 4517 2098 4609; baseline 0.003 -27"><span class='ocrx_word' id='word_1_447' title='bbox 445 4519 517 4605; x_wconf 86' lang='lat' dir='ltr'><strong>gari</strong></span> <span class='ocrx_word' id='word_1_448' title='bbox 540 4517 590 4582; x_wconf 90' lang='lat' dir='ltr'><strong>fas</strong></span> <span class='ocrx_word' id='word_1_449' title='bbox 613 4541 678 4584; x_wconf 91' lang='lat' dir='ltr'><strong>non</strong></span> <span class='ocrx_word' id='word_1_450' title='bbox 702 4529 761 4584; x_wconf 87' lang='lat' dir='ltr'><strong>cst.</strong></span> <span class='ocrx_word' id='word_1_451' title='bbox 809 4519 895 4600; x_wconf 80' lang='lat' dir='ltr'><strong>Quia</strong></span> <span class='ocrx_word' id='word_1_452' title='bbox 918 4541 997 4584; x_wconf 89' lang='lat' dir='ltr'><strong>vero</strong></span> <span class='ocrx_word' id='word_1_453' title='bbox 1020 4520 1141 4606; x_wconf 91' lang='lat' dir='ltr'><strong>templo</strong></span> <span class='ocrx_word' id='word_1_454' title='bbox 1163 4520 1231 4584; x_wconf 92' lang='lat' dir='ltr'><strong>Dei</strong></span> <span class='ocrx_word' id='word_1_455' title='bbox 1253 4519 1430 4584; x_wconf 91' lang='lat' dir='ltr'><strong>nominatio</strong></span> <span class='ocrx_word' id='word_1_456' title='bbox 1455 4521 1667 4605; x_wconf 86' lang='lat' dir='ltr'><strong>equivocatur</strong></span> <span class='ocrx_word' id='word_1_457' title='bbox 1697 4520 1738 4585; x_wconf 90' lang='lat' dir='ltr'><strong>ad</strong></span> <span class='ocrx_word' id='word_1_458' title='bbox 1762 4519 1836 4603; x_wconf 93' lang='lat' dir='ltr'><strong>duo,</strong></span> <span class='ocrx_word' id='word_1_459' title='bbox 1868 4521 1911 4586; x_wconf 91' lang='lat' dir='ltr'><strong>ad</strong></span> <span class='ocrx_word' id='word_1_460' title='bbox 1941 4523 2098 4609; x_wconf 91' lang='lat' dir='ltr'><strong>templum</strong></span> 
     </span>
     <span class='ocr_line' id='line_1_39' title="bbox 445 4624 2098 4712; baseline 0.002 -23"><span class='ocrx_word' id='word_1_461' title='bbox 445 4624 600 4690; x_wconf 87' lang='lat' dir='ltr'><strong>videlicet</strong></span> <span class='ocrx_word' id='word_1_462' title='bbox 628 4625 849 4690; x_wconf 87' lang='lat' dir='ltr'><strong>manufactum</strong></span> <span class='ocrx_word' id='word_1_463' title='bbox 880 4636 912 4691; x_wconf 92' lang='lat' dir='ltr'><strong>et</strong></span> <span class='ocrx_word' id='word_1_464' title='bbox 941 4625 984 4691; x_wconf 96' lang='lat' dir='ltr'><strong>ad</strong></span> <span class='ocrx_word' id='word_1_465' title='bbox 1013 4626 1170 4712; x_wconf 87' lang='lat' dir='ltr'><strong>templum</strong></span> <span class='ocrx_word' id='word_1_466' title='bbox 1200 4625 1377 4711; x_wconf 90' lang='lat' dir='ltr'><strong>spirituale,</strong></span> <span class='ocrx_word' id='word_1_467' title='bbox 1407 4625 1494 4712; x_wconf 92' lang='lat' dir='ltr'><strong>quod</strong></span> <span class='ocrx_word' id='word_1_468' title='bbox 1524 4637 1574 4690; x_wconf 90' lang='lat' dir='ltr'><strong>est</strong></span> <span class='ocrx_word' id='word_1_469' title='bbox 1603 4626 1766 4691; x_wconf 87' lang='lat' dir='ltr'><strong>aecclesia</strong></span> <span class='ocrx_word' id='word_1_470' title='bbox 1786 4627 1863 4710; x_wconf 90' lang='lat' dir='ltr'><strong>Dei,</strong></span> <span class='ocrx_word' id='word_1_471' title='bbox 1891 4627 1979 4693; x_wconf 87' lang='lat' dir='ltr'><strong>unde</strong></span> <span class='ocrx_word' id='word_1_472' title='bbox 2009 4629 2098 4693; x_wconf 88' lang='lat' dir='ltr'><strong>idem</strong></span> 
     </span>
     <span class='ocr_line' id='line_1_40' title="bbox 281 4731 2097 4826; baseline 0.003 -31"><span class='ocrx_word' id='word_1_473' title='bbox 281 4731 425 4826; x_wconf 61' lang='lat' dir='ltr'><strong>¹·⁰⁰¹3,}3},⁷,j</strong></span> <span class='ocrx_word' id='word_1_474' title='bbox 445 4731 627 4818; x_wconf 84' lang='lat' dir='ltr'><strong>apostolus:</strong></span> <span class='ocrx_word' id='word_1_475' title='bbox 657 4732 832 4821; x_wconf 82' lang='lat' dir='ltr'><strong>Templum,</strong></span> <span class='ocrx_word' id='word_1_476' title='bbox 862 4734 977 4821; x_wconf 88' lang='lat' dir='ltr'><strong>inquit,</strong></span> <span class='ocrx_word' id='word_1_477' title='bbox 1008 4735 1075 4799; x_wconf 87' lang='lat' dir='ltr'><strong>Dei</strong></span> <span class='ocrx_word' id='word_1_478' title='bbox 1100 4748 1240 4798; x_wconf 86' lang='lat' dir='ltr'><strong>sanctum</strong></span> <span class='ocrx_word' id='word_1_479' title='bbox 1270 4748 1323 4814; x_wconf 88' lang='lat' dir='ltr'><strong>est,</strong></span> <span class='ocrx_word' id='word_1_480' title='bbox 1354 4734 1439 4819; x_wconf 84' lang='lat' dir='ltr'><strong>quod</strong></span> <span class='ocrx_word' id='word_1_481' title='bbox 1467 4736 1540 4798; x_wconf 70' lang='lat' dir='ltr'><strong>esta</strong></span> <span class='ocrx_word' id='word_1_482' title='bbox 1569 4759 1622 4798; x_wconf 85' lang='lat' dir='ltr'><strong>vos</strong></span> <span class='ocrx_word' id='word_1_483' title='bbox 1652 4744 1684 4798; x_wconf 91' lang='lat' dir='ltr'><strong>et</strong></span> <span class='ocrx_word' id='word_1_484' title='bbox 1707 4755 1750 4798; x_wconf 89' lang='lat' dir='ltr'><strong>an</strong></span> <span class='ocrx_word' id='word_1_485' title='bbox 1779 4737 1917 4816; x_wconf 67' lang='lat' dir='ltr'><strong>nescitus,</strong></span> <span class='ocrx_word' id='word_1_486' title='bbox 1947 4740 2097 4822; x_wconf 80' lang='lat' dir='ltr'><strong>quoniam</strong></span> 
     </span>
     <span class='ocr_line' id='line_1_41' title="bbox 444 4838 2140 4928; baseline 0.002 -25"><span class='ocrx_word' id='word_1_487' title='bbox 444 4863 579 4926; x_wconf 83' lang='lat' dir='ltr'><strong>corpora</strong></span> <span class='ocrx_word' id='word_1_488' title='bbox 609 4855 712 4905; x_wconf 76' lang='lat' dir='ltr'><strong>aesna</strong></span> <span class='ocrx_word' id='word_1_489' title='bbox 742 4842 889 4928; x_wconf 84' lang='lat' dir='ltr'><strong>templum</strong></span> <span class='ocrx_word' id='word_1_490' title='bbox 918 4854 990 4904; x_wconf 85' lang='lat' dir='ltr'><strong>suat</strong></span> <span class='ocrx_word' id='word_1_491' title='bbox 1013 4839 1155 4925; x_wconf 80' lang='lat' dir='ltr'><strong>Spiritus</strong></span> <span class='ocrx_word' id='word_1_492' title='bbox 1176 4843 1288 4921; x_wconf 85' lang='lat' dir='ltr'><strong>sancti,</strong></span> <span class='ocrx_word' id='word_1_493' title='bbox 1311 4838 1461 4904; x_wconf 89' lang='lat' dir='ltr'><strong>dubitare</strong></span> <span class='ocrx_word' id='word_1_494' title='bbox 1485 4838 1572 4922; x_wconf 91' lang='lat' dir='ltr'><strong>licet,</strong></span> <span class='ocrx_word' id='word_1_495' title='bbox 1596 4839 1636 4904; x_wconf 90' lang='lat' dir='ltr'><strong>de</strong></span> <span class='ocrx_word' id='word_1_496' title='bbox 1661 4861 1801 4926; x_wconf 90' lang='lat' dir='ltr'><strong>quonam</strong></span> <span class='ocrx_word' id='word_1_497' title='bbox 1828 4840 1948 4927; x_wconf 92' lang='lat' dir='ltr'><strong>templo</strong></span> <span class='ocrx_word' id='word_1_498' title='bbox 1973 4841 2096 4909; x_wconf 89' lang='lat' dir='ltr'><strong>dictum</strong></span> <span class='ocrx_word' id='word_1_499' title='bbox 2114 4868 2140 4907; x_wconf 87' lang='lat' dir='ltr'><strong>n</strong></span> 
     </span>
     <span class='ocr_line' id='line_1_42' title="bbox 445 4944 2096 5033; baseline 0.003 -23"><span class='ocrx_word' id='word_1_500' title='bbox 445 4946 692 5011; x_wconf 88' lang='lat' dir='ltr'><strong>convenientius</strong></span> <span class='ocrx_word' id='word_1_501' title='bbox 723 4946 830 5031; x_wconf 90' lang='lat' dir='ltr'><strong>accipi</strong></span> <span class='ocrx_word' id='word_1_502' title='bbox 852 4945 955 5031; x_wconf 89' lang='lat' dir='ltr'><strong>possit</strong></span> <span class='ocrx_word' id='word_1_503' title='bbox 984 4954 1049 5026; x_wconf 90' lang='lat' dir='ltr'><strong>aut,</strong></span> <span class='ocrx_word' id='word_1_504' title='bbox 1081 4944 1109 5008; x_wconf 87' lang='lat' dir='ltr'><strong>si</strong></span> <span class='ocrx_word' id='word_1_505' title='bbox 1132 4946 1292 5010; x_wconf 89' lang='lat' dir='ltr'><strong>sententia</strong></span> <span class='ocrx_word' id='word_1_506' title='bbox 1315 4966 1349 5010; x_wconf 90' lang='lat' dir='ltr'><strong>se</strong></span> <span class='ocrx_word' id='word_1_507' title='bbox 1373 4944 1494 5010; x_wconf 88' lang='lat' dir='ltr'><strong>habeat</strong></span> <span class='ocrx_word' id='word_1_508' title='bbox 1520 4946 1680 5033; x_wconf 87' lang='lat' dir='ltr'><strong>equaliter</strong></span> <span class='ocrx_word' id='word_1_509' title='bbox 1709 4946 1752 5011; x_wconf 94' lang='lat' dir='ltr'><strong>ad</strong></span> <span class='ocrx_word' id='word_1_510' title='bbox 1774 4947 1972 5032; x_wconf 89' lang='lat' dir='ltr'><strong>utrumlibet,</strong></span> <span class='ocrx_word' id='word_1_511' title='bbox 1996 4973 2096 5014; x_wconf 89' lang='lat' dir='ltr'><strong>unum</strong></span> 
     </span>
     <span class='ocr_line' id='line_1_43' title="bbox 445 5049 2095 5142; baseline 0.004 -27"><span class='ocrx_word' id='word_1_512' title='bbox 445 5073 556 5116; x_wconf 89' lang='lat' dir='ltr'><strong>eorum</strong></span> <span class='ocrx_word' id='word_1_513' title='bbox 587 5074 646 5137; x_wconf 89' lang='lat' dir='ltr'><strong>pro</strong></span> <span class='ocrx_word' id='word_1_514' title='bbox 678 5053 838 5116; x_wconf 85' lang='lat' dir='ltr'><strong>constanti</strong></span> <span class='ocrx_word' id='word_1_515' title='bbox 869 5050 1030 5115; x_wconf 88' lang='lat' dir='ltr'><strong>affirmare</strong></span> <span class='ocrx_word' id='word_1_516' title='bbox 1061 5049 1143 5114; x_wconf 86' lang='lat' dir='ltr'><strong>forte</strong></span> <span class='ocrx_word' id='word_1_517' title='bbox 1174 5050 1320 5116; x_wconf 89' lang='lat' dir='ltr'><strong>sulticiae</strong></span> <span class='ocrx_word' id='word_1_518' title='bbox 1345 5063 1522 5138; x_wconf 89' lang='lat' dir='ltr'><strong>reputetur.</strong></span> <span class='ocrx_word' id='word_1_519' title='bbox 1568 5054 1611 5118; x_wconf 84' lang='lat' dir='ltr'><strong>Et</strong></span> <span class='ocrx_word' id='word_1_520' title='bbox 1634 5053 1675 5119; x_wconf 89' lang='lat' dir='ltr'><strong>dc</strong></span> <span class='ocrx_word' id='word_1_521' title='bbox 1699 5054 1830 5141; x_wconf 91' lang='lat' dir='ltr'><strong>templo,</strong></span> <span class='ocrx_word' id='word_1_522' title='bbox 1854 5055 1942 5142; x_wconf 91' lang='lat' dir='ltr'><strong>quod</strong></span> <span class='ocrx_word' id='word_1_523' title='bbox 1966 5056 2095 5140; x_wconf 81' lang='lat' dir='ltr'><strong>dicitm,</strong></span> 
     </span>
     <span class='ocr_line' id='line_1_44' title="bbox 444 5157 2095 5246; baseline 0.004 -24"><span class='ocrx_word' id='word_1_524' title='bbox 444 5158 553 5244; x_wconf 88' lang='lat' dir='ltr'><strong>aliquo</strong></span> <span class='ocrx_word' id='word_1_525' title='bbox 577 5158 774 5240; x_wconf 88' lang='lat' dir='ltr'><strong>manufacto,</strong></span> <span class='ocrx_word' id='word_1_526' title='bbox 794 5157 883 5244; x_wconf 91' lang='lat' dir='ltr'><strong>quod</strong></span> <span class='ocrx_word' id='word_1_527' title='bbox 905 5159 939 5221; x_wconf 92' lang='lat' dir='ltr'><strong>in</strong></span> <span class='ocrx_word' id='word_1_528' title='bbox 963 5180 1001 5223; x_wconf 89' lang='lat' dir='ltr'><strong>eo</strong></span> <span class='ocrx_word' id='word_1_529' title='bbox 1026 5179 1173 5222; x_wconf 90' lang='lat' dir='ltr'><strong>sessurus</strong></span> <span class='ocrx_word' id='word_1_530' title='bbox 1197 5159 1238 5222; x_wconf 92' lang='lat' dir='ltr'><strong>sit</strong></span> <span class='ocrx_word' id='word_1_531' title='bbox 1259 5157 1489 5242; x_wconf 90' lang='lat' dir='ltr'><strong>Antichristus,</strong></span> <span class='ocrx_word' id='word_1_532' title='bbox 1514 5160 1738 5225; x_wconf 87' lang='lat' dir='ltr'><strong>contradicere</strong></span> <span class='ocrx_word' id='word_1_533' title='bbox 1761 5184 1827 5227; x_wconf 90' lang='lat' dir='ltr'><strong>non</strong></span> <span class='ocrx_word' id='word_1_534' title='bbox 1850 5163 1965 5246; x_wconf 89' lang='lat' dir='ltr'><strong>ausim,</strong></span> <span class='ocrx_word' id='word_1_535' title='bbox 1989 5174 2095 5228; x_wconf 88' lang='lat' dir='ltr'><strong>osten-</strong></span> 
     </span>
     <span class='ocr_line' id='line_1_45' title="bbox 444 5263 2093 5356; baseline 0.005 -30"><span class='ocrx_word' id='word_1_536' title='bbox 444 5263 525 5327; x_wconf 90' lang='lat' dir='ltr'><strong>dens</strong></span> <span class='ocrx_word' id='word_1_537' title='bbox 549 5286 583 5328; x_wconf 89' lang='lat' dir='ltr'><strong>se</strong></span> <span class='ocrx_word' id='word_1_538' title='bbox 607 5265 641 5328; x_wconf 91' lang='lat' dir='ltr'><strong>in</strong></span> <span class='ocrx_word' id='word_1_539' title='bbox 666 5287 704 5330; x_wconf 94' lang='lat' dir='ltr'><strong>eo</strong></span> <span class='ocrx_word' id='word_1_540' title='bbox 727 5275 893 5353; x_wconf 89' lang='lat' dir='ltr'><strong>tamquam</strong></span> <span class='ocrx_word' id='word_1_541' title='bbox 917 5265 958 5328; x_wconf 89' lang='lat' dir='ltr'><strong>sit</strong></span> <span class='ocrx_word' id='word_1_542' title='bbox 979 5264 1069 5346; x_wconf 91' lang='lat' dir='ltr'><strong>deus,</strong></span> <span class='ocrx_word' id='word_1_543' title='bbox 1089 5265 1250 5350; x_wconf 89' lang='lat' dir='ltr'><strong>quomodo</strong></span> <span class='ocrx_word' id='word_1_544' title='bbox 1266 5276 1299 5329; x_wconf 92' lang='lat' dir='ltr'><strong>et</strong></span> <span class='ocrx_word' id='word_1_545' title='bbox 1314 5265 1474 5349; x_wconf 91' lang='lat' dir='ltr'><strong>Herodes,</strong></span> <span class='ocrx_word' id='word_1_546' title='bbox 1498 5267 1645 5332; x_wconf 83' lang='lat' dir='ltr'><strong>fimestus</strong></span> <span class='ocrx_word' id='word_1_547' title='bbox 1660 5267 1773 5333; x_wconf 91' lang='lat' dir='ltr'><strong>Iacobi</strong></span> <span class='ocrx_word' id='word_1_548' title='bbox 1796 5267 1935 5356; x_wconf 89' lang='lat' dir='ltr'><strong>apostoli</strong></span> <span class='ocrx_word' id='word_1_549' title='bbox 1958 5271 2093 5354; x_wconf 89' lang='lat' dir='ltr'><strong>occisor,</strong></span> 
     </span>
    </p>
   </div>
   <div class='ocr_carea' id='block_1_6' title="bbox 443 5369 2137 5460">
    <p class='ocr_par' dir='ltr' id='par_1_26' title="bbox 443 5369 2137 5460">
     <span class='ocr_line' id='line_1_46' title="bbox 443 5369 2137 5460; baseline 0.005 -27"><span class='ocrx_word' id='word_1_550' title='bbox 443 5371 477 5434; x_wconf 90' lang='lat' dir='ltr'><strong>in</strong></span> <span class='ocrx_word' id='word_1_551' title='bbox 500 5381 591 5435; x_wconf 90' lang='lat' dir='ltr'><strong>veste</strong></span> <span class='ocrx_word' id='word_1_552' title='bbox 624 5372 715 5458; x_wconf 86' lang='lat' dir='ltr'><strong>regia</strong></span> <span class='ocrx_word' id='word_1_553' title='bbox 745 5381 778 5436; x_wconf 91' lang='lat' dir='ltr'><strong>et</strong></span> <span class='ocrx_word' id='word_1_554' title='bbox 807 5394 886 5437; x_wconf 89' lang='lat' dir='ltr'><strong>auro</strong></span> <span class='ocrx_word' id='word_1_555' title='bbox 916 5370 1053 5457; x_wconf 83' lang='lat' dir='ltr'><strong>fulgenti</strong></span> <span class='ocrx_word' id='word_1_556' title='bbox 1087 5393 1146 5456; x_wconf 91' lang='lat' dir='ltr'><strong>pro</strong></span> <span class='ocrx_word' id='word_1_557' title='bbox 1175 5369 1331 5436; x_wconf 90' lang='lat' dir='ltr'><strong>tribunali</strong></span> <span class='ocrx_word' id='word_1_558' title='bbox 1365 5372 1488 5438; x_wconf 89' lang='lat' dir='ltr'><strong>sedisse</strong></span> <span class='ocrx_word' id='word_1_559' title='bbox 1522 5373 1713 5460; x_wconf 89' lang='lat' dir='ltr'><strong>perhibetur</strong></span> <span class='ocrx_word' id='word_1_560' title='bbox 1742 5374 2000 5441; x_wconf 89' lang='lat' dir='ltr'><strong>acclamantibus</strong></span> <span class='ocrx_word' id='word_1_561' title='bbox 2031 5375 2093 5441; x_wconf 90' lang='lat' dir='ltr'><strong>sibi</strong></span> <span class='ocrx_word' id='word_1_562' title='bbox 2111 5401 2137 5441; x_wconf 83' lang='lat' dir='ltr'><strong>u</strong></span> 
     </span>
    </p>
   </div>
   <div class='ocr_carea' id='block_1_7' title="bbox 551 5569 955 5639">
    <p class='ocr_par' dir='ltr' id='par_1_27' title="bbox 551 5569 955 5639">
     <span class='ocr_line' id='line_1_47' title="bbox 551 5569 955 5639; baseline 0 -17"><span class='ocrx_word' id='word_1_563' title='bbox 551 5569 578 5634; x_wconf 87' lang='lat' dir='ltr'><strong>a)</strong></span> <span class='ocrx_word' id='word_1_564' title='bbox 599 5573 759 5639; x_wconf 76' lang='lat' dir='ltr'><strong>grandiores</strong></span> <span class='ocrx_word' id='word_1_565' title='bbox 778 5590 814 5634; x_wconf 88' lang='lat' dir='ltr'><strong>c.‚·</strong></span> <span class='ocrx_word' id='word_1_566' title='bbox 831 5589 876 5623; x_wconf 85' lang='lat' dir='ltr'><strong>ern.</strong></span> <span class='ocrx_word' id='word_1_567' title='bbox 897 5571 955 5623; x_wconf 65' lang='lat' dir='ltr'><strong>Sat.</strong></span> 
     </span>
    </p>
   </div>
   <div class='ocr_carea' id='block_1_8' title="bbox 554 5733 2046 5813">
    <p class='ocr_par' dir='ltr' id='par_1_28' title="bbox 554 5733 2046 5813">
     <span class='ocr_line' id='line_1_48' title="bbox 554 5733 2046 5813; baseline 0.003 -21"><span class='ocrx_word' id='word_1_568' title='bbox 554 5733 584 5809; x_wconf 93' lang='lat'><strong>1)</strong></span> <span class='ocrx_word' id='word_1_569' title='bbox 607 5735 684 5794; x_wconf 83' lang='lat' dir='ltr'><strong>Adso</strong></span> <span class='ocrx_word' id='word_1_570' title='bbox 707 5739 725 5793; x_wconf 91' lang='lat' dir='ltr'><strong>l.</strong></span> <span class='ocrx_word' id='word_1_571' title='bbox 742 5738 779 5793; x_wconf 80' lang='lat' dir='ltr'><strong>l:</strong></span> <span class='ocrx_word' id='word_1_572' title='bbox 803 5737 917 5793; x_wconf 89' lang='lat' dir='ltr'><strong>Deinde</strong></span> <span class='ocrx_word' id='word_1_573' title='bbox 932 5736 1155 5808; x_wconf 86' lang='lat' dir='ltr'><strong>Hierosolymam</strong></span> <span class='ocrx_word' id='word_1_574' title='bbox 1174 5737 1291 5792; x_wconf 86' lang='lat' dir='ltr'><strong>veniens</strong></span> <span class='ocrx_word' id='word_1_575' title='bbox 1316 5777 1375 5792; x_wconf 87' lang='lat'><strong>...</strong></span> <span class='ocrx_word' id='word_1_576' title='bbox 1400 5756 1477 5793; x_wconf 85' lang='lat' dir='ltr'><strong>suam</strong></span> <span class='ocrx_word' id='word_1_577' title='bbox 1500 5739 1598 5794; x_wconf 87' lang='lat' dir='ltr'><strong>sedem</strong></span> <span class='ocrx_word' id='word_1_578' title='bbox 1621 5739 1780 5810; x_wconf 85' lang='lat' dir='ltr'><strong>intemplo</strong></span> <span class='ocrx_word' id='word_1_579' title='bbox 1803 5746 1902 5796; x_wconf 82' lang='lat' dir='ltr'><strong>sancto</strong></span> <span class='ocrx_word' id='word_1_580' title='bbox 1924 5743 2046 5813; x_wconf 77' lang='lat' dir='ltr'><strong>parabit.</strong></span> 
     </span>
    </p>
   </div>
   <div class='ocr_carea' id='block_1_9' title="bbox 0 0 2210 6406">
    <p class='ocr_par' dir='ltr' id='par_1_29' title="bbox 0 0 2210 6406">
     <span class='ocr_line' id='line_1_49' title="bbox 0 0 2210 6406; baseline 0 0"><span class='ocrx_word' id='word_1_581' title='bbox 0 0 2210 6406; x_wconf 95' lang='lat' dir='ltr'><strong> </strong></span> 
     </span>
    </p>
   </div>
  </div>
 </body>
</html>
