4478 6442
323 429 502 488 CARMINA
523 432 565 488 IN
589 431 782 489 SIMONIAM
805 433 856 488 ET
879 431 1134 490 ROMANORUM
1157 433 1388 490 AVARITIAM.
1423 431 1461 486 ΙΙ.
1658 423 1716 485 701

398 618 501 684 'Ordo
526 619 723 684 monasticus
746 618 986 684 ecclesiasticus
1010 619 1152 683 estsine
1176 641 1283 701 sensu,
1739 639 1837 681 oasa.

394 725 534 790 Estimat
556 727 665 790 omnia
687 725 867 812 spiritualia
890 724 990 790 divite
1014 747 1124 790 censu.

398 831 487 896 Ordo
510 834 707 897 monasticus
731 832 970 898 ecclesiasticus
993 834 1134 898 estsine
1159 855 1268 917 eausa,

334 954 367 1003 20
396 937 525 1003 Clamat
546 938 589 1003 ad
611 938 718 1005 hostia
739 939 920 1026 spiritualia
941 940 1006 1005 iarn
1029 939 1092 1005 sibi
1116 940 1236 1006 clausa.
1267 931 1270 940 ’
1381 961 1383 968 ‘

398 1045 486 1110 Ordo
510 1046 706 1112 monasticus
731 1045 969 1136 ecclesiasticus
993 1047 1078 1112 unde
1101 1047 1263 1112 vocatur?

397 1150 535 1232 Quando
559 1150 729 1218 tenacibus
752 1163 849 1239 atque
872 1153 1046 1240 rapacibus
1063 1155 1275 1219 assimilatur.

395 1259 507 1342 Terra,
531 1261 680 1345 pecunia,
703 1259 834 1346 templa,
857 1260 980 1347 palatia
1002 1283 1121 1347 magna
1143 1270 1309 1348 parantur,

340 1381 341 1386 ’
395 1365 491 1431 Unde
514 1368 660 1454 potentia
682 1367 750 1430 sive
775 1366 928 1453 superbia
950 1368 1209 1454 magnificantur.

333 1489 366 1538 25
394 1472 491 1538 Vana
514 1472 667 1560 superbia
690 1471 769 1560 quid
791 1495 850 1561 per
873 1475 984 1539 inania
1005 1473 1214 1540 ludificatur?

394 1580 527 1644 Lucifer
550 1580 666 1645 extulit
688 1591 721 1645 et
744 1579 835 1645 Deus
859 1580 984 1668 expulit
1007 1591 1039 1646 et
1062 1583 1236 1647 cruciatur.

396 1686 462 1752 Sed
485 1687 549 1752 duo
572 1688 707 1752 numina
728 1709 788 1774 per
811 1711 869 1754 sua
890 1690 1022 1754 nomina
1044 1688 1118 1754 nolo
1140 1698 1265 1772 notare,

395 1794 467 1875 Qua
491 1795 651 1881 sapientia
673 1793 727 1860 vol
749 1796 934 1861 reverentia
955 1797 1061 1860 nescit
1082 1818 1208 1860 amare:

394 1900 497 1986 Plaga
519 1900 678 1984 latentior,
701 1900 757 1966 illa
780 1905 948 1968 nocentior
970 1903 1070 1969 hostis
1094 1902 1242 1988 habetur,

334 2025 367 2073 30
394 2008 549 2094 Languor
571 2006 719 2074 amabilis
742 2008 991 2075 immedicabilis
1015 2033 1086 2074 esse
1110 2009 1250 2075 videtur.

395 2116 515 2180 Dicere
539 2113 666 2202 planius
690 2125 740 2180 est
761 2116 971 2199 inhonestius,
995 2116 1078 2182 ultro
1101 2116 1242 2203 patebit;

395 2222 488 2288 Ultro
512 2224 584 2309 quis
607 2222 728 2306 audiet,
752 2223 835 2288 ultro
859 2222 1041 2306 subaudiet,
1064 2222 1148 2288 ultro
1172 2222 1312 2288 docebit.

396 2329 462 2396 Sed
486 2329 635 2394 dominus
659 2353 749 2394 meus
774 2332 975 2416 omnipotens
999 2328 1101 2412 Deus,
1126 2332 1351 2413 omnicreator,

396 2436 627 2524 insipientibus
651 2447 683 2502 et
707 2436 906 2524 sapientibus
930 2437 1113 2521 auxiliator,

335 2560 367 2609 35
396 2545 467 2634 Hec
490 2546 564 2632 pius
587 2544 714 2610 auferat
737 2555 769 2608 et
791 2543 877 2610 bona
901 2544 1054 2628 conferat,
1079 2554 1114 2608 ut
1135 2555 1331 2628 mereantur,

397 2651 586 2739 Spiritualie
609 2674 745 2738 querere
768 2673 901 2738 pascua,
925 2674 966 2717 ne
989 2653 1175 2717 moriantur.

396 2794 510 2859 Presul
533 2793 681 2860 amabilis
705 2803 738 2858 et
759 2793 956 2858 venerabilis
979 2794 1076 2880 Hugo
1098 2794 1242 2876 Diensis,

396 2902 516 2966 Vestra
539 2902 676 2967 scientia
698 2913 808 2967 nostra
831 2899 994 2986 superflua
1017 2901 1103 2966 radit
1125 2911 1161 2964 ut
1184 2901 1281 2965 ensis.

396 3009 457 3073 Vir
479 3007 708 3092 memorabilis,
731 3007 963 3094 irreparabilis,
988 3009 1091 3072 omnis
1114 3007 1266 3073 honestas

335 3132 369 3180 40
396 3116 515 3180 Vestra
538 3115 723 3202 calumpnia
746 3116 879 3198 corrigit
902 3116 1010 3179 omnia
1033 3115 1132 3200 digna
1154 3124 1307 3201 potestas.

397 3221 528 3308 Anglia,
553 3221 707 3309 Soothya,
732 3219 849 3303 Gallia,
874 3219 995 3286 Gracia
1016 3244 1076 3286 vos
1098 3233 1275 3304 reveretur,

398 3329 495 3410 Quod
519 3330 688 3416 sapientia,
714 3327 801 3414 quod
823 3329 1008 3392 reverentia
1030 3337 1139 3392 vestra
1161 3338 1312 3392 meretur.

397 3435 552 3502 Carmina
575 3437 717 3518 metrica,
743 3435 831 3499 dicta
853 3435 984 3520 poetica
1006 3435 1034 3497 si
1056 3433 1265 3521 placuissent,

397 3544 516 3608 Nostra
538 3543 726 3630 precamina
749 3543 834 3606 insta
856 3563 915 3627 per
938 3542 1046 3605 omnia
1069 3564 1126 3604 vos
1149 3543 1360 3623 monuissent,

336 3668 369 3716 45
397 3651 452 3716 Ius
476 3661 510 3714 ut
534 3649 575 3714 ab
599 3648 748 3714 omnibus
772 3649 832 3737 bec
855 3647 1050 3712 facientibus
1075 3649 1300 3735 optinuissent.

397 3757 532 3840 Affrica,
557 3756 713 3844 Spania⁸,
737 3756 860 3820 Pontus
884 3765 917 3818 et
938 3754 1020 3819 Asia
1042 3777 1100 3820 vos
1124 3755 1309 3820 coluissent.

527 3976 557 4038 2.
594 3975 751 4038 Versus
781 3973 827 4038 de
857 3972 1039 4036 Romana
1068 3971 1269 4036 avaricia.

398 4099 632 4164 Ecclesiastico
655 4099 758 4162 Roma
779 4099 912 4184 negotia
935 4119 1007 4161 curn
1032 4096 1226 4178 moderetur,

400 4206 536 4287 Questio
559 4203 706 4292 partibus
730 4205 832 4270 omnis
856 4202 898 4268 ab
923 4202 1071 4267 omnibus
1093 4202 1147 4267 hio
1170 4202 1358 4267 recitetur-¹³.

399 4315 476 4380 Sola
498 4313 639 4400 pecunia
661 4311 789 4398 perficit
812 4312 930 4394 omnia,
954 4331 1015 4374 nec
1038 4308 1119 4374 tibi⁰
1144 4309 1267 4373 claudit

398 4422 522 4486 Ianitor
544 4421 635 4500 ostia,
661 4419 746 4483 dona
769 4419 938 4505 sequentia
961 4418 988 4481 si
1011 4418 1100 4503 prius
1124 4416 1223 4482 audit.

356 4547 371 4594 5
400 4529 464 4609 Qui
487 4527 599 4592 vehit(l
622 4525 770 4612 amplius,
793 4525 847 4589 ille
871 4526 1063 4611 propensius
1087 4525 1278 4610 accipietur,

400 4635 551 4721 Quique⁰
574 4633 750 4715 remissius,
775 4631 828 4696 bio
851 4631 1051 4696 inhonestius
1074 4630 1150 4695 inde
1174 4641 1332 4695 movetur.

401 4743 534 4808 Summa
557 4741 702 4820 scientia,
727 4761 852 4802 summa
873 4739 1019 4826 potentia
1041 4736 1130 4801 nulla
1152 4747 1312 4817 tenentur,

340 4933 341 4938 η
400 4848 512 4914 Verba
534 4847 711 4934 precantia,
734 4867 870 4910 munera
893 4844 1001 4909 dulcia
1023 4846 1057 4908 ni
1082 4845 1282 4909 comitentur.

401 4957 474 5020 Non
498 4954 666 5040 sapientia,
690 4975 755 5016 non
778 4952 962 5016 reverentia
984 4951 1172 5036 religionis‘

341 5081 373 5128 10
401 5062 561 5127 Iudicium
584 5061 647 5125 nisi
670 5081 730 5146 per
751 5060 872 5124 vicium
896 5060 985 5145 capit
1007 5057 1193 5122 ambitionis
1204 5057 1226 5121 ¹.

400 5167 641 5233 Extenuabitur
664 5176 697 5230 et
717 5163 933 5230 vacuabitur⁸
956 5166 1060 5229 omnis
1083 5164 1234 5229 honestas
1244 5164 1267 5244 ἲ,

402 5275 485 5341 Cum
509 5275 614 5339 studio
638 5273 715 5338 furit
737 5273 771 5336 in
794 5274 908 5358 precio
928 5272 1075 5336 Romana
1097 5281 1241 5358 potestas
1252 5271 1274 5335 f.

402 5385 488 5448 Hinc
512 5381 719 5447 anathemata
740 5379 904 5465 multaque
929 5380 1081 5443 scismata
1104 5379 1229 5464 spargit
1252 5377 1373 5464 ubique
1384 5377 1406 5459 f,

403 5488 499 5571 Quod
522 5486 685 5553 venialiah
707 5497 773 5551 tam
798 5484 951 5573 capitalia
974 5485 1117 5550 sanceit¹
1142 5486 1253 5571 inique
1264 5485 1286 5548 f.

189 5708 216 5774 a)
237 5713 340 5777 spartis
358 5727 378 5760 c.
439 5705 468 5770 b)
489 5709 619 5758 reticetur
636 5724 657 5757 c.
717 5705 742 5769 c)
763 5703 872 5767 sarrs
889 5706 941 5756 sibi
960 5721 980 5754 c.
1035 5701 1063 5766 d)
1084 5704 1118 5754 sic
1135 5721 1156 5754 c.
1176 5702 1237 5765 Fr.,·
1256 5703 1331 5753 dedit
1348 5703 1449 5753 marinio.
1504 5703 1530 5762 c)
1552 5702 1612 5751 ao.
1631 5717 1729 5760 οπως

81 5802 194 5866 suppleri
212 5817 225 5850 e
245 5799 287 5851 Fr.
342 5797 363 5861 f)
385 5800 417 5858 is,
437 5813 475 5858 as,
495 5814 547 5862 que
565 5796 647 5847 ἀωὶεα
664 5796 691 5846 in
710 5813 730 5845 ο.
794 5791 823 5860 g)
845 5793 1024 5845 evacuabitur
1038 5791 1082 5845 ΕΙ.
1136 5790 1165 5856 h)
1186 5791 1293 5855 sicFl.,·
1311 5790 1421 5843 venalia
1439 5809 1458 5841 o.
1514 5789 1534 5852 i)
1557 5795 1662 5840 sanctet
1682 5787 1727 5840 Fl.
