4478 6442
1013 449 1207 506 ADDENDA
1230 450 1281 505 ET
1305 449 1564 505 EMENDANDA.

906 636 1131 726 Appendix
1160 636 1209 701 ad
1238 634 1440 701 Beroaldi
1469 632 1672 700 libellum.

573 781 609 847 P.
629 783 702 846 601.
739 779 892 862 Sdraiek,
917 780 1180 869 ‘Streitsalrriftcn
1202 779 1385 844 Altamaas'
1401 804 1438 866 p.
1460 781 1650 843 173-1'15.
1684 778 1772 844 dedit
1801 803 1841 843 ex
1870 777 1979 842 codice
2004 777 2111 843 Goari-

466 892 554 955 oeasi
574 891 628 970 56,
657 913 736 954 eaeo.
754 887 836 952 XII.
865 889 1007 975 menapia
1038 887 1146 952 horam
1170 887 1357 952 simillima:
1386 885 1482 950 Anno
1507 885 1688 950 dominicae
1712 885 1948 949 incarnationis
1972 882 2110 948 DXHlI.

466 993 660 1060 Haribertus
684 1017 704 1058 a
728 1004 839 1058 sancto
858 992 1022 1058 Germano
1038 993 1238 1058 Parisiorum
1255 993 1409 1079 episcopo
1426 1015 1483 1078 pro
1500 991 1634 1056 libidine
1659 1014 1718 1056 sua
1742 992 2047 1056 excommunicatus
2069 1005 2112 1056 est

468 1113 499 1166 et
522 1101 567 1166 ita
591 1101 890 1166 excommunicatus
914 1099 957 1164 ad
980 1099 1152 1182 infernum,
1183 1099 1248 1164 heu
1270 1099 1385 1164 miser!
1417 1098 1596 1180 descendit,
1620 1109 1656 1164 ut
1678 1099 1711 1162 in
1736 1097 1955 1164 veratioribus
1981 1099 2138 1162 croniciss

467 1210 636 1296 reperitur.
671 1207 793 1273 Paulus
809 1207 995 1292 patriarcha
1011 1205 1387 1292 Constantinopolitanus
1411 1205 1517 1270 heresi
1541 1227 1619 1270 suae
1637 1205 1827 1270 Constantio
1851 1217 1993 1290 augusto
2010 1205 2111 1270 favere

467 1317 638 1402 persuasit.
685 1314 780 1380 Unde
814 1325 945 1379 sanctus
975 1313 1133 1378 Martinus
1163 1336 1250 1400 papa
1283 1315 1318 1377 in
1347 1313 1461 1377 ordine
1491 1311 1673 1378 LXXXVI
1709 1311 1805 1396 (corr.
1836 1311 2000 1398 LXXVI)
2035 1334 2112 1376 anno

468 1423 649 1487 dominicae
680 1421 911 1485 incarnationis
941 1419 1042 1485 DOL.
1073 1419 1255 1506 predictum
1284 1421 1527 1506 imperatorem,
1560 1420 1659 1483 immo
1690 1441 1802 1484 omnes
1833 1419 1955 1506 prefati
1986 1418 2113 1484 heretici

469 1539 655 1610 sectatores,
679 1529 713 1592 in
732 1527 879 1592 Romana
902 1526 1016 1592 sinodo
1040 1528 1345 1608 excommunicavit,
1370 1539 1406 1591 ut
1428 1527 1460 1590 in
1479 1525 1587 1590 Gestis
1611 1523 1850 1612 pontificalibus
1877 1527 1938 1608 (ed.
1958 1526 2114 1592 Dacians

468 1637 551 1724 I,p.
570 1638 648 1722 336)
681 1645 713 1700 et
742 1635 776 1698 in
799 1634 945 1721 hystoria
967 1633 1187 1698 Romanorum
1217 1635 1385 1720 reperitur.
1432 1633 1633 1718 Auctoritate
1659 1632 1817 1720 Stephani
1840 1655 1947 1718 papae
1974 1631 2113 1719 deposito
2131 1657 2150 1696 u

469 1765 507 1807 ae
532 1741 667 1806 detonso
684 1741 852 1806 Hilderioo
876 1763 964 1825 rege,
989 1740 1085 1804 immo
1110 1741 1144 1804 in
1168 1741 1398 1805 monasterium
1422 1741 1531 1820 misso,
1556 1739 1678 1804 electus
1703 1750 1752 1803 est
1773 1739 1911 1826 Pipinus
1935 1762 1997 1803 rex
2020 1739 2114 1803 Fran-

470 1871 579 1914 corum
605 1859 638 1913 et
660 1871 680 1912 a
703 1858 815 1912 sancto
831 1847 1002 1912 Bonifacio
1019 1847 1209 1933 Mogontino
1233 1847 1480 1934 archiepiscopo
1498 1845 1680 1912 suessionis
1705 1846 1746 1910 ad
1770 1869 1881 1932 regem
1901 1859 2114 1926 consecratur,

469 1966 504 2020 ut
527 1955 649 2019 diversi
672 1955 828 2041 hystorici
851 1965 1020 2019 testantur.
1056 1955 1151 2018 Anno
1169 1953 1351 2018 dominicae
1370 1954 1602 2018 incarnationis
1619 1951 1835 2018 DCCCLVII
1861 1953 1959 2038 (corr.
1976 1953 2114 2038 LXVII)

470 2061 638 2150 Nykolaus
654 2085 740 2148 papa
756 2062 1051 2126 excommunicavit
1065 2061 1255 2126 Lotharium
1272 2083 1382 2145 regem
1399 2061 1609 2142 Francorum,
1627 2085 1665 2126 eo
1683 2061 1769 2148 qnod
1784 2060 1958 2148 repudiata
1978 2060 2116 2146 legitima

469 2191 572 2234 uxore
596 2191 655 2233 sua
671 2167 904 2232 Walderadam
929 2166 1144 2232 concubinam
1168 2167 1289 2232 habere
1312 2169 1563 2254 presumpserit3
1595 2169 1650 2254 qui
1674 2191 1748 2232 eum
1771 2169 1874 2232 Rome
1899 2167 1940 2231 de
1965 2167 2062 2231 illatis
2084 2190 2116 2230 se
2132 2189 2153 2228 u

471 2274 659 2341 criminibus
677 2297 834 2340 excusare
851 2274 950 2339 vellet
965 2273 1092 2362 sibique
1109 2276 1170 2340 hoo
1186 2275 1342 2340 iudicium
1359 2285 1601 2361 preponeretur,
1618 2285 1663 2356 ut,
1689 2277 1715 2338 si
1739 2276 1894 2339 innocens
1919 2287 2016 2354 esset,
2041 2273 2117 2338 fidu·

471 2382 597 2446 cialiter
620 2382 662 2447 ad
679 2382 938 2447 communionem
962 2381 1143 2462 accederet,
1168 2383 1307 2446 accessit
1330 2383 1521 2445 temerarius
1546 2393 1577 2446 et
1600 2381 1640 2446 de
1656 2404 1755 2446 manu
1771 2381 1940 2468 apostolici
1965 2380 2117 2446 iudicium

471 2489 533 2553 sibi
562 2490 692 2575 suisque
717 2487 930 2574 eomplicibus
960 2491 1107 2575 sumpsit.
1154 2489 1237 2553 Nam
1268 2511 1333 2552 non
1363 2488 1462 2552 multo
1492 2499 1566 2574 post
1595 2489 1665 2575 ipse
1697 2490 1810 2575 suique
1840 2488 1985 2552 fautores
2017 2485 2119 2551 subita

471 2607 573 2660 morte
604 2595 780 2682 perierunt,
811 2605 965 2682 tantaque
997 2595 1107 2660 clades
1138 2595 1222 2659 hanc
1253 2597 1527 2682 presumptionem
1558 2595 1712 2659 divinitus
1743 2594 1919 2659 subsecuta
1948 2607 2007 2676 est,
2031 2605 2067 2657 ut
2088 2595 2119 2657 in

472 2702 617 2766 eiusdem
639 2702 787 2766 Lotharii
816 2724 917 2788 regno
947 2713 1015 2766 tota
1042 2703 1144 2766 virtus
1175 2723 1214 2766 ao
1243 2700 1395 2766 nobilitas
1426 2725 1491 2766 non
1521 2715 1627 2789 peste,
1659 2701 1716 2766 sed
1749 2703 1841 2788 quasi
1873 2701 1982 2766 hostili
2013 2700 2117 2788 gladio
2134 2722 2156 2761 ro

472 2808 566 2873 simul
596 2809 704 2873 deleta
732 2809 908 2890 videretur,
939 2819 974 2874 ut
1004 2809 1135 2874 cronica
1165 2809 1342 2894 Reginonis
1378 2807 1505 2872 abbatis
1540 2819 1700 2874 testantur
1735 2811 1793 2896 (cf.
1826 2809 1989 2874 Beraolali
2015 2810 2116 2874 odron.

471 2943 500 2980 a.
527 2917 602 2996 867,
633 2915 691 2980 88.
720 2917 753 2996 V,
779 2941 814 3003 p.
833 2917 921 3000 420).
970 2915 1109 2980 Sanctus
1140 2915 1235 2978 Felix
1266 2939 1352 3002 papa
1381 2917 1416 2980 in
1446 2915 1647 2980 ordinatione
1673 2915 1869 2979 XXXVIII.
1894 2915 2118 2980 Constantium

471 3023 698 3108 imperatorem
729 3022 815 3086 inter
843 3021 1002 3087 hereticos
1033 3021 1249 3108 reputandum
1281 3045 1351 3086 esse
1383 3021 1562 3086 declaravit
1598 3023 1683 3090 (Lib.
1713 3037 1798 3109 pont.
1832 3023 1879 3087 ed.
1905 3021 2118 3101 DuohesneI,

466 3155 501 3216 p.
527 3131 617 3214 211).
670 3129 766 3193 Anno
798 3129 979 3193 dominicae
1010 3129 1243 3192 incarnationis
1275 3127 1577 3193 DCCCXXXIIII.
1608 3127 1784 3193 Ludwicus
1816 3129 1995 3215 imperator
2025 3128 2118 3192 armis

472 3235 627 3322 depositis
651 3235 692 3300 ad
716 3236 878 3322 agendam
901 3237 1111 3322 penitentiam
1136 3235 1257 3300 iudicio
1282 3237 1508 3322 episcoporum
1531 3235 1716 3300 includitur.
1764 3234 1905 3300 Sanctus
1929 3234 2117 3299 Ambrosius
2134 3255 2156 3294 a

472 3341 724 3407 Ilediolanensis
755 3344 927 3429 episcopus
957 3341 1045 3428 apud
1068 3342 1290 3406 Mediolanum
1314 3342 1533 3407 Theodosium
1564 3343 1792 3429 imperatorem
1821 3351 1853 3406 et
1882 3353 2057 3426 augustum
2080 3339 2117 3405 ab

473 3449 695 3514 ecclesiastica
718 3451 943 3514 communione
968 3451 1141 3536 separavit,
1167 3472 1205 3513 ao
1229 3447 1316 3535 quod
1340 3449 1404 3514 illic
1429 3447 1583 3514 militibus
1608 3451 1675 3513 suis
1699 3449 1915 3513 temeritatem
1932 3448 1961 3512 T
1964 3447 2117 3512 hesaloni-

473 3557 617 3620 censium
645 3556 729 3620 ultra
758 3556 889 3620 modum
917 3555 1031 3620 ulcisci
1062 3556 1254 3642 permiserit,
1287 3557 1341 3642 qui
1371 3568 1480 3620 tamon
1510 3569 1623 3642 postea
1653 3557 1825 3620 transactis
1849 3555 1933 3618 VIII
1957 3553 2117 3619 mensibus

473 3661 596 3749 absque
620 3664 845 3727 communione
871 3685 942 3727 cum
968 3661 1205 3727 districtissima
1235 3664 1413 3748 penitentia
1436 3685 1455 3726 a
1478 3661 1625 3749 predicto
1653 3663 1795 3726 antistite
1823 3662 2118 3727 reconciliationem

473 3771 530 3834 vix
559 3770 753 3852 emendavit,
784 3781 819 3834 ut
848 3767 1010 3833 Eusebius
1042 3781 1074 3834 et
1105 3768 1319 3834 Cassiodorus
1351 3771 1383 3832 in
1414 3770 1554 3834 historiis
1586 3770 1652 3834 suis
1682 3780 1842 3834 testantur
1874 3769 1996 3858 (Rasin.
2031 3771 2050 3834 l.
2075 3768 2118 3848 II,
2135 3789 2157 3827 a

473 3904 497 3942 c.
519 3880 568 3942 18.
594 3878 641 3942 ed.
664 3877 842 3942 Voilarsius
866 3879 922 3941 ool.
941 3879 1022 3958 288,-
1049 3877 1192 3942 Cassiod.
1218 3878 1264 3942 ed.
1286 3877 1435 3942 Garetius
1451 3901 1487 3964 p.
1507 3879 1596 3962 343).

922 4140 1155 4207 Theohaldi
1186 4143 1447 4229 Stampensis
1479 4144 1671 4230 epistola.

580 4287 616 4351 P.
635 4287 708 4350 603.
745 4285 892 4373 Epistola
923 4286 968 4349 ad
997 4289 1176 4372 episcopam
1205 4285 1473 4366 Liacolaieasem,
1505 4313 1597 4374 qaam
1629 4287 1776 4374 Daohery
1808 4287 1827 4350 I.
1853 4287 1872 4350 I.
1898 4285 1966 4366 III,
1994 4311 2028 4372 p.
2050 4287 2119 4349 132.

474 4393 585 4473 edidit,
616 4407 699 4458 extat
727 4395 761 4457 ia
789 4393 895 4458 codice
918 4392 1068 4458 Parisino
1095 4394 1213 4473 11400,
1235 4417 1314 4457 saec.
1333 4393 1414 4472 XII,
1438 4395 1504 4480 sol.
1526 4395 1597 4458 124.
1629 4394 1685 4456 Izoe
1708 4395 1815 4458 titulo:
1845 4391 1995 4478 Epistola
2018 4391 2121 4456 Theo·

473 4497 562 4562 baldi
586 4499 787 4585 Stampensis
815 4498 858 4562 ad
881 4497 1034 4563 abbatem
1058 4497 1328 4580 Salaberiensem,
1353 4500 1407 4584 qui
1433 4499 1601 4563 asserebat
1628 4499 1767 4585 aliquem
1792 4521 1857 4563 non
1880 4521 1977 4584 posse
2003 4498 2167 4564 salvarias

474 4607 537 4669 nisi
560 4607 663 4692 possit
686 4628 740 4670 ore
765 4605 927 4688 confiteri,
959 4607 1003 4695 cf.
1029 4606 1194 4686 Hauriaa,
1219 4606 1356 4671 ‘Noticea
1380 4621 1408 4671 at
1430 4607 1518 4671 eat-r!
1544 4608 1577 4686 V,
1599 4632 1632 4693 p.
1651 4609 1724 4670 262.

955 4869 1150 4935 Gualteri
1180 4869 1229 4935 ab
1257 4871 1416 4936 Insulis
1446 4874 1640 4938 carmina.

583 4996 619 5058 P.
637 4998 835 5060 556-558.
873 4996 943 5060 Hoc
973 5021 1097 5061 carruae
1128 4997 1230 5062 edidit
1251 5013 1327 5084 post
1355 4997 1591 5063 rliaeideaaraaa
1625 5001 1686 5062 iam
1718 5025 1746 5063 a.
1768 5000 1863 5062 1886.
1892 4998 1934 5062 Β.
1957 4998 2126 5078 Harmina,

477 5103 559 5167 ‘Not
578 5118 605 5167 et
620 5103 708 5167 extr!
724 5101 877 5183 XXXII,
897 5105 924 5182 l,
942 5128 978 5189 p.
998 5105 1137 5167 25-28.
1163 5119 1254 5189 atque
1278 5108 1389 5169 iterum
1413 5131 1441 5170 a.
1463 5108 1555 5168 1893.
1581 5109 1614 5170 ia
1639 5105 1777 5170 ‘Notices
1795 5121 1823 5171 et
1837 5110 1968 5171 eatraits
1984 5107 2024 5170 de
2041 5108 2126 5192 quel·

477 5235 551 5295 ques
567 5213 754 5274 martascrits
770 5210 881 5273 latias'
902 5208 955 5290 VI,
968 5235 1001 5296 p.
1016 5211 1210 5274 293—295.
1228 5237 1266 5275 en
1281 5213 1441 5276 codicibus
1456 5212 1618 5276 Parisiais
1634 5213 1750 5292 11412,
1766 5238 1790 5277 a.
1805 5211 1905 5292 XIII,
1915 5215 1949 5299 f.
1965 5214 2128 5293 21¹—22,
2145 5231 2179 5270 ⁴0·

480 5318 597 5395 11861,
627 5341 651 5380 s.
675 5315 774 5379 XIII.
800 5341 858 5396 ea,
884 5317 918 5404 f.
939 5320 1134 5396 tol-101¹,
1165 5319 1343 5382 Harieiaao
1374 5321 1490 5400 simili,
1521 5334 1549 5384 et
1578 5319 1679 5383 Noua.
1712 5321 1842 5405 Aequis.
1870 5321 1966 5399 1544,
1998 5345 2023 5384 s.
2049 5320 2128 5394 XV,

478 5424 618 5487 lectionis
641 5425 789 5488 varietate
812 5448 872 5487 raon
897 5425 1049 5504 radicata,
1073 5450 1111 5489 ea
1134 5427 1246 5510 qat'hue
1262 5425 1304 5488 H.
1322 5425 1463 5512 Lebipare
1478 5427 1561 5490 mitt
1581 5427 1711 5490 eontulit
1733 5425 1811 5490 duos
1826 5429 1967 5513 prio-res,
1992 5427 2127 5492 alterum

478 5532 571 5593 etiam
599 5528 631 5592 O.
657 5528 793 5615 Hampe,
816 5530 873 5593 Pl
901 5546 928 5595 et
949 5530 1012 5593 P2
1037 5557 1056 5596 a
1080 5557 1127 5597 ate
1150 5547 1290 5597 uocatos:

586 5657 877 5722 1,1...liconisP1;
905 5658 1035 5723 Elyconis
1057 5661 1107 5711 Pa
1144 5662 1249 5728 modice
1270 5661 1321 5712 1³2
1357 5663 1502 5729 depressus
1523 5663 1579 5713 Ρ1.
1653 5665 1676 5714 3.
1703 5665 1767 5728 quia
1792 5663 1846 5712 iam
1867 5661 1968 5712 labitur
1988 5661 2051 5724 1‘1;
2080 5664 2129 5714 Set

479 5747 608 5810 quoniam
627 5748 764 5812 scriptitat
783 5747 842 5797 Pa.
897 5751 921 5797 4.
941 5750 1017 5813 tybia
1037 5750 1131 5800 Pan.
2148 5758 2184 5797 *δ’

585 5837 610 5886 2.
629 5853 676 5886 om.
698 5836 757 5886 Pa.
812 5837 1278 5896 2‚l.RimusdumlascinioPl.
1335 5843 1359 5890 3.
1379 5839 1510 5890 nouPl.
1565 5839 2049 5905 4.Necr0ntelahraprotniP1.
