4410 6406
442 396 507 460 252
735 403 915 458 GERHOHI
937 402 1171 458 PRAEPOSITI
1194 401 1601 459 REICHERSBERGENSIS
1624 401 1790 458 LIBELLI.

442 592 493 656 uel
521 594 590 678 ipsi
616 592 728 656 labent
756 592 807 656 vel
834 592 912 655 aliia
942 592 1131 679 largiuntur,
1162 616 1227 655 una
1255 592 1377 655 scilicet
1405 615 1474 654 curn
1497 591 1645 676 maritali
1668 593 1844 655 ministerio
1867 591 1925 654 sub
1950 588 2090 676 Symonis

443 701 621 778 intentione,
644 723 703 783 quc
712 699 787 785 suit
803 700 950 763 avaricia
973 701 1039 763 siue
1062 699 1223 784 cupiditas
1247 699 1339 776 lucri,
1363 722 1434 762 uere
1457 699 1698 782 comprobantur
1721 721 1786 762 esse
1808 699 1997 784 symoniaci,
2021 701 2091 781 quia

444 805 559 868 donum
584 804 657 885 Dei,
689 805 775 891 quod
804 808 836 869 in
860 818 966 870 sancto
989 807 1164 870 ministerio
1188 819 1242 883 est,
1272 806 1453 868 euistimuut
1466 806 1608 890 pecunia
1624 805 1800 890 possideri,
1827 819 1856 869 et
1877 804 2092 868 conmmeiian

436 912 572 999 faciunt
593 925 699 976 sancto
723 910 874 997 Spiritui,
898 936 988 996 quem
1010 914 1058 976 sic
1081 915 1262 979 euistirnant
1276 935 1372 997 posse
1396 912 1537 975 obtineri.
1585 909 1680 991 Nam,
1704 921 1739 974 ut
1762 909 1923 996 premissa
1946 910 2092 995 superius

443 1038 549 1103 papae
564 1016 710 1081 Pascalis
734 1017 909 1081 auctoritas
925 1015 1076 1098 ostendit,
1093 1017 1279 1103 quicunque
1304 1015 1345 1080 de
1369 1014 1466 1080 rebus
1482 1017 1606 1102 pariter
1621 1018 1801 1082 coniunctis
1818 1017 1956 1081 alteram
1972 1013 2093 1097 vendit,
2110 1042 2121 1080 s

354 1147 425 1190 aas.
443 1123 578 1188 alteram
609 1123 812 1188 invenditam
840 1146 906 1187 non
935 1123 1098 1209 relinquit,
1124 1122 1243 1187 'scelus
1274 1122 1361 1188 istud
1392 1123 1539 1209 quisquis
1569 1123 1695 1188 occulte
1727 1125 1911 1206 committit,
1943 1144 2019 1186 reus
2050 1132 2096 1186 cst

274 1254 424 1304 utrinam.
443 1229 575 1312 iudicio,
592 1230 746 1295 videlicet
768 1229 890 1294 iudicio
914 1229 1036 1293 divino.
1072 1230 1138 1311 Qui
1154 1241 1263 1294 autern
1279 1231 1372 1316 quasi
1388 1229 1502 1294 dicens
1527 1228 1657 1310 ‘racha',
1681 1229 1889 1294 manifestum
1913 1240 1947 1292 et
1969 1226 2096 1292 indubi-

443 1346 545 1401 tatum
570 1338 603 1400 in
627 1359 661 1401 se
685 1337 779 1400 huius
804 1336 935 1400 sceleris
953 1335 1080 1400 dederit
1096 1337 1233 1422 signum,
1257 1359 1332 1400 reus
1357 1347 1406 1400 est
1428 1358 1493 1400 non
1510 1335 1614 1400 solum
1637 1335 1757 1400 iudicio
1774 1336 1897 1418 divino,
1922 1335 2095 1400 sedetiam

444 1441 608 1507 humano⁸
640 1442 787 1524 concilia,
820 1443 972 1528 quoniam
1004 1440 1174 1507 subiacere
1207 1442 1387 1507 dinoscitur
1414 1442 1465 1506 his
1497 1465 1560 1530 que
1592 1452 1705 1508 contra
1735 1444 1941 1529 symoniacos
1972 1442 2098 1528 prolata

445 1559 520 1614 sunt
542 1550 575 1614 in
592 1548 738 1635 quolibet
761 1561 947 1614 sanctorum
970 1561 1099 1635 patrum
1116 1549 1265 1614 concilio.
1313 1547 1349 1614 Si
1373 1561 1481 1613 autem
1504 1572 1524 1613 a
1547 1549 1694 1636 quolibet
1716 1572 1795 1613 sane
1819 1548 2026 1634 redargutus,
2051 1571 2097 1612 re·
2115 1577 2137 1614 n

394 1681 425 1721 n.
445 1655 618 1742 darguenti
642 1679 676 1720 se
701 1655 796 1720 dicit:
829 1658 940 1737 Fonte,
970 1682 1042 1721 reus
1069 1659 1131 1721 erit
1154 1658 1312 1745 pelennae
1334 1659 1429 1745 ipnca,
1460 1667 1493 1720 et
1515 1667 1565 1720 est
1588 1657 1718 1722 omnino
1741 1655 1803 1720 illis
1828 1655 2019 1736 consimilis,
2045 1657 2098 1741 qui

306 1788 425 1838 rosnae.
445 1761 575 1828 Christo
600 1763 657 1826 seb
681 1764 830 1848 arguenti
854 1762 1022 1827 dixerunt:
1047 1763 1235 1828 Dernoninrn
1260 1765 1363 1828 habu.

552 1869 647 1934 Nunc
670 1871 769 1955 igitur
790 1869 853 1933 illis
878 1869 988 1934 divino
1011 1869 1133 1934 iudicio
1153 1871 1299 1950 servatis,
1317 1871 1373 1955 qui
1389 1871 1437 1934 rei
1453 1879 1528 1934 sunt
1543 1869 1675 1951 iudicia,
1693 1871 1845 1956 quoniam
1862 1869 1970 1934 scelus
1987 1892 2097 1933 eorum

446 1985 495 2040 'est
518 1977 550 2039 in
568 1975 705 2057 occulto,
729 1998 864 2062 agamus
881 1975 921 2040 de
938 1975 1001 2039 illis
1018 1977 1073 2062 qui
1091 1986 1165 2040 sunt
1180 1977 1228 2040 rei
1245 1976 1393 2058 concilia,
1410 1978 1488 2063 quia
1503 1977 1651 2062 symonia
1667 1977 1831 2062 ipsorumc
1849 1987 1899 2040 est
1921 1977 1956 2041 in
1973 1985 2096 2062 aperto,

445 2092 482 2146 ut
496 2081 660 2146 manifesti
676 2082 860 2146 venditores
878 2093 910 2146 et
925 2093 1087 2168 emptores
1104 2083 1347 2163 aecclesiarum,
1371 2081 1613 2168 prebendarum
1628 2082 1830 2169 aliarumque
1847 2105 1956 2147 rerum
1973 2081 2096 2146 aeccle·
2114 2109 2136 2148 a

446 2190 650 2254 siasticarum
673 2199 709 2252 ut
732 2188 1058 2254 aecclesiasticamm.
1106 2187 1234 2270 Quibus
1265 2191 1412 2274 cogimur
1441 2211 1676 2254 connumerare
1708 2189 1930 2254 conducticias
1962 2190 2096 2254 clericos

447 2318 623 2382 eorumque
633 2295 865 2378 conductores,
883 2296 1035 2382 quoniam
1052 2305 1085 2360 et
1100 2295 1144 2359 illi
1163 2297 1367 2360 committunt
1382 2319 1447 2360 non
1463 2296 1634 2378 occultam,
1659 2296 1717 2361 sed
1733 2301 1879 2382 apertam
1904 2297 2095 2382 symoniam,

447 2401 522 2467 dum
540 2412 573 2466 et
588 2401 784 2466 conducticii
800 2401 947 2466 vendunt
962 2412 995 2465 et
1010 2402 1224 2467 conductores
1240 2412 1351 2466 emunt
1366 2405 1497 2467 missam
1513 2403 1566 2467 vel
1583 2403 1702 2467 aliamd
1719 2404 2044 2467 amministrationem
2065 2403 2096 2465 in

447 2508 571 2595 Spiritu
587 2519 699 2574 sancto
723 2509 901 2594 agendam:
927 2507 985 2573 hos
1009 2519 1164 2595 tanquam
1187 2532 1260 2573 reos
1285 2509 1422 2574 concilio
1446 2510 1586 2596 primum
1602 2511 1811 2596 percutimus,
1831 2510 1884 2574 vel
1908 2511 2016 2596 potius
2040 2532 2096 2596 per

448 2639 559 2681 cussos
576 2615 833 2680 demonstramus
857 2617 890 2678 in
907 2613 1145 2680 Calcedouensi
1161 2615 1310 2697 concilio,
1326 2616 1383 2681 ubi
1400 2616 1440 2681 de
1457 2615 1575 2681 talibus
1599 2616 1727 2681 clericis
1742 2619 1836 2702 vagis
1860 2628 1892 2682 et
1915 2616 1958 2680 ad
1974 2616 2095 2681 nullum
2112 2643 2135 2681 n

447 2722 575 2786 titulum
595 2732 719 2786 certum
742 2721 898 2786 ordinatis
921 2720 964 2786 ab
981 2723 1067 2786 omni
1085 2721 1222 2786 concilio
1239 2732 1393 2787 statutum
1410 2735 1459 2787 est
1475 2733 1528 2787 et⁰
1546 2723 1723 2806 definitum,
1745 2746 1800 2787 eos
1823 2746 1985 2809 nusquam
2001 2745 2094 2809 posse

377 2886 383 2897 .
417 2856 430 2898 r.
447 2830 630 2893 ministrare
661 2829 704 2893 ad
734 2829 911 2893 ordinantis
941 2828 1093 2893 iniuriam
1104 2833 1125 2892 ¹.
1173 2828 1278 2892 'Huic
1302 2840 1415 2896 sancto
1447 2841 1479 2894 et
1508 2852 1626 2915 magno
1653 2829 1791 2895 concilio
1823 2853 2005 2894 consonans
2029 2831 2094 2894 Leo

447 2935 603 3022 Magnus:
632 2937 720 3002 Vana
743 2951 796 3016 eat,
820 2937 926 3022 inquit
936 2941 957 3017 ²,
981 2937 1125 3002 habenda
1148 2940 1349 3017 comecratia,
1373 2963 1453 3023 quae
1475 2963 1531 3002 nec
1554 2938 1620 3002 loco
1636 2937 1782 3026 fundata
1806 2953 1859 3016 eat,
1882 2963 1937 3002 uec
1961 2941 2094 3002 arnari-

447 3057 507 3108 tate
529 3046 659 3108 munito.
707 3041 846 3107 Sanctus
869 3065 956 3128 papa
980 3041 1159 3128 Gregorius
1189 3042 1276 3107 idern
1307 3043 1480 3108 concilium
1511 3067 1585 3108 curn
1614 3045 1730 3108 ceteris
1760 3042 1998 3130 principalibus
2022 3067 2094 3108 con·

448 3148 531 3213 ciliis
554 3146 738 3235 approbans
762 3149 795 3212 in
812 3171 870 3213 sua
893 3147 1051 3234 synodica
1067 3147 1183 3213 dieitss:
1210 3149 1300 3215 Sicut
1320 3154 1424 3214 sancti
1444 3153 1627 3238 aeuanpelii
1639 3151 1722 3214 IIII
1733 3153 1841 3232 libros,
1864 3155 1911 3216 sic
1934 3151 2016 3214 IIII
2027 3176 2094 3216 can·
2111 3175 2133 3215 n

448 3258 525 3321 cilia
555 3259 713 3348 suscepere
736 3281 774 3320 ac
797 3259 946 3320 carcerari
965 3281 1012 3320 nte
1028 3258 1150 3343 fateor,
1174 3256 1337 3344 Nycenum
1359 3259 1489 3338 scilicet,
1521 3260 1553 3322 in
1577 3282 1637 3343 quo
1658 3283 1840 3344 perversam
1864 3258 1964 3322 Arrii
1985 3259 2095 3346 ἀοφιια

448 3364 629 3444 destruitur,
657 3363 1034 3448 Constantinopolitanum
1058 3386 1188 3448 quoque,
1213 3366 1247 3427 iu
1270 3388 1330 3448 quo
1346 3363 1502 3428 Etrrtomii
1523 3378 1551 3428 et
1571 3364 1759 3429 Macedouii
1779 3389 1868 3428 error
1891 3368 2094 3444 conuincitur,

447 3471 626 3557 Effusinurn
649 3473 743 3536 etiarn
759 3473 915 3556 priunum,
943 3473 978 3533 in
1001 3495 1061 3555 quo
1084 3469 1231 3534 Nestorii
1251 3473 1397 3556 impietas
1421 3471 1591 3551 iudicatur,
1621 3470 1847 3536 Calcedoncnse
1871 3495 1954 3552 uero,
1979 3475 2013 3535 in
2037 3495 2095 3556 quo

447 3578 600 3642 Euticetis
624 3578 833 3662 Dioscorique
850 3579 1000 3662 prauitas
1023 3578 1219 3662 reprobatum,
1242 3591 1304 3640 tota
1328 3577 1487 3641 deuotione
1510 3578 1690 3662 amplector,
1713 3580 1916 3664 integerrima
1939 3580 2095 3664 approba-

448 3687 529 3748 tione
552 3685 703 3765 custodio,
734 3687 811 3769 quia
843 3687 876 3748 in
899 3684 950 3748 liis
973 3685 1055 3747 uelut
1084 3686 1119 3748 in
1147 3684 1301 3768 quadrato
1333 3683 1451 3768 lupide,
1482 3698 1586 3748 sancte
1601 3684 1689 3770 fidei
1708 3699 1865 3748 structura
1888 3687 2050 3771 consurgit
2071 3699 2097 3749 et
2113 3710 2136 3748 sc

448 3792 613 3856 cuiuslibet
634 3793 696 3854 uite
720 3805 748 3855 ct
769 3793 909 3854 accionis
933 3793 1054 3870 caistat,
1079 3793 1224 3875 quiaquia
1239 3814 1344 3854 earum
1360 3790 1551 3854 soliditatem
1566 3815 1628 3854 nou
1644 3805 1730 3870 tenet,
1755 3794 1847 3854 ctiam
1871 3794 1903 3854 si
1925 3793 2011 3877 lapis
2034 3816 2096 3856 csse

447 3897 602 3977 uideatur,
627 3912 715 3961 entra
738 3897 899 3984 edificium
923 3900 1032 3962 tacet⁴.
1073 3896 1207 3961 Cunctae
1230 3921 1302 3961 uero
1314 3921 1479 3982 peracutas,
1502 3923 1582 3982 quus
1598 3899 1735 3984 prefata
1758 3899 1937 3962 ueneranda
1962 3900 2096 3963 concilia

447 4019 606 4090 respuunt,
630 4029 753 4091 respuo,
777 4029 856 4089 qnos
872 4018 1068 4084 uenerantur,
1085 4005 1265 4089 arnplector,
1281 4007 1368 4088 quia,
1385 4003 1460 4067 dunt
1476 4005 1654 4068 uniuersali
1667 4029 1815 4068 consensu
1837 4019 1909 4068 sunt
1923 4007 2096 4085 cortstituto,

447 4135 479 4176 se
502 4126 531 4176 et
552 4137 613 4176 non
637 4113 697 4176 illa
713 4112 846 4175 destruit
860 4113 1005 4196 quisquis
1014 4109 1213 4196 preeuntis,-
1236 4124 1291 4174 uut
1305 4111 1424 4175 soluere
1448 4135 1524 4195 quos
1541 4111 1642 4197 ligant
1664 4125 1719 4175 aut
1741 4112 1842 4198 lipare
1865 4135 1942 4196 quos
1965 4113 2094 4175 scierunt.

451 4216 602 4302 Quisquis
632 4242 705 4304 erqo
734 4217 829 4281 alirid
856 4219 951 4302 sapit,
981 4218 1147 4281 anatliema
1177 4219 1226 4280 sit.
1274 4216 1317 4280 Et
1346 4239 1405 4280 nos
1436 4238 1513 4302 ergo
1538 4228 1649 4281 sancto
1675 4215 1834 4302 Gregorio
1859 4238 2003 4281 consona
2026 4239 2096 4280 sen·
2115 4241 2138 4281 u

447 4324 574 4404 tientes,
599 4323 734 4387 clericos
757 4345 859 4408 vagos
883 4321 926 4386 ad
948 4322 1071 4387 nullum
1095 4332 1220 4386 certum
1243 4323 1370 4387 titulum
1394 4323 1569 4404 ordinatos,
1597 4325 1720 4409 passim
1742 4334 1901 4409 vagantes
1925 4335 1958 4388 et
1980 4323 2096 4388 venale

447 4429 591 4494 officium
622 4453 715 4494 suum
747 4429 1011 4493 circumferentes
1042 4430 1075 4492 in
1106 4428 1344 4494 Calcedonensi
1375 4429 1512 4493 concilio
1543 4429 1688 4494 abiectos
1719 4429 1893 4511 abicimus,
1924 4453 1965 4494 ne
1995 4430 2048 4494 vel
2078 4454 2097 4494 a

357 4564 427 4604 *ess
447 4547 559 4602 sancto
585 4533 760 4621 'Gregorio
790 4535 912 4599 dictum
944 4535 1118 4600 anathema
1139 4537 1353 4618 incurramus,
1378 4536 1430 4600 vel
1454 4547 1548 4600 extra
1571 4536 1734 4601 edificium
1758 4539 1849 4601 iuxta
1872 4536 1957 4600 illius
1982 4559 2096 4602 censu-

445 4667 515 4707 ram
538 4645 714 4708 iaceamus.
763 4640 918 4707 Obiciunt
941 4641 1075 4728 quidam
1099 4641 1283 4707 huiusmodi
1305 4666 1408 4728 vagos
1433 4643 1579 4725 clericae,
1605 4667 1678 4708 cum
1702 4645 1938 4727 ordinarentur,
1964 4642 2096 4730 quibus-

447 4750 521 4815 dam
546 4751 645 4815 titulis
669 4750 770 4814 fuisse
794 4751 985 4835 assignatos,
1011 4747 1128 4835 quibus
1151 4759 1260 4813 tamen
1284 4773 1345 4814 nec
1368 4751 1432 4836 ipsi
1456 4760 1549 4814 crant
1571 4751 1764 4836 regulariter
1780 4750 1920 4836 alligati,
1945 4751 2004 4815 sed
2027 4762 2095 4815 tan·
2115 4778 2141 4818 n

447 4868 536 4920 tnmfl
560 4880 633 4922 cum
658 4855 895 4937 ordinarentur,
928 4866 1002 4919 sunt
1032 4855 1075 4920 ad
1104 4854 1176 4919 illos
1205 4855 1314 4919 titulos
1337 4857 1504 4938 nominati,
1535 4857 1646 4921 nullah
1669 4869 1778 4922 tamen
1801 4857 1958 4922 habentes
1988 4858 2023 4921 in
2046 4856 2097 4921 his

446 4963 519 5027 loca
542 4963 642 5027 divini
666 4963 847 5043 ministerii,
872 4963 949 5048 quia
974 4985 1039 5026 non
1064 4973 1156 5025 erant
1186 4961 1248 5025 illis
1279 4961 1378 5026 titulis
1410 4985 1468 5025 seu
1499 4963 1666 5026 aecclesiis
1689 4962 1743 5026 vel
1766 4963 1882 5049 prelati
1905 4963 1958 5027 vel
1983 4986 2096 5028 earum

446 5068 579 5154 prelatis
596 5071 751 5134 canonice
769 5079 824 5132 aut
838 5069 1016 5132 monastice
1038 5067 1171 5154 alligati,
1196 5069 1253 5132 sed
1276 5079 1402 5132 tantum
1421 5079 1496 5132 sunt
1512 5071 1736 5134 nominetenus
1754 5069 1916 5134 attitulati.
1949 5069 2096 5150 Quorum

447 5176 725 5240 consecrationem
748 5198 807 5239 nos
831 5174 928 5238 talem
953 5196 1132 5256 censemus,
1157 5173 1261 5260 qualis
1286 5187 1372 5238 esset
1395 5177 1596 5240 consecratio
1621 5177 1777 5262 episcopi,
1802 5178 1857 5263 qui
1885 5176 1928 5240 ad
1951 5175 2096 5262 aliquam

555 5371 581 5436 a)
602 5375 742 5426 hominum
763 5378 786 5424 l.
865 5371 893 5437 b)
916 5391 1020 5440 argee
1041 5377 1065 5424 2.
1138 5373 1164 5434 c)
1187 5391 1280 5425 eorum
1300 5379 1324 5426 2.
1398 5373 1425 5438 d)
1448 5375 1529 5426 aliam
1548 5376 1614 5426 ἀεεει
1633 5378 1656 5426 2.
1731 5373 1756 5437 c)
1780 5393 1811 5426 ac
1832 5379 1855 5426 2.
1927 5375 1949 5438 f)
1972 5379 2096 5442 quisquis
2114 5383 2140 5421 ⁴⁶

445 5464 506 5514 add.
527 5467 551 5514 2.
624 5459 652 5529 g)
673 5464 741 5514 dean
759 5466 783 5514 2.
803 5466 827 5514 3.
900 5461 928 5526 h)
950 5463 1078 5514 nullu-
1098 5464 1241 5514 ministerii
1260 5465 1309 5513 (les.
1330 5467 1354 5514 2.

557 5642 586 5720 1)
611 5644 642 5704 C.
659 5646 708 5716 13,
734 5645 834 5702 Mansi
854 5644 918 5714 VII,
941 5646 991 5700 col.
1011 5644 1084 5715 377,
1109 5644 1262 5701 Isrnsclrius
1281 5665 1313 5720 p.
1332 5645 1405 5702 256.
1478 5642 1508 5718 2)
1527 5645 1618 5719 Epist.
1635 5645 1705 5701 167.
1724 5647 1766 5702 ad
1779 5645 1931 5716 Rusticum,
1950 5647 2052 5722 inquis.
2071 5647 2094 5703 Ι.

447 5755 489 5811 ed.
515 5753 594 5813 Ball.
617 5752 641 5821 I,
667 5755 718 5808 col.
738 5751 832 5808 1420.
925 5749 955 5820 3)
982 5751 1074 5826 Epist.
1099 5751 1123 5822 I,
1150 5751 1201 5822 25,
1228 5751 1296 5810 ΕΕ.
1319 5751 1344 5822 Ι,
1367 5772 1397 5826 p.
1417 5752 1466 5807 36.
1561 5753 1590 5820 4)
1615 5751 1761 5809 Nonnulla
1786 5753 1897 5810 omnen.
