<?xml version="1.0" encoding="UTF-8"?>
<!DOCTYPE html PUBLIC "-//W3C//DTD XHTML 1.0 Transitional//EN"
    "http://www.w3.org/TR/xhtml1/DTD/xhtml1-transitional.dtd">
<html xmlns="http://www.w3.org/1999/xhtml" xml:lang="en" lang="en">
 <head>
  <title>
</title>
<meta http-equiv="Content-Type" content="text/html;charset=utf-8" />
  <meta name='ocr-system' content='tesseract 3.04.00' />
  <meta name='ocr-capabilities' content='ocr_page ocr_carea ocr_par ocr_line ocrx_word'/>
</head>
<body>
  <div class='ocr_page' id='page_1' title='image "./monumentagerman00unkngoog_0506.png"; bbox 0 0 4386 6390; ppageno 0'>
   <div class='ocr_carea' id='block_1_1' title="bbox 541 341 1722 407">
    <p class='ocr_par' dir='ltr' id='par_1_1' title="bbox 541 341 1722 407">
     <span class='ocr_line' id='line_1_1' title="bbox 541 341 1722 407; baseline 0 -1"><span class='ocrx_word' id='word_1_1' title='bbox 541 353 593 406; x_wconf 91' lang='lat' dir='ltr'>DE</span> <span class='ocrx_word' id='word_1_2' title='bbox 617 351 708 407; x_wconf 80' lang='lat' dir='ltr'>FINE</span> <span class='ocrx_word' id='word_1_3' title='bbox 733 348 961 406; x_wconf 78' lang='lat' dir='ltr'>SCHISMATIS</span> <span class='ocrx_word' id='word_1_4' title='bbox 985 341 1235 404; x_wconf 82' lang='lat' dir='ltr'><strong>VATICINIUM.</strong></span> <span class='ocrx_word' id='word_1_5' title='bbox 1660 344 1722 406; x_wconf 81' lang='grc'>567</span> 
     </span>
    </p>
   </div>
   <div class='ocr_carea' id='block_1_2' title="bbox 20 535 1908 5101">
    <p class='ocr_par' dir='ltr' id='par_1_2' title="bbox 20 535 1908 5101">
     <span class='ocr_line' id='line_1_2' title="bbox 70 535 1726 624; baseline -0.001 -20"><span class='ocrx_word' id='word_1_6' title='bbox 70 540 111 604; x_wconf 82' lang='lat' dir='ltr'>Et</span> <span class='ocrx_word' id='word_1_7' title='bbox 140 549 191 604; x_wconf 90' lang='lat' dir='ltr'>est</span> <span class='ocrx_word' id='word_1_8' title='bbox 221 563 352 604; x_wconf 90' lang='lat' dir='ltr'>sensus:</span> <span class='ocrx_word' id='word_1_9' title='bbox 383 539 449 602; x_wconf 90' lang='lat' dir='ltr'>Dic</span> <span class='ocrx_word' id='word_1_10' title='bbox 473 536 619 624; x_wconf 82' lang='lat' dir='ltr'>anphc,</span> <span class='ocrx_word' id='word_1_11' title='bbox 650 537 683 600; x_wconf 94' lang='lat' dir='ltr'>id</span> <span class='ocrx_word' id='word_1_12' title='bbox 715 547 764 601; x_wconf 87' lang='lat' dir='ltr'>est</span> <span class='ocrx_word' id='word_1_13' title='bbox 794 535 915 601; x_wconf 89' lang='lat' dir='ltr'>manda</span> <span class='ocrx_word' id='word_1_14' title='bbox 946 546 979 601; x_wconf 89' lang='lat' dir='ltr'>ct</span> <span class='ocrx_word' id='word_1_15' title='bbox 1007 537 1128 600; x_wconf 90' lang='lat' dir='ltr'>nuncia</span> <span class='ocrx_word' id='word_1_16' title='bbox 1150 537 1297 601; x_wconf 89' lang='lat' dir='ltr'>Romano</span> <span class='ocrx_word' id='word_1_17' title='bbox 1327 537 1484 623; x_wconf 89' lang='lat' dir='ltr'>pontifici,</span> <span class='ocrx_word' id='word_1_18' title='bbox 1514 538 1570 624; x_wconf 91' lang='lat' dir='ltr'>qui</span> <span class='ocrx_word' id='word_1_19' title='bbox 1600 539 1634 601; x_wconf 93' lang='lat' dir='ltr'>in</span> <span class='ocrx_word' id='word_1_20' title='bbox 1664 537 1726 602; x_wconf 91' lang='lat' dir='ltr'>hoc</span> 
     </span>
     <span class='ocr_line' id='line_1_3' title="bbox 71 643 1726 732; baseline -0.001 -22"><span class='ocrx_word' id='word_1_21' title='bbox 71 647 221 711; x_wconf 82' lang='lat' dir='ltr'><strong>scismate</strong></span> <span class='ocrx_word' id='word_1_22' title='bbox 251 646 402 732; x_wconf 77' lang='lat' dir='ltr'><strong>pontifex</strong></span> <span class='ocrx_word' id='word_1_23' title='bbox 432 654 491 727; x_wconf 90' lang='lat' dir='ltr'>est,</span> <span class='ocrx_word' id='word_1_24' title='bbox 523 646 607 709; x_wconf 93' lang='lat' dir='ltr'>sicut</span> <span class='ocrx_word' id='word_1_25' title='bbox 629 643 691 708; x_wconf 90' lang='lat' dir='ltr'>fuit</span> <span class='ocrx_word' id='word_1_26' title='bbox 714 643 879 731; x_wconf 83' lang='lat' dir='ltr'>Cayphas,</span> <span class='ocrx_word' id='word_1_27' title='bbox 911 667 950 708; x_wconf 91' lang='lat' dir='ltr'>eo</span> <span class='ocrx_word' id='word_1_28' title='bbox 979 643 1066 730; x_wconf 93' lang='lat' dir='ltr'>quod</span> <span class='ocrx_word' id='word_1_29' title='bbox 1089 643 1292 730; x_wconf 90' lang='lat' dir='ltr'>pontificium</span> <span class='ocrx_word' id='word_1_30' title='bbox 1316 665 1408 708; x_wconf 89' lang='lat' dir='ltr'>suum</span> <span class='ocrx_word' id='word_1_31' title='bbox 1433 667 1452 707; x_wconf 87' lang='lat' dir='ltr'>a</span> <span class='ocrx_word' id='word_1_32' title='bbox 1474 644 1622 708; x_wconf 89' lang='lat' dir='ltr'>Romana</span> <span class='ocrx_word' id='word_1_33' title='bbox 1644 643 1726 709; x_wconf 89' lang='lat' dir='ltr'>urbe</span> 
     </span>
     <span class='ocr_line' id='line_1_4' title="bbox 70 748 1726 837; baseline -0.001 -20"><span class='ocrx_word' id='word_1_34' title='bbox 70 752 177 817; x_wconf 91' lang='lat' dir='ltr'>multis</span> <span class='ocrx_word' id='word_1_35' title='bbox 207 751 397 817; x_wconf 91' lang='lat' dir='ltr'>muneribus</span> <span class='ocrx_word' id='word_1_36' title='bbox 428 761 591 816; x_wconf 87' lang='lat' dir='ltr'>mercatus</span> <span class='ocrx_word' id='word_1_37' title='bbox 622 760 681 832; x_wconf 91' lang='lat' dir='ltr'>est,</span> <span class='ocrx_word' id='word_1_38' title='bbox 712 748 986 837; x_wconf 86' lang='lat' dir='ltr'>quemadmodum</span> <span class='ocrx_word' id='word_1_39' title='bbox 1016 749 1080 831; x_wconf 91' lang='lat' dir='ltr'>ille,</span> <span class='ocrx_word' id='word_1_40' title='bbox 1111 761 1148 814; x_wconf 94' lang='lat' dir='ltr'>ut</span> <span class='ocrx_word' id='word_1_41' title='bbox 1178 759 1265 814; x_wconf 89' lang='lat' dir='ltr'>esset</span> <span class='ocrx_word' id='word_1_42' title='bbox 1287 749 1435 835; x_wconf 87' lang='lat' dir='ltr'><strong>pontifex</strong></span> <span class='ocrx_word' id='word_1_43' title='bbox 1466 752 1544 814; x_wconf 93' lang='lat' dir='ltr'>anni</span> <span class='ocrx_word' id='word_1_44' title='bbox 1574 750 1660 815; x_wconf 93' lang='lat' dir='ltr'>illius</span> <span class='ocrx_word' id='word_1_45' title='bbox 1684 751 1726 815; x_wconf 89' lang='lat' dir='ltr'>ab</span> 
     </span>
     <span class='ocr_line' id='line_1_5' title="bbox 70 855 1727 944; baseline -0.001 -20"><span class='ocrx_word' id='word_1_46' title='bbox 70 859 202 924; x_wconf 87' lang='lat' dir='ltr'>Herode</span> <span class='ocrx_word' id='word_1_47' title='bbox 218 881 296 944; x_wconf 86' lang='lat' dir='ltr'>rege</span> <span class='ocrx_word' id='word_1_48' title='bbox 313 859 414 924; x_wconf 90' lang='lat' dir='ltr'>Iudce</span> <span class='ocrx_word' id='word_1_49' title='bbox 429 858 551 944; x_wconf 91' lang='lat' dir='ltr'>precio,</span> <span class='ocrx_word' id='word_1_50' title='bbox 571 868 607 922; x_wconf 94' lang='lat' dir='ltr'>ut</span> <span class='ocrx_word' id='word_1_51' title='bbox 630 859 675 921; x_wconf 88' lang='lat' dir='ltr'>ait</span> <span class='ocrx_word' id='word_1_52' title='bbox 697 857 855 942; x_wconf 79' lang='lat' dir='ltr'>Iosephus</span> <span class='ocrx_word' id='word_1_53' title='bbox 867 861 888 939; x_wconf 86' lang='lat'>¹,</span> <span class='ocrx_word' id='word_1_54' title='bbox 913 855 1068 938; x_wconf 82' lang='lat' dir='ltr'>obtinuit3</span> <span class='ocrx_word' id='word_1_55' title='bbox 1094 857 1147 921; x_wconf 92' lang='lat' dir='ltr'>dic</span> <span class='ocrx_word' id='word_1_56' title='bbox 1171 857 1211 939; x_wconf 90' lang='lat' dir='ltr'>ei,</span> <span class='ocrx_word' id='word_1_57' title='bbox 1237 857 1315 942; x_wconf 91' lang='lat' dir='ltr'>quia</span> <span class='ocrx_word' id='word_1_58' title='bbox 1331 867 1439 942; x_wconf 90' lang='lat' dir='ltr'>caput,</span> <span class='ocrx_word' id='word_1_59' title='bbox 1464 855 1498 921; x_wconf 94' lang='lat' dir='ltr'>id</span> <span class='ocrx_word' id='word_1_60' title='bbox 1515 868 1564 921; x_wconf 88' lang='lat' dir='ltr'>cst</span> <span class='ocrx_word' id='word_1_61' title='bbox 1578 858 1727 923; x_wconf 87' lang='lat' dir='ltr'>Romana</span> 
     </span>
     <span class='ocr_line' id='line_1_6' title="bbox 45 962 1726 1052; baseline -0.001 -22"><span class='ocrx_word' id='word_1_62' title='bbox 45 965 164 1030; x_wconf 84' lang='lat' dir='ltr'>ssedes</span> <span class='ocrx_word' id='word_1_63' title='bbox 185 965 239 1030; x_wconf 87' lang='lat' dir='ltr'>vel</span> <span class='ocrx_word' id='word_1_64' title='bbox 264 974 370 1052; x_wconf 91' lang='lat' dir='ltr'>caput,</span> <span class='ocrx_word' id='word_1_65' title='bbox 394 965 429 1030; x_wconf 93' lang='lat' dir='ltr'>id</span> <span class='ocrx_word' id='word_1_66' title='bbox 446 976 496 1029; x_wconf 88' lang='lat' dir='ltr'>est</span> <span class='ocrx_word' id='word_1_67' title='bbox 517 966 590 1051; x_wconf 88' lang='lat' dir='ltr'>ipsa</span> <span class='ocrx_word' id='word_1_68' title='bbox 604 965 710 1029; x_wconf 87' lang='lat' dir='ltr'>Roma</span> <span class='ocrx_word' id='word_1_69' title='bbox 734 985 796 1050; x_wconf 92' lang='lat' dir='ltr'>que</span> <span class='ocrx_word' id='word_1_70' title='bbox 821 974 870 1027; x_wconf 86' lang='lat' dir='ltr'>est</span> <span class='ocrx_word' id='word_1_71' title='bbox 894 974 993 1049; x_wconf 90' lang='lat' dir='ltr'>capnt</span> <span class='ocrx_word' id='word_1_72' title='bbox 1016 962 1137 1045; x_wconf 90' lang='lat' dir='ltr'>mundi,</span> <span class='ocrx_word' id='word_1_73' title='bbox 1163 963 1373 1049; x_wconf 78' lang='lat' dir='ltr'>‘dampnatur</span> <span class='ocrx_word' id='word_1_74' title='bbox 1395 964 1546 1028; x_wconf 80' lang='lat' dir='ltr'>mercede</span> <span class='ocrx_word' id='word_1_75' title='bbox 1571 964 1726 1050; x_wconf 88' lang='lat' dir='ltr'>alumpni‚</span> 
     </span>
     <span class='ocr_line' id='line_1_7' title="bbox 69 1068 1727 1158; baseline 0 -22"><span class='ocrx_word' id='word_1_76' title='bbox 69 1073 169 1150; x_wconf 89' lang='lat' dir='ltr'>idest</span> <span class='ocrx_word' id='word_1_77' title='bbox 192 1071 388 1158; x_wconf 84' lang='lat' dir='ltr'>dampnatur</span> <span class='ocrx_word' id='word_1_78' title='bbox 403 1095 423 1135; x_wconf 92' lang='lat' dir='ltr'>a</span> <span class='ocrx_word' id='word_1_79' title='bbox 438 1073 560 1158; x_wconf 91' lang='lat' dir='ltr'>precio,</span> <span class='ocrx_word' id='word_1_80' title='bbox 585 1069 673 1157; x_wconf 91' lang='lat' dir='ltr'>quod</span> <span class='ocrx_word' id='word_1_81' title='bbox 696 1071 832 1156; x_wconf 79' lang='lat' dir='ltr'>suscipit</span> <span class='ocrx_word' id='word_1_82' title='bbox 856 1093 876 1134; x_wconf 89' lang='lat' dir='ltr'>a</span> <span class='ocrx_word' id='word_1_83' title='bbox 890 1071 985 1156; x_wconf 89' lang='lat' dir='ltr'>papis</span> <span class='ocrx_word' id='word_1_84' title='bbox 1003 1080 1035 1134; x_wconf 89' lang='lat' dir='ltr'>et</span> <span class='ocrx_word' id='word_1_85' title='bbox 1051 1068 1271 1134; x_wconf 81' lang='lat' dir='ltr'>cardinalibus</span> <span class='ocrx_word' id='word_1_86' title='bbox 1288 1070 1407 1134; x_wconf 92' lang='lat' dir='ltr'>scisma</span> <span class='ocrx_word' id='word_1_87' title='bbox 1422 1069 1619 1154; x_wconf 87' lang='lat' dir='ltr'>foventibus,</span> <span class='ocrx_word' id='word_1_88' title='bbox 1644 1074 1727 1136; x_wconf 90' lang='lat' dir='ltr'>sicut</span> 
     </span>
     <span class='ocr_line' id='line_1_8' title="bbox 70 1176 1727 1265; baseline -0.001 -22"><span class='ocrx_word' id='word_1_89' title='bbox 70 1178 265 1265; x_wconf 84' lang='lat' dir='ltr'>dampnatus</span> <span class='ocrx_word' id='word_1_90' title='bbox 282 1188 332 1242; x_wconf 91' lang='lat' dir='ltr'>est</span> <span class='ocrx_word' id='word_1_91' title='bbox 351 1179 423 1265; x_wconf 91' lang='lat' dir='ltr'>ipse</span> <span class='ocrx_word' id='word_1_92' title='bbox 440 1176 604 1265; x_wconf 82' lang='lat' dir='ltr'>anphas,</span> <span class='ocrx_word' id='word_1_93' title='bbox 629 1179 685 1264; x_wconf 91' lang='lat' dir='ltr'>qui</span> <span class='ocrx_word' id='word_1_94' title='bbox 708 1176 859 1241; x_wconf 90' lang='lat' dir='ltr'>mercede</span> <span class='ocrx_word' id='word_1_95' title='bbox 884 1178 954 1241; x_wconf 90' lang='lat' dir='ltr'>auri</span> <span class='ocrx_word' id='word_1_96' title='bbox 977 1178 1169 1263; x_wconf 84' lang='lat' dir='ltr'>argentique</span> <span class='ocrx_word' id='word_1_97' title='bbox 1192 1176 1330 1263; x_wconf 87' lang='lat' dir='ltr'>adeptus</span> <span class='ocrx_word' id='word_1_98' title='bbox 1354 1187 1403 1240; x_wconf 96' lang='grc' dir='ltr'>θεῖ</span> <span class='ocrx_word' id='word_1_99' title='bbox 1424 1177 1627 1263; x_wconf 90' lang='lat' dir='ltr'>pontificium</span> <span class='ocrx_word' id='word_1_100' title='bbox 1650 1181 1727 1243; x_wconf 87' lang='lat' dir='ltr'>anni</span> 
     </span>
     <span class='ocr_line' id='line_1_9' title="bbox 69 1277 1727 1372; baseline -0.001 -23"><span class='ocrx_word' id='word_1_101' title='bbox 69 1285 164 1368; x_wconf 91' lang='lat' dir='ltr'>illius,</span> <span class='ocrx_word' id='word_1_102' title='bbox 197 1308 261 1372; x_wconf 90' lang='lat' dir='ltr'>quo</span> <span class='ocrx_word' id='word_1_103' title='bbox 289 1284 450 1349; x_wconf 91' lang='lat' dir='ltr'>Dominus</span> <span class='ocrx_word' id='word_1_104' title='bbox 481 1307 596 1370; x_wconf 90' lang='lat' dir='ltr'>passus</span> <span class='ocrx_word' id='word_1_105' title='bbox 626 1295 685 1348; x_wconf 90' lang='lat' dir='ltr'>est.</span> <span class='ocrx_word' id='word_1_106' title='bbox 706 1277 708 1284; x_wconf 45' lang='lat'><strong><em>⁴</em></strong></span> <span class='ocrx_word' id='word_1_107' title='bbox 732 1283 794 1347; x_wconf 90' lang='lat' dir='ltr'>Vel</span> <span class='ocrx_word' id='word_1_108' title='bbox 825 1283 1042 1370; x_wconf 69' lang='lat' dir='ltr'>dampnatura</span> <span class='ocrx_word' id='word_1_109' title='bbox 1071 1283 1222 1348; x_wconf 88' lang='lat' dir='ltr'>mercede</span> <span class='ocrx_word' id='word_1_110' title='bbox 1253 1283 1408 1369; x_wconf 82' lang='lat' dir='ltr'>alumpni‚</span> <span class='ocrx_word' id='word_1_111' title='bbox 1438 1283 1545 1348; x_wconf 91' lang='lat' dir='ltr'>idest</span> <span class='ocrx_word' id='word_1_112' title='bbox 1576 1284 1727 1372; x_wconf 89' lang='lat' dir='ltr'>Symonis</span> 
     </span>
     <span class='ocr_line' id='line_1_10' title="bbox 68 1389 1834 1478; baseline -0.003 -23"><span class='ocrx_word' id='word_1_113' title='bbox 68 1393 171 1477; x_wconf 90' lang='lat' dir='ltr'>magi,</span> <span class='ocrx_word' id='word_1_114' title='bbox 203 1393 259 1478; x_wconf 93' lang='lat' dir='ltr'>qui</span> <span class='ocrx_word' id='word_1_115' title='bbox 294 1392 442 1477; x_wconf 86' lang='lat' dir='ltr'>inprimis</span> <span class='ocrx_word' id='word_1_116' title='bbox 475 1392 656 1477; x_wconf 83' lang='lat' dir='ltr'>symoniam</span> <span class='ocrx_word' id='word_1_117' title='bbox 688 1390 826 1472; x_wconf 90' lang='lat' dir='ltr'>invenit,</span> <span class='ocrx_word' id='word_1_118' title='bbox 863 1401 895 1454; x_wconf 90' lang='lat' dir='ltr'>et</span> <span class='ocrx_word' id='word_1_119' title='bbox 923 1391 1091 1454; x_wconf 89' lang='lat' dir='ltr'>inventam</span> <span class='ocrx_word' id='word_1_120' title='bbox 1122 1390 1210 1454; x_wconf 90' lang='lat' dir='ltr'>aluit.</span> <span class='ocrx_word' id='word_1_121' title='bbox 1257 1390 1320 1455; x_wconf 86' lang='lat' dir='ltr'>Vel</span> <span class='ocrx_word' id='word_1_122' title='bbox 1351 1389 1546 1478; x_wconf 88' lang='lat' dir='ltr'>dampnatur</span> <span class='ocrx_word' id='word_1_123' title='bbox 1575 1392 1727 1456; x_wconf 88' lang='lat' dir='ltr'>mercede</span> <span class='ocrx_word' id='word_1_124' title='bbox 1783 1435 1788 1444; x_wconf 70' lang='lat'>‚</span> <span class='ocrx_word' id='word_1_125' title='bbox 1832 1445 1834 1450; x_wconf 81' lang='grc'><strong>,</strong></span> 
     </span>
     <span class='ocr_line' id='line_1_11' title="bbox 25 1497 1727 1585; baseline 0 -23"><span class='ocrx_word' id='word_1_126' title='bbox 25 1523 53 1563; x_wconf 84' lang='grc' dir='ltr'>ιο</span> <span class='ocrx_word' id='word_1_127' title='bbox 69 1498 225 1584; x_wconf 88' lang='lat' dir='ltr'>alumpni‚</span> <span class='ocrx_word' id='word_1_128' title='bbox 250 1498 282 1562; x_wconf 90' lang='lat' dir='ltr'>id</span> <span class='ocrx_word' id='word_1_129' title='bbox 300 1499 370 1562; x_wconf 78' lang='lat' dir='ltr'>esth</span> <span class='ocrx_word' id='word_1_130' title='bbox 386 1497 483 1578; x_wconf 88' lang='lat' dir='ltr'>illius,</span> <span class='ocrx_word' id='word_1_131' title='bbox 508 1498 564 1583; x_wconf 92' lang='lat' dir='ltr'>qui</span> <span class='ocrx_word' id='word_1_132' title='bbox 580 1497 735 1561; x_wconf 86' lang='lat' dir='ltr'>Romanis</span> <span class='ocrx_word' id='word_1_133' title='bbox 752 1497 865 1582; x_wconf 91' lang='lat' dir='ltr'>precia</span> <span class='ocrx_word' id='word_1_134' title='bbox 881 1497 1138 1562; x_wconf 84' lang='lat' dir='ltr'>accumulandoc</span> <span class='ocrx_word' id='word_1_135' title='bbox 1156 1497 1250 1584; x_wconf 91' lang='lat' dir='ltr'>plura</span> <span class='ocrx_word' id='word_1_136' title='bbox 1265 1499 1416 1584; x_wconf 85' lang='lat' dir='ltr'>prestitit,</span> <span class='ocrx_word' id='word_1_137' title='bbox 1441 1499 1498 1585; x_wconf 94' lang='lat' dir='ltr'>qui</span> <span class='ocrx_word' id='word_1_138' title='bbox 1513 1498 1609 1563; x_wconf 91' lang='lat' dir='ltr'>modo</span> <span class='ocrx_word' id='word_1_139' title='bbox 1625 1499 1727 1562; x_wconf 90' lang='lat' dir='ltr'>Rome</span> 
     </span>
     <span class='ocr_line' id='line_1_12' title="bbox 68 1603 1727 1691; baseline 0.001 -23"><span class='ocrx_word' id='word_1_140' title='bbox 68 1604 164 1690; x_wconf 92' lang='lat' dir='ltr'>plura</span> <span class='ocrx_word' id='word_1_141' title='bbox 186 1628 246 1691; x_wconf 90' lang='lat' dir='ltr'>pro</span> <span class='ocrx_word' id='word_1_142' title='bbox 269 1603 421 1668; x_wconf 87' lang='lat' dir='ltr'>mercede</span> <span class='ocrx_word' id='word_1_143' title='bbox 446 1603 549 1686; x_wconf 84' lang='lat' dir='ltr'>offert,</span> <span class='ocrx_word' id='word_1_144' title='bbox 573 1605 642 1666; x_wconf 90' lang='lat' dir='ltr'>sive</span> <span class='ocrx_word' id='word_1_145' title='bbox 666 1604 727 1666; x_wconf 91' lang='lat' dir='ltr'>iste</span> <span class='ocrx_word' id='word_1_146' title='bbox 750 1625 838 1689; x_wconf 88' lang='lat' dir='ltr'>papa</span> <span class='ocrx_word' id='word_1_147' title='bbox 861 1605 911 1686; x_wconf 92' lang='lat' dir='ltr'>sit,</span> <span class='ocrx_word' id='word_1_148' title='bbox 936 1603 1028 1667; x_wconf 80' lang='lat' dir='ltr'>sived</span> <span class='ocrx_word' id='word_1_149' title='bbox 1051 1603 1122 1687; x_wconf 74' lang='lat' dir='ltr'>ille,</span> <span class='ocrx_word' id='word_1_150' title='bbox 1146 1605 1217 1691; x_wconf 91' lang='lat' dir='ltr'>ipse</span> <span class='ocrx_word' id='word_1_151' title='bbox 1242 1603 1299 1668; x_wconf 91' lang='lat' dir='ltr'>alit</span> <span class='ocrx_word' id='word_1_152' title='bbox 1322 1615 1430 1691; x_wconf 88' lang='lat' dir='ltr'>caput,</span> <span class='ocrx_word' id='word_1_153' title='bbox 1461 1605 1494 1668; x_wconf 93' lang='lat' dir='ltr'>id</span> <span class='ocrx_word' id='word_1_154' title='bbox 1519 1615 1568 1668; x_wconf 91' lang='lat' dir='ltr'>est</span> <span class='ocrx_word' id='word_1_155' title='bbox 1591 1604 1727 1670; x_wconf 88' lang='lat' dir='ltr'>Romam</span> 
     </span>
     <span class='ocr_line' id='line_1_13' title="bbox 69 1708 1327 1798; baseline 0 -24"><span class='ocrx_word' id='word_1_156' title='bbox 69 1733 109 1774; x_wconf 89' lang='lat' dir='ltr'>ea</span> <span class='ocrx_word' id='word_1_157' title='bbox 131 1711 295 1794; x_wconf 88' lang='lat' dir='ltr'>mercede,</span> <span class='ocrx_word' id='word_1_158' title='bbox 319 1734 384 1798; x_wconf 88' lang='lat' dir='ltr'>qua</span> <span class='ocrx_word' id='word_1_159' title='bbox 407 1713 479 1796; x_wconf 90' lang='lat' dir='ltr'>ipsa</span> <span class='ocrx_word' id='word_1_160' title='bbox 502 1708 709 1795; x_wconf 84' lang='lat' dir='ltr'>dampnatur,</span> <span class='ocrx_word' id='word_1_161' title='bbox 734 1711 810 1796; x_wconf 91' lang='lat' dir='ltr'>quia</span> <span class='ocrx_word' id='word_1_162' title='bbox 833 1712 982 1797; x_wconf 88' lang='lat' dir='ltr'>symonia</span> <span class='ocrx_word' id='word_1_163' title='bbox 1005 1721 1054 1774; x_wconf 90' lang='lat' dir='ltr'>est</span> <span class='ocrx_word' id='word_1_164' title='bbox 1077 1712 1223 1796; x_wconf 89' lang='lat' dir='ltr'>precium</span> <span class='ocrx_word' id='word_1_165' title='bbox 1248 1713 1327 1775; x_wconf 88' lang='lat' dir='ltr'>eius.</span> 
     </span>
     <span class='ocr_line' id='line_1_14' title="bbox 179 1816 1729 1902; baseline 0.002 -21"><span class='ocrx_word' id='word_1_166' title='bbox 179 1817 267 1898; x_wconf 78' lang='lat' dir='ltr'>Quid</span> <span class='ocrx_word' id='word_1_167' title='bbox 297 1828 404 1881; x_wconf 88' lang='lat' dir='ltr'>autem</span> <span class='ocrx_word' id='word_1_168' title='bbox 434 1816 490 1881; x_wconf 93' lang='lat' dir='ltr'>illa</span> <span class='ocrx_word' id='word_1_169' title='bbox 520 1816 672 1880; x_wconf 90' lang='lat' dir='ltr'>mercede</span> <span class='ocrx_word' id='word_1_170' title='bbox 702 1816 747 1879; x_wconf 93' lang='lat' dir='ltr'>illi</span> <span class='ocrx_word' id='word_1_171' title='bbox 776 1838 861 1902; x_wconf 88' lang='lat' dir='ltr'>pape</span> <span class='ocrx_word' id='word_1_172' title='bbox 885 1817 938 1880; x_wconf 89' lang='lat' dir='ltr'>vel</span> <span class='ocrx_word' id='word_1_173' title='bbox 968 1840 1127 1902; x_wconf 86' lang='lat' dir='ltr'>paparum</span> <span class='ocrx_word' id='word_1_174' title='bbox 1157 1817 1310 1898; x_wconf 87' lang='lat' dir='ltr'>fautores,</span> <span class='ocrx_word' id='word_1_175' title='bbox 1342 1817 1466 1881; x_wconf 90' lang='lat' dir='ltr'>scilicet</span> <span class='ocrx_word' id='word_1_176' title='bbox 1490 1819 1672 1882; x_wconf 88' lang='lat' dir='ltr'>cardinales</span> <span class='ocrx_word' id='word_1_177' title='bbox 1697 1830 1729 1884; x_wconf 92' lang='grc' dir='ltr'>θῖ</span> 
     </span>
     <span class='ocr_line' id='line_1_15' title="bbox 70 1921 1193 2011; baseline -0.001 -23"><span class='ocrx_word' id='word_1_178' title='bbox 70 1926 173 1988; x_wconf 91' lang='lat' dir='ltr'>ceteri</span> <span class='ocrx_word' id='word_1_179' title='bbox 197 1935 381 2010; x_wconf 88' lang='lat' dir='ltr'>operentur,</span> <span class='ocrx_word' id='word_1_180' title='bbox 407 1925 562 2011; x_wconf 93' lang='lat' dir='ltr'>supponit</span> <span class='ocrx_word' id='word_1_181' title='bbox 585 1933 618 1987; x_wconf 90' lang='lat' dir='ltr'>et</span> <span class='ocrx_word' id='word_1_182' title='bbox 641 1924 732 2009; x_wconf 93' lang='lat' dir='ltr'>ponit</span> <span class='ocrx_word' id='word_1_183' title='bbox 755 1921 898 1987; x_wconf 90' lang='lat' dir='ltr'>secundo</span> <span class='ocrx_word' id='word_1_184' title='bbox 921 1945 1019 1987; x_wconf 90' lang='lat' dir='ltr'>versu</span> <span class='ocrx_word' id='word_1_185' title='bbox 1044 1934 1075 1987; x_wconf 88' lang='lat' dir='ltr'>et</span> <span class='ocrx_word' id='word_1_186' title='bbox 1099 1924 1193 1988; x_wconf 90' lang='lat' dir='ltr'>dicit:</span> 
     </span>
     <span class='ocr_line' id='line_1_16' title="bbox 20 2030 1433 2120; baseline -0.002 -24"><span class='ocrx_word' id='word_1_187' title='bbox 20 2055 50 2096; x_wconf 81' lang='lat' dir='ltr'>rs</span> <span class='ocrx_word' id='word_1_188' title='bbox 330 2030 506 2096; x_wconf 88' lang='lat' dir='ltr'>Salvant</span> <span class='ocrx_word' id='word_1_189' title='bbox 536 2040 575 2094; x_wconf 87' lang='lat' dir='ltr'>et</span> <span class='ocrx_word' id='word_1_190' title='bbox 604 2030 795 2120; x_wconf 85' lang='lat' dir='ltr'>perdunt.</span> <span class='ocrx_word' id='word_1_191' title='bbox 820 2053 849 2093; x_wconf 92' lang='lat' dir='ltr'>a.</span> <span class='ocrx_word' id='word_1_192' title='bbox 874 2052 903 2093; x_wconf 87' lang='lat' dir='ltr'>a.</span> <span class='ocrx_word' id='word_1_193' title='bbox 928 2051 1048 2116; x_wconf 89' lang='lat' dir='ltr'>aque</span> <span class='ocrx_word' id='word_1_194' title='bbox 1080 2041 1174 2093; x_wconf 91' lang='lat' dir='ltr'>sunt</span> <span class='ocrx_word' id='word_1_195' title='bbox 1203 2030 1433 2111; x_wconf 86' lang='lat' dir='ltr'>Hieremie,</span> 
     </span>
     <span class='ocr_line' id='line_1_17' title="bbox 70 2135 1728 2224; baseline 0.002 -24"><span class='ocrx_word' id='word_1_196' title='bbox 70 2139 166 2224; x_wconf 86' lang='lat' dir='ltr'>quasi</span> <span class='ocrx_word' id='word_1_197' title='bbox 191 2137 293 2202; x_wconf 89' lang='lat' dir='ltr'>dicat:</span> <span class='ocrx_word' id='word_1_198' title='bbox 325 2137 393 2220; x_wconf 88' lang='lat' dir='ltr'>Isti,</span> <span class='ocrx_word' id='word_1_199' title='bbox 418 2138 474 2223; x_wconf 92' lang='lat' dir='ltr'>qui</span> <span class='ocrx_word' id='word_1_200' title='bbox 499 2147 606 2223; x_wconf 91' lang='lat' dir='ltr'>caput,</span> <span class='ocrx_word' id='word_1_201' title='bbox 637 2136 673 2201; x_wconf 93' lang='lat' dir='ltr'>id</span> <span class='ocrx_word' id='word_1_202' title='bbox 696 2146 746 2200; x_wconf 90' lang='grc' dir='ltr'>θεῖ</span> <span class='ocrx_word' id='word_1_203' title='bbox 768 2136 903 2200; x_wconf 90' lang='lat' dir='ltr'>Romam</span> <span class='ocrx_word' id='word_1_204' title='bbox 928 2135 982 2199; x_wconf 90' lang='lat' dir='ltr'>vel</span> <span class='ocrx_word' id='word_1_205' title='bbox 1004 2136 1184 2200; x_wconf 87' lang='lat' dir='ltr'>Romanam</span> <span class='ocrx_word' id='word_1_206' title='bbox 1209 2135 1330 2218; x_wconf 90' lang='lat' dir='ltr'>sedem,</span> <span class='ocrx_word' id='word_1_207' title='bbox 1362 2136 1514 2201; x_wconf 87' lang='lat' dir='ltr'>mercede</span> <span class='ocrx_word' id='word_1_208' title='bbox 1539 2140 1728 2224; x_wconf 89' lang='lat' dir='ltr'>symoniaca</span> 
     </span>
     <span class='ocr_line' id='line_1_18' title="bbox 71 2241 1727 2331; baseline 0.001 -23"><span class='ocrx_word' id='word_1_209' title='bbox 71 2244 260 2331; x_wconf 91' lang='lat' dir='ltr'>dampnant,</span> <span class='ocrx_word' id='word_1_210' title='bbox 292 2243 421 2308; x_wconf 82' lang='lat' dir='ltr'>salvant</span> <span class='ocrx_word' id='word_1_211' title='bbox 452 2253 483 2306; x_wconf 90' lang='lat' dir='ltr'>et</span> <span class='ocrx_word' id='word_1_212' title='bbox 513 2243 664 2329; x_wconf 89' lang='lat' dir='ltr'>perdunt,</span> <span class='ocrx_word' id='word_1_213' title='bbox 696 2266 769 2307; x_wconf 90' lang='lat' dir='ltr'>cum</span> <span class='ocrx_word' id='word_1_214' title='bbox 801 2265 875 2307; x_wconf 93' lang='lat' dir='ltr'>suos</span> <span class='ocrx_word' id='word_1_215' title='bbox 904 2241 1048 2306; x_wconf 86' lang='lat' dir='ltr'>fautores</span> <span class='ocrx_word' id='word_1_216' title='bbox 1078 2241 1269 2306; x_wconf 82' lang='lat' dir='ltr'>beatificant</span> <span class='ocrx_word' id='word_1_217' title='bbox 1296 2254 1328 2307; x_wconf 90' lang='lat' dir='ltr'>ct</span> <span class='ocrx_word' id='word_1_218' title='bbox 1352 2267 1371 2306; x_wconf 90' lang='lat' dir='ltr'>a</span> <span class='ocrx_word' id='word_1_219' title='bbox 1393 2255 1530 2330; x_wconf 88' lang='lat' dir='ltr'>peccato</span> <span class='ocrx_word' id='word_1_220' title='bbox 1554 2267 1614 2330; x_wconf 83' lang='lat' dir='ltr'>per</span> <span class='ocrx_word' id='word_1_221' title='bbox 1636 2268 1727 2310; x_wconf 91' lang='lat' dir='ltr'>suam</span> 
     </span>
     <span class='ocr_line' id='line_1_19' title="bbox 72 2347 1905 2437; baseline 0.001 -23"><span class='ocrx_word' id='word_1_222' title='bbox 72 2350 299 2437; x_wconf 81' lang='lat' dir='ltr'>‘apostolicam</span> <span class='ocrx_word' id='word_1_223' title='bbox 327 2351 551 2414; x_wconf 87' lang='lat' dir='ltr'>auctoritatem</span> <span class='ocrx_word' id='word_1_224' title='bbox 576 2349 713 2414; x_wconf 87' lang='lat' dir='ltr'>solvunt.</span> <span class='ocrx_word' id='word_1_225' title='bbox 762 2348 898 2416; x_wconf 86' lang='lat' dir='ltr'>Salvant</span> <span class='ocrx_word' id='word_1_226' title='bbox 928 2358 960 2412; x_wconf 89' lang='lat' dir='ltr'>ct</span> <span class='ocrx_word' id='word_1_227' title='bbox 983 2347 1132 2434; x_wconf 90' lang='lat' dir='ltr'>perdunt.</span> <span class='ocrx_word' id='word_1_228' title='bbox 1180 2347 1246 2413; x_wconf 89' lang='lat' dir='ltr'>Sed</span> <span class='ocrx_word' id='word_1_229' title='bbox 1277 2351 1354 2434; x_wconf 90' lang='lat' dir='ltr'>quia</span> <span class='ocrx_word' id='word_1_230' title='bbox 1377 2349 1476 2414; x_wconf 91' lang='lat' dir='ltr'>solius</span> <span class='ocrx_word' id='word_1_231' title='bbox 1500 2351 1564 2414; x_wconf 91' lang='lat' dir='ltr'>Dei</span> <span class='ocrx_word' id='word_1_232' title='bbox 1594 2362 1643 2415; x_wconf 90' lang='lat' dir='ltr'>est</span> <span class='ocrx_word' id='word_1_233' title='bbox 1666 2351 1725 2415; x_wconf 91' lang='lat' dir='ltr'>sal·</span> <span class='ocrx_word' id='word_1_234' title='bbox 1746 2377 1905 2416; x_wconf 69' lang='lat' dir='ltr'>naerens.</span> 
     </span>
     <span class='ocr_line' id='line_1_20' title="bbox 71 2455 1727 2543; baseline -0.001 -21"><span class='ocrx_word' id='word_1_235' title='bbox 71 2458 171 2539; x_wconf 84' lang='lat' dir='ltr'>vatio,</span> <span class='ocrx_word' id='word_1_236' title='bbox 202 2457 255 2521; x_wconf 86' lang='lat' dir='ltr'>vel</span> <span class='ocrx_word' id='word_1_237' title='bbox 286 2459 342 2543; x_wconf 94' lang='lat' dir='ltr'>qui</span> <span class='ocrx_word' id='word_1_238' title='bbox 373 2455 459 2520; x_wconf 91' lang='lat' dir='ltr'>solus</span> <span class='ocrx_word' id='word_1_239' title='bbox 489 2458 593 2542; x_wconf 91' lang='lat' dir='ltr'>possit</span> <span class='ocrx_word' id='word_1_240' title='bbox 622 2455 772 2541; x_wconf 88' lang='lat' dir='ltr'>perdere,</span> <span class='ocrx_word' id='word_1_241' title='bbox 802 2478 843 2518; x_wconf 90' lang='lat' dir='ltr'>nc</span> <span class='ocrx_word' id='word_1_242' title='bbox 867 2455 949 2519; x_wconf 88' lang='lat' dir='ltr'>forte</span> <span class='ocrx_word' id='word_1_243' title='bbox 973 2455 1182 2540; x_wconf 83' lang='lat' dir='ltr'>intelligeres,</span> <span class='ocrx_word' id='word_1_244' title='bbox 1215 2455 1301 2541; x_wconf 91' lang='lat' dir='ltr'>quod</span> <span class='ocrx_word' id='word_1_245' title='bbox 1325 2456 1471 2520; x_wconf 89' lang='lat' dir='ltr'>homines</span> <span class='ocrx_word' id='word_1_246' title='bbox 1496 2458 1670 2521; x_wconf 85' lang='lat' dir='ltr'>scismatici</span> <span class='ocrx_word' id='word_1_247' title='bbox 1695 2471 1727 2521; x_wconf 91' lang='lat' dir='ltr'>et</span> 
     </span>
     <span class='ocr_line' id='line_1_21' title="bbox 26 2561 1727 2651; baseline 0 -23"><span class='ocrx_word' id='word_1_248' title='bbox 26 2589 53 2628; x_wconf 84' lang='lat' dir='ltr'>so</span> <span class='ocrx_word' id='word_1_249' title='bbox 72 2564 252 2649; x_wconf 89' lang='lat' dir='ltr'>symoniaci</span> <span class='ocrx_word' id='word_1_250' title='bbox 276 2573 409 2649; x_wconf 87' lang='lat' dir='ltr'>possent</span> <span class='ocrx_word' id='word_1_251' title='bbox 432 2562 572 2648; x_wconf 90' lang='lat' dir='ltr'>aliquem</span> <span class='ocrx_word' id='word_1_252' title='bbox 597 2561 724 2626; x_wconf 88' lang='lat' dir='ltr'>salvare</span> <span class='ocrx_word' id='word_1_253' title='bbox 749 2572 781 2626; x_wconf 92' lang='lat' dir='ltr'>et</span> <span class='ocrx_word' id='word_1_254' title='bbox 803 2561 951 2647; x_wconf 87' lang='lat' dir='ltr'>perdere,</span> <span class='ocrx_word' id='word_1_255' title='bbox 976 2562 1130 2647; x_wconf 91' lang='lat' dir='ltr'>supponit</span> <span class='ocrx_word' id='word_1_256' title='bbox 1146 2585 1165 2625; x_wconf 94' lang='lat' dir='ltr'>a</span> <span class='ocrx_word' id='word_1_257' title='bbox 1181 2583 1201 2625; x_wconf 94' lang='lat' dir='ltr'>a</span> <span class='ocrx_word' id='word_1_258' title='bbox 1217 2584 1237 2625; x_wconf 90' lang='lat' dir='ltr'>a</span> <span class='ocrx_word' id='word_1_259' title='bbox 1256 2585 1317 2648; x_wconf 90' lang='lat' dir='ltr'>que</span> <span class='ocrx_word' id='word_1_260' title='bbox 1343 2572 1417 2626; x_wconf 89' lang='lat' dir='ltr'>sunt</span> <span class='ocrx_word' id='word_1_261' title='bbox 1432 2563 1609 2646; x_wconf 88' lang='lat' dir='ltr'>Hieremie,</span> <span class='ocrx_word' id='word_1_262' title='bbox 1634 2567 1727 2651; x_wconf 86' lang='lat' dir='ltr'>quasi</span> 
     </span>
     <span class='ocr_line' id='line_1_22' title="bbox 73 2664 1903 2757; baseline 0.002 -23"><span class='ocrx_word' id='word_1_263' title='bbox 73 2671 177 2735; x_wconf 88' lang='lat' dir='ltr'>dicat:</span> <span class='ocrx_word' id='word_1_264' title='bbox 208 2669 277 2756; x_wconf 92' lang='lat' dir='ltr'>Ipsi</span> <span class='ocrx_word' id='word_1_265' title='bbox 307 2669 434 2734; x_wconf 90' lang='lat' dir='ltr'>salvant</span> <span class='ocrx_word' id='word_1_266' title='bbox 465 2664 498 2733; x_wconf 84' lang='lat' dir='ltr'>ef</span> <span class='ocrx_word' id='word_1_267' title='bbox 523 2668 664 2754; x_wconf 91' lang='lat' dir='ltr'>perdunt</span> <span class='ocrx_word' id='word_1_268' title='bbox 687 2668 856 2732; x_wconf 87' lang='lat' dir='ltr'>evellenda</span> <span class='ocrx_word' id='word_1_269' title='bbox 881 2679 912 2732; x_wconf 91' lang='lat' dir='ltr'>et</span> <span class='ocrx_word' id='word_1_270' title='bbox 936 2667 1132 2732; x_wconf 90' lang='lat' dir='ltr'>destruendo</span> <span class='ocrx_word' id='word_1_271' title='bbox 1157 2668 1198 2732; x_wconf 90' lang='lat' dir='ltr'>de</span> <span class='ocrx_word' id='word_1_272' title='bbox 1222 2668 1361 2732; x_wconf 92' lang='lat' dir='ltr'>ecclesia</span> <span class='ocrx_word' id='word_1_273' title='bbox 1385 2679 1417 2733; x_wconf 90' lang='lat' dir='ltr'>ct</span> <span class='ocrx_word' id='word_1_274' title='bbox 1440 2670 1588 2734; x_wconf 88' lang='lat' dir='ltr'>eiciendo</span> <span class='ocrx_word' id='word_1_275' title='bbox 1612 2693 1631 2734; x_wconf 92' lang='lat' dir='ltr'>a</span> <span class='ocrx_word' id='word_1_276' title='bbox 1654 2695 1726 2757; x_wconf 90' lang='lat' dir='ltr'>pro·</span> <span class='ocrx_word' id='word_1_277' title='bbox 1746 2699 1775 2736; x_wconf 75' lang='lat' dir='ltr'>ss.</span> <span class='ocrx_word' id='word_1_278' title='bbox 1788 2699 1831 2736; x_wconf 69' lang='lat' dir='ltr'>rer.</span> <span class='ocrx_word' id='word_1_279' title='bbox 1842 2700 1903 2748; x_wconf 87' lang='lat' dir='ltr'>1‚1o.</span> 
     </span>
     <span class='ocr_line' id='line_1_23' title="bbox 72 2774 1726 2864; baseline 0.001 -24"><span class='ocrx_word' id='word_1_280' title='bbox 72 2778 152 2864; x_wconf 89' lang='lat' dir='ltr'>priis</span> <span class='ocrx_word' id='word_1_281' title='bbox 176 2775 319 2857; x_wconf 89' lang='lat' dir='ltr'>sedibus,</span> <span class='ocrx_word' id='word_1_282' title='bbox 352 2799 433 2863; x_wconf 92' lang='lat' dir='ltr'>quos</span> <span class='ocrx_word' id='word_1_283' title='bbox 456 2775 580 2858; x_wconf 86' lang='lat' dir='ltr'>volunt,</span> <span class='ocrx_word' id='word_1_284' title='bbox 612 2787 645 2838; x_wconf 92' lang='grc' dir='ltr'>θῖ</span> <span class='ocrx_word' id='word_1_285' title='bbox 668 2775 860 2860; x_wconf 86' lang='lat' dir='ltr'>disperdunt</span> <span class='ocrx_word' id='word_1_286' title='bbox 883 2787 916 2838; x_wconf 92' lang='lat' dir='ltr'>et</span> <span class='ocrx_word' id='word_1_287' title='bbox 939 2774 1099 2860; x_wconf 90' lang='lat' dir='ltr'>dissipant</span> <span class='ocrx_word' id='word_1_288' title='bbox 1124 2776 1295 2839; x_wconf 86' lang='lat' dir='ltr'>etiterum</span> <span class='ocrx_word' id='word_1_289' title='bbox 1324 2798 1404 2862; x_wconf 93' lang='lat' dir='ltr'>quos</span> <span class='ocrx_word' id='word_1_290' title='bbox 1428 2776 1541 2840; x_wconf 85' lang='lat' dir='ltr'>volunt</span> <span class='ocrx_word' id='word_1_291' title='bbox 1564 2776 1726 2860; x_wconf 89' lang='lat' dir='ltr'>edificant,</span> 
     </span>
     <span class='ocr_line' id='line_1_24' title="bbox 73 2881 1857 2972; baseline 0.004 -25"><span class='ocrx_word' id='word_1_292' title='bbox 73 2894 105 2947; x_wconf 90' lang='lat' dir='ltr'>et</span> <span class='ocrx_word' id='word_1_293' title='bbox 139 2883 287 2969; x_wconf 87' lang='lat' dir='ltr'>plantant</span> <span class='ocrx_word' id='word_1_294' title='bbox 315 2881 466 2969; x_wconf 90' lang='lat' dir='ltr'>ponendo</span> <span class='ocrx_word' id='word_1_295' title='bbox 496 2882 531 2945; x_wconf 92' lang='lat' dir='ltr'>in</span> <span class='ocrx_word' id='word_1_296' title='bbox 561 2881 684 2946; x_wconf 88' lang='lat' dir='ltr'>eisdem</span> <span class='ocrx_word' id='word_1_297' title='bbox 716 2881 857 2945; x_wconf 89' lang='lat' dir='ltr'>sedibus.</span> <span class='ocrx_word' id='word_1_298' title='bbox 913 2881 996 2964; x_wconf 79' lang='lat' dir='ltr'>Qus,</span> <span class='ocrx_word' id='word_1_299' title='bbox 1031 2881 1066 2944; x_wconf 92' lang='lat' dir='ltr'>id</span> <span class='ocrx_word' id='word_1_300' title='bbox 1094 2893 1144 2946; x_wconf 90' lang='lat' dir='ltr'>est</span> <span class='ocrx_word' id='word_1_301' title='bbox 1167 2905 1276 2964; x_wconf 88' lang='lat' dir='ltr'>aaa,</span> <span class='ocrx_word' id='word_1_302' title='bbox 1308 2895 1383 2946; x_wconf 90' lang='lat' dir='ltr'>sunt</span> <span class='ocrx_word' id='word_1_303' title='bbox 1411 2882 1515 2947; x_wconf 81' lang='lat' dir='ltr'>verba</span> <span class='ocrx_word' id='word_1_304' title='bbox 1538 2884 1857 2972; x_wconf 80' lang='lat' dir='ltr'>Hieremye.su.n,1s.</span> 
     </span>
     <span class='ocr_line' id='line_1_25' title="bbox 74 2987 1726 3076; baseline 0.002 -23"><span class='ocrx_word' id='word_1_305' title='bbox 74 2989 232 3070; x_wconf 78' lang='lat' dir='ltr'>&#39;Quidam</span> <span class='ocrx_word' id='word_1_306' title='bbox 262 2999 430 3076; x_wconf 88' lang='lat' dir='ltr'>exponunt</span> <span class='ocrx_word' id='word_1_307' title='bbox 459 2990 522 3052; x_wconf 90' lang='lat' dir='ltr'>ista</span> <span class='ocrx_word' id='word_1_308' title='bbox 545 2990 607 3052; x_wconf 84' lang='lat' dir='ltr'>tria</span> <span class='ocrx_word' id='word_1_309' title='bbox 637 3011 657 3052; x_wconf 89' lang='lat' dir='ltr'>a</span> <span class='ocrx_word' id='word_1_310' title='bbox 681 2989 720 3052; x_wconf 90' lang='lat' dir='ltr'>de</span> <span class='ocrx_word' id='word_1_311' title='bbox 744 2987 846 3052; x_wconf 89' lang='lat' dir='ltr'>tribus</span> <span class='ocrx_word' id='word_1_312' title='bbox 870 2990 974 3074; x_wconf 90' lang='lat' dir='ltr'>papis,</span> <span class='ocrx_word' id='word_1_313' title='bbox 999 2988 1143 3070; x_wconf 89' lang='lat' dir='ltr'>Victore,</span> <span class='ocrx_word' id='word_1_314' title='bbox 1168 2989 1298 3052; x_wconf 88' lang='lat' dir='ltr'>Pascali</span> <span class='ocrx_word' id='word_1_315' title='bbox 1326 3000 1358 3053; x_wconf 92' lang='grc' dir='ltr'>θῖ</span> <span class='ocrx_word' id='word_1_316' title='bbox 1382 2989 1522 3072; x_wconf 74' lang='lat' dir='ltr'>Cadisto,</span> <span class='ocrx_word' id='word_1_317' title='bbox 1548 3001 1579 3054; x_wconf 89' lang='lat' dir='ltr'>et</span> <span class='ocrx_word' id='word_1_318' title='bbox 1604 2992 1726 3070; x_wconf 92' lang='lat' dir='ltr'>dicunt,</span> 
     </span>
     <span class='ocr_line' id='line_1_26' title="bbox 29 3095 1729 3183; baseline 0.001 -22"><span class='ocrx_word' id='word_1_319' title='bbox 29 3121 54 3160; x_wconf 81' lang='lat' dir='ltr'>rs</span> <span class='ocrx_word' id='word_1_320' title='bbox 73 3097 161 3183; x_wconf 92' lang='lat' dir='ltr'>quod</span> <span class='ocrx_word' id='word_1_321' title='bbox 184 3095 360 3160; x_wconf 90' lang='lat' dir='ltr'>Rolandini</span> <span class='ocrx_word' id='word_1_322' title='bbox 383 3095 512 3160; x_wconf 86' lang='lat' dir='ltr'>salvant</span> <span class='ocrx_word' id='word_1_323' title='bbox 534 3118 600 3177; x_wconf 89' lang='lat' dir='ltr'>eos,</span> <span class='ocrx_word' id='word_1_324' title='bbox 625 3095 702 3158; x_wconf 92' lang='lat' dir='ltr'>dum</span> <span class='ocrx_word' id='word_1_325' title='bbox 726 3117 781 3159; x_wconf 91' lang='lat' dir='ltr'>eas</span> <span class='ocrx_word' id='word_1_326' title='bbox 806 3096 1100 3176; x_wconf 87' lang='lat' dir='ltr'>excommunicant,</span> <span class='ocrx_word' id='word_1_327' title='bbox 1124 3097 1202 3181; x_wconf 90' lang='lat' dir='ltr'>quia</span> <span class='ocrx_word' id='word_1_328' title='bbox 1224 3095 1352 3160; x_wconf 91' lang='lat' dir='ltr'>illorum</span> <span class='ocrx_word' id='word_1_329' title='bbox 1375 3095 1560 3162; x_wconf 90' lang='lat' dir='ltr'>maledictio</span> <span class='ocrx_word' id='word_1_330' title='bbox 1584 3109 1729 3162; x_wconf 86' lang='lat' dir='ltr'>vertatur</span> 
     </span>
     <span class='ocr_line' id='line_1_27' title="bbox 73 3200 1729 3289; baseline 0.002 -23"><span class='ocrx_word' id='word_1_331' title='bbox 73 3202 136 3267; x_wconf 90' lang='lat' dir='ltr'>illis</span> <span class='ocrx_word' id='word_1_332' title='bbox 161 3205 194 3266; x_wconf 94' lang='lat' dir='ltr'>in</span> <span class='ocrx_word' id='word_1_333' title='bbox 216 3202 479 3267; x_wconf 89' lang='lat' dir='ltr'>benedictionem</span> <span class='ocrx_word' id='word_1_334' title='bbox 504 3213 537 3266; x_wconf 91' lang='lat' dir='ltr'>et</span> <span class='ocrx_word' id='word_1_335' title='bbox 559 3200 701 3287; x_wconf 91' lang='lat' dir='ltr'>perdunt</span> <span class='ocrx_word' id='word_1_336' title='bbox 724 3224 789 3283; x_wconf 91' lang='lat' dir='ltr'>cos,</span> <span class='ocrx_word' id='word_1_337' title='bbox 821 3201 897 3264; x_wconf 91' lang='lat' dir='ltr'>dum</span> <span class='ocrx_word' id='word_1_338' title='bbox 925 3202 997 3264; x_wconf 87' lang='lat' dir='ltr'>iura</span> <span class='ocrx_word' id='word_1_339' title='bbox 1020 3213 1158 3287; x_wconf 90' lang='lat' dir='ltr'>papatus</span> <span class='ocrx_word' id='word_1_340' title='bbox 1183 3213 1215 3266; x_wconf 88' lang='lat' dir='ltr'>et</span> <span class='ocrx_word' id='word_1_341' title='bbox 1237 3225 1355 3266; x_wconf 88' lang='lat' dir='ltr'>nomen</span> <span class='ocrx_word' id='word_1_342' title='bbox 1380 3202 1467 3289; x_wconf 90' lang='lat' dir='ltr'>quod</span> <span class='ocrx_word' id='word_1_343' title='bbox 1490 3205 1545 3268; x_wconf 93' lang='lat' dir='ltr'>isti</span> <span class='ocrx_word' id='word_1_344' title='bbox 1568 3207 1729 3269; x_wconf 89' lang='lat' dir='ltr'>veraciter</span> 
     </span>
     <span class='ocr_line' id='line_1_28' title="bbox 73 3308 1729 3397; baseline 0.002 -24"><span class='ocrx_word' id='word_1_345' title='bbox 73 3308 278 3374; x_wconf 65' lang='lat' dir='ltr'>habuerunt‘*</span> <span class='ocrx_word' id='word_1_346' title='bbox 309 3308 372 3373; x_wconf 90' lang='lat' dir='ltr'>sibi</span> <span class='ocrx_word' id='word_1_347' title='bbox 401 3333 460 3395; x_wconf 94' lang='lat' dir='ltr'>per</span> <span class='ocrx_word' id='word_1_348' title='bbox 489 3310 692 3372; x_wconf 87' lang='lat' dir='ltr'>invasionem</span> <span class='ocrx_word' id='word_1_349' title='bbox 723 3318 895 3393; x_wconf 76' lang='lat' dir='ltr'>usurpant,</span> <span class='ocrx_word' id='word_1_350' title='bbox 927 3309 974 3371; x_wconf 89' lang='lat' dir='ltr'>sic</span> <span class='ocrx_word' id='word_1_351' title='bbox 1005 3331 1083 3393; x_wconf 88' lang='lat' dir='ltr'>crgo</span> <span class='ocrx_word' id='word_1_352' title='bbox 1114 3309 1263 3372; x_wconf 84' lang='lat' dir='ltr'>sanciunt</span> <span class='ocrx_word' id='word_1_353' title='bbox 1290 3308 1331 3372; x_wconf 89' lang='lat' dir='ltr'>de</span> <span class='ocrx_word' id='word_1_354' title='bbox 1354 3309 1458 3374; x_wconf 89' lang='lat' dir='ltr'>tribus</span> <span class='ocrx_word' id='word_1_355' title='bbox 1482 3334 1544 3375; x_wconf 89' lang='lat' dir='ltr'>aaa</span> <span class='ocrx_word' id='word_1_356' title='bbox 1567 3335 1630 3397; x_wconf 90' lang='lat' dir='ltr'>que</span> <span class='ocrx_word' id='word_1_357' title='bbox 1655 3324 1729 3376; x_wconf 91' lang='lat' dir='ltr'>sunt</span> 
     </span>
     <span class='ocr_line' id='line_1_29' title="bbox 73 3413 1728 3502; baseline 0.002 -23"><span class='ocrx_word' id='word_1_358' title='bbox 73 3415 176 3480; x_wconf 82' lang='lat' dir='ltr'>verba</span> <span class='ocrx_word' id='word_1_359' title='bbox 198 3417 376 3496; x_wconf 90' lang='lat' dir='ltr'>Hieremie,</span> <span class='ocrx_word' id='word_1_360' title='bbox 400 3415 453 3480; x_wconf 86' lang='lat' dir='ltr'>vel</span> <span class='ocrx_word' id='word_1_361' title='bbox 478 3416 539 3479; x_wconf 77' lang='lat' dir='ltr'>*sic</span> <span class='ocrx_word' id='word_1_362' title='bbox 569 3425 676 3501; x_wconf 91' lang='lat' dir='ltr'>potest</span> <span class='ocrx_word' id='word_1_363' title='bbox 706 3413 852 3499; x_wconf 84' lang='lat' dir='ltr'>intelligi,</span> <span class='ocrx_word' id='word_1_364' title='bbox 877 3424 912 3477; x_wconf 93' lang='lat' dir='ltr'>ut</span> <span class='ocrx_word' id='word_1_365' title='bbox 935 3423 1071 3499; x_wconf 89' lang='lat' dir='ltr'>utraque</span> <span class='ocrx_word' id='word_1_366' title='bbox 1103 3437 1178 3500; x_wconf 88' lang='lat' dir='ltr'>pars</span> <span class='ocrx_word' id='word_1_367' title='bbox 1209 3415 1313 3479; x_wconf 87' lang='lat' dir='ltr'>salvet</span> <span class='ocrx_word' id='word_1_368' title='bbox 1337 3427 1369 3480; x_wconf 91' lang='grc' dir='ltr'>θῖ</span> <span class='ocrx_word' id='word_1_369' title='bbox 1391 3416 1508 3502; x_wconf 89' lang='lat' dir='ltr'>perdat</span> <span class='ocrx_word' id='word_1_370' title='bbox 1531 3418 1728 3482; x_wconf 86' lang='lat' dir='ltr'>vivificando</span> 
     </span>
     <span class='ocr_line' id='line_1_30' title="bbox 76 3519 1905 3608; baseline 0.002 -22"><span class='ocrx_word' id='word_1_371' title='bbox 76 3524 215 3586; x_wconf 82' lang='lat' dir='ltr'>‘animas</span> <span class='ocrx_word' id='word_1_372' title='bbox 239 3545 302 3608; x_wconf 91' lang='lat' dir='ltr'>que</span> <span class='ocrx_word' id='word_1_373' title='bbox 327 3523 507 3586; x_wconf 89' lang='lat' dir='ltr'>moriuntur</span> <span class='ocrx_word' id='word_1_374' title='bbox 530 3532 563 3585; x_wconf 89' lang='lat' dir='ltr'>et</span> <span class='ocrx_word' id='word_1_375' title='bbox 586 3519 811 3586; x_wconf 87' lang='lat' dir='ltr'>mortificando</span> <span class='ocrx_word' id='word_1_376' title='bbox 836 3543 903 3607; x_wconf 84' lang='lat' dir='ltr'>que</span> <span class='ocrx_word' id='word_1_377' title='bbox 922 3520 1047 3584; x_wconf 86' lang='lat' dir='ltr'>vivunt.</span> <span class='ocrx_word' id='word_1_378' title='bbox 1094 3519 1191 3585; x_wconf 89' lang='lat' dir='ltr'>Unde</span> <span class='ocrx_word' id='word_1_379' title='bbox 1216 3521 1389 3586; x_wconf 89' lang='lat' dir='ltr'>dicendum</span> <span class='ocrx_word' id='word_1_380' title='bbox 1415 3535 1463 3587; x_wconf 92' lang='lat' dir='ltr'>est</span> <span class='ocrx_word' id='word_1_381' title='bbox 1494 3525 1727 3589; x_wconf 85' lang='lat' dir='ltr'>exclamative:</span> <span class='ocrx_word' id='word_1_382' title='bbox 1749 3552 1905 3592; x_wconf 68' lang='lat' dir='ltr'>necamur.</span> 
     </span>
     <span class='ocr_line' id='line_1_31' title="bbox 30 3626 1877 3715; baseline 0.003 -22"><span class='ocrx_word' id='word_1_383' title='bbox 30 3655 56 3694; x_wconf 84' lang='lat' dir='ltr'>ro</span> <span class='ocrx_word' id='word_1_384' title='bbox 76 3652 131 3693; x_wconf 91' lang='lat' dir='ltr'>aa</span> <span class='ocrx_word' id='word_1_385' title='bbox 147 3653 176 3713; x_wconf 91' lang='lat' dir='ltr'>a,</span> <span class='ocrx_word' id='word_1_386' title='bbox 201 3652 264 3715; x_wconf 93' lang='lat' dir='ltr'>que</span> <span class='ocrx_word' id='word_1_387' title='bbox 286 3639 361 3692; x_wconf 89' lang='lat' dir='ltr'>sunt</span> <span class='ocrx_word' id='word_1_388' title='bbox 376 3627 479 3692; x_wconf 87' lang='lat' dir='ltr'>verba</span> <span class='ocrx_word' id='word_1_389' title='bbox 494 3628 671 3692; x_wconf 89' lang='lat' dir='ltr'>Hieremie.</span> <span class='ocrx_word' id='word_1_390' title='bbox 703 3626 766 3690; x_wconf 91' lang='lat' dir='ltr'>Vel</span> <span class='ocrx_word' id='word_1_391' title='bbox 784 3627 847 3712; x_wconf 90' lang='lat' dir='ltr'>ipsi</span> <span class='ocrx_word' id='word_1_392' title='bbox 869 3626 997 3690; x_wconf 90' lang='lat' dir='ltr'>salvant</span> <span class='ocrx_word' id='word_1_393' title='bbox 1013 3637 1045 3691; x_wconf 92' lang='grc' dir='ltr'>θῖ</span> <span class='ocrx_word' id='word_1_394' title='bbox 1060 3627 1211 3712; x_wconf 90' lang='lat' dir='ltr'>perdunt.</span> <span class='ocrx_word' id='word_1_395' title='bbox 1243 3627 1340 3693; x_wconf 91' lang='lat' dir='ltr'>Unde</span> <span class='ocrx_word' id='word_1_396' title='bbox 1360 3652 1458 3715; x_wconf 89' lang='lat' dir='ltr'>super</span> <span class='ocrx_word' id='word_1_397' title='bbox 1474 3653 1529 3694; x_wconf 93' lang='lat' dir='ltr'>eos</span> <span class='ocrx_word' id='word_1_398' title='bbox 1554 3631 1729 3696; x_wconf 86' lang='lat' dir='ltr'>dicendum</span> <span class='ocrx_word' id='word_1_399' title='bbox 1751 3660 1877 3708; x_wconf 65' lang='lat' dir='ltr'>ressais.</span> 
     </span>
     <span class='ocr_line' id='line_1_32' title="bbox 76 3727 1730 3823; baseline 0.002 -24"><span class='ocrx_word' id='word_1_400' title='bbox 76 3746 141 3800; x_wconf 90' lang='lat' dir='ltr'>est:</span> <span class='ocrx_word' id='word_1_401' title='bbox 167 3757 238 3818; x_wconf 89' lang='lat' dir='ltr'>aaa,</span> <span class='ocrx_word' id='word_1_402' title='bbox 263 3737 340 3822; x_wconf 92' lang='lat' dir='ltr'>quia</span> <span class='ocrx_word' id='word_1_403' title='bbox 363 3735 541 3799; x_wconf 91' lang='lat' dir='ltr'>vendicant</span> <span class='ocrx_word' id='word_1_404' title='bbox 564 3733 625 3797; x_wconf 91' lang='lat' dir='ltr'>sibi</span> <span class='ocrx_word' id='word_1_405' title='bbox 643 3755 693 3814; x_wconf 91' lang='lat' dir='ltr'>ea,</span> <span class='ocrx_word' id='word_1_406' title='bbox 718 3755 780 3818; x_wconf 89' lang='lat' dir='ltr'>que</span> <span class='ocrx_word' id='word_1_407' title='bbox 798 3743 872 3796; x_wconf 90' lang='lat' dir='ltr'>sunt</span> <span class='ocrx_word' id='word_1_408' title='bbox 890 3733 1022 3820; x_wconf 91' lang='lat' dir='ltr'>propria</span> <span class='ocrx_word' id='word_1_409' title='bbox 1037 3727 1215 3816; x_wconf 88' lang='lat' dir='ltr'>Hieremie,</span> <span class='ocrx_word' id='word_1_410' title='bbox 1239 3734 1274 3797; x_wconf 92' lang='lat' dir='ltr'>id</span> <span class='ocrx_word' id='word_1_411' title='bbox 1290 3745 1340 3799; x_wconf 91' lang='lat' dir='ltr'>est</span> <span class='ocrx_word' id='word_1_412' title='bbox 1355 3735 1430 3818; x_wconf 92' lang='lat' dir='ltr'>Dei,</span> <span class='ocrx_word' id='word_1_413' title='bbox 1456 3739 1512 3823; x_wconf 92' lang='lat' dir='ltr'>qui</span> <span class='ocrx_word' id='word_1_414' title='bbox 1528 3739 1730 3822; x_wconf 89' lang='lat' dir='ltr'>significatur</span> 
     </span>
     <span class='ocr_line' id='line_1_33' title="bbox 75 3838 1731 3928; baseline 0.002 -23"><span class='ocrx_word' id='word_1_415' title='bbox 75 3865 135 3928; x_wconf 92' lang='lat' dir='ltr'>per</span> <span class='ocrx_word' id='word_1_416' title='bbox 150 3843 362 3906; x_wconf 89' lang='lat' dir='ltr'>Hieremiam.</span> <span class='ocrx_word' id='word_1_417' title='bbox 399 3841 506 3906; x_wconf 88' lang='lat' dir='ltr'>Solius</span> <span class='ocrx_word' id='word_1_418' title='bbox 522 3841 587 3904; x_wconf 92' lang='lat' dir='ltr'>Dei</span> <span class='ocrx_word' id='word_1_419' title='bbox 611 3849 661 3903; x_wconf 91' lang='lat' dir='ltr'>est</span> <span class='ocrx_word' id='word_1_420' title='bbox 683 3839 810 3903; x_wconf 84' lang='lat' dir='ltr'>salvare</span> <span class='ocrx_word' id='word_1_421' title='bbox 835 3850 867 3902; x_wconf 89' lang='lat' dir='ltr'>ct</span> <span class='ocrx_word' id='word_1_422' title='bbox 889 3838 1039 3925; x_wconf 87' lang='lat' dir='ltr'>perdere.</span> <span class='ocrx_word' id='word_1_423' title='bbox 1073 3840 1117 3903; x_wconf 84' lang='lat' dir='ltr'>Et</span> <span class='ocrx_word' id='word_1_424' title='bbox 1140 3841 1218 3925; x_wconf 91' lang='lat' dir='ltr'>quia</span> <span class='ocrx_word' id='word_1_425' title='bbox 1240 3841 1326 3904; x_wconf 89' lang='lat' dir='ltr'>mala</span> <span class='ocrx_word' id='word_1_426' title='bbox 1349 3843 1448 3906; x_wconf 90' lang='lat' dir='ltr'>inicia</span> <span class='ocrx_word' id='word_1_427' title='bbox 1472 3843 1603 3908; x_wconf 89' lang='lat' dir='ltr'>difficile</span> <span class='ocrx_word' id='word_1_428' title='bbox 1621 3846 1731 3909; x_wconf 85' lang='lat' dir='ltr'>valent</span> 
     </span>
     <span class='ocr_line' id='line_1_34' title="bbox 77 3946 1116 4032; baseline -0.002 -20"><span class='ocrx_word' id='word_1_429' title='bbox 77 3949 184 4013; x_wconf 89' lang='lat' dir='ltr'>sortiri</span> <span class='ocrx_word' id='word_1_430' title='bbox 207 3946 329 4012; x_wconf 88' lang='lat' dir='ltr'>bonurn</span> <span class='ocrx_word' id='word_1_431' title='bbox 353 3949 486 4028; x_wconf 84' lang='lat' dir='ltr'>exitum,</span> <span class='ocrx_word' id='word_1_432' title='bbox 511 3947 664 4032; x_wconf 89' lang='lat' dir='ltr'>supponit</span> <span class='ocrx_word' id='word_1_433' title='bbox 687 3947 822 4009; x_wconf 87' lang='lat' dir='ltr'>tercium</span> <span class='ocrx_word' id='word_1_434' title='bbox 847 3969 976 4010; x_wconf 89' lang='lat' dir='ltr'>versum</span> <span class='ocrx_word' id='word_1_435' title='bbox 1001 3957 1033 4010; x_wconf 90' lang='lat' dir='ltr'>et</span> <span class='ocrx_word' id='word_1_436' title='bbox 1055 3948 1116 4010; x_wconf 89' lang='lat' dir='ltr'>ait:</span> 
     </span>
     <span class='ocr_line' id='line_1_35' title="bbox 334 4054 1437 4140; baseline 0.001 -23"><span class='ocrx_word' id='word_1_437' title='bbox 334 4054 380 4117; x_wconf 92' lang='lat' dir='ltr'>In</span> <span class='ocrx_word' id='word_1_438' title='bbox 413 4054 592 4118; x_wconf 90' lang='lat' dir='ltr'>scoriam</span> <span class='ocrx_word' id='word_1_439' title='bbox 621 4054 706 4116; x_wconf 91' lang='lat' dir='ltr'>ruit</span> <span class='ocrx_word' id='word_1_440' title='bbox 736 4054 893 4135; x_wconf 86' lang='lat' dir='ltr'>exitus,</span> <span class='ocrx_word' id='word_1_441' title='bbox 925 4075 1024 4138; x_wconf 88' lang='lat' dir='ltr'>egra</span> <span class='ocrx_word' id='word_1_442' title='bbox 1053 4054 1246 4138; x_wconf 89' lang='lat' dir='ltr'>patentia</span> <span class='ocrx_word' id='word_1_443' title='bbox 1275 4055 1437 4140; x_wconf 88' lang='lat' dir='ltr'>migrat.</span> 
     </span>
     <span class='ocr_line' id='line_1_36' title="bbox 32 4145 1810 4248; baseline 0.001 -22"><span class='ocrx_word' id='word_1_444' title='bbox 32 4187 58 4226; x_wconf 80' lang='lat' dir='ltr'>ss</span> <span class='ocrx_word' id='word_1_445' title='bbox 78 4163 193 4227; x_wconf 86' lang='lat' dir='ltr'>Omnis</span> <span class='ocrx_word' id='word_1_446' title='bbox 209 4163 316 4226; x_wconf 87' lang='lat' dir='ltr'>exitus</span> <span class='ocrx_word' id='word_1_447' title='bbox 334 4171 383 4224; x_wconf 91' lang='lat' dir='ltr'>est</span> <span class='ocrx_word' id='word_1_448' title='bbox 406 4159 543 4224; x_wconf 88' lang='lat' dir='ltr'>alicuius</span> <span class='ocrx_word' id='word_1_449' title='bbox 567 4160 665 4223; x_wconf 92' lang='lat' dir='ltr'>inicii.</span> <span class='ocrx_word' id='word_1_450' title='bbox 701 4159 793 4223; x_wconf 91' lang='lat' dir='ltr'>Dicit</span> <span class='ocrx_word' id='word_1_451' title='bbox 818 4181 906 4244; x_wconf 91' lang='lat' dir='ltr'>ergo,</span> <span class='ocrx_word' id='word_1_452' title='bbox 931 4158 1018 4244; x_wconf 91' lang='lat' dir='ltr'>quad</span> <span class='ocrx_word' id='word_1_453' title='bbox 1042 4161 1148 4222; x_wconf 88' lang='lat' dir='ltr'>exitus</span> <span class='ocrx_word' id='word_1_454' title='bbox 1172 4161 1348 4225; x_wconf 88' lang='lat' dir='ltr'>scismatici</span> <span class='ocrx_word' id='word_1_455' title='bbox 1372 4173 1405 4225; x_wconf 92' lang='lat' dir='ltr'>et</span> <span class='ocrx_word' id='word_1_456' title='bbox 1428 4165 1607 4248; x_wconf 91' lang='lat' dir='ltr'>symoniaci</span> <span class='ocrx_word' id='word_1_457' title='bbox 1628 4165 1728 4246; x_wconf 90' lang='lat' dir='ltr'>inicii,</span> <span class='ocrx_word' id='word_1_458' title='bbox 1806 4145 1810 4152; x_wconf 39' lang='lat'>¹</span> 
     </span>
     <span class='ocr_line' id='line_1_37' title="bbox 77 4264 1729 4354; baseline 0.001 -21"><span class='ocrx_word' id='word_1_459' title='bbox 77 4291 142 4354; x_wconf 94' lang='lat' dir='ltr'>quo</span> <span class='ocrx_word' id='word_1_460' title='bbox 166 4267 306 4332; x_wconf 89' lang='lat' dir='ltr'>ecclesia</span> <span class='ocrx_word' id='word_1_461' title='bbox 330 4267 436 4331; x_wconf 89' lang='lat' dir='ltr'>divisa</span> <span class='ocrx_word' id='word_1_462' title='bbox 458 4276 508 4330; x_wconf 91' lang='lat' dir='ltr'>est</span> <span class='ocrx_word' id='word_1_463' title='bbox 537 4267 571 4329; x_wconf 94' lang='lat' dir='ltr'>in</span> <span class='ocrx_word' id='word_1_464' title='bbox 594 4264 675 4330; x_wconf 88' lang='lat' dir='ltr'>duas</span> <span class='ocrx_word' id='word_1_465' title='bbox 699 4276 807 4352; x_wconf 88' lang='lat' dir='ltr'>partes</span> <span class='ocrx_word' id='word_1_466' title='bbox 831 4265 920 4328; x_wconf 90' lang='lat' dir='ltr'>etin</span> <span class='ocrx_word' id='word_1_467' title='bbox 944 4265 1024 4329; x_wconf 93' lang='lat' dir='ltr'>duos</span> <span class='ocrx_word' id='word_1_468' title='bbox 1048 4275 1216 4351; x_wconf 87' lang='lat' dir='ltr'>papantes,</span> <span class='ocrx_word' id='word_1_469' title='bbox 1234 4265 1314 4350; x_wconf 70' lang='lat' dir='ltr'>ssvcl</span> <span class='ocrx_word' id='word_1_470' title='bbox 1337 4278 1374 4332; x_wconf 93' lang='lat' dir='ltr'>ut</span> <span class='ocrx_word' id='word_1_471' title='bbox 1397 4269 1451 4332; x_wconf 92' lang='lat' dir='ltr'>alii</span> <span class='ocrx_word' id='word_1_472' title='bbox 1476 4268 1597 4346; x_wconf 86' lang='lat' dir='ltr'>volunt,</span> <span class='ocrx_word' id='word_1_473' title='bbox 1622 4273 1729 4335; x_wconf 88' lang='lat' dir='ltr'>exitus</span> 
     </span>
     <span class='ocr_line' id='line_1_38' title="bbox 76 4371 1729 4463; baseline 0.002 -24"><span class='ocrx_word' id='word_1_474' title='bbox 76 4375 162 4439; x_wconf 91' lang='lat' dir='ltr'>illius</span> <span class='ocrx_word' id='word_1_475' title='bbox 186 4375 286 4456; x_wconf 91' lang='lat' dir='ltr'>inicii,</span> <span class='ocrx_word' id='word_1_476' title='bbox 312 4396 376 4460; x_wconf 93' lang='lat' dir='ltr'>qno</span> <span class='ocrx_word' id='word_1_477' title='bbox 399 4373 513 4437; x_wconf 86' lang='lat' dir='ltr'>federa</span> <span class='ocrx_word' id='word_1_478' title='bbox 535 4374 677 4458; x_wconf 90' lang='lat' dir='ltr'>pessima</span> <span class='ocrx_word' id='word_1_479' title='bbox 701 4371 891 4457; x_wconf 85' lang='lat' dir='ltr'>prodierunt</span> <span class='ocrx_word' id='word_1_480' title='bbox 915 4383 1028 4435; x_wconf 88' lang='lat' dir='ltr'>contra</span> <span class='ocrx_word' id='word_1_481' title='bbox 1051 4373 1278 4457; x_wconf 88' lang='lat' dir='ltr'>imperatorem</span> <span class='ocrx_word' id='word_1_482' title='bbox 1295 4384 1441 4460; x_wconf 90' lang='lat' dir='ltr'>tempore</span> <span class='ocrx_word' id='word_1_483' title='bbox 1458 4375 1595 4440; x_wconf 80' lang='lat' dir='ltr'>Adriani</span> <span class='ocrx_word' id='word_1_484' title='bbox 1613 4384 1729 4463; x_wconf 62' lang='lat' dir='ltr'>popel,</span> 
     </span>
     <span class='ocr_line' id='line_1_39' title="bbox 77 4476 1729 4568; baseline 0.001 -22"><span class='ocrx_word' id='word_1_485' title='bbox 77 4482 132 4546; x_wconf 92' lang='lat' dir='ltr'>ille</span> <span class='ocrx_word' id='word_1_486' title='bbox 155 4483 261 4568; x_wconf 91' lang='lat' dir='ltr'>inquit</span> <span class='ocrx_word' id='word_1_487' title='bbox 285 4482 392 4545; x_wconf 89' lang='lat' dir='ltr'>exitus</span> <span class='ocrx_word' id='word_1_488' title='bbox 409 4481 501 4567; x_wconf 66' lang='lat' dir='ltr'>ssruit</span> <span class='ocrx_word' id='word_1_489' title='bbox 523 4480 557 4542; x_wconf 93' lang='lat' dir='ltr'>in</span> <span class='ocrx_word' id='word_1_490' title='bbox 581 4480 729 4558; x_wconf 89' lang='lat' dir='ltr'>scoriam,</span> <span class='ocrx_word' id='word_1_491' title='bbox 760 4478 794 4541; x_wconf 93' lang='lat' dir='ltr'>id</span> <span class='ocrx_word' id='word_1_492' title='bbox 819 4487 868 4541; x_wconf 90' lang='grc' dir='ltr'>θεῖ</span> <span class='ocrx_word' id='word_1_493' title='bbox 897 4476 1080 4564; x_wconf 90' lang='lat' dir='ltr'>rubiginem</span> <span class='ocrx_word' id='word_1_494' title='bbox 1111 4480 1186 4563; x_wconf 87' lang='lat' dir='ltr'>igne</span> <span class='ocrx_word' id='word_1_495' title='bbox 1210 4502 1372 4545; x_wconf 87' lang='lat' dir='ltr'>armorum</span> <span class='ocrx_word' id='word_1_496' title='bbox 1395 4482 1611 4568; x_wconf 88' lang='lat' dir='ltr'>imperialium</span> <span class='ocrx_word' id='word_1_497' title='bbox 1636 4482 1729 4547; x_wconf 92' lang='lat' dir='ltr'>deco-</span> 
     </span>
     <span class='ocr_line' id='line_1_40' title="bbox 78 4582 1731 4676; baseline 0.001 -23"><span class='ocrx_word' id='word_1_498' title='bbox 78 4588 259 4676; x_wconf 83' lang='lat' dir='ltr'>quendam3</span> <span class='ocrx_word' id='word_1_499' title='bbox 285 4588 391 4652; x_wconf 85' lang='lat' dir='ltr'>scoria</span> <span class='ocrx_word' id='word_1_500' title='bbox 414 4588 500 4650; x_wconf 89' lang='lat' dir='ltr'>enim</span> <span class='ocrx_word' id='word_1_501' title='bbox 515 4586 646 4672; x_wconf 89' lang='lat' dir='ltr'>proprie</span> <span class='ocrx_word' id='word_1_502' title='bbox 664 4597 713 4648; x_wconf 91' lang='grc' dir='ltr'>θεῖ</span> <span class='ocrx_word' id='word_1_503' title='bbox 728 4582 844 4670; x_wconf 90' lang='lat' dir='ltr'>rubigo</span> <span class='ocrx_word' id='word_1_504' title='bbox 860 4584 992 4666; x_wconf 89' lang='lat' dir='ltr'>metalli,</span> <span class='ocrx_word' id='word_1_505' title='bbox 1018 4586 1173 4670; x_wconf 88' lang='lat' dir='ltr'>queigne</span> <span class='ocrx_word' id='word_1_506' title='bbox 1190 4588 1398 4652; x_wconf 87' lang='lat' dir='ltr'>examinante</span> <span class='ocrx_word' id='word_1_507' title='bbox 1414 4599 1573 4673; x_wconf 86' lang='lat' dir='ltr'>purgatur</span> <span class='ocrx_word' id='word_1_508' title='bbox 1583 4595 1603 4654; x_wconf 82' lang='lat'>³.</span> <span class='ocrx_word' id='word_1_509' title='bbox 1639 4591 1731 4654; x_wconf 91' lang='lat' dir='ltr'>Dicit</span> 
     </span>
     <span class='ocr_line' id='line_1_41' title="bbox 32 4679 1908 4782; baseline 0.004 -24"><span class='ocrx_word' id='word_1_510' title='bbox 32 4721 60 4758; x_wconf 80' lang='lat' dir='ltr'>so</span> <span class='ocrx_word' id='word_1_511' title='bbox 78 4717 168 4782; x_wconf 86' lang='lat' dir='ltr'>erge,</span> <span class='ocrx_word' id='word_1_512' title='bbox 199 4693 286 4781; x_wconf 90' lang='lat' dir='ltr'>quod</span> <span class='ocrx_word' id='word_1_513' title='bbox 317 4695 424 4758; x_wconf 85' lang='lat' dir='ltr'>exitus</span> <span class='ocrx_word' id='word_1_514' title='bbox 454 4692 530 4756; x_wconf 90' lang='lat' dir='ltr'>mali</span> <span class='ocrx_word' id='word_1_515' title='bbox 562 4692 728 4778; x_wconf 76' lang='lat' dir='ltr'>*principii</span> <span class='ocrx_word' id='word_1_516' title='bbox 758 4692 792 4754; x_wconf 90' lang='lat' dir='ltr'>in</span> <span class='ocrx_word' id='word_1_517' title='bbox 822 4691 949 4755; x_wconf 90' lang='lat' dir='ltr'>ruinam</span> <span class='ocrx_word' id='word_1_518' title='bbox 973 4679 1083 4754; x_wconf 86' lang='lat' dir='ltr'>veniet</span> <span class='ocrx_word' id='word_1_519' title='bbox 1114 4702 1146 4755; x_wconf 94' lang='grc' dir='ltr'>θῖ</span> <span class='ocrx_word' id='word_1_520' title='bbox 1174 4694 1398 4779; x_wconf 90' lang='lat' dir='ltr'>precipicium,</span> <span class='ocrx_word' id='word_1_521' title='bbox 1430 4707 1462 4758; x_wconf 92' lang='lat' dir='ltr'>et</span> <span class='ocrx_word' id='word_1_522' title='bbox 1492 4718 1593 4781; x_wconf 87' lang='lat' dir='ltr'>quare</span> <span class='ocrx_word' id='word_1_523' title='bbox 1624 4698 1730 4760; x_wconf 85' lang='lat' dir='ltr'>exitus</span> <span class='ocrx_word' id='word_1_524' title='bbox 1751 4725 1908 4766; x_wconf 57' lang='lat' dir='ltr'>*resonata</span> 
     </span>
     <span class='ocr_line' id='line_1_42' title="bbox 77 4798 1790 4888; baseline 0.001 -22"><span class='ocrx_word' id='word_1_525' title='bbox 77 4812 161 4884; x_wconf 90' lang='lat' dir='ltr'>ruat,</span> <span class='ocrx_word' id='word_1_526' title='bbox 192 4823 324 4866; x_wconf 86' lang='lat' dir='ltr'>causam</span> <span class='ocrx_word' id='word_1_527' title='bbox 348 4799 525 4883; x_wconf 86' lang='lat' dir='ltr'>subiungit,</span> <span class='ocrx_word' id='word_1_528' title='bbox 557 4799 633 4884; x_wconf 89' lang='lat' dir='ltr'>quia</span> <span class='ocrx_word' id='word_1_529' title='bbox 665 4819 744 4882; x_wconf 88' lang='lat' dir='ltr'>egra</span> <span class='ocrx_word' id='word_1_530' title='bbox 766 4798 918 4882; x_wconf 90' lang='lat' dir='ltr'>potencia</span> <span class='ocrx_word' id='word_1_531' title='bbox 942 4798 1113 4880; x_wconf 88' lang='lat' dir='ltr'>scismatis,</span> <span class='ocrx_word' id='word_1_532' title='bbox 1145 4799 1239 4884; x_wconf 88' lang='lat' dir='ltr'>quasi</span> <span class='ocrx_word' id='word_1_533' title='bbox 1269 4799 1314 4863; x_wconf 93' lang='lat' dir='ltr'>illi</span> <span class='ocrx_word' id='word_1_534' title='bbox 1345 4823 1430 4887; x_wconf 90' lang='lat' dir='ltr'>pape</span> <span class='ocrx_word' id='word_1_535' title='bbox 1454 4801 1653 4866; x_wconf 87' lang='lat' dir='ltr'>videbantur</span> <span class='ocrx_word' id='word_1_536' title='bbox 1675 4825 1730 4888; x_wconf 84' lang='lat' dir='ltr'>po·</span> <span class='ocrx_word' id='word_1_537' title='bbox 1788 4820 1790 4824; x_wconf 80' lang='grc'>’</span> 
     </span>
     <span class='ocr_line' id='line_1_43' title="bbox 78 4901 1731 4992; baseline 0 -20"><span class='ocrx_word' id='word_1_538' title='bbox 78 4919 184 4972; x_wconf 91' lang='lat' dir='ltr'>tentes</span> <span class='ocrx_word' id='word_1_539' title='bbox 200 4929 265 4971; x_wconf 93' lang='lat' dir='ltr'>non</span> <span class='ocrx_word' id='word_1_540' title='bbox 281 4908 315 4970; x_wconf 89' lang='lat' dir='ltr'>in</span> <span class='ocrx_word' id='word_1_541' title='bbox 331 4906 415 4987; x_wconf 90' lang='lat' dir='ltr'>Deo,</span> <span class='ocrx_word' id='word_1_542' title='bbox 441 4905 549 4968; x_wconf 89' lang='lat' dir='ltr'>sedin</span> <span class='ocrx_word' id='word_1_543' title='bbox 565 4901 759 4984; x_wconf 90' lang='lat' dir='ltr'>hominibus,</span> <span class='ocrx_word' id='word_1_544' title='bbox 784 4904 912 4988; x_wconf 91' lang='lat' dir='ltr'>migrat,</span> <span class='ocrx_word' id='word_1_545' title='bbox 936 4903 970 4967; x_wconf 88' lang='lat' dir='ltr'>id</span> <span class='ocrx_word' id='word_1_546' title='bbox 987 4913 1036 4966; x_wconf 90' lang='lat' dir='ltr'>cst</span> <span class='ocrx_word' id='word_1_547' title='bbox 1051 4913 1168 4968; x_wconf 90' lang='lat' dir='ltr'>statum</span> <span class='ocrx_word' id='word_1_548' title='bbox 1192 4904 1291 4970; x_wconf 87' lang='lat' dir='ltr'>habet</span> <span class='ocrx_word' id='word_1_549' title='bbox 1313 4907 1475 4992; x_wconf 89' lang='lat' dir='ltr'>migrandi</span> <span class='ocrx_word' id='word_1_550' title='bbox 1500 4919 1533 4971; x_wconf 93' lang='grc' dir='ltr'>θῖ</span> <span class='ocrx_word' id='word_1_551' title='bbox 1557 4908 1731 4972; x_wconf 88' lang='lat' dir='ltr'>deficiendi</span> 
     </span>
     <span class='ocr_line' id='line_1_44' title="bbox 79 5009 1730 5101; baseline 0.001 -23"><span class='ocrx_word' id='word_1_552' title='bbox 79 5025 112 5080; x_wconf 92' lang='lat' dir='ltr'>et</span> <span class='ocrx_word' id='word_1_553' title='bbox 135 5015 263 5078; x_wconf 90' lang='lat' dir='ltr'>omnino</span> <span class='ocrx_word' id='word_1_554' title='bbox 287 5012 387 5077; x_wconf 92' lang='lat' dir='ltr'>nichil</span> <span class='ocrx_word' id='word_1_555' title='bbox 410 5011 550 5093; x_wconf 92' lang='lat' dir='ltr'>essendi,</span> <span class='ocrx_word' id='word_1_556' title='bbox 575 5033 647 5075; x_wconf 90' lang='lat' dir='ltr'>cum</span> <span class='ocrx_word' id='word_1_557' title='bbox 673 5010 905 5094; x_wconf 87' lang='lat' dir='ltr'>imperatorin</span> <span class='ocrx_word' id='word_1_558' title='bbox 920 5009 1063 5074; x_wconf 88' lang='lat' dir='ltr'>Ytaliam</span> <span class='ocrx_word' id='word_1_559' title='bbox 1079 5012 1215 5094; x_wconf 86' lang='lat' dir='ltr'>venerit,</span> <span class='ocrx_word' id='word_1_560' title='bbox 1240 5022 1273 5076; x_wconf 93' lang='lat' dir='ltr'>et</span> <span class='ocrx_word' id='word_1_561' title='bbox 1296 5013 1383 5098; x_wconf 92' lang='lat' dir='ltr'>quod</span> <span class='ocrx_word' id='word_1_562' title='bbox 1406 5014 1439 5077; x_wconf 94' lang='lat' dir='ltr'>in</span> <span class='ocrx_word' id='word_1_563' title='bbox 1463 5015 1608 5079; x_wconf 87' lang='lat' dir='ltr'>adventu</span> <span class='ocrx_word' id='word_1_564' title='bbox 1630 5017 1730 5101; x_wconf 91' lang='lat' dir='ltr'>impe-</span> 
     </span>
    </p>
   </div>
   <div class='ocr_carea' id='block_1_3' title="bbox 187 5202 1554 5279">
    <p class='ocr_par' dir='ltr' id='par_1_3' title="bbox 187 5202 1554 5279">
     <span class='ocr_line' id='line_1_45' title="bbox 187 5202 1554 5279; baseline 0 -15"><span class='ocrx_word' id='word_1_565' title='bbox 187 5213 213 5276; x_wconf 78' lang='grc' dir='ltr'>θ)</span> <span class='ocrx_word' id='word_1_566' title='bbox 236 5217 397 5279; x_wconf 84' lang='lat' dir='ltr'>dampnatus</span> <span class='ocrx_word' id='word_1_567' title='bbox 416 5229 437 5262; x_wconf 86' lang='lat' dir='ltr'>e.</span> <span class='ocrx_word' id='word_1_568' title='bbox 509 5207 538 5270; x_wconf 88' lang='lat' dir='ltr'>b)</span> <span class='ocrx_word' id='word_1_569' title='bbox 559 5211 588 5260; x_wconf 91' lang='lat' dir='ltr'>in</span> <span class='ocrx_word' id='word_1_570' title='bbox 605 5209 666 5260; x_wconf 74' lang='lat' dir='ltr'>aad.</span> <span class='ocrx_word' id='word_1_571' title='bbox 685 5227 705 5260; x_wconf 84' lang='lat' dir='ltr'>e.</span> <span class='ocrx_word' id='word_1_572' title='bbox 779 5207 805 5270; x_wconf 86' lang='lat' dir='ltr'>c)</span> <span class='ocrx_word' id='word_1_573' title='bbox 827 5209 1008 5260; x_wconf 63' lang='lat' dir='ltr'>accumulando</span> <span class='ocrx_word' id='word_1_574' title='bbox 1027 5228 1047 5260; x_wconf 86' lang='lat' dir='ltr'>e.</span> <span class='ocrx_word' id='word_1_575' title='bbox 1121 5207 1149 5271; x_wconf 88' lang='lat' dir='ltr'>d)</span> <span class='ocrx_word' id='word_1_576' title='bbox 1171 5213 1242 5262; x_wconf 85' lang='lat' dir='ltr'>sicut</span> <span class='ocrx_word' id='word_1_577' title='bbox 1260 5229 1281 5262; x_wconf 85' lang='lat' dir='ltr'>c.</span> <span class='ocrx_word' id='word_1_578' title='bbox 1354 5210 1380 5275; x_wconf 90' lang='lat' dir='ltr'>e)</span> <span class='ocrx_word' id='word_1_579' title='bbox 1402 5202 1515 5264; x_wconf 77' lang='lat' dir='ltr'>hnb&#39;unt</span> <span class='ocrx_word' id='word_1_580' title='bbox 1533 5232 1554 5264; x_wconf 85' lang='lat' dir='ltr'>e.</span> 
     </span>
    </p>
   </div>
   <div class='ocr_carea' id='block_1_4' title="bbox 33 5371 1757 5776">
    <p class='ocr_par' dir='ltr' id='par_1_4' title="bbox 33 5371 1757 5776">
     <span class='ocr_line' id='line_1_46' title="bbox 33 5371 1757 5452; baseline 0.002 -21"><span class='ocrx_word' id='word_1_581' title='bbox 33 5373 60 5431; x_wconf 73' lang='lat' dir='ltr'>ss</span> <span class='ocrx_word' id='word_1_582' title='bbox 190 5377 219 5448; x_wconf 92' lang='lat' dir='ltr'>l)</span> <span class='ocrx_word' id='word_1_583' title='bbox 243 5376 378 5452; x_wconf 77' lang='lat' dir='ltr'>Iosephus</span> <span class='ocrx_word' id='word_1_584' title='bbox 401 5373 535 5449; x_wconf 80' lang='lat' dir='ltr'>Antiquit.</span> <span class='ocrx_word' id='word_1_585' title='bbox 560 5373 623 5428; x_wconf 82' lang='lat' dir='ltr'>Iud.</span> <span class='ocrx_word' id='word_1_586' title='bbox 648 5375 666 5429; x_wconf 91' lang='lat' dir='ltr'>l.</span> <span class='ocrx_word' id='word_1_587' title='bbox 684 5373 724 5444; x_wconf 89' lang='grc' dir='ltr'>ΙΙ,</span> <span class='ocrx_word' id='word_1_588' title='bbox 750 5371 787 5442; x_wconf 81' lang='grc'>2,·</span> <span class='ocrx_word' id='word_1_589' title='bbox 817 5373 890 5449; x_wconf 74' lang='lat' dir='ltr'>opp.</span> <span class='ocrx_word' id='word_1_590' title='bbox 921 5374 964 5430; x_wconf 78' lang='lat' dir='ltr'>ed.</span> <span class='ocrx_word' id='word_1_591' title='bbox 989 5373 1026 5429; x_wconf 87' lang='lat' dir='ltr'>B.</span> <span class='ocrx_word' id='word_1_592' title='bbox 1051 5373 1136 5430; x_wconf 79' lang='lat' dir='ltr'>Niesc</span> <span class='ocrx_word' id='word_1_593' title='bbox 1159 5374 1179 5429; x_wconf 88' lang='lat' dir='ltr'><em>I</em></span> <span class='ocrx_word' id='word_1_594' title='bbox 1183 5375 1213 5444; x_wconf 92' lang='lat' dir='ltr'>V,</span> <span class='ocrx_word' id='word_1_595' title='bbox 1232 5395 1265 5450; x_wconf 83' lang='lat' dir='ltr'>p.</span> <span class='ocrx_word' id='word_1_596' title='bbox 1286 5375 1358 5432; x_wconf 82' lang='lat'>146.</span> <span class='ocrx_word' id='word_1_597' title='bbox 1386 5374 1525 5452; x_wconf 77' lang='lat' dir='ltr'>Caipdam</span> <span class='ocrx_word' id='word_1_598' title='bbox 1554 5378 1731 5434; x_wconf 78' lang='lat' dir='ltr'>archisacer-</span> <span class='ocrx_word' id='word_1_599' title='bbox 1755 5371 1757 5376; x_wconf 46' lang='lat'>¹</span> 
     </span>
     <span class='ocr_line' id='line_1_47' title="bbox 80 5479 1730 5560; baseline -0.001 -18"><span class='ocrx_word' id='word_1_600' title='bbox 80 5483 183 5543; x_wconf 84' lang='lat' dir='ltr'>dotium</span> <span class='ocrx_word' id='word_1_601' title='bbox 213 5482 360 5541; x_wconf 82' lang='lat' dir='ltr'>obtinuisse</span> <span class='ocrx_word' id='word_1_602' title='bbox 389 5487 508 5550; x_wconf 84' lang='lat' dir='ltr'>narrat,</span> <span class='ocrx_word' id='word_1_603' title='bbox 538 5480 590 5536; x_wconf 82' lang='lat' dir='ltr'>secl</span> <span class='ocrx_word' id='word_1_604' title='bbox 612 5479 707 5554; x_wconf 85' lang='lat' dir='ltr'>pretio</span> <span class='ocrx_word' id='word_1_605' title='bbox 737 5479 922 5536; x_wconf 77' lang='lat' dir='ltr'>intercedente</span> <span class='ocrx_word' id='word_1_606' title='bbox 952 5479 1003 5536; x_wconf 74' lang='lat' dir='ltr'>lior</span> <span class='ocrx_word' id='word_1_607' title='bbox 1026 5480 1141 5552; x_wconf 80' lang='lat' dir='ltr'>factrun</span> <span class='ocrx_word' id='word_1_608' title='bbox 1172 5499 1230 5537; x_wconf 86' lang='lat' dir='ltr'>esse</span> <span class='ocrx_word' id='word_1_609' title='bbox 1260 5501 1315 5538; x_wconf 82' lang='lat' dir='ltr'>noa</span> <span class='ocrx_word' id='word_1_610' title='bbox 1339 5483 1441 5554; x_wconf 81' lang='lat' dir='ltr'>refert.</span> <span class='ocrx_word' id='word_1_611' title='bbox 1489 5484 1666 5560; x_wconf 72' lang='lat' dir='ltr'>Hepcssppus</span> <span class='ocrx_word' id='word_1_612' title='bbox 1690 5485 1730 5555; x_wconf 88' lang='lat' dir='ltr'>II,</span> 
     </span>
     <span class='ocr_line' id='line_1_48' title="bbox 84 5585 1728 5666; baseline -0.001 -19"><span class='ocrx_word' id='word_1_613' title='bbox 84 5591 133 5661; x_wconf 86' lang='lat'>13,</span> <span class='ocrx_word' id='word_1_614' title='bbox 151 5591 191 5646; x_wconf 84' lang='lat'>93</span> <span class='ocrx_word' id='word_1_615' title='bbox 208 5611 250 5666; x_wconf 85' lang='lat' dir='ltr'>sq.</span> <span class='ocrx_word' id='word_1_616' title='bbox 275 5591 319 5646; x_wconf 82' lang='lat' dir='ltr'>ed.</span> <span class='ocrx_word' id='word_1_617' title='bbox 340 5587 439 5645; x_wconf 84' lang='lat' dir='ltr'>Weber</span> <span class='ocrx_word' id='word_1_618' title='bbox 456 5607 490 5662; x_wconf 83' lang='lat' dir='ltr'>p.</span> <span class='ocrx_word' id='word_1_619' title='bbox 510 5585 581 5641; x_wconf 82' lang='lat'>158.</span> <span class='ocrx_word' id='word_1_620' title='bbox 607 5586 766 5642; x_wconf 76' lang='lat' dir='ltr'>tetrarchas</span> <span class='ocrx_word' id='word_1_621' title='bbox 781 5586 1037 5644; x_wconf 66' lang='grc' dir='ltr'>αθαείῖὶαθΙιαθὶθι</span> <span class='ocrx_word' id='word_1_622' title='bbox 1053 5605 1085 5642; x_wconf 84' lang='lat' dir='ltr'>rc</span> <span class='ocrx_word' id='word_1_623' title='bbox 1101 5587 1236 5665; x_wconf 69' lang='lat' dir='ltr'>coarguit.</span> <span class='ocrx_word' id='word_1_624' title='bbox 1273 5629 1277 5640; x_wconf 90' lang='lat'>.</span> <span class='ocrx_word' id='word_1_625' title='bbox 1323 5585 1354 5663; x_wconf 84' lang='lat'>2)</span> <span class='ocrx_word' id='word_1_626' title='bbox 1377 5589 1430 5645; x_wconf 89' lang='lat' dir='ltr'>IV.</span> <span class='ocrx_word' id='word_1_627' title='bbox 1449 5611 1476 5646; x_wconf 80' lang='lat' dir='ltr'>a.</span> <span class='ocrx_word' id='word_1_628' title='bbox 1498 5590 1728 5646; x_wconf 81' lang='lat'>1154—1159.</span> 
     </span>
     <span class='ocr_line' id='line_1_49' title="bbox 81 5690 1194 5776; baseline -0.001 -24"><span class='ocrx_word' id='word_1_629' title='bbox 81 5690 112 5776; x_wconf 74' lang='lat'>3)</span> <span class='ocrx_word' id='word_1_630' title='bbox 138 5695 186 5769; x_wconf 79' lang='lat' dir='ltr'>Cf.</span> <span class='ocrx_word' id='word_1_631' title='bbox 211 5697 280 5755; x_wconf 75' lang='lat' dir='ltr'>Isiu.</span> <span class='ocrx_word' id='word_1_632' title='bbox 307 5695 400 5770; x_wconf 79' lang='lat' dir='ltr'>Etyra.</span> <span class='ocrx_word' id='word_1_633' title='bbox 426 5693 510 5764; x_wconf 89' lang='lat' dir='ltr'>XVI,</span> <span class='ocrx_word' id='word_1_634' title='bbox 536 5692 640 5762; x_wconf 82' lang='lat'>21,6‚·</span> <span class='ocrx_word' id='word_1_635' title='bbox 665 5690 738 5770; x_wconf 80' lang='lat' dir='ltr'>Opp.</span> <span class='ocrx_word' id='word_1_636' title='bbox 764 5691 806 5750; x_wconf 81' lang='lat' dir='ltr'>ed.</span> <span class='ocrx_word' id='word_1_637' title='bbox 832 5693 971 5750; x_wconf 79' lang='lat' dir='ltr'>Arerolus</span> <span class='ocrx_word' id='word_1_638' title='bbox 994 5694 1048 5764; x_wconf 86' lang='lat' dir='ltr'>IV,</span> <span class='ocrx_word' id='word_1_639' title='bbox 1068 5715 1101 5768; x_wconf 82' lang='lat' dir='ltr'>p.</span> <span class='ocrx_word' id='word_1_640' title='bbox 1121 5694 1194 5751; x_wconf 83' lang='lat'>294.</span> 
     </span>
    </p>
   </div>
   <div class='ocr_carea' id='block_1_5' title="bbox 0 0 2206 6388">
    <p class='ocr_par' dir='ltr' id='par_1_5' title="bbox 0 0 2206 6388">
     <span class='ocr_line' id='line_1_50' title="bbox 0 0 2206 6388; baseline 0 0"><span class='ocrx_word' id='word_1_641' title='bbox 0 0 2206 6388; x_wconf 95' lang='lat' dir='ltr'> </span> 
     </span>
    </p>
   </div>
  </div>
 </body>
</html>
