4410 6406
437 387 501 449 248
728 393 910 448 GERHOHI
931 391 1165 448 PRAEPOSITI
1188 391 1597 448 REIOHERSBERGENSIS
1620 391 1787 447 LIBELLI.

437 582 552 646 initia⁸
577 603 732 661 errorum,
758 578 876 666 quibus
900 580 1038 643 fortasse
1068 602 1134 644 non
1157 578 1357 666 peccabatur
1387 580 1421 642 in
1445 578 1603 666 Spiritum
1627 589 1786 661 sanctum,
1817 577 1982 643 erroribus
2014 578 2095 664 ipsis

339 712 417 754 uso.
437 697 646 774 augmentum
671 684 874 773 capientibus
899 686 1014 751 incidit
1044 687 1078 750 in
1101 687 1206 750 sancti
1230 686 1370 773 Spiritus
1396 686 1660 773 ⁸blasphemiam,
1692 708 1798 772 nequo
1829 687 1863 749 in
1892 685 1954 750 hoc
1985 705 2095 772 neque

436 797 471 860 in
500 795 608 859 futuro
639 793 750 858 seculo
780 793 1019 858 remittendam.
1067 792 1192 880 Symon
1214 816 1293 858 vero
1324 816 1439 880 magus
1463 793 1517 857 vel
1548 792 1630 857 elius
1654 791 1792 880 quilibet
1818 794 2030 879 symoniacus
2062 793 2096 855 in

436 904 508 989 ipsa
532 902 720 989 symoniace
743 901 980 986 negociationis
1003 901 1201 986 inceptione,
1218 923 1285 986 qua
1301 900 1421 966 donum
1436 901 1502 965 Dei
1527 901 1732 964 existimatur
1754 901 1896 986 pecunia
1918 898 2095 986 possideri,

436 1010 643 1074 convincitur
666 1031 737 1072 esse
761 1006 1004 1094 blasphemator
1020 1006 1160 1094 Spiritus
1184 1009 1300 1072 sancti.
1345 1007 1431 1072 Nam
1455 1007 1542 1094 quod
1567 1007 1706 1093 Spiritus
1731 1017 1862 1072 sanctus
1886 1006 2010 1072 donum
2028 1006 2129 1070 Deis

436 1116 564 1181 dicatur
587 1125 620 1180 et
643 1116 693 1198 sit,
718 1116 764 1179 ita
787 1124 836 1178 est
860 1113 1006 1196 evidens,
1030 1124 1065 1179 ut
1089 1113 1280 1202 probatione
1302 1137 1368 1180 non
1392 1124 1498 1201 egeat.
1544 1114 1641 1180 Unde
1665 1113 1745 1179 illud
1769 1114 1856 1200 quod
1879 1113 2010 1178 mulieri
2036 1112 2097 1178 Sa-

297 1247 345 1287 Ioh.
353 1249 374 1298 a,
384 1248 417 1288 ιο.
435 1225 596 1288 maritans
613 1222 761 1287 Christus
786 1222 886 1286 dixit:
911 1222 953 1286 Si
972 1226 1070 1288 scires
1093 1223 1209 1288 domam
1225 1223 1299 1305 Dei,
1323 1238 1352 1288 et
1374 1226 1446 1309 quis
1469 1237 1513 1288 est
1535 1225 1594 1309 qui
1615 1223 1754 1308 loquitur
1769 1237 1877 1303 tecum,
1901 1237 1934 1286 tu
1943 1223 2096 1310 forsitan

429 1335 565 1419 petisses
588 1332 627 1396 ab
651 1355 696 1410 eo,
727 1345 755 1396 ct
785 1329 921 1394 dedisset
950 1331 1011 1394 tibi
1038 1353 1154 1416 uquam
1184 1333 1301 1411 uiuam,
1331 1331 1377 1394 ita
1405 1330 1590 1393 invenimus
1614 1352 1634 1393 a
1657 1330 1784 1414 magnis
1814 1327 2004 1393 doctoribus
2038 1351 2096 1392 ex-

436 1439 588 1526 positum,
612 1448 649 1501 ut
672 1435 792 1500 donum
816 1436 891 1518 Dei,
917 1435 957 1500 de
982 1459 1045 1522 quo
1071 1435 1219 1500 Christus
1243 1437 1320 1520 aith,
1352 1459 1416 1501 non
1447 1435 1537 1500 aliud
1567 1435 1784 1521 intelligamus
1809 1459 1907 1523 quam
1932 1432 2095 1522 Spiritum

437 1557 595 1610 sanctum.
644 1542 740 1624 Quod
771 1566 846 1608 cum
876 1544 922 1607 ita
950 1544 1001 1626 sit,
1032 1544 1179 1630 quisquis
1211 1543 1331 1608 donum
1355 1543 1422 1608 Dei
1452 1544 1618 1608 existimet
1647 1545 1788 1630 pecunia
1816 1543 1989 1630 possideri,
2021 1544 2095 1628 ipse
2114 1566 2141 1602 ιο

386 1727 389 1732 Δ
437 1651 593 1739 Spiritum
617 1661 775 1734 sanctum,
800 1650 856 1736 qui
875 1672 958 1737 eque
975 1660 1010 1714 ut
1025 1651 1125 1715 Pater
1140 1660 1172 1714 et
1188 1649 1291 1715 Filius
1315 1661 1364 1715 est
1388 1661 1516 1715 creator
1539 1652 1692 1732 omnium,
1716 1650 1836 1736 redigit
1858 1647 1919 1714 sub
1943 1650 2094 1736 precium

374 1747 377 1754 ⁵
436 1761 548 1845 utique
572 1782 592 1822 a
616 1769 727 1822 sancto
753 1757 877 1844 Spiritu
901 1767 1046 1822 creatore
1071 1767 1226 1822 creamm.
1267 1756 1350 1822 Cum
1375 1780 1453 1843 ergo
1477 1767 1657 1822 creatorem
1681 1767 1829 1821 creature
1853 1756 1910 1820 vili
1934 1767 1992 1821 aut
2015 1779 2094 1821 con·

436 1866 499 1930 fert
528 1876 585 1931 aut
614 1866 776 1952 supponit,
808 1863 904 1949 longe
936 1863 1078 1928 deterius
1108 1863 1205 1929 Arrio
1236 1864 1405 1951 delinquit,
1436 1865 1591 1951 quoniam
1620 1863 1674 1927 ille
1705 1863 1824 1928 Filium
1855 1863 1921 1928 Dei
1952 1865 2094 1927 asseruit

437 1973 569 2060 quidem
600 1993 671 2036 esse
703 1981 897 2054 creaturam,
928 1971 987 2035 sed
1017 1981 1126 2035 tamen
1157 1970 1475 2053 excellentissimam,
1507 1972 1559 2035 cui
1590 1993 1651 2035 nec
1682 1972 1865 2057 angelicam
1897 1971 2092 2056 dignitatem

437 2081 598 2146 concessit
629 2078 897 2166 equiparandam.
945 2078 1160 2166 Symoniacus
1191 2089 1298 2143 eutem
1330 2079 1449 2144 donum
1476 2077 1551 2160 Dei,
1582 2077 1644 2142 hoc
1668 2089 1717 2142 est
1741 2077 1900 2164 Spiritum
1930 2089 2090 2160 sanctum,
2112 2091 2140 2138 ις

437 2187 573 2252 credens
598 2197 630 2251 et
653 2187 843 2251 existimans
868 2187 962 2274 quasi
985 2208 1055 2250 rem
1078 2187 1243 2273 propriam
1271 2209 1369 2273 posse
1400 2183 1442 2250 ab
1472 2185 1601 2250 homine
1632 2187 1773 2271 pecunia
1796 2187 1869 2268 emi,
1895 2208 1971 2250 curn
1995 2209 2090 2250 omne

436 2294 528 2381 quod
555 2295 650 2382 quasi
679 2294 846 2380 proprium
881 2293 1067 2380 possidetur
1096 2292 1138 2357 ab
1169 2294 1299 2358 homine
1330 2295 1372 2358 sit
1400 2293 1498 2357 vilius
1529 2303 1561 2358 et
1590 2293 1740 2357 inferius
1760 2293 1900 2374 homine,
1933 2293 2089 2379 Spiritum

435 2413 584 2466 sanctum
611 2402 667 2488 qui
698 2401 817 2465 donum
841 2400 907 2464 Dei
931 2413 990 2483 est,
1021 2402 1119 2465 immo
1144 2402 1199 2488 qui
1223 2401 1315 2465 Deus
1340 2410 1398 2482 est,
1429 2400 1583 2487 supponit
1611 2400 1734 2465 homini
1759 2409 1791 2464 et
1814 2410 1955 2486 coequat
1977 2401 2089 2492 precio

343 2531 377 2569 ·.
409 2509 579 2594 ‚graciam
609 2505 876 2594 impreciabilem,
908 2518 1141 2595 comparatque
1165 2530 1234 2572 rem
1257 2505 1557 2594 incomparabilem,
1590 2509 1616 2571 si
1647 2507 1690 2571 ad
1714 2511 1894 2572 *creaturas
1917 2507 2089 2570 universas

366 2643 367 2646 ¹
435 2615 673 2696 intendimus03
705 2612 822 2700 quibus
853 2612 1004 2679 omnibus
1035 2615 1218 2701 appreciari
1248 2614 1302 2679 vel
1333 2615 1516 2701 comparari
1546 2637 1611 2679 non
1641 2625 1749 2701 potest
1778 2624 1906 2679 creator
1936 2613 2087 2700 Spiritus,
2107 2639 2134 2675 so

435 2721 709 2808 quemadmodum
739 2742 800 2785 nec
824 2721 932 2802 Pater,
962 2743 1024 2785 nec
1047 2721 1161 2804 Filius,
1190 2743 1327 2808 quorum
1358 2720 1527 2786 amborum
1558 2732 1607 2785 est
1635 2723 1697 2785 iste
1721 2744 1804 2786 unus
1828 2720 1980 2807 Spiritus,
2006 2743 2088 2808 eque

436 2826 520 2893 liber
542 2839 578 2892 ut
598 2829 698 2892 Pater
713 2839 745 2892 et
761 2827 881 2891 Filius:
906 2829 1004 2893 immo
1029 2851 1103 2894 cum
1118 2829 1232 2911 Filius,
1255 2828 1362 2894 forma
1385 2830 1471 2892 servi
1495 2838 1641 2914 accepta,
1665 2851 1725 2914 per
1747 2850 1850 2892 annos
1874 2827 1977 2892 XXX
2001 2827 2089 2892 tresd

435 2935 532 3000 fuerit
562 2958 686 3018 servus,
719 2936 816 3000 etiam
847 2934 1065 3000 servientibus
1096 2934 1158 3000 sibi
1188 2935 1314 3021 angelis
1345 2935 1550 3022 paulominus
1577 2936 1766 3018 minoratus,
1792 2934 1932 3022 Spiritus
1956 2945 2088 3001 sanctus

434 3052 524 3107 tante
549 3052 598 3106 est
620 3040 789 3124 libertatis,
814 3051 849 3106 ut
873 3043 970 3106 etiam
995 3065 1107 3107 servos
1131 3065 1212 3129 quos
1236 3042 1412 3130 repleverit
1435 3041 1556 3107 liberos
1579 3043 1695 3126 faciat,
1723 3042 1811 3107 unde
1835 3053 1885 3106 est
1907 3041 1988 3107 illud
2012 3065 2087 3130 apo·

436 3149 525 3214 stoli:
549 3149 694 3214 Ubt'cst⁰
713 3149 855 3236 Spiritus
871 3150 1015 3230 Domini,
1040 3153 1089 3216 ibi
1110 3153 1247 3216 libertos.
1295 3151 1394 3215 Item:
1422 3151 1568 3228 Quodsi
1590 3148 1716 3236 Spiritu
1739 3151 1905 3230 ducimini,
1929 3175 1991 3216 nou
2015 3154 2088 3216 eeu's
2105 3173 2132 3210 aa

434 3260 490 3323 uu
515 3259 588 3346 leqe.
635 3256 753 3341 Iugum
770 3257 890 3342 quippe
914 3255 996 3342 legis
1020 3258 1101 3320 iram
1118 3259 1292 3343 operantis,
1317 3259 1494 3343 iugumque
1510 3257 1638 3343 peccati
1661 3258 1806 3343 graviter
1829 3259 2004 3339 onerantis,
2028 3280 2087 3343 per

436 3364 540 3428 solum
569 3364 655 3427 hunc
687 3362 843 3450 Spiritum
875 3363 1103 3428 advenientem
1134 3364 1288 3447 aufertur,
1320 3366 1414 3428 iuxta
1443 3362 1523 3428 illud
1554 3364 1653 3428 Ysaie
1684 3364 1824 3429 dictum:
1859 3365 2089 3452 Goraputrescet

436 3475 543 3559 iugum
566 3497 587 3535 a
603 3473 698 3560 focio
722 3473 791 3535 olei.
838 3469 956 3534 Nonne
980 3471 1090 3556 itaque
1113 3455 1325 3556 magnumst
1347 3471 1522 3535 nefandum
1555 3470 1762 3556 sacrilegium
1785 3470 1880 3535 homo
1904 3473 2085 3552 committit,

436 3601 509 3642 cum
525 3577 634 3642 hunos
651 3577 807 3664 Spiritum
826 3579 956 3642 omnino
975 3577 1114 3642 liberum
1131 3600 1170 3642 ac
1186 3580 1284 3643 totius
1308 3578 1456 3664 angelice
1472 3578 1525 3642 vel
1548 3578 1689 3642 humane
1712 3576 1871 3643 libertatis
1895 3589 1951 3643 aut
1969 3576 2087 3642 libera-

435 3686 531 3750 tionis
556 3685 743 3749 effectorem
761 3684 879 3748 vendit
898 3685 951 3749 vel
975 3686 1062 3768 emit,
1087 3687 1182 3771 quasi
1205 3687 1404 3772 mancipium
1427 3685 1620 3771 proprium?
1666 3685 1769 3749 Immo
1794 3709 1868 3750 cum
1891 3685 1953 3752 hoc
1976 3686 2086 3751 facere
2105 3709 2132 3748 ao

435 3815 500 3856 non
523 3793 636 3878 possit,
662 3792 827 3855 existimat
850 3815 884 3854 se
908 3791 998 3855 illum
1021 3813 1117 3877 posse
1142 3801 1198 3856 aut
1217 3815 1325 3884 emere
1349 3802 1405 3857 aut
1421 3791 1575 3873 vendere,
1599 3794 1654 3877 qui
1678 3815 1745 3856 non
1760 3794 1850 3856 venit
1873 3793 1915 3856 ad
1939 3793 2086 3858 homines

308 3921 415 3970 rosas.
434 3898 500 3963 ulla
532 3899 705 3984 emptione,
737 3896 795 3962 sed
825 3900 933 3984 potius
964 3909 1119 3984 tanquam
1149 3897 1233 3963 liber
1256 3898 1456 3964 solummodo
1480 3897 1537 3962 ubi
1559 3897 1630 3963 vult
1658 3901 1769 3985 spirat,
1794 3909 1826 3963 et
1849 3921 1909 3963 sua
1932 3899 2087 3964 donativa

258 4027 415 4077 uuonan.
435 4004 552 4070 dividit
576 4004 712 4091 singulis
734 4016 831 4092 prout
853 4006 932 4088 vult,
956 4029 1022 4070 non
1044 4015 1140 4092 prout
1163 4008 1281 4071 emitur
1303 4009 1425 4093 precio,
1455 4027 1520 4070 non
1543 4018 1640 4093 prout
1663 3997 1934 4092 exigit'ambitio,
1959 4007 2028 4089 sed,
2052 4016 2087 4071 ut

436 4112 515 4194 dixi,
539 4123 636 4199 prout
651 4112 746 4177 vult?
780 4113 937 4178 Peccavit
958 4113 1091 4199 quidem
1114 4115 1148 4177 in
1171 4113 1258 4177 hunc
1275 4113 1431 4200 Spiritum
1456 4099 1603 4177 sanctum
1628 4114 1747 4199 impius
1763 4107 1976 4178 Macedonius
1999 4137 2086 4178 asse-

436 4218 548 4301 rendo,
566 4219 654 4305 quod
677 4220 747 4306 ipse
764 4230 850 4283 esset
865 4220 971 4284 Patris
995 4243 1034 4284 ac
1050 4219 1127 4284 Filii
1150 4243 1274 4302 servus,
1299 4219 1448 4284 omnibus
1464 4229 1574 4284 tamen
1590 4219 1715 4305 angelis
1732 4219 1961 4306 preferendus,
1986 4209 2092 4286 multo
2105 4247 2138 4285 ss

437 4325 575 4411 amplius
599 4337 716 4412 peccat
739 4327 956 4413 symoniacus,
982 4327 1183 4409 existimans,
1209 4327 1295 4413 quod
1318 4324 1504 4391 liberrimus
1527 4327 1580 4391 hic
1605 4326 1745 4413 Spiritus
1769 4328 1864 4412 quasi
1887 4329 2087 4414 mancipium

337 4453 417 4497 uon
436 4433 603 4519 proprium
634 4455 727 4497 suum
757 4434 860 4519 possit
890 4431 931 4495 ab
962 4433 1033 4518 ipso
1061 4431 1171 4497 vendi.
1220 4433 1299 4514 'Qui
1330 4443 1438 4497 autem
1469 4433 1555 4498 huno
1586 4455 1693 4497 emere
1724 4435 1845 4516 nititur,
1878 4445 1910 4498 et
1940 4436 2086 4521 precium

377 4575 378 4578 κ
434 4538 543 4626 perdit
567 4551 599 4604 et
622 4541 845 4627 appreciatum
868 4561 934 4604 non
957 4540 1105 4632 acquirit,
1131 4539 1189 4604 sed
1212 4549 1280 4604 tota
1301 4539 1393 4626 lepra
1412 4540 1591 4604 venditoris
1613 4541 1695 4604 miro
1718 4540 1825 4624 modo,
1851 4563 1925 4605 cum
1949 4539 1991 4605 ab
2015 4543 2086 4628 ipso

434 4669 500 4710 non
523 4645 667 4728 recedat,
692 4645 734 4710 ad
750 4657 930 4732 emptorem
947 4647 1147 4731 commigret,
1165 4657 1200 4710 ut
1216 4657 1281 4711 tam
1298 4657 1424 4734 emptor
1440 4671 1538 4734 quam
1554 4648 1705 4712 venditor
1728 4651 1813 4713 inter
1834 4647 1920 4713 illius
1939 4647 2087 4713 membra

433 4763 556 4840 pereat,
589 4754 645 4839 qui
675 4752 840 4818 extollitur
869 4776 967 4840 supra
997 4777 1091 4818 omne
1123 4754 1212 4841 quod
1242 4753 1361 4820 dicitur
1382 4754 1485 4819 Deus.
1532 4753 1618 4819 Nam
1649 4757 1856 4841 symoniacus
1879 4755 2033 4820 venditor
2055 4764 2089 4819 et
2105 4782 2131 4820 so

434 4871 561 4946 emptor
589 4859 755 4926 extollitur
782 4883 881 4948 supra
905 4860 1062 4947 Spiritum
1087 4872 1244 4945 sanetum,
1269 4863 1325 4948 qui
1349 4861 1468 4926 dicitur
1492 4872 1524 4926 et
1548 4871 1597 4926 est
1620 4883 1693 4926 cum
1717 4862 1815 4926 Patre
1840 4873 1872 4927 et
1894 4861 1979 4928 Filio
2003 4885 2087 4926 unus

433 4978 466 5031 et
489 4990 632 5032 summus
648 4967 751 5049 Deus,
774 4968 809 5031 in
832 4989 898 5053 qua
921 4966 1138 5032 excellentiat
1162 4970 1316 5054 quoniam
1340 4967 1479 5055 Spiritus
1504 4978 1635 5033 sanctus
1657 4968 1716 5032 vili
1739 4980 1909 5034 creaturae
1933 4963 2093 5056 subponi·¹

432 5075 517 5157 turb,
541 5084 576 5138 ut
599 5084 872 5159 premonstratum
895 5085 953 5156 est,
979 5073 1086 5138 eidem
1111 5073 1247 5160 Spiritui
1270 5087 1382 5140 sancto
1406 5099 1465 5140 sua
1489 5075 1642 5140 divinitas
1666 5075 1857 5162 denegatur,
1882 5077 1971 5164 quod
1993 5100 2087 5164 aper·

433 5182 593 5244 tissimum
617 5180 723 5245 scelus
747 5191 780 5245 et
801 5179 1006 5267 blasphemia
1033 5182 1068 5246 in
1092 5180 1249 5268 Spiritum
1273 5193 1421 5247 sanctum
1445 5205 1517 5247 esse
1541 5182 1787 5270 comprobatur3
1819 5195 1852 5248 et
1875 5194 1924 5249 est
1946 5186 2086 5271 nequius

432 5287 495 5352 hoe
520 5287 625 5351 scelus
649 5288 773 5352 scelere
789 5287 986 5369 Macedonii,
1011 5297 1043 5352 et
1067 5309 1178 5352 eorum
1203 5291 1260 5376 qui
1282 5312 1356 5354 cum
1372 5290 1444 5376 ipso
1463 5288 1736 5376 blasphemabant
1752 5289 1909 5377 Spiritum
1926 5301 2085 5374 sanctum,
2105 5317 2131 5354 u

433 5393 579 5458 dicentes
604 5417 677 5458 eum
701 5395 808 5458 Patris
832 5404 865 5459 et
887 5394 964 5474 Filii
987 5395 1157 5480 servum¹3
1187 5395 1274 5482 quod
1296 5418 1338 5461 ne
1361 5395 1534 5460 videamur
1558 5397 1598 5461 de
1623 5397 1721 5462 corde
1745 5407 1855 5463 nostro
1878 5398 2085 5484 prophetare,

432 5501 583 5586 patrum*
613 5525 677 5565 non
708 5524 886 5588 paucorum
917 5502 1136 5566 testimonium
1167 5501 1359 5568 subnectere
1390 5502 1484 5586 libet,
1506 5527 1654 5590 ‘quorum
1684 5515 1751 5569 tam
1781 5505 1957 5570 auctoritas
1988 5527 2087 5591 quam

539 5680 565 5746 a)
581 5685 762 5735 suorumodd.
774 5688 797 5736 3.
844 5682 957 5750 b)af;l.
1002 5683 1028 5748 o)
1045 5691 1093 5737 att.
1105 5689 1129 5737 2.
1173 5685 1202 5748 d)
1218 5687 1331 5752 triginta
1344 5689 1368 5737 2.
1379 5689 1404 5737 3.
1449 5685 1587 5750 eldeestl.
1634 5685 1830 5750 tlsolumudd.
1842 5691 1866 5739 2.
1912 5685 2086 5755 g)extollen-

433 5773 472 5822 tia
486 5774 509 5822 2.
553 5769 582 5836 h)
595 5789 673 5840 supp.
685 5775 709 5824 2.
720 5776 745 5824 3.
788 5772 808 5837 i)
822 5775 910 5837 ersm
920 5792 986 5826 vero
997 5775 1115 5828 nefanda
1128 5778 1164 5827 sit
1177 5793 1209 5827 ac
1221 5774 1390 5827 detestabilis
1404 5778 1456 5827 ista
1469 5777 1572 5827 heresis
1585 5777 1805 5843 sequiarudctet.
1815 5781 1838 5828 l.
1883 5775 1912 5840 k)
1925 5780 2085 5844 pautruml.
