4478 6396
362 3567 392 3609 ‘L
401 3568 435 3610 29.

293 4954 351 4994 Gen.
361 4955 392 5000 ts,
402 4956 434 4992 ts.

360 5272 389 5314 *L
397 5275 436 5316 21⁸¹,

461 361 524 424 222
752 367 932 422 GERHOHI
956 366 1188 422 PRAEPOSITI
1213 364 1619 422 REICHERSBERGENSIS
1643 367 1809 434 LIBELLI.

453 557 735 642 pseudoepiscopis
759 557 793 620 in
814 557 859 619 eis
882 555 1044 619 aecclesiis
1068 554 1213 618 ordinati
1232 568 1312 634 suru,
1337 563 1439 639 quoe·
1456 553 1501 618 nel
1508 557 1664 640 proprios
1680 557 1842 641 episcopos
1851 556 2066 640 pertinebant,
2092 569 2123 617 et

459 663 619 727 ordinatio
643 688 749 726 eorum
772 687 920 728 conscissa
945 677 973 726 et
996 662 1117 726 iudicio
1135 662 1367 747 presidentium
1389 661 1481 747 facta
1505 676 1558 741 est,
1586 675 1687 747 potest
1715 677 1785 726 rota
1810 663 1928 726 baberi.
1977 659 2121 725 Aca-tius

458 791 599 855 quoque,
630 768 686 854 qui
717 769 847 832 omnino
873 791 891 830 a
915 789 1001 853 papa
1024 767 1136 830 Felice
1167 767 1273 831 lucrm
1303 767 1604 831 excommunicatus
1636 777 1668 831 et
1698 791 1718 830 a
1740 791 1826 854 papa
1850 766 1985 832 Gelasio
2018 769 2123 831 etiam

457 885 690 962 postmortem
714 874 919 960 dampnatus,
947 873 1024 938 licet
1051 874 1166 938 fuisset
1196 875 1229 937 in
1253 896 1371 960 magno
1396 872 1602 937 anathemate
1626 883 1659 938 et
1682 873 1866 938 omnimoda
1891 875 2121 939 exeommuni-

458 983 596 1062 catione,
628 981 786 1068 quosdam
818 980 1036 1062 ordinaverat,
1068 981 1100 1043 in
1132 979 1250 1066 quibus
1281 979 1474 1044 Anastasius
1505 1003 1591 1066 papa
1621 982 1694 1066 ipsa
1724 992 1928 1045 sacramenta
1958 983 2155 1044 virtutems

458 1113 550 1153 suam
574 1089 752 1174 optinuisse
777 1087 927 1168 affinnat,
959 1086 1105 1151 scribens
1137 1086 1179 1150 ad
1203 1085 1413 1151 Anastasium
1437 1088 1666 1172 imperatorem
1690 1087 1724 1150 in
1747 1086 1829 1150 haee
1853 1086 1994 1150 rerba1:
2030 1088 2120 1152 Nam

457 1196 626 1262 secandum
642 1197 810 1260 aecclesiae
835 1196 1005 1259 cutbolicne
1021 1195 1273 1260 consuetudinem
1289 1197 1538 1258 sacratissimum
1555 1197 1732 1259 serenitatis
1747 1209 1817 1259 tuuc
1826 1210 1938 1282 pectus
1954 1211 2121 1282 agnoscat,

458 1303 543 1388 proed
564 1303 686 1366 rinellum
710 1303 748 1366 do
772 1303 832 1381 bas,
866 1304 913 1366 cel
942 1326 1019 1388 qnos
1042 1304 1214 1388 baptizavit
1236 1301 1378 1382 Acrrtins,
1410 1302 1460 1364 cel
1482 1326 1559 1387 quos
1581 1301 1756 1366 sacerdotes
1779 1304 1844 1366 sive
1869 1303 1981 1366 leuitas
2005 1327 2120 1366 secran-

458 1410 532 1472 rlum
548 1433 680 1472 canentes
696 1409 867 1488 ordinauit,
894 1410 960 1472 ullu
983 1434 1022 1472 eor
1045 1411 1168 1473 nonsine
1186 1407 1297 1472 Aestii
1316 1433 1367 1472 eos
1379 1411 1485 1494 portio
1502 1410 1631 1474 lesionis
1654 1411 1796 1496 attingat,
1820 1433 1880 1494 qno
1890 1411 2043 1497 forsitan
2053 1434 2122 1495 per

459 1518 602 1601 iniquum
626 1515 745 1579 traditu
768 1519 960 1580 sacramenti
977 1518 1085 1602 pratia
1111 1517 1238 1602 infirma
1263 1515 1416 1580 uideatur.
2142 1543 2167 1579 ro

564 1621 597 1684 S.
634 1621 685 1684 Tu
709 1622 883 1706 promisisti
909 1623 1103 1686 ereticorum
1128 1632 1333 1685 sacramenta
1356 1633 1387 1685 te
1403 1644 1555 1701 vacuare,
1580 1631 1612 1685 et
1637 1644 1715 1686 ecee
1733 1622 1801 1686 'his
1818 1620 1914 1687 dictis
1931 1621 2121 1710 probantur

457 1729 550 1791 firma
573 1739 606 1792 et
628 1737 700 1790 rata
724 1751 806 1790 esse.

563 1835 600 1899 R.
636 1834 710 1898 Non
734 1836 888 1920 preposui
913 1857 953 1898 ca
968 1857 1121 1915 vacuare,
1146 1833 1204 1898 sed
1220 1857 1326 1900 vacua
1350 1835 1530 1916 ostendere,
1554 1835 1610 1899 illa
1625 1837 1777 1900 nimirum
1794 1847 2009 1918 sacramenta,
2029 1859 2118 1923 quse

457 1940 498 2005 ab
515 1942 644 2005 creticis
661 1940 864 2027 quibuslibet
880 1942 1158 2006 anathematizatis
1176 1953 1270 2006 extra
1286 1944 1443 2006 unitatem
1459 1942 1639 2006 aecclesiae
1663 1941 1741 2006 data
1763 1943 1883 2006 fuerint
1907 1955 1939 2007 et
1963 1955 2116 2029 accepta.

457 2048 544 2128 Quia
566 2069 645 2112 vero
670 2048 820 2113 columba
850 2048 929 2112 nihil
952 2049 1064 2113 vivum
1089 2049 1239 2130 comedit,
1272 2048 1314 2112 ad
1344 2049 1405 2113 hoc
1436 2049 1470 2111 in
1494 2046 1624 2112 Christo
1648 2048 1838 2135 simplicitas
1862 2072 1936 2113 mea
1960 2050 2115 2129 intendit,
2138 2075 2162 2114 rs

456 2165 491 2219 ut
514 2177 569 2218 eos
594 2177 613 2218 a
636 2155 819 2218 cassatione
843 2166 1117 2219 sacramentorum
1142 2166 1342 2242 sequestrem
1362 2179 1437 2220 cum
1453 2154 1659 2236 discretione,
1684 2179 1764 2242 quos
1788 2167 1821 2220 et
1843 2156 1982 2220 Romani
2007 2158 2114 2242 ponti-

456 2262 534 2325 fices
565 2271 762 2326 curaverunt
792 2261 867 2325 inde
899 2272 1114 2348 sequestrare,
1146 2263 1311 2326 ordinatos
1334 2261 1498 2344 videlicet,
1530 2264 1678 2348 quamvis
1709 2260 1751 2326 ab
1775 2264 1916 2344 creticis,
1948 2263 2116 2327 catholica

456 2369 644 2432 intentione.
685 2368 729 2431 Hi
754 2379 828 2432 sunt
845 2369 941 2450 enim,
959 2391 1039 2453 quos
1056 2367 1211 2432 Nicolaus
1235 2391 1322 2456 papa
1345 2369 1425 2433 dicit
1448 2369 1615 2433 ordinatos
1639 2361 1669 2433 ‘a
1693 2371 1889 2455 symoniacis
1913 2393 1980 2433 non
2004 2393 2113 2456 symo-

456 2475 570 2539 niace'.
619 2474 717 2555 Quod
740 2474 835 2538 dicit:
862 2475 949 2538 ‘Non
974 2474 1183 2561 symoniace’,
1213 2475 1300 2540 idem
1324 2486 1373 2539 cst
1396 2499 1435 2539 ae
1459 2477 1486 2538 si
1510 2475 1614 2540 dicat:
1640 2473 1828 2556 ‘Catholiea
1854 2477 1923 2540 sive
1948 2477 2112 2541 catholica

456 2581 656 2645 intentione'.
692 2581 736 2644 Hi
754 2593 828 2644 sunt
844 2582 942 2645 etiam
959 2604 1040 2667 quos
1056 2581 1124 2646 Leo
1142 2581 1292 2668 Magnus,
1315 2582 1392 2646 licet
1416 2605 1436 2646 a
1458 2581 1747 2669 pseudoepiscopis
1771 2583 1947 2666 ordinatos,
1973 2585 2156 2670 suscipitis

456 2708 530 2750 cum
554 2689 740 2772 integritate
765 2687 923 2770 ordinum,
949 2687 990 2750 ob
1014 2686 1077 2753 hoc
1101 2687 1235 2770 scilicet,
1256 2689 1333 2774 quia
1349 2688 1489 2753 ordinati
1514 2689 1645 2754 fuerunt
1668 2689 1727 2754 sub
1743 2689 1865 2754 iudicio
1890 2701 1923 2754 et
1946 2713 2110 2755 consensu

455 2793 689 2879 presidentium
720 2795 762 2858 ed
792 2805 916 2858 certum
948 2794 1085 2859 titulum.
1133 2793 1287 2874 Quandiu
1313 2797 1397 2859 enim
1422 2796 1635 2882 presidentes,
1660 2807 1693 2860 et
1709 2797 1951 2862 'aecclesiastici
1984 2797 2109 2862 iudices

454 2900 507 2964 vel
531 2900 806 2987 archipresbyteri
830 2901 883 2965 vel
906 2900 1091 2987 presbyteri
1115 2912 1213 2987 atque
1237 2901 1459 2966 archidiaconi
1483 2903 1647 2988 ceterique
1679 2903 1872 2986 cardinales,
1904 2905 1974 2968 sive
1998 2905 2108 2969 cathe-

455 3006 561 3071 drales
586 3008 701 3093 prelati
726 3007 898 3072 cuiuslibet
922 3008 1101 3072 aecclesiae
1134 3009 1349 3088 consentiunt,
1381 3019 1414 3072 et
1443 3009 1589 3073 iudicant
1619 3011 1774 3096 episcopo
1805 3034 1863 3076 suo
1887 3009 2108 3077 obediendum

456 3135 536 3194 esse,
567 3113 753 3201 habentque
784 3114 873 3179 illum
904 3138 962 3201 pro
994 3114 1163 3196 catholico,
1194 3115 1308 3179 tandiu
1332 3125 1439 3201 potest
1462 3115 1504 3179 ad
1528 3139 1601 3180 eum
1626 3118 1698 3203 quis
1722 3117 1922 3184 ordinandus
1946 3118 2107 3182 secedere
2127 3145 2152 3182 ss

454 3221 562 3284 animo
587 3220 745 3285 catholico
769 3221 919 3286 inductus
943 3221 1178 3308 presidentium
1202 3245 1362 3286 consensu
1386 3234 1418 3286 et
1442 3223 1573 3304 iudicio,
1605 3225 1697 3288 cuius
1728 3227 1825 3289 eham
1850 3225 2011 3293 ordinatio
2037 3237 2108 3290 rata

455 3329 525 3409 erit,
553 3329 704 3392 nimirum
729 3329 755 3391 si
779 3328 949 3410 catholice,
980 3328 1056 3392 licet
1079 3351 1144 3393 non
1168 3352 1188 3393 a
1211 3329 1371 3395 catholico
1396 3331 1549 3416 episcopo
1575 3342 1783 3397 consecratus
1807 3332 1909 3414 titulo,
1941 3332 1985 3396 ad
2008 3355 2107 3419 quem

455 3445 674 3517 consecratur,
706 3446 862 3521 quantum
892 3436 926 3499 in
956 3437 1026 3521 ipso
1058 3447 1116 3517 est,
1147 3434 1327 3516 adherebit,
1360 3438 1437 3523 quia
1467 3447 1499 3500 et
1528 3437 1589 3501 hoc
1620 3439 1739 3524 poterit
1768 3439 1937 3520 accedere,
1962 3450 1998 3502 ut
2020 3440 2105 3503 iuste

456 3545 605 3627 ‘cogatur
626 3541 734 3606 locum
757 3543 863 3628 ipsum
888 3543 1048 3607 deserere.
1085 3543 1199 3624 Aliter,
1224 3544 1269 3607 ait
1283 3543 1352 3607 Leo
1369 3543 1539 3629 Magnus-²,
1565 3570 1647 3610 aranu
1671 3560 1716 3610 est
1737 3547 1879 3610 babendo
1903 3550 2106 3626 consecr-otio,

454 3672 533 3733 quoe
556 3674 611 3714 nec
635 3650 701 3713 loco
716 3650 862 3736 fundata
886 3665 1007 3715 estnec
1030 3653 1212 3716 erectorimte
1240 3654 1369 3716 munito.
1417 3650 1533 3714 Nonne
1558 3651 1670 3715 oculus
1695 3651 1864 3716 columbae
1887 3653 1970 3716 nihil
1992 3654 2107 3718 vivum
2125 3679 2150 3717 so

454 3755 652 3820 comedentis
676 3767 747 3820 erat
769 3757 802 3820 in
826 3758 886 3820 isto
903 3756 1050 3820 Romano
1066 3757 1229 3842 pontifice,
1253 3756 1333 3820 nihil
1350 3757 1508 3822 catholice
1533 3769 1640 3822 actum
1665 3779 1795 3822 cassare
1812 3759 1976 3823 volentis?
2010 3761 2106 3824 Licet

454 3863 541 3925 enim
563 3862 656 3927 iuxta
679 3863 729 3927 sui
752 3864 891 3927 nominis
907 3864 1139 3948 proprietatem
1155 3874 1311 3949 tauquam
1327 3864 1395 3928 Leo
1418 3864 1591 3928 fortissime
1617 3863 1762 3929 dicturus
1786 3875 1882 3946 esset,
1906 3889 2008 3930 vanas
2033 3889 2104 3931 esse

453 3968 805 4055 pseudoepiscoporum
829 3971 1101 4050 consecrationes,
1133 3971 1222 4055 prius
1246 3980 1354 4034 mmen
1379 3970 1527 4034 distinxit
1549 3972 1634 4034 inter
1657 3982 1799 4036 mortuos
1824 3982 1856 4036 et
1880 3974 2038 4055 viventes,
2063 3997 2104 4037 ne

454 4086 487 4138 et
508 4073 579 4138 illos
604 4077 724 4160 pariter
747 4086 919 4162 tangerent
940 4076 1061 4140 leonini
1085 4076 1209 4159 dentes,
1238 4076 1362 4141 scilicet
1385 4077 1485 4140 durae
1510 4077 1730 4159 diffinitiones,
1754 4089 1787 4142 et
1809 4079 2103 4166 pseudoepiscopo-

454 4203 525 4244 rum
549 4192 753 4246 sacramenta
776 4192 957 4268 tangentes.
1006 4182 1072 4247 Sed
1096 4185 1174 4269 quia
1195 4185 1259 4266 isti,
1288 4184 1366 4248 licet
1389 4182 1671 4270 pseudoepiscopi,
1696 4185 1842 4250 fortassis
1865 4197 2016 4272 poterant
2038 4211 2105 4252 non
2124 4212 2148 4251 ss

455 4309 526 4351 esse
550 4289 673 4371 eretici,
698 4289 860 4375 quidiste
884 4289 952 4354 Leo
977 4300 1090 4354 contra
1114 4290 1315 4354 omnimodos
1340 4292 1476 4355 creticos
1504 4293 1621 4378 rugiat,
1652 4293 1686 4354 in
1711 4292 1922 4379 sequentibus
1946 4293 2103 4377 dicemus,

454 4404 626 4481 postquam
650 4417 670 4458 a
692 4397 826 4459 mortuis
851 4418 962 4462 eorum
987 4399 1197 4461 sacramentis
1221 4421 1315 4462 ‹rmne
1340 4399 1452 4461 vivum
1476 4397 1659 4464 columbino
1684 4422 1773 4464 more
1798 4399 2043 4486 distinguemus.

483 4572 487 4581 ‚
561 4500 594 4566 S.
629 4501 787 4584 Procede,
816 4513 851 4566 ut
874 4504 933 4584 vis,
963 4502 1137 4567 dummodo
1161 4503 1334 4568 verborum
1365 4515 1493 4568 tuorum
1523 4506 1579 4568 fiat
1609 4506 1784 4592 aliquando
1816 4507 1900 4571 finis.
1948 4507 2041 4588 Quae
2072 4521 2104 4572 et

454 4607 533 4672 mihi
557 4619 631 4673 sunt
654 4631 801 4691 onerosa,
826 4619 859 4674 et
882 4632 901 4673 a
924 4609 1032 4674 multis
1057 4609 1241 4673 iudicantur
1256 4611 1389 4692 cretica,
1412 4612 1475 4674 nisi
1499 4633 1538 4675 ea
1562 4614 1686 4677 muniat
1709 4615 1884 4679 auctoritas
1908 4615 2102 4694 firmissima,

453 4713 586 4796 doeens,
610 4716 771 4801 quomodo
796 4739 890 4781 cassa
913 4718 978 4781 sint
1001 4727 1212 4796 sacramenta,
1237 4739 1320 4802 quae
1345 4717 1482 4781 docente
1499 4729 1611 4783 sancto
1627 4718 1810 4806 Augustino
1826 4719 1949 4807 ubique
1966 4723 2102 4806 integra,
2122 4746 2148 4782 ro

454 4819 574 4907 ubique
599 4832 673 4886 sunt
695 4821 923 4888 inviolabilia?

559 4928 598 4992 R.
642 4927 749 4993 Credo
779 4927 838 4994 tibi
868 4953 963 5015 posse
995 4930 1155 4994 satisfieri.
1209 4929 1275 4994 Sed
1306 4932 1395 5015 pn'us
1425 4953 1578 5016 peragam
1610 4931 1697 5019 quod
1729 4934 1894 5019 proposui.
1948 4933 2103 5021 Nunquid

456 5035 541 5098 enim
565 5034 751 5120 perdendus
775 5047 825 5100 est
846 5037 949 5101 iustus
973 5059 1045 5101 cum
1070 5036 1195 5122 impio?
1229 5035 1385 5122 Numquid
1409 5038 1530 5123 pariter
1553 5036 1740 5102 involvendi
1764 5040 1895 5103 suntin
1918 5063 1982 5104 uno
2007 5040 2102 5105 fasci·

454 5140 526 5204 culo
551 5141 593 5205 ad
614 5140 869 5206 comburendum
893 5165 974 5230 quos
990 5142 1138 5207 distinxit
1153 5142 1326 5207 diversitas
1343 5143 1523 5207 animorum
1546 5155 1579 5208 ct
1601 5145 1840 5210 intentionum?
1876 5147 2101 5234 Nequaquam.

455 5246 499 5312 Ut
522 5249 608 5311 enim
632 5247 740 5311 verbis
765 5247 929 5313 Anastasii
954 5271 1059 5336 papae
1083 5248 1124 5312 de
1148 5247 1265 5314 Acatio
1293 5247 1463 5314 scribentis
1487 5255 1652 5313 utamur3:
1680 5251 1811 5316 *Arsinia
1838 5256 1896 5318 illo
1919 5256 1998 5334 solo,
2023 5281 2102 5340 quine
2120 5279 2147 5318 u

561 5447 587 5510 a)
610 5451 656 5514 qui
675 5467 695 5498 c.

563 5609 591 5680 1)
623 5611 772 5669 Anastusii
793 5612 832 5668 ΙΙ.
864 5611 942 5687 epist.
974 5613 1015 5668 ud
1043 5611 1224 5670 Anastasiuns
1254 5613 1319 5689 inrp
1352 5633 1374 5669 c.
1394 5614 1422 5682 7,
1455 5614 1496 5669 cd.
1527 5613 1605 5670 'l'biel
1628 5635 1661 5690 p.
1681 5616 1761 5686 620,·
1793 5617 1945 5674 Hinscbius
1972 5639 2003 5694 p.
2026 5619 2100 5676 656.

456 5717 485 5785 2)
505 5717 598 5793 Epist.
615 5717 685 5774 167,
703 5721 746 5775 ad
758 5718 901 5776 Rustictnn
917 5718 1018 5795 inquis.
1035 5719 1059 5790 I,
1077 5720 1094 5776 l.
1112 5721 1129 5776 l.
1148 5722 1198 5778 col.
1216 5720 1309 5777 1420,
1380 5719 1410 5780 3)
1430 5718 1460 5778 C.
1479 5720 1507 5790 8,
1533 5719 1611 5778 Tbiel
1625 5722 1648 5792 I,
1661 5743 1693 5798 p.
1709 5723 1790 5793 623;
1815 5723 2010 5800 fflrtscbiusp.
2026 5725 2100 5783 656.
