4544 6420
866 384 1004 444 SUMMA
1028 386 1187 446 GLORIA.

363 569 415 632 21.
459 567 576 650 Quod
605 571 835 657 imperator
864 594 885 636 a
914 571 1183 658 principibus
1213 573 1334 659 regni
1365 574 1419 637 sit
1449 573 1682 660 eligendus.

306 690 489 777 Imperator
507 693 672 758 Romanus
697 691 795 758 debet
818 692 858 758 ab
884 694 1061 780 apostolico
1087 694 1162 780 eligi
1174 699 1194 776 1,
1220 707 1402 760 consensu·
1426 698 1611 783 principum
1634 708 1667 762 et
1690 696 1849 762 acclama·

195 796 310 860 tioneb
342 795 445 883 plebis
476 799 510 862 in
540 810 638 885 caput
667 799 799 886 populi⁰
832 801 994 881 constitui,
1025 823 1045 864 a
1074 823 1161 887 papa
1192 803 1375 866 consecrari
1406 815 1438 866 et
1468 804 1626 867 coronari.
1673 803 1850 890 Huicqued

197 901 299 966 debet
322 902 426 968 clerus
451 915 483 969 et
506 905 667 991 populus⁹
690 907 723 969 in
747 904 947 970 secularibus
972 904 1141 971 dumtaxat
1164 905 1269 971 subici
1281 907 1301 970 f.
1348 906 1402 972 Ad
1425 907 1520 972 huius
1544 907 1753 973 moderamen
1776 933 1848 996 per-

163 1035 177 1073 s
197 1009 281 1074 tinet
297 1009 475 1074 secundum
491 1009 642 1075 civilem⁸
665 1012 819 1076 iustitiam
836 1010 889 1075 vel
904 1012 1052 1098 patriaeb
1075 1014 1147 1076 iura
1170 1013 1381 1098 profecturas,
1407 1012 1596 1078 advocatias
1609 1015 1629 1095 ¹,
1654 1013 1847 1100 presidatus,

198 1113 348 1197 ducatus,
379 1117 573 1181 comitatus¹¹
595 1115 779 1203 disponere,
810 1116 940 1199 tributa,
973 1117 1053 1198 lora,
1084 1140 1143 1203 pro
1174 1120 1328 1204 temporis
1353 1117 1526 1205 qualitate¹
1553 1121 1625 1184 iura
1648 1120 1776 1206 populis
1800 1122 1847 1184 in-

199 1223 344 1286 stituere.
390 1221 443 1286 Ab
473 1223 574 1309 ipsom
605 1235 678 1287 sunt
709 1245 802 1308 reges
826 1223 901 1287 vel¹²
924 1223 1049 1287 iudices
1079 1225 1321 1309 provinciarum
1345 1224 1397 1288 vel
1425 1225 1595 1310 regionum
1620 1225 1847 1308 constituendi,

200 1325 242 1391 ab
268 1329 360 1413 ipso⁰
383 1329 548 1415 principes
573 1328 781 1393 civitatibusP
806 1328 1017 1416 proponendi.

361 1507 412 1569 22.
449 1505 567 1587 Quod
590 1529 664 1570 rex
688 1527 895 1570 consensu
923 1505 1217 1591 episcoporum
1246 1507 1301 1569 sit
1329 1505 1687 1572 constituendus².

152 1658 181 1696 ro
308 1629 374 1695 Sed
396 1629 449 1694 hic
472 1629 555 1694 forte
580 1630 794 1694 contentiosiq
817 1651 965 1694 sermone
990 1639 1021 1693 et
1045 1632 1180 1695 scientia
1203 1631 1345 1716 imperiti
1370 1643 1542 1717 erumpunt
1565 1643 1597 1695 et
1620 1634 1848 1718 imperatorem

200 1759 265 1800 non
288 1734 329 1801 ab
354 1735 542 1822 apostolico,
567 1735 626 1800 sed
649 1759 669 1800 a
691 1735 914 1823 principibusr
940 1735 1146 1822 eligendum·
1172 1735 1411 1801 affirmabunt‘.
1453 1737 1543 1817 Quos
1567 1749 1650 1824 egou
1674 1739 1847 1824 interrogo,

199 1853 307 1906 utrum
330 1865 389 1906 rex
412 1864 431 1905 a
454 1841 593 1907 subditis
610 1853 675 1906 anv
691 1865 711 1906 a
726 1842 859 1928 prelatis
877 1844 918 1906 sit
934 1841 1188 1907 constituendus.
1226 1842 1266 1905 ‘A
1283 1842 1437 1928 prelatis',
1462 1845 1621 1930 inquiunt.
1657 1842 1688 1906 Α
1704 1842 1847 1929 quibus?

200 1949 242 2012 ‘A
272 1947 408 2013 ducibus
439 1961 471 2014 et
502 1947 694 2014 comitibus’.
743 1948 837 2014 Sedw
868 1948 967 2013 duces
999 1960 1030 2012 et
1059 1950 1222 2012 comitesw
1246 1951 1409 2035 episcopis
1440 1959 1474 2014 ut
1504 1961 1583 2035 puta
1613 1949 1751 2014 dominis
1782 1951 1848 2014 suis

200 2053 321 2118 subditi
344 2068 427 2136 sunt,
453 2056 530 2141 quia
553 2053 594 2119 ab
620 2057 688 2120 eis¹
711 2054 872 2119 beneficia
897 2065 929 2118 et
952 2055 1184 2120 aecclesiarum
1208 2055 1322 2142 predia
1338 2055 1468 2120 habent.
1503 2055 1591 2141 Ergo
1616 2079 1675 2120 rex
1692 2079 1711 2119 a
1727 2054 1848 2120 Christi

152 2189 181 2228 rs
200 2160 433 2242 sacerdotibus,
459 2163 515 2248 qui
539 2163 609 2226 veri
633 2161 812 2226 aecclesiae
837 2162 1001 2247 principes
1026 2173 1109 2242 sunt,
1135 2173 1183 2225 est
1207 2161 1468 2242 constituendum
1502 2185 1677 2226 consensus
1700 2173 1848 2227 tantuml'

199 2267 357 2331 laicorum
380 2267 602 2354 requirendus.
650 2267 753 2353 Igitur
784 2268 861 2353 quia
889 2267 1105 2332 sacerdotium
1129 2269 1198 2332 iure
1223 2291 1359 2354 regnum
1384 2270 1581 2346 const'tuit2,
1613 2269 1681 2332 iure
1711 2291 1848 2354 regnum

200 2373 381 2438 sacerdotio
413 2372 603 2438 subiacebit.
652 2373 818 2454 Quantum
849 2375 946 2438 etiam
977 2375 1047 2459 ipse
1072 2373 1233 2438 Dominus
1258 2374 1499 2439 sacerdotium⁸
1523 2375 1645 2461 regnob
1670 2375 1847 2461 pretulerit,

199 2480 275 2544 hinc
305 2492 403 2566 patet,
435 2480 532 2567 quod,
564 2491 658 2545 cumc
690 2481 819 2545 venturi
851 2481 991 2560 essenti,
1022 2491 1059 2544 ut
1089 2504 1163 2544 eum
1191 2493 1375 2568 raperent&
1408 2494 1440 2546 et
1469 2504 1581 2568 regem
1606 2483 1847 2562 constituerent,

199 2586 282 2672 fugit
293 2587 313 2626 s·
324 2591 344 2650 ³.
393 2586 602 2651 Sacerdotale
627 2609 705 2651 vero
730 2586 873 2650 officium
903 2585 1019 2650 devoto
1050 2586 1207 2673 implevit,
1240 2601 1335 2652 cumff
1366 2589 1592 2652 sacramentah
1624 2590 1768 2676 corporis
1799 2589 1848 2652 sui

152 2723 180 2762 ao
199 2692 368 2758 benedixit
392 2694 542 2780 huncque
567 2694 664 2758 ritum
688 2694 754 2757 suis
779 2691 1011 2758 celebrandum
1035 2692 1201 2758 tradidit⁴.

472 2874 524 2936 23.
568 2871 684 2952 Quod
715 2869 898 2958 quilibet
929 2869 1154 2957 presbyter
1184 2871 1353 2957 dignior
1383 2873 1438 2936 sit
1468 2895 1575 2960 rege.

308 2995 488 3081 ‘Equidem
520 2995 655 3082 quilibet
686 2995 853 3075 sacerdos,
885 2995 962 3059 licet
993 2995 1116 3059 ultimi¹
1147 2995 1267 3082 gradus
1298 2997 1331 3060 in
1362 3018 1456 3061 sacro
1487 2997 1610 3079 ordine,
1642 2997 1771 3083 dignior
1800 3011 1850 3062 est
1870 3019 1899 3058 ⁸.
1941 3044 1948 3058 .

200 3103 314 3188 quovis
345 3125 432 3186 rege
479 3100 574 3167 Unde
605 3101 733 3188 legitur,
765 3101 853 3188 quod
883 3100 998 3166 heatus
1022 3101 1181 3165 Martinus
1206 3103 1389 3188 episcopus,
1421 3127 1441 3167 a
1464 3103 1631 3168 Maximol
1655 3106 1849 3190 imperatore

200 3208 242 3272 ad
266 3209 470 3273 convivium¹
498 3210 662 3290 invitatus,
688 3220 792 3273 cum¹n
816 3209 993 3294 pincerna¹¹
1018 3209 1087 3292 regi
1110 3207 1284 3294 poculum⁰
1315 3210 1400 3273 inter
1427 3210 1539 3296 epulas
1569 3211 1759 3296 porrigeret,
1790 3235 1850 3276 rex

154 3345 181 3383 rs
200 3317 292 3380 iussit
315 3315 376 3380 hoe
401 3316 554 3402 episcopo
579 3315 659 3394 dari,
685 3327 720 3379 ut
744 3317 813 3401 ipse
838 3313 879 3378 ab
904 3317 973 3378 eius
998 3314 1136 3378 dextras
1161 3316 1334 3401 acciperet.
1383 3315 1449 3380 Sed
1472 3327 1667 3403 postquamq
1691 3318 1850 3382 Martinus

200 3420 291 3502 bibit,
322 3421 513 3508 presbytero
539 3445 595 3486 suo
620 3422 772 3508 poculum
796 3421 895 3503 dedit,
921 3421 1102 3510 digniorem
1126 3421 1216 3485 illum
1240 3434 1338 3507 reger
1363 3423 1523 3503 iudicans,
1556 3425 1610 3508 qui
1636 3423 1757 3487 Christi
1782 3447 1849 3488 cor·

200 3539 280 3614 pus⁸
306 3529 480 3593 conticeret
511 3533 561 3592 ett
588 3551 697 3614 regem
729 3539 920 3615 peccantem
952 3527 1087 3613 ligare¹¹,
1120 3530 1318 3614 penitentem
1349 3528 1475 3593 solvere
1506 3541 1625 3615 posset.
1674 3529 1851 3594 Similiter·

200 3634 264 3699 abb
288 3633 461 3700 Ambrosio
486 3636 640 3722 episcopo
665 3634 891 3699 Theodosiusv
915 3636 1091 3720 imperator
1122 3633 1163 3698 ab
1187 3634 1367 3700 aecclesiae
1391 3634 1556 3698 liminibus
1565 3645 1584 3672 '⁸'
1609 3647 1747 3718 arcetur,
1776 3659 1850 3700 cum

307 3851 334 3916 ιι)
353 3861 504 3904 consenatu
525 3855 564 3914 A;
594 3870 743 3905 consenssu
764 3855 790 3904 (Ι.
900 3849 927 3916 1))
952 3853 1135 3904 aclarnatioue
1155 3853 1187 3902 B.
1297 3848 1321 3914 c)
1347 3853 1427 3914 deest;
1454 3853 1496 3903 secl
1514 3853 1574 3904 add.
1593 3855 1620 3903 in
1639 3872 1717 3920 arargr.
1738 3854 1770 3904 B.
1790 3854 1849 3905 Bl.

155 3940 228 4004 aod)
247 3943 319 3992 Huic
339 3942 450 3993 B.Bl.
525 3939 550 4006 e)
571 3937 723 4010 pplltotus
744 3940 825 4008 pplus
847 3942 899 3993 Cl.
979 3940 1000 4004 f)
1020 3943 1093 3992 Huic
1114 3943 1195 3993 debet
1215 3959 1237 3991 c.
1258 3950 1284 3992 et
1304 3959 1329 4008 p.
1350 3944 1367 3992 i.
1387 3959 1407 3992 s.
1428 3942 1453 3992 d.
1473 3943 1559 3992 subici
1585 3943 1636 3993 des.
1656 3944 1690 3993 D.
1763 3940 1791 4008 g)
1812 3945 1849 3993 ci-

201 4031 332 4084 vileBl.
414 4031 442 4094 lr)
462 4039 568 4099 patrum
588 4033 647 4081 iure
670 4032 696 4082 (ἶ
778 4028 799 4094 i)
820 4031 931 4082 adratis
950 4049 1014 4081 corr.
1034 4032 1192 4082 advocatias
1213 4030 1245 4080 B.
1329 4026 1357 4095 k)
1378 4033 1557 4081 canonicatus
1580 4033 1606 4082 0.
1688 4029 1707 4096 l)
1728 4039 1848 4098 ternpore

200 4119 346 4185 qualitates
365 4139 428 4171 corr.
448 4123 578 4188 temporis
598 4120 730 4186 qualitate
749 4120 816 4180 Bt;
846 4120 985 4186 qualitatis
1005 4129 1127 4186 tempore
1148 4121 1181 4170 D.
1273 4115 1309 4186 m)
1328 4127 1382 4186 ppo
1404 4121 1430 4172 C.
1522 4118 1550 4183 ιι)
1572 4129 1599 4171 et
1619 4122 1652 4171 D.
1738 4119 1765 4184 0)
1785 4129 1849 4172 sunt

200 4225 277 4274 reges
297 4228 321 4259 v.
341 4213 358 4260 i.
379 4229 404 4276 p.
425 4229 449 4260 v.
469 4229 492 4260 z.
512 4227 535 4261 c.
556 4211 590 4260 ab
610 4212 670 4276 ipso
689 4211 740 4260 (les.
756 4209 782 4260 (ζ’.
868 4209 896 4276 p)
914 4209 974 4260 add.
994 4219 1058 4259 sunt
1078 4209 1111 4259 D.
1196 4204 1224 4275 q)
1245 4212 1414 4260 contentiose
1434 4211 1467 4260 rt.
1556 4205 1578 4274 r)
1599 4213 1769 4276 presentibus
1789 4211 1847 4260 Bl.

200 4293 223 4360 s)
241 4315 288 4364 seq.
308 4315 362 4350 uon
383 4300 415 4348 B.
435 4300 501 4358 B13
529 4299 579 4352 del.
598 4298 629 4348 B.
739 4299 760 4360 t)
778 4300 949 4348 aftinnabant
967 4317 1030 4348 corr.
1051 4298 1223 4349 affirmabunt
1244 4299 1275 4348 A.
1378 4295 1406 4362 ιι)
1428 4316 1493 4365 ergo
1513 4299 1572 4350 Bl.
1675 4297 1703 4363 v)
1723 4307 1771 4349 aut
1789 4299 1848 4350 Bl.

156 4402 182 4440 35
200 4383 234 4450 w)
255 4389 307 4437 Sed
327 4389 411 4438 duces
433 4395 459 4439 et
479 4390 592 4439 comites
611 4389 661 4438 cles.
677 4388 703 4438 ζ’.
720 4389 773 4438 Cl.
848 4384 876 4451 x)
896 4389 930 4436 ab
951 4390 989 4437 eis
1008 4388 1058 4436 (lca.
1073 4387 1105 4438 B.
1119 4387 1177 4449 Bl,
1197 4388 1239 4438 sal
1257 4388 1316 4437 odd.
1332 4396 1419 4452 posteo
1437 4389 1463 4438 in
1483 4406 1562 4454 usurp.
1635 4384 1663 4453 y)
1680 4396 1770 4438 tamen
1790 4388 1815 4438 B
1828 4391 1849 4438 1.

200 4474 225 4538 z)
243 4479 390 4528 constituet
410 4477 443 4527 Ι),
517 4475 544 4540 ιι)
564 4478 725 4528 sacerdocio
741 4477 795 4527 01.
869 4473 896 4539 h)
916 4477 1049 4528 <learnt
1123 4472 1291 4539 clturnCl.
1365 4474 1392 4540 (1)
1411 4477 1471 4527 add.
1485 4476 1649 4543 populiOl.
1723 4477 1749 4540 e>
1770 4494 1850 4542 cape-

201 4574 259 4616 rent
278 4567 312 4616 D.
385 4565 406 4629 Ι)
425 4566 485 4616 add.
499 4567 624 4617 dominus
646 4573 672 4616 et
693 4565 746 4615 tl‘t.
820 4562 848 4630 g)
869 4567 939 4615 iuter
952 4573 1062 4615 crtctera
1081 4565 1260 4615 sacerdotalis
1281 4567 1364 4616 officii
1384 4551 1510 4632 insignia,
1531 4567 1725 4632 predicationis
1745 4566 1851 4616 seilicet

202 4661 228 4704 ct
248 4655 438 4705 miraculorum
459 4657 624 4722 patrationis
645 4656 726 4704 etiam
745 4655 805 4704 add.
827 4654 860 4703 D.
943 4651 970 4718 hl
990 4654 1188 4705 sacramentale
1211 4655 1289 4705 (119
1346 4653 1366 4718 ἰ)
1385 4655 1497 4706 ultimus
1518 4655 1551 4705 Il.
1634 4652 1663 4719 ls)
1683 4655 1850 4705 Maximiano

200 4762 262 4793 corr.
282 4743 402 4794 Maximo
422 4744 454 4793 B.
475 4744 534 4794 Bl.
644 4739 663 4806 1)
683 4743 717 4793 ad
738 4759 815 4793 conv.
840 4743 890 4792 da.
907 4743 959 4792 Ol.
1070 4740 1105 4806 ιιι)
1124 4750 1150 4793 et
1172 4744 1197 4794 0.
1306 4741 1335 4807 ιι)
1355 4761 1494 4811 purroerna
1513 4763 1575 4794 corr.
1595 4744 1706 4794 radendo
1725 4746 1796 4810 pinc.
1818 4745 1850 4794 A.

157 4848 183 4886 to
202 4829 229 4895 ο)
249 4831 379 4899 populum
401 4833 454 4882 (31.
545 4831 573 4899 p)
593 4833 705 4882 dextera
725 4831 757 4881 B.
777 4832 906 4882 Btttr.
926 4833 960 4881 Ι).
1052 4831 1079 4897 q)
1098 4833 1157 4882 add.
1178 4834 1273 4883 beatus
1294 4832 1347 4883 tir.
1439 4829 1461 4895 r)
1482 4851 1572 4898 rogem
1595 4833 1622 4882 0.
1706 4829 1730 4896 ιι)
1751 4849 1850 4898 corpus

202 4921 301 4971 Christi
325 4923 384 4980 (lt,
412 4921 473 4972 Chr.
494 4931 663 4972 sacramenta
685 4922 718 4970 Ι).
793 4916 815 4982 ι)
833 4938 953 4986 asperiter.
974 4921 1006 4970 A.
1081 4919 1109 4985 ιι)
1131 4920 1234 4986 lingare
1257 4922 1283 4972 C'.
1357 4918 1385 4985 v)
1405 4923 1538 4972 Tlreosius
1558 4922 1617 4972 Bl.
1690 4921 1723 4983 w)
1744 4922 1850 4971 lumini-

201 5011 250 5060 bus
269 5029 332 5060 σοι-ν.
353 5009 491 5060 liminibus
511 5010 544 5060 B.

311 5192 339 5260 1)
365 5191 474 5261 rl'escio,
503 5193 577 5247 urrcle
601 5190 746 5246 Honorias
777 5191 851 5246 loric
880 5190 1037 5265 opinionem
1069 5192 1148 5247 haud
1175 5191 1254 5248 <tertie
1278 5193 1391 5263 salsam
1421 5191 1577 5266 srtrnpserit.
1711 5191 1741 5260 2)
1767 5193 1853 5260 Hanc

201 5318 308 5374 qnoque
338 5297 553 5360 constibrtionetn
579 5298 693 5368 salsam
725 5299 767 5353 rel
795 5296 830 5352 ab
861 5297 990 5353 Honorio
1021 5297 1049 5354 in
1081 5299 1249 5355 corrnnorlnrn
1281 5299 1471 5373 episcaerpornnr
1502 5307 1635 5362 rrrirtotarn
1667 5319 1732 5369 esse,
1758 5299 1853 5370 focile

157 5421 183 5459 45
202 5414 241 5462 est
271 5405 417 5460 intellectu.
465 5405 556 5476 Haud
582 5404 648 5470 scio,
680 5425 718 5460 arr
745 5403 867 5459 Honorii
896 5404 1108 5478 explicationem
1139 5406 1180 5460 ad
1208 5405 1363 5461 electionem
1397 5404 1528 5461 ,tortarii
1550 5405 1610 5474 III,
1644 5406 1692 5481 qui
1720 5415 1850 5481 tenqrore,

202 5533 255 5586 qiua
279 5511 324 5567 ille
347 5511 463 5566 libellum
488 5519 612 5566 riostrnrn
637 5509 796 5584 cornposnit,
828 5510 1018 5586 cpiscoporum
1042 5511 1165 5567 'irrooeinrc
1188 5511 1327 5568 laboribus
1351 5531 1403 5568 rra
1420 5512 1522 5582 sortus
1546 5521 1593 5579 est,
1625 5513 1739 5584 restare
1761 5513 1851 5570 liceat.

203 5619 233 5686 3)
259 5617 319 5675 Iole
338 5617 366 5686 6,
385 5619 433 5672 15.
557 5619 587 5686 4)
615 5617 717 5673 ΙΙιιΙΙΙ.
745 5616 795 5684 26,
815 5617 853 5671 26
871 5639 912 5692 sq.
1033 5619 1063 5685 5)
1090 5618 1168 5693 Sall).
1195 5619 1293 5674 Seirai
1315 5619 1377 5673 l'itrr
1401 5639 1423 5674 s.
1451 5618 1573 5674 Martini
1596 5619 1638 5674 etl.
1664 5619 1752 5674 Halm
1775 5621 1792 5674 l.
1811 5618 1850 5686 H,

203 5745 225 5780 c.
244 5724 295 5792 20,
316 5745 348 5799 p.
371 5724 441 5780 1⁶29.
535 5723 565 5793 6)
590 5723 719 5781 Historia
745 5723 811 5797 trip.
837 5722 890 5790 [Χ.
912 5723 948 5778 10
955 5746 964 5792 ;
991 5723 1155 5782 (hesiodos-t
1179 5725 1252 5800 opp,
1277 5727 1320 5780 ccl.
1343 5723 1445 5782 Garri.
1470 5724 1493 5792 I,
1520 5725 1593 5780 334.

273 5845 372 5897 Libelli
392 5847 424 5895 tle
445 5845 499 5896 lite.
532 5847 586 5895 lll.
1607 5849 1639 5895 10
