4426 6398
475 409 540 472 600
585 415 785 471 BERNALDI
807 381 996 471 LIBELLIIS
1020 416 1072 470 DE
1094 413 1274 472 VITANDA
1297 411 1733 471 EXCOMMUNIOATORUM
1757 412 2033 471 COMMUNIONE.

474 607 613 690 recepere
636 627 703 668 eum
728 605 763 668 in
779 603 915 682 doraum,
937 627 992 667 nec
1015 627 1072 668 uve
1096 603 1243 666 draerits's
1266 605 1304 666 ei.
1344 601 1409 680 Qui
1422 604 1503 666 euim
1521 601 1601 666 dicit
1622 603 1679 667 alli
1698 627 1767 682 ace,
1790 603 2004 667 communicat
2023 609 2106 688 operi·

305 739 455 790 1.00r.s,11.
475 711 531 775 bus
554 712 621 774 eius
644 710 804 796 maliqnis.
851 707 934 772 Item
957 707 1078 772 Paulus
1101 708 1134 771 in
1157 708 1258 794 priori
1280 707 1418 794 epistola
1441 705 1484 772 ad
1507 706 1709 772 Corinthios:
1739 707 1781 774 Si
1801 711 1876 794 quis
1892 709 2007 796 frater
2027 715 2107 776 nomi-

473 831 569 881 uatur
583 829 639 880 aut
645 816 831 903 fornicator
854 830 909 879 aut
930 840 1047 880 avarsus
1070 829 1125 878 aut
1146 815 1244 879 idolis
1266 817 1405 880 serviens
1428 829 1483 880 aut
1504 815 1678 879 maledicus
1700 829 1757 878 aut
1777 817 1924 880 ebriosus
1945 829 2109 902 antropus,

475 948 543 988 cum
567 921 725 987 eiusmodi
744 946 799 986 nec
822 923 924 986 eibum
947 947 1075 985 sumere.
1112 921 1195 984 Eam
1211 921 1343 1008 quippe,
1367 922 1472 1008 iuquit
1493 919 1859 1006 beatusAugustinus1,
1883 924 2110 988 nominatimuu

475 1030 615 1117 intelliqi
635 1030 734 1093 uoluit
756 1027 930 1114 apostolus,
955 1053 1013 1114 que
1028 1029 1072 1116 fit
1094 1031 1128 1092 in
1144 1053 1339 1114 quemquam,
1363 1053 1432 1092 cum
1455 1030 1605 1094 sententia
1621 1028 1732 1093 ordene
1749 1029 1929 1093 iudiciario
1949 1029 2133 1116 profertum

298 1167 455 1218 amman,
474 1135 558 1199 Item
582 1133 747 1221 apostolus
770 1133 813 1197 ad
836 1133 1143 1198 Thesalonioenses:
1173 1133 1215 1198 Si
1234 1137 1316 1220 quis,
1340 1134 1454 1220 inquit,
1478 1159 1539 1199 nou
1563 1134 1667 1199 obedit
1689 1136 1780 1200 verbo
1803 1149 1912 1199 uosno
1929 1159 1994 1220 per
2017 1138 2112 1220 episto·

476 1244 550 1326 iarn,
575 1243 655 1306 istuc
670 1255 771 1306 notate
787 1255 815 1305 et
834 1265 895 1306 non
911 1243 1178 1306 commisceamini
1198 1266 1266 1305 cum
1290 1242 1359 1321 illo,
1383 1255 1417 1305 ut
1438 1241 1662 1328 confundatur.
1700 1239 1839 1306 Sanctus
1855 1238 2027 1304 Fabianus
2042 1263 2114 1328 papa

475 1358 508 1412 et
531 1358 664 1434 martyr,
695 1349 729 1410 in
753 1348 844 1412 ciuus
867 1347 1068 1412 ordinatione
1094 1346 1233 1433 Spiritus
1261 1355 1391 1411 sanetus
1421 1347 1454 1410 in
1478 1347 1587 1432 speeie
1612 1345 1760 1436 columbe
1783 1345 1963 1411 visibiliter
1986 1346 2114 1414 adfuisse

475 1453 594 1540 legitur
604 1460 625 1536 ²,
656 1452 805 1519 omnibus
829 1453 1012 1518 christianis
1035 1452 1199 1540 apostolos
1221 1455 1268 1517 ita
1289 1453 1466 1518 instituisse
1490 1462 1641 1516 testetur:
1672 1453 1830 1540 Apostoli,
1852 1454 1995 1539 inquit³,
2018 1469 2114 1520 statua

475 1577 549 1626 rum
571 1563 724 1627 dicentes:
744 1561 841 1626 Cum·
857 1563 1131 1625 eaconsmunicatis
1152 1563 1284 1625 scienter
1299 1561 1408 1625 saltem
1432 1563 1466 1624 in
1482 1559 1573 1624 domo
1595 1562 1694 1625 simul
1715 1561 1835 1625 loeutus
1850 1563 1964 1648 fuerit
1977 1562 2038 1626 *vel
2058 1586 2115 1628 ora-
2131 1589 2149 1628 u

475 1671 557 1734 uerit
577 1671 791 1733 cornruunioue
809 1670 964 1754 privetur.
1000 1666 1143 1730 Beatus⁴
1160 1665 1302 1731 Calistus
1326 1689 1413 1753 papa
1436 1675 1469 1730 et
1491 1675 1615 1752 martyr
1637 1667 1739 1730 insuis
1764 1665 2010 1730 decretalibus⁵
2032 1669 2117 1733 etism

367 1807 396 1848 .,
444 1809 458 1848 ι,
476 1774 590 1840 modos
617 1785 786 1838 enumerat
809 1772 926 1859 quibus
951 1774 1248 1838 excommunicatos
1272 1775 1390 1838 ‘vitare
1414 1771 1603 1856 debeamus,
1630 1773 1784 1837 videlicet
1806 1775 1841 1836 in
1864 1773 2070 1857 salutatione,
2090 1776 2118 1839 in

477 1881 598 1964 osculo,
621 1883 655 1945 in
675 1883 819 1946 oratione
843 1890 876 1944 et
899 1881 1060 1944 convictu.
1095 1879 1225 1945 Deinde
1249 1879 1417 1944 irrferendo
1442 1880 1634 1944 senteutiam
1658 1883 1854 1966 quicumque,
1877 1881 1998 1966 inquit,
2024 1885 2057 1946 in
2077 1884 2119 1946 lis

477 1991 528 2054 uel
548 1992 582 2054 ia
606 1991 683 2054 aliis
700 1989 875 2075 prohibitis
896 1991 1028 2052 scienter
1045 1990 1320 2052 excommunicatis
1342 1989 1627 2067 communicaverit,
1650 2001 1679 2052 et
1700 1990 1767 2074 ipse
1789 1989 1898 2052 simili
1918 1993 2118 2053 excommuni-

477 2097 598 2161 cationi
617 2099 706 2160 iuata
731 2097 952 2160 instinctionem
975 2095 1185 2182 apostolorum
1209 2096 1375 2160 subiaceat.
1412 2093 1509 2158 Hanc
1532 2094 1726 2158 seutentiam
1750 2094 2011 2158 sacratissimum
2034 2095 2118 2158 Nice·
2135 2120 2151 2158 u

476 2223 554 2265 num
585 2201 756 2265 concilium
786 2211 890 2264 ratam
920 2222 991 2264 esse
1014 2199 1132 2282 voluit3
1165 2199 1252 2286 quod
1281 2199 1396 2266 beatus
1421 2198 1600 2286 Gregorius
1630 2222 1718 2287 papa
1747 2202 1780 2264 in
1804 2200 1968 2287 synodica
1991 2206 2072 2266 sual
2092 2213 2120 2266 et

478 2306 648 2396 euangelio
673 2305 849 2393 comparat,
874 2317 906 2370 et
929 2329 1039 2371 omnes
1068 2305 1109 2371 ab
1134 2329 1172 2371 eo
1197 2307 1423 2372 dissentientes
1447 2307 1708 2371 anathematizat.
1754 2307 1851 2371 Hanc
1874 2306 1994 2372 beatus
2017 2307 2119 2394 Augu·

478 2416 580 2478 stinus
610 2415 644 2477 in
673 2423 797 2478 tantum
828 2412 1032 2500 amplexatus
1056 2423 1113 2496 est,
1138 2424 1174 2478 ut
1196 2415 1301 2500 ipsam
1330 2415 1364 2478 in
1387 2413 1525 2478 eoncilia
1549 2412 1693 2478 00²⁰¹¹¹¹¹¹
1717 2423 1750 2478 et
1773 2413 1873 2478 XVII
1899 2405 2120 2501 episcoporum

478 2543 537 2586 sua
559 2519 795 2606 subscriptione
820 2520 1027 2584 continuasse
1050 2520 1178 2606 legatur
1189 2525 1208 2584 ⁷.
1254 2520 1343 2605 Ergo
1368 2529 1400 2585 et
1422 2543 1482 2584 nos
1504 2521 1688 2585 necessario
1713 2522 1975 2586 communionem
2000 2543 2119 2586 exeom-

477 2629 715 2692 municatorum
738 2626 949 2710 declinamus,
980 2650 1021 2693 ue
1045 2627 1141 2692 simili
1165 2627 1492 2692 excommunicationi
1521 2627 1614 2692 iuxta
1643 2627 1862 2713 apostolorum
1891 2628 2153 2693 institutionemu

478 2733 715 2799 subiaceamus.
759 2733 845 2798 Nam
867 2735 960 2798 iuxta
982 2733 1114 2799 beatum
1138 2733 1328 2798 Gelasium⁸
1351 2759 1454 2800 omues
1477 2735 1643 2822 complices
1665 2749 1828 2800 sectatores
1851 2739 2121 2800 communicatores

480 2843 646 2930 darupnate
675 2843 771 2906 semel
783 2844 960 2928 pravitatis
977 2845 1061 2928 pari
1080 2857 1160 2906 sorte
1183 2857 1353 2923 censentur,
1383 2867 1437 2906 nec
1460 2856 1561 2929 potest
1583 2845 1776 2928 peruersitas
1801 2844 1954 2931 refutari,
1979 2845 2121 2929 complice

472 2951 694 3036 perversitatis
716 2949 866 3032 admisso,
891 2959 923 3012 et
945 2948 1038 3011 iuxta
1060 2945 1192 3012 beatum
1206 2946 1448 3034 Augustinum⁹
1469 2947 1504 3012 in
1519 2947 1671 3012 XX⁸III⁸
1695 2947 1812 3012 omelia
1834 2970 1934 3034 super
1948 2948 2120 3013 Iohannem

479 3056 564 3120 nibil
592 3058 638 3119 sic
668 3056 755 3121 debet
769 3056 957 3144 formidare
980 3055 1172 3120 christianus
1201 3079 1296 3141 qaam
1322 3057 1473 3142 separari
1492 3081 1512 3120 a
1536 3079 1666 3141 corpore
1693 3054 1820 3120 Christi.
1869 3054 1913 3120 Si
1932 3059 2016 3121 enim
2039 3081 2120 3143 sepu-

479 3177 580 3243 ratur,
610 3187 672 3226 non
695 3177 738 3227 est
764 3163 932 3227 membrum
963 3164 1040 3226 eius.
1088 3159 1130 3226 Si
1156 3186 1216 3225 aon
1247 3175 1291 3226 est
1318 3162 1487 3226 membrum
1518 3164 1595 3242 eius,
1625 3185 1687 3226 nou
1717 3177 1873 3249 oeqetamr
1902 3165 2022 3250 spiritu
2051 3166 2153 3227 siuas

338 3302 461 3352 nomas,
483 3269 634 3355 Quisquis
663 3283 774 3349 autem,
806 3271 910 3354 inquit
938 3269 1107 3354 apostolus,
1137 3271 1284 3354 spiritum
1313 3269 1435 3332 Uirristi
1454 3291 1515 3332 non
1539 3269 1642 3348 babet,
1673 3269 1724 3332 lic
1747 3293 1808 3333 non
1838 3283 1882 3334 est
1912 3271 1989 3334 eius.
2036 3268 2121 3332 Idem

481 3385 592 3440 eontra
614 3374 804 3439 Donatistas
816 3379 857 3439 ¹⁰:
885 3375 1047 3461 Quisquis,
1077 3375 1192 3460 inquit,
1220 3376 1259 3439 ab
1283 3375 1341 3439 lac
1364 3375 1518 3438 catholica
1541 3376 1671 3460 ecclesia
1688 3376 1797 3463 fuerit
1822 3390 2000 3463 separatus,
2031 3401 2121 3462 quau·

480 3484 620 3547 tumlibet
642 3483 847 3547 laudabiliter
862 3486 967 3547 uicere
988 3505 1021 3546 se
1044 3485 1207 3561 eau'stimet,
1230 3482 1286 3546 loc
1308 3482 1374 3546 solo
1396 3482 1510 3546 scelere
1533 3482 1620 3567 quod
1640 3507 1660 3546 a
1677 3481 1799 3547 Obrssti
1819 3485 1937 3548 unitate
1953 3483 2122 3547 distamus

480 3603 533 3669 est,
556 3614 618 3653 tran
641 3590 764 3654 babebit
785 3591 893 3670 uitam,
916 3589 974 3652 sed
994 3591 1046 3654 ira
1063 3587 1130 3653 Dei
1149 3601 1253 3652 maaet
1273 3612 1367 3674 super
1390 3613 1467 3652 eum.
1506 3587 1589 3650 Item
1605 3587 1736 3651 Donato
1760 3586 1996 3673 presbiter011:
2022 3589 2122 3668 Foris,

480 3696 595 3782 inquit,
626 3697 665 3760 ab
695 3697 825 3781 ecclesia
856 3698 1035 3760 constitutus
1058 3709 1086 3759 et
1107 3709 1272 3782 separatus
1294 3721 1314 3759 a
1338 3719 1485 3782 compaqe
1507 3697 1638 3759 unitatis
1660 3708 1689 3759 et
1711 3696 1835 3759 viuculo
1859 3698 2006 3760 caritatis
2028 3711 2123 3781 auno
2138 3721 2157 3759 n

480 3804 634 3888 supplitia
649 3805 829 3888 punire-rus,
852 3804 946 3866 etiam
969 3804 1002 3866 si
1014 3826 1079 3888 pro
1096 3801 1219 3866 Christi
1237 3804 1361 3866 nomirse
1384 3803 1475 3865 vivers
1497 3801 1718 3866 incmdereris.
1754 3799 1803 3864 Ne
1823 3823 1901 3886 ergo
1925 3801 2124 3866 huiusmodi

481 3909 694 3994 separationis
718 3906 982 3994 dampnationem
1006 3929 1081 3972 eum
1104 3907 1393 3971 excommunicatis
1416 3907 1629 3988 incurramus,
1660 3908 1844 3971 necessario
1868 3929 1927 3972 nos
1951 3907 1995 3972 ab
2019 3931 2125 3973 eorum

482 4014 707 4078 communione
738 4023 989 4100 sequestramus,
1020 4012 1100 4077 illud
1129 4011 1217 4077 beati
1241 4011 1392 4098 Gregorii
1416 4012 1459 4077 ad
1481 4012 1659 4078 Iaderanos
1684 4014 1811 4078 eives¹²
1839 4035 1906 4078 non
1929 4015 2029 4079 surda
2051 4037 2124 4079 aure

483 4119 697 4184 attendentes.
732 4121 878 4201 Paterno,
901 4120 1016 4206 inquit,
1041 4121 1155 4207 affectu
1178 4122 1309 4186 obtestor
1323 4135 1414 4206 atque
1437 4120 1564 4201 aracleo,
1588 4135 1621 4185 ut
1643 4123 1682 4186 ab
1698 4123 1814 4186 illicita
1836 4146 1869 4185 se
1892 4125 2027 4209 quisque
2049 4147 2125 4187 cam·

480 4230 626 4292 munione
655 4227 835 4313 suspendat,
864 4241 894 4291 et
921 4251 998 4313 quos
1027 4228 1201 4314 apostolica
1230 4227 1318 4291 sedes
1347 4230 1380 4292 iu
1412 4230 1566 4292 consortio
1596 4231 1822 4293 communionis
1843 4251 1898 4313 sup
1920 4253 1982 4293 non
2006 4233 2160 4316 recipias

482 4337 607 4399 omnino
633 4335 786 4422 refuqiat,
815 4358 853 4398 ae
882 4334 956 4398 iude
985 4358 1058 4398 reus
1080 4348 1150 4398 ante
1173 4347 1365 4420 consputum
1396 4337 1496 4420 eterni
1523 4334 1642 4399 iudicis
1664 4335 1746 4399 unde
1761 4349 1890 4422 poterat
1910 4337 2040 4400 salvari
2059 4360 2126 4400 cou-

587 4533 614 4599 s)
635 4536 723 4601 mpple
739 4553 769 4586 erc
787 4534 900 4586 Fabiano
918 4535 948 4585 Si
967 4537 1036 4602 quis.

592 4695 621 4774 1)
646 4697 745 4756 Sermo
770 4697 842 4769 351,
867 4695 954 4772 §10,
980 4697 1105 4776 Oppiis,
1130 4700 1181 4757 cal.
1200 4695 1300 4766 lesa·
1331 4698 1371 4770 cs.
1400 4695 1543 4755 Bernaldi
1571 4699 1708 4776 apobqet.
1738 4698 1842 4756 ration.
1876 4691 1953 4775 (Lib.
1978 4700 2014 4756 de
2036 4697 2126 4770 litsI,

476 4828 510 4884 p.
528 4801 592 4882 96).
678 4802 709 4879 2)
734 4804 849 4862 Eussbii
870 4805 932 4862 bist.
957 4807 1050 4862 eccles.
1071 4805 1118 4876 VI,
1144 4826 1167 4864 c.
1186 4805 1236 4861 29.
1260 4823 1315 4862 sec.
1338 4804 1459 4862 version.
1483 4803 1592 4882 Rufini.
1677 4800 1708 4878 3)
1733 4803 1832 4880 sps,
1857 4825 1880 4861 c.
1899 4805 1928 4875 6,
1953 4803 2127 4862 Pseudoisid.

482 4914 525 4970 ecl.
549 4911 704 4970 ffiuscbius
728 4932 762 4987 p.
789 4909 866 4980 159,·
897 4912 938 4983 cs.
961 4912 1131 4969 Berulsardi
1158 4911 1204 4968 lib.
1229 4931 1292 4968 can.
1318 4931 1340 4968 c.
1366 4909 1384 4966 2
1416 4905 1533 4987 (Ltt.],
1552 4930 1586 4986 p.
1604 4905 1691 4986 478),
1722 4909 1812 4968 Bern.
1837 4913 1948 4990 apoloq.
1979 4919 2036 4969 rut.
2067 4913 2085 4968 l.
2109 4912 2167 4968 lto

483 5016 515 5094 4)
537 5020 645 5077 Beatus
673 5049 709 5058 -
735 5019 929 5075 subieceamus
959 5027 1111 5075 occurrunt
1126 5018 1197 5089 fere
1226 5019 1268 5075 ad
1287 5017 1399 5076 nubum
1423 5018 1504 5093 apud
1524 5017 1702 5074 Barsalium
1725 5019 1837 5095 apoloq.
1861 5026 1918 5074 rat.
1943 5020 1961 5074 1.
1983 5020 2001 5075 l.
2025 5038 2059 5094 p.
2078 5015 2127 5073 95.

483 5125 515 5197 5)
540 5126 598 5202 top.
615 5126 656 5197 ΙΙ,
682 5145 705 5182 c.
725 5123 775 5196 10,
799 5124 997 5200 Israscbiusp.
1018 5124 1095 5194 138,·
1118 5125 1159 5196 cs.
1177 5123 1240 5180 Lib.
1258 5124 1352 5198 delita
1367 5123 1408 5194 II,
1427 5143 1462 5199 p.
1482 5121 1553 5180 104.
1631 5119 1662 5198 6)
1686 5123 1786 5200 Epi,
1813 5123 1863 5195 24,
1888 5125 1958 5180 EE.
1975 5124 2000 5196 I,
2018 5144 2053 5201 p.
2072 5123 2129 5194 36,-

483 5233 524 5305 es.
548 5253 638 5309 supra
655 5253 689 5309 p.
708 5230 781 5302 592,
805 5251 834 5288 n.
852 5231 881 5287 4.
975 5229 1005 5306 l)
1028 5231 1063 5288 Iu
1087 5230 1202 5290 concilio
1227 5228 1462 5307 Cartlaqiuieuse
1479 5229 1527 5302 VI,
1552 5250 1580 5288 a.
1599 5229 1672 5300 419,
1697 5250 1722 5287 c.
1739 5229 1769 5301 6,
1796 5230 1896 5288 Mami
1909 5229 1967 5301 III,
1992 5230 2127 5288 soilli.

483 5336 515 5414 8)
533 5339 590 5416 Frp.
609 5339 661 5410 21,
678 5359 701 5395 c.
720 5339 755 5408 3,·
778 5337 828 5409 12,
845 5358 869 5395 c.
887 5338 916 5396 7.
941 5339 983 5395 ed.
1003 5338 1083 5396 Tiriei
1103 5337 1127 5408 1,
1146 5357 1180 5414 p.
1198 5336 1272 5392 424.
1291 5336 1353 5392 354
1361 5359 1371 5406 ,·
1394 5337 1457 5394 vide
1479 5345 1625 5414 utrumque
1640 5339 1728 5395 mcum
1743 5337 1773 5394 in
1788 5335 1932 5395 Berualdi
1954 5337 2071 5414 epistola
2092 5337 2132 5393 ad

483 5431 657 5508 secenum
681 5447 759 5518 aa,
785 5445 846 5502 sss.
864 5445 905 5517 Π,
923 5465 958 5521 p.
974 5444 1045 5517 104,
1069 5443 1338 5520 emortuarum
1362 5445 1380 5500 z.
1394 5445 1416 5500 γι.
1434 5464 1469 5520 p.
1487 5443 1539 5500 se.
1619 5441 1650 5514 s)
1674 5443 1799 5501 naeus.
1818 5443 1869 5502 2⁷.
1893 5443 1923 5502 u
1947 5462 2046 5521 aaa.
2069 5442 2129 5501 au
2146 5459 2171 5500 u

384 5595 391 5604 .
483 5549 549 5626 66,
575 5550 649 5630 Opp.
666 5552 723 5624 ΙΙΙ,
742 5552 770 5624 2,
795 5555 845 5610 col.
864 5550 943 5622 504;
967 5553 1007 5625 cs.
1031 5550 1200 5608 Bessara
1221 5549 1265 5607 lib.
1291 5569 1355 5608 can.
1381 5570 1404 5608 c.
1423 5550 1452 5620 8,
1470 5549 1531 5606 Lib.
1549 5549 1574 5622 I,
1593 5570 1627 5626 p.
1645 5549 1718 5607 480.
1813 5549 1865 5621 10)
1891 5549 1949 5626 Ep.
1969 5551 2040 5621 141,
2065 5547 2128 5624 55,

485 5657 559 5736 Opp.
572 5659 612 5730 11,
630 5661 681 5717 col.
696 5659 775 5730 45&
791 5659 833 5730 cf.
848 5658 1052 5716 Berulsardum
1070 5659 1088 5714 l.
1105 5659 1123 5714 l.
1196 5655 1247 5726 11)
1265 5657 1411 5733 Ep.·1”l3,
1428 5653 1490 5731 ἓ6,
1509 5654 1582 5733 Opp.
1599 5656 1640 5728 II,
1658 5657 1708 5715 eol.
1723 5657 1797 5714 614.
1869 5655 1923 5728 12)
1939 5657 1998 5733 up
2013 5656 2061 5728 VI,
2079 5656 2129 5726 46,

485 5764 554 5822 ΕΕ,
571 5765 595 5837 Ι,
614 5785 647 5842 p.
666 5765 726 5821 421
734 5786 745 5836 ;
769 5766 810 5838 cs.
833 5764 1003 5822 Bambardi
1024 5763 1068 5821 lib.
1093 5783 1158 5821 cau.
1183 5783 1206 5820 c.
1225 5763 1254 5834 3,
1279 5763 1341 5820 Lib.
1359 5763 1383 5834 1,
1401 5784 1436 5840 p.
1454 5763 1527 5822 478.
