4410 6406
405 311 470 374 270
698 317 878 374 GERHOHI
900 317 1134 374 PRAEPOSI'I'I
1156 315 1565 372 REICHERSBERGENSIS
1589 316 1754 372 LIBELLI.

753 507 812 561 (bd.
828 511 851 560 l.
1575 507 1652 560 Godd.
1672 510 1697 559 2.
1717 510 1742 558 3.

403 613 472 658 rem
498 602 529 658 te
552 592 630 658 mihi
663 590 832 674 exhibeas,
863 591 1031 657 adiuratus
1055 603 1087 657 et
1110 591 1203 657 obse·
1256 591 1391 656 multas:
1416 601 1642 657 verumtamen
1665 615 1730 657 non
1758 590 1800 656 ab
1824 589 2064 656 aecclesiarum

403 710 510 764 cratus
526 698 703 786 perillum,
727 722 747 764 a
762 722 826 786 quo
842 697 902 763 tibi
918 709 968 764 est
986 721 1027 763 ea
1043 721 1106 787 que
1117 721 1202 785 ‘rogo
1256 697 1483 764 fundatoribus
1507 696 1698 784 exigendas,
1721 721 1783 764 nec
1800 698 1935 763 omnino
1957 695 2002 760 ab
2019 698 2066 760 eis

403 805 546 870 faciendi
569 803 768 892 possibilitas
777 816 801 869 ⁸.
1257 804 1477 891 recipiendas,
1508 805 1571 868 nisi
1595 804 1793 886 voluntarie,
1824 827 1890 869 non
1922 825 1986 891 per
2009 825 2066 867 ex-

428 919 613 976 EXPLICIT
637 919 877 978 OPUSCULUM
900 921 956 977 AD
980 920 1179 976 ΑΒΒΑΤΕΜ.
1228 927 1231 998 Ι
1257 912 1429 993 actionem,
1453 910 1512 976 sed
1535 933 1595 998 per
1610 911 1817 978 devotionem
1834 911 1977 976 offerant
1997 933 2097 975 ease

561 1017 696 1083 Habent
719 1019 806 1083 enim
829 1019 977 1106 episcopi
1000 1018 1143 1083 decimas
1168 1029 1200 1083 θῖ
1223 1028 1330 1082 curtes
1354 1040 1394 1082 ac
1409 1017 1514 1100 villas,
1540 1017 1813 1105 quemadmodum
1837 1017 1916 1082 olim
1941 1018 2066 1082 levitae

562 1123 727 1190 habebant
750 1123 895 1190 decimas
919 1135 951 1190 θῖ
974 1126 1124 1190 civitates
1148 1147 1222 1190 cum
1239 1123 1435 1189 suburbanis
1458 1122 1502 1188 ad
1520 1124 1632 1188 altaris
1655 1125 1871 1189 ministerium
1887 1134 1981 1189 caste
2007 1123 2066 1188 ad-

562 1230 778 1318 implendum3
803 1230 862 1296 sed
884 1232 1001 1296 mirum
1026 1230 1186 1319 estquod
1209 1230 1359 1312 dicimus,
1384 1230 1426 1295 ad
1442 1230 1563 1317 placita
1586 1229 1747 1296 secularia
1769 1241 1802 1294 et
1825 1229 1922 1296 huius
1947 1229 2065 1296 mundi

563 1339 705 1424 negotia,
735 1347 875 1424 pascunt
897 1338 1088 1424 semetipsos
1112 1338 1258 1424 episcopi
1282 1336 1323 1402 de
1346 1335 1555 1402 facultatibus
1579 1335 1836 1424 episcopalibus:
1869 1349 1901 1402 ct
1926 1337 2066 1402 aliunde

562 1455 691 1530 pastum
714 1445 852 1531 exigtmt
874 1446 908 1509 in
923 1445 1002 1532 ipsis
1027 1445 1213 1508 ministeriis
1230 1442 1481 1531 episcopalibus,
1507 1444 1683 1510 aecclesias
1700 1465 1903 1526 consecrare,
1922 1443 2066 1509 clericos
2086 1469 2110 1508 ιθ

562 1550 723 1633 ordinare,
748 1550 940 1616 christianos
964 1553 1157 1638 consignare
1180 1552 1322 1637 pertinet
1345 1550 1388 1615 ad
1411 1549 1554 1616 officium
1578 1550 1779 1637 episcopale3
1809 1550 1972 1632 decimae,
1996 1551 2065 1637 pri-

560 1658 682 1740 mitiae,
707 1679 766 1722 seu
790 1668 918 1722 ceterae
942 1657 1113 1723 facultates
1137 1657 1380 1722 ecclesiasticae
1404 1657 1445 1722 ad
1469 1656 1531 1722 hec
1555 1657 1698 1722 officium
1720 1655 1842 1722 debent
1865 1659 2066 1744 episcopum

562 1773 753 1846 sustentare,
782 1774 879 1850 atque
903 1763 977 1828 ideo
1001 1763 1098 1830 suntb
1122 1785 1165 1828 ex
1188 1761 1298 1828 debito
1323 1762 1538 1850 requirendae
1561 1764 1595 1828 in
1618 1786 1713 1828 usum
1737 1764 1882 1850 episcopi
1906 1774 1942 1828 et
1966 1763 2065 1828 cleri-

562 1893 673 1935 corum
691 1871 935 1958 cooperantium
959 1869 1016 1935 illi.
1052 1869 1088 1936 Si
1104 1870 1184 1958 quid
1202 1870 1287 1936 ultra
1310 1871 1453 1956 exigitur
1475 1871 1509 1934 in
1525 1869 1815 1934 amministratione
1838 1869 2065 1956 spiritualium

562 1975 753 2059 officiorum,
783 1975 875 2063 lepra
899 1975 993 2042 Giezi
1025 1977 1236 2059 contrabitur,
1265 1978 1359 2042 etin
1385 1976 1442 2042 tali
1472 1976 1761 2042 amministratione
1791 1999 1857 2041 non
1880 1976 1968 2059 Deo,
2000 1976 2065 2042 sed
2085 2001 2109 2041 u

562 2104 766 2147 mammonae
790 2084 940 2148 servitur.
975 2082 1072 2148 Unde
1088 2082 1254 2148 laudanda
1269 2093 1319 2148 est
1340 2105 1447 2170 papae
1463 2082 1602 2148 Honorii
1625 2105 1765 2148 censura
1786 2083 1977 2166 iustissima,
2002 2084 2064 2170 qui

563 2189 718 2254 Ottonem
734 2188 1035 2254 Halverstatensem
1052 2189 1174 2255 (lictum
1191 2190 1380 2277 episcopum
1396 2189 1546 2277 deposuit
1562 2199 1594 2254 et
1610 2191 1834 2276 symoniacum
1854 2190 1922 2254 suis
1940 2189 2063 2255 litteris

561 2294 742 2382 publicavit
753 2299 774 2376 ¹,
805 2318 864 2382 pro
888 2318 927 2360 eo
952 2295 1040 2383 quod
1066 2297 1100 2361 in
1124 2298 1367 2361 consecratione
1392 2295 1561 2361 cuiusdam
1591 2296 1795 2361 aecclesiae¹
1817 2294 1878 2361 sub
1902 2307 2062 2383 pretentu

562 2403 688 2467 servitii
718 2403 887 2467 convictus
917 2412 967 2468 est
995 2404 1169 2489 pecuniam
1200 2403 1361 2490 exegisse.
1407 2403 1521 2489 Igitur,
1552 2425 1653 2468 ovos
1677 2425 1800 2484 omnes,
1825 2401 1945 2489 quibus
1978 2403 2062 2468 dicit

562 2530 717 2595 sponsus:
753 2509 864 2596 Cupite
894 2512 984 2576 nobis
1013 2511 1122 2597 vulpes
1144 2511 1305 2596 parvulae
1334 2534 1393 2597 qna
1423 2511 1633 2575 demoliuntur
1663 2513 1790 2591 vineas,
1820 2510 1928 2596 capite
1961 2510 2061 2574 istam
2082 2537 2107 2574 so

562 2615 694 2703 vrdpem
717 2616 970 2680 vetustissimam
993 2626 1149 2703 tempore,
1178 2615 1237 2680 sed
1260 2637 1390 2702 semper
1411 2638 1530 2680 novam
1553 2638 1640 2680 nova
1661 2615 1812 2681 fraudum
1836 2617 2059 2703 reparatione.

562 2720 721 2808 Separate
744 2743 803 2786 vos
834 2720 876 2786 ab
900 2722 1047 2786 oratoriis
1078 2744 1138 2808 per
1164 2721 1372 2786 manifestam
1401 2722 1499 2810 pretii
1528 2723 1723 2809 pactionem,
1754 2745 1814 2809 per
1836 2722 1977 2788 indebiti
2001 2721 2060 2788 ob·

560 2829 666 2915 sequii
690 2828 895 2893 exactionem
919 2851 985 2893 non
1009 2839 1075 2892 tam
1092 2829 1290 2893 consecratis
1307 2850 1406 2916 quam
1422 2829 1594 2896 execratis.
1633 2829 1717 2893 Nam
1741 2830 1770 2893 si
1792 2828 1873 2894 tales
1898 2828 2065 2898 ecclesias.

560 2957 620 3022 pro
644 2935 843 2999 consecratis
867 2933 1059 3000 aecclesiisl
1083 2932 1255 3016 habebitis,
1279 2935 1426 3000 Romane
1450 2934 1521 3000 sedi
1550 2932 1776 3000 inobedientes
1800 2936 1900 3000 eritis.
1948 2936 2059 3001 Docet

561 3041 648 3105 enim
664 3039 854 3106 Alexander
869 3063 956 3128 papa
972 3040 1146 3124 secundus,
1167 3051 1203 3106 ut
1225 3043 1291 3106 iam
1307 3065 1406 3128 supra
1422 3042 1605 3107 notavimus
1616 3045 1638 3122 ³,
1662 3040 1840 3106 aecclesias
1856 3061 1916 3128 per
1931 3043 2057 3127 pactio-
2076 3069 2102 3108 as

560 3169 635 3213 nem
665 3147 768 3234 precii
798 3158 1006 3213 consecratas
1035 3169 1101 3211 non
1131 3158 1199 3213 tam
1222 3157 1428 3213 consecratas
1456 3170 1554 3235 quam
1581 3158 1752 3212 execratas
1782 3169 1865 3230 esse,
1896 3170 1937 3213 ac
1968 3147 2057 3212 nullo

560 3252 656 3318 modo
686 3276 746 3341 pro
777 3253 945 3319 aecclesiis
976 3251 1154 3319 habendas.
1201 3253 1293 3319 Idem
1322 3255 1356 3318 in
1384 3253 1546 3319 aecclesia
1568 3251 1838 3319 Constantiniana
1868 3264 2000 3319 centum
2023 3265 2057 3319 θῖ

560 3360 699 3447 amplius
728 3360 955 3446 episcoporum
986 3359 1147 3447 synodum
1175 3358 1345 3425 celebrans
1369 3359 1586 3447 vulpeculam,
1610 3359 1652 3424 de
1676 3383 1741 3446 qua
1763 3359 1928 3447 loquimur
1949 3359 2055 3426 tribus

559 3468 722 3553 percussit
750 3465 879 3532 ictibus.
925 3465 1009 3531 Nam
1040 3467 1160 3553 legitur
1189 3468 1274 3532 inter
1296 3476 1406 3532 cetera
1434 3465 1520 3530 illius
1551 3465 1680 3532 concilii
1711 3465 1893 3554 capitulat:
1925 3469 1965 3534 Ut
1986 3493 2054 3534 oec-

560 3576 658 3641 olesio
681 3588 710 3640 et
731 3575 851 3639 altaria
874 3599 929 3638 nec
952 3574 1138 3654 vendantur,
1168 3599 1223 3640 nec
1250 3588 1410 3639 emantur:
1438 3588 1467 3639 et
1488 3576 1547 3660 qni
1567 3574 1680 3639 amodo
1704 3574 1905 3640 vendiderint
1929 3575 1978 3640 nel
1999 3577 2059 3661 qni
2073 3601 2098 3640 su

560 3683 691 3747 emerint
720 3681 914 3746 anathenoti
940 3683 1151 3746 mbrhcebnnt.
1203 3680 1304 3745 Item:
1336 3681 1376 3745 Ut
1397 3681 1567 3746 accclm'rsc
1583 3705 1646 3768 per
1662 3682 1811 3767 precium
1838 3681 1889 3746 vel
1910 3707 1931 3745 a
1952 3706 2054 3768 syrno-

561 3789 666 3852 niocis
695 3801 891 3852 cmwecratce
916 3787 1017 3852 denuo
1040 3802 1265 3853 cornecrentnr.
1311 3785 1410 3850 Item:
1442 3787 1481 3851 Ut
1495 3789 1679 3876 presbyteri
1698 3812 1719 3852 a
1743 3801 1878 3874 ternpore
1900 3786 2058 3852 Nicdclni

554 3918 664 3980 popae
687 3918 784 3979 iisqne
806 3918 889 3958 nnnc
912 3908 940 3958 et
963 3893 1109 3980 deinceps
1130 3897 1263 3959 scienter
1282 3893 1464 3958 ordinatio
1479 3895 1681 3981 symoniacis,
1710 3896 1867 3959 scientae
1890 3893 1977 3959 esseb
2002 3895 2053 3959 de-

553 4003 686 4087 positos.
733 3998 971 4064 Huiuscemodi
985 3997 1249 4086 percussionibus
1265 3998 1398 4086 plagata
1420 3999 1486 4064 iam
1501 3998 1676 4085 vulpecula
1690 4009 1818 4085 poterat
1832 3998 1940 4064 videri
1962 4001 2053 4087 peni-

559 4116 611 4170 tus
640 4105 821 4188 interfecta,
853 4105 917 4170 nisi
940 4105 1028 4192 quod
1051 4107 1123 4191 ipsa
1146 4115 1195 4170 est
1223 4105 1360 4170 fortasse
1390 4105 1446 4170 illa
1468 4103 1584 4187 bestia,
1613 4105 1653 4170 de
1679 4127 1744 4193 qua
1766 4105 1885 4191 legitur
1907 4107 1941 4170 in
1964 4105 2052 4192 Apo·
2071 4132 2096 4173 ss

559 4211 702 4298 calypsi:
737 4211 830 4290 Quod
857 4213 948 4278 habet
962 4213 1098 4299 papam
1125 4213 1236 4300 gladii
1262 4227 1290 4278 et
1318 4215 1407 4277 cinit.
1454 4210 1597 4276 Arriana
1619 4213 1719 4298 pestis
1742 4211 1797 4276 vel
1820 4212 1885 4276 alia
1908 4210 2053 4299 quelibet

560 4317 683 4382 heresis
708 4329 784 4382 tunc
809 4328 857 4382 est
881 4319 1026 4383 extincta
1052 4339 1112 4405 per
1133 4317 1265 4405 plagam
1289 4317 1401 4404 gladii,
1425 4340 1499 4382 cum
1523 4317 1700 4404 dampnata
1723 4328 1756 4383 et
1779 4318 2053 4384 anathematizata

560 4434 610 4488 est
639 4423 761 4489 iudicio
792 4424 952 4511 synodali.
999 4425 1157 4512 Symonia
1179 4446 1268 4506 vero,
1293 4425 1442 4512 quamvis
1472 4423 1582 4511 gladio
1613 4424 1828 4490 anathematis
1858 4447 1924 4490 non
1951 4425 2052 4490 semel

559 4553 726 4618 percussa,
757 4540 866 4595 tamen
889 4530 996 4596 adhuc
1019 4531 1112 4612 vivit,
1137 4532 1215 4617 quia
1236 4531 1335 4618 plaga
1363 4533 1475 4596 mortis
1501 4533 1570 4596 eius
1601 4554 1661 4618 per
1690 4531 1751 4596 hoc
1774 4530 1905 4596 videtur
1928 4542 2051 4613 curata,

560 4635 649 4724 quod
679 4637 777 4701 etiam
808 4659 828 4700 a
856 4625 1017 4726 religiosis
1049 4635 1244 4723 quibusdam
1278 4639 1480 4725 recipiuntur
1512 4637 1759 4704 manifestorum
1789 4639 2051 4724 symoniacorum
2069 4665 2096 4704 so
2158 4707 2159 4710 ,

560 4753 775 4825 sacramenta,
806 4741 884 4807 licet
907 4765 927 4807 a
949 4743 1104 4807 Romanis
1134 4742 1342 4830 pontificibus
1368 4755 1525 4830 tanquam
1549 4767 1604 4809 ore
1627 4745 1730 4830 ipsius
1753 4745 1843 4810 Petri
1866 4744 2051 4810 multotiens

505 4903 533 4969 a)
554 4907 639 4958 eodem
656 4925 735 4958 marin
753 4907 814 4958 odd.
830 4910 858 4958 l:
879 4914 1037 4974 ceteraque
1055 4915 1187 4959 secuntur
1205 4910 1240 4959 ad
1253 4910 1411 4975 episcopum
1424 4908 1712 4960 Hildinisbeimensem
1725 4909 1828 4975 scripta
1841 4914 1913 4959 sunt.
1942 4907 2052 4976 &qum

296 4977 301 4982 ι
394 4995 515 5061 soilli.
530 4996 634 5062 praebet
650 4995 724 5047 initio
742 4996 829 5048 uerbo:
852 4996 932 5048 Unde
953 5013 1084 5048 accensus
1110 4995 1220 5063 (pili,
1240 4999 1257 5049 l.
1272 4993 1317 5058 26)
1340 5022 1373 5031 —
1399 4998 1551 5048 introduxit
1576 4995 1666 5063 (snm
1680 4998 1783 5063 ntia,
1804 4999 1821 5048 1.
1836 4993 1889 5059 33),
1915 4997 2005 5048 danda
2023 5015 2052 5049 en

396 5094 470 5150 parte
493 5085 523 5136 in
547 5085 598 5138 loco
622 5101 687 5146 roeo,
711 5101 742 5136 ea
755 5093 831 5150 parte
854 5085 883 5136 in
908 5085 1020 5152 macine
1044 5087 1173 5151 suppleta:
1200 5086 1280 5148 Quod
1307 5087 1365 5137 eius
1390 5086 1493 5137 tactum
1518 5083 1554 5151 (p.
1569 5087 1628 5147 2⁷2,
1648 5081 1725 5147 tas)
1744 5111 1777 5120 -
1797 5086 1894 5138 Amen.
1932 5085 2052 5153 &pitin

392 5174 567 5240 mamam
585 5173 701 5239 ennae
716 5172 825 5225 aean
842 5173 877 5224 au
895 5173 1060 5226 manna
1078 5175 1151 5240 ipae
1171 5174 1406 5226 Ειωθῖθθθθθη
1423 5175 1519 5237 mem,
1538 5175 1604 5241 aas
1621 5173 1701 5226 eant
1718 5173 1816 5236 rasin,
1837 5171 2049 5242 ‘niceana’
2068 5187 2096 5228 n

406 5263 447 5324 rr,
463 5281 492 5328 p.
506 5264 567 5314 aes.
639 5259 668 5326 θ)
689 5262 756 5314 aar
774 5265 798 5314 s.

508 5389 537 5460 l)
562 5389 720 5459 A.1128;
744 5391 784 5462 cs.
809 5389 986 5460 Bernhardi,
1005 5389 1127 5446 ‘Lotdar
1148 5411 1174 5447 n.
1198 5390 1403 5468 Supplinbury'
1422 5411 1457 5467 p.
1475 5390 1550 5461 212,
1573 5389 1620 5447 nbi
1641 5393 1716 5448 bnis
1738 5399 1834 5448 noster
1855 5410 1913 5448 non
1937 5409 2051 5448 comme·

399 5505 535 5555 morntstr.
628 5493 659 5565 2)
685 5495 752 5553 Scit.
776 5496 936 5554 Dusnentia
959 5491 1216 5572 (Bacchanal),
1240 5516 1313 5574 pirae
1336 5497 1463 5556 coenobio
1487 5497 1749 5554 Kattenbrnnnensi
1771 5497 1841 5555 dioc.
1866 5497 2049 5554 Halterstad.

397 5602 519 5660 subiecti
540 5610 611 5660 erat.
647 5602 682 5658 A.
699 5602 792 5659 1135.
811 5600 920 5661 Ottonis
941 5621 1085 5660 maceror
1100 5605 1199 5662 electus
1215 5611 1263 5674 cst,
1288 5604 1381 5661 eodem
1397 5623 1451 5680 qno
1468 5601 1585 5662 Gmhoh
1607 5603 1725 5660 libellam
1748 5611 1875 5661 nostum
1890 5602 2049 5678 omnposnit.

400 5707 430 5778 3)
452 5709 485 5766 V.
504 5728 538 5784 p.
557 5707 631 5764 268.
723 5708 754 5778 4)
780 5707 840 5773 Qui
861 5727 983 5767 canones
1005 5708 1114 5782 synodi,
1138 5717 1170 5766 at
1190 5708 1308 5779 videtur,
1332 5728 1361 5765 a.
1382 5708 1476 5765 1063.
1500 5709 1574 5767 inter
1597 5709 1684 5767 editos
1705 5728 1763 5766 non
1786 5708 1975 5768 investiantur.
2067 5724 2095 5764 ao
