4568 6428
467 409 510 473 20
835 415 1028 473 EPISTOLA
1051 419 1103 473 DE
1126 417 1399 474 SAORAMENTIS
1424 417 1753 474 HAERETICORUM.

466 603 607 668 stinus¹:
633 603 707 670 Sioe
731 607 764 670 in
779 605 885 670 heresi
905 607 955 670 ccl
966 607 1111 670 scismate
1133 607 1301 690 quosquam
1325 608 1359 670 ia
1381 608 1505 670 nomine
1521 605 1630 670 Patres
1652 619 1680 670 et
1696 603 1785 670 Filii
1804 619 1832 670 ct
1847 603 1989 692 Spiritus
2011 609 2121 672 sancti

466 713 619 799 baptimi
629 726 857 776 sacramentum
871 715 1037 800 acceperit,
1061 715 1214 800 intepretes
1236 725 1464 776 sacramentam
1479 715 1609 798 accepit,
1631 711 1690 777 ssd
1709 712 1852 793 salutem,
1876 736 1934 798 qee
1956 728 2001 778 est
2015 716 2120 779 virtus

464 821 664 899 sacramenti,
686 842 749 884 ooo
771 818 905 900 tabehel,
927 821 961 884 si
979 833 1068 884 aetra
1092 820 1254 884 oscharam
1270 819 1456 883 catholicam
1473 821 1577 905 ipsam
1596 833 1826 884 sacramentam
1841 820 1992 885 labuerit.
2024 819 2120 906 Ergo

465 923 539 990 ideo
563 923 662 989 debet
685 923 727 988 ad
750 924 923 990 ecelesiam
946 925 1063 1007 redire,
1088 947 1153 990 non
1175 935 1211 989 ut
1234 935 1473 990 sacramentum
1496 923 1650 1011 baptismi
1674 925 1791 990 iterum
1814 927 1965 1012 accipiat,
1997 927 2057 992 sed
2081 938 2120 991 ut

465 1032 498 1095 in
522 1033 677 1096 sacietate
707 1029 869 1096 catholica
897 1032 1002 1096 vitam
1026 1042 1171 1096 eternam
1201 1033 1352 1119 accipiat,
1384 1030 1427 1096 ed
1458 1053 1556 1118 quam
1579 1029 1789 1096 obtinendam
1811 1055 1979 1118 nunquam
2008 1044 2156 1120 potesta

465 1160 537 1202 esse
560 1138 707 1220 idoneus,
732 1140 787 1226 qui
811 1161 885 1204 cum
901 1149 1104 1204 sacramente
1128 1137 1333 1225 baptismatis
1357 1136 1399 1203 ab
1416 1137 1578 1204 aecclesia
1594 1136 1756 1204 catholica
1771 1139 1963 1204 remanserit
1978 1139 2117 1205 alienus.

368 1264 445 1305 *sset
464 1243 546 1309 Item
562 1244 765 1332 Augustinus
788 1229 842 1310 'tle
865 1246 962 1310 unico
985 1243 1147 1332 baptismo
1158 1250 1186 1310 ²:
1211 1245 1353 1332 Spiritus
1368 1261 1493 1311 sanctm
1507 1246 1635 1332 quidem
1652 1249 1686 1310 in
1700 1246 1770 1310 sole
1785 1247 1939 1312 catholica
1961 1249 2119 1314 aecclesia

457 1377 521 1440 per
544 1377 655 1418 manus
677 1355 897 1440 inpositionem
920 1353 1145 1418 discordare
1178 1353 1249 1418 Hoc
1272 1354 1412 1440 intelligi
1432 1356 1568 1418 maiores
1583 1353 1748 1417 coiecerunt
1768 1352 1855 1438 quod
1875 1355 1923 1418 ait
1937 1357 2119 1440 apostolus:

322 1478 445 1528 nomes.
464 1459 611 1524 ‘Karitas
634 1459 702 1524 Dei
721 1459 842 1547 diffusa
865 1475 910 1525 est
931 1463 966 1524 in
988 1459 1137 1524 cordibae
1159 1463 1275 1525 neseis
1290 1485 1354 1546 per
1378 1459 1536 1546 Spiritum
1558 1474 1708 1540 saacmm,
1740 1462 1799 1546 qai
1819 1459 1912 1524 dates
1941 1476 1986 1527 est
2014 1464 2115 1528 nobis.

318 1585 443 1635 emens.
463 1565 579 1630 Frater
608 1565 741 1648 dilecte,
773 1567 800 1630 si
829 1565 908 1630 loris
939 1577 988 1630 est
1017 1589 1126 1631 ramus
1156 1565 1277 1649 olivae,
1308 1567 1400 1631 novit
1429 1565 1580 1632 columba
1610 1565 1773 1652 quomedo
1803 1589 1878 1631 eum
1907 1577 2052 1654 reportet
2081 1568 2118 1632 in
2140 1596 2168 1635 ιο

463 1673 606 1755 archam,
630 1675 708 1759 quia
730 1675 799 1738 sive
824 1675 966 1738 scienter
981 1675 1050 1738 aive
1074 1673 1263 1759 ignoranter
1278 1675 1351 1760 quis
1368 1672 1410 1738 ab
1431 1673 1583 1738 hereticis
1599 1671 1793 1760 baptizetur,
1818 1673 1959 1760 Spiritus
1982 1687 2117 1740 sanctus

464 1802 538 1844 enm
561 1802 718 1844 revocare
742 1780 784 1845 ad
806 1781 973 1864 unitatem,
1004 1782 1038 1844 in
1061 1803 1128 1867 qua
1149 1791 1274 1844 tantum
1298 1780 1384 1846 salus
1414 1791 1472 1864 est,
1503 1803 1569 1845 non
1597 1779 1745 1866 negligit,
1776 1781 1803 1844 si
1834 1780 1895 1846 hoc
1926 1780 1968 1846 ad
1997 1803 2116 1869 pacem

462 1887 594 1953 unitatis
618 1887 780 1973 perficere
805 1888 971 1974 prescivit.

309 2012 444 2064 rerem.
569 1993 608 2058 In
631 1992 791 2076 omnibus,
816 2017 879 2082 que
903 1994 1030 2059 caritati
1054 2005 1129 2058 tuae
1153 1995 1279 2080 scripsi,
1303 1995 1349 2058 ita
1379 2017 1481 2082 aquas
1509 1997 1590 2060 inter
1612 1995 1750 2060 mediam
1774 1998 1924 2060 merciam
1946 2005 2110 2082 pertrans-

369 2112 576 2166 n.1s.euntes
606 2111 772 2166 mansuete
803 2112 933 2166 secutus
956 2123 1043 2182 sum,
1074 2101 1120 2165 ita
1150 2099 1304 2166 humilem
1334 2103 1372 2167 de
1402 2103 1505 2168 medio
1532 2117 1696 2190 petrarum
1719 2100 1796 2166 dedi
1819 2123 1945 2184 vocem,
1975 2113 2011 2166 ut
2034 2113 2115 2166 tam-
2137 2129 2163 2169 rs

306 2227 360 2267 me.
369 2227 401 2278 ιο,
409 2228 443 2268 ss.
462 2231 560 2295 quam
583 2206 689 2272 fidelis
713 2217 746 2271 et
768 2206 905 2272 devotus
928 2207 1065 2272 duorum
1088 2207 1294 2273 denariorum
1319 2205 1560 2273 aSamaritano
1576 2217 1706 2272 nostrae
1726 2207 1906 2272 infirmitati
1921 2207 2115 2273 traditorum

461 2313 625 2378 fenerator
648 2314 822 2394 extiterim,
846 2311 973 2378 duobus
996 2315 1198 2378 testamentis
1220 2312 1362 2379 fideliter
1384 2313 1537 2379 inherens
1560 2326 1746 2380 sanctorum
1770 2325 1898 2401 patrum
1921 2314 2115 2380 tractatibus

463 2420 674 2504 concordans,
691 2443 857 2486 sacrorum
873 2419 1084 2486 conciliorum
1100 2421 1240 2487 decretis
1257 2432 1291 2487 et
1305 2419 1485 2486 canonibus
1501 2443 1560 2508 per
1576 2423 1685 2486 amnia
1699 2422 1916 2505 consentiens,
1932 2421 2115 2488 aecclesiae

462 2528 640 2592 unitatem·
667 2527 786 2593 devota
809 2528 942 2592 caritate
967 2527 1176 2614 amplectens.
1224 2529 1317 2594 Vale.
1365 2526 1448 2593 Cum
1472 2549 1592 2614 magna
1621 2527 1812 2593 valitudinis
1835 2529 1955 2593 iniuria
1985 2530 2114 2594 caritati

462 2645 538 2700 tuae
562 2633 597 2698 id
619 2633 778 2700 tantillum
802 2635 927 2721 scripsi,
952 2637 1021 2700 sine
1046 2636 1226 2722 preiudicic
1250 2637 1410 2702 maiorum
1435 2637 1504 2700 sive
1528 2635 1698 2701 meliorum
1721 2637 1791 2700 sive
1816 2635 1993 2702 doctorum.
2134 2663 2161 2703 so

571 2850 598 2915 a)
619 2870 739 2920 superer.
758 2871 779 2905 c.

573 3035 603 3107 1)
621 3036 763 3114 Falqmtii
784 3037 828 3094 lit.
846 3039 880 3094 dc
895 3037 958 3116 fide
977 3040 1019 3096 ad
1032 3039 1147 3096 Petram
1171 3057 1193 3095 c.
1212 3039 1240 3108 3,
1265 3034 1353 3112 543,
1378 3039 1494 3115 Aupust.
1518 3057 1583 3113 opp.
1608 3038 1651 3094 ed.
1668 3036 1776 3094 Bened.
1800 3036 1848 3108 VI,
1865 3056 1933 3114 app.
1951 3039 2002 3095 cel.
2021 3035 2060 3094 27
2073 3037 2112 3094 Ε.

466 3141 496 3210 2)
521 3142 567 3200 De
588 3143 724 3220 baptismo
746 3153 847 3202 centra
869 3144 1037 3204 Donatistae
1060 3146 1116 3216 III,
1141 3165 1164 3203 c.
1184 3145 1234 3216 16,
1258 3141 1346 3219 521,
1371 3145 1414 3202 ed.
1439 3145 1546 3202 Bencd.
1572 3144 1626 3214 IX,
1657 3145 1707 3200 col.
1728 3143 1838 3201 1160.
