4410 6406
572 387 624 441 DE
648 385 986 444 INVES'l'IGATIONE
1010 386 1264 444 ANTICHRISTI
1286 389 1321 443 L.
1337 387 1362 443 1.
1738 379 1802 442 313

134 573 289 660 populis:
320 599 410 640 uoces
434 575 501 640 Dei
527 588 556 640 et
584 598 645 638 non
676 575 824 655 hominia
851 572 949 655 unde,
974 575 1052 660 quia
1074 597 1140 639 non
1164 574 1310 640 dedisset
1337 574 1491 639 honorem
1514 575 1598 656 Deo,
1629 573 1803 639 insanabili
1822 597 1956 647 aarum

135 679 242 768 plaga
265 702 440 767 percussus
464 678 629 745 vermibus
653 690 783 744 scatens
807 680 998 766 exspiravit.
1045 679 1101 746 Sic
1126 703 1203 767 ergo
1227 691 1260 745 et
1282 681 1365 746 forte
1381 680 1602 745 Antichristus
1625 680 1802 766 intemplo

137 787 253 874 aliquo
276 811 376 852 manu
399 788 487 853 facto
512 785 649 870 sedebit,
673 786 716 852 ad
737 796 848 851 cetera
863 809 941 851 vero
965 787 1087 874 templa
1109 789 1262 873 imaginis
1286 810 1365 852 suae
1390 787 1608 853 statunculum
1631 789 1746 870 mittet,
1767 797 1803 852 ut

136 893 317 982 impleatur
347 895 436 983 qnod
467 894 589 959 dictum
620 904 669 958 est
698 915 758 980 per
783 892 958 958 Danielem
988 893 1181 980 prophetam
1212 904 1244 958 et
1274 893 1362 980 quod
1392 894 1426 958 in
1456 893 1627 980 euangelio
1658 893 1699 959 ab
1730 896 1802 980 ipso
1821 919 1980 968 monnau.

100 1023 117 1062 s
137 1000 286 1066 Domino
309 1001 493 1089 predictum
518 1011 576 1082 est,
601 1009 757 1064 staturam
782 997 1079 1064 abhominationem
1103 999 1313 1065 desolationis
1337 1002 1370 1065 in
1387 1001 1508 1087 templo
1524 1000 1586 1083 rel,
1604 1001 1692 1088 quod
1714 1001 1802 1066 idem
1823 1025 1972 1076 maran.

140 1119 203 1188 est,
228 1109 262 1173 in
284 1106 356 1174 loco
380 1119 494 1173 sancto
518 1108 588 1171 sive
611 1105 668 1171 ubi
691 1129 757 1171 non
780 1105 889 1170 debet.
924 1106 979 1171 Ad
1002 1105 1092 1193 quod
1115 1108 1214 1171 etiam
1237 1109 1401 1193 pertinere
1425 1109 1497 1194 quis
1521 1107 1604 1173 forte
1628 1106 1802 1173 arbitretur

141 1214 254 1296 *illud,
278 1215 367 1301 quod
389 1214 430 1280 de
454 1213 561 1279 bestia
589 1213 646 1276 illa
677 1213 742 1277 alia
771 1213 970 1278 aseendente
1000 1212 1041 1276 de
1071 1223 1159 1277 terra
1188 1215 1222 1278 in
1246 1208 1439 1301 apocalypsi
1461 1213 1616 1290 Iohannis
1646 1215 1802 1301 scriptum
1820 1204 1947 1307 2¹25}ssst

142 1331 204 1402 est,
229 1321 382 1408 quoniam
405 1321 505 1386 faeiat
528 1342 640 1385 omnes
669 1318 853 1384 habitantes
884 1321 918 1383 in
940 1329 1028 1384 terra
1050 1317 1187 1384 adorare
1211 1318 1350 1384 bestiam
1372 1322 1512 1407 primam
1535 1330 1568 1385 et
1590 1321 1699 1386 facere
1722 1322 1801 1386 ima-

142 1427 256 1512 ginem
273 1426 414 1510 bestiae,
440 1428 531 1492 euius
554 1425 653 1513 plaga
683 1427 795 1490 mortis
819 1437 932 1491 curata
956 1436 1014 1490 est.
1059 1426 1104 1490 Et
1131 1449 1189 1490 nos
1213 1426 1345 1512 quidem
1369 1426 1427 1491 tali
1450 1428 1587 1493 sessioni
1609 1427 1803 1493 Antichristi

90 1559 121 1596 ro
143 1535 179 1597 in
195 1533 315 1621 templo
331 1556 431 1598 mann
445 1533 533 1598 facto
550 1556 615 1598 non
632 1533 894 1615 contradicimus,
919 1532 978 1597 sed
994 1532 1257 1618 adimpletionem
1280 1533 1471 1619 prophetiae
1495 1535 1714 1599 necessariam
1736 1558 1803 1600 non

144 1641 345 1704 estimamns.
390 1641 523 1705 Etenim
546 1650 582 1704 ut
605 1639 846 1726 adimpleantur
875 1638 918 1704 ad
944 1638 1084 1704 litteram
1116 1641 1298 1727 scripturae
1321 1639 1355 1705 id
1379 1641 1456 1705 satis
1480 1662 1551 1705 esse
1575 1652 1690 1727 potest,
1715 1641 1803 1729 quod

143 1746 239 1812 Philo
263 1747 371 1829 refert,
397 1757 543 1834 tempore
561 1745 638 1811 Gaii
654 1745 785 1810 Oesaris
808 1747 893 1810 inter
917 1756 1043 1811 ceteras
1067 1746 1269 1811 calamitates
1285 1748 1375 1833 genti
1391 1747 1566 1812 Iudeorum
1589 1748 1694 1813 illatas
1717 1749 1802 1814 acci·

143 1853 251 1918 disse:
275 1854 379 1919 Multa
395 1856 533 1941 quidem,
556 1855 662 1940 inquit
672 1858 693 1935 ¹,
718 1857 752 1918 in
771 1853 856 1919 Gaio
872 1869 941 1920 crat
962 1856 1254 1941 inpeniipravitas,
1279 1879 1341 1940 qna
1357 1880 1432 1942 erpa
1448 1880 1551 1920 onena
1566 1857 1715 1937 bornines,
1739 1871 1803 1921 tuns

137 1965 295 2049 proauiae
324 1987 400 2050 erpa
422 1961 593 2026 Iudeorurn
619 1975 736 2050 pentem
758 1963 930 2049 ferebatur
959 1976 988 2025 ct
1015 1962 1154 2048 speciali
1181 1961 1321 2047 qrtadorn
1350 1964 1467 2027 sevicia
1499 1963 1567 2027 loca
1597 1987 1713 2044 emunt,
1743 1988 1803 2050 que

95 2092 125 2131 rs
144 2068 269 2134 ‹Is-'uinis
291 2069 404 2134 baberet
425 2070 711 2155 supplicationibus
734 2082 924 2149 cottanorum,
948 2070 1106 2154 incipiens
1128 2069 1168 2132 ab
1192 2067 1396 2133 Aleaandria
1419 2068 1527 2156 ds'rspi
1547 2084 1575 2134 et
1596 2084 1705 2134 cenna
1725 2071 1801 2135 reli·

140 2177 268 2262 pionem
297 2200 473 2262 moremque
500 2177 602 2263 pestis
625 2176 811 2262 profanari
837 2176 931 2255 iubet,
960 2177 1072 2239 statuis
1099 2178 1167 2240 surb
1190 2189 1219 2240 et
1239 2177 1342 2262 st'pnis
1364 2201 1401 2240 aa
1424 2190 1515 2262 utque
1539 2179 1731 2264 imaginibus
1753 2201 1801 2242 re·

136 2283 244 2368 piens.
285 2282 448 2370 Templum
465 2306 585 2368 quoque
607 2296 732 2346 sanctae
755 2284 904 2361 civitatib,
928 2281 1014 2368 quod
1027 2282 1128 2346 solum
1152 2284 1297 2347 manebat
1319 2285 1411 2346 totitas
1422 2283 1587 2370 profanae
1609 2285 1803 2370 contapionis

143 2391 295 2453 intactum
323 2403 352 2453 et
377 2415 397 2454 a
426 2390 602 2453 maioribus
628 2387 862 2474 perduraverat
890 2389 1017 2468 asilum,
1048 2402 1237 2453 commutare
1267 2391 1302 2453 in
1332 2390 1479 2476 ternplum
1502 2392 1639 2476 proprii
1665 2392 1803 2455 nominis

142 2519 243 2560 ausin
265 2510 318 2576 est,
344 2511 376 2560 ut
398 2495 469 2561 edes
492 2495 579 2561 Iouis
602 2509 631 2560 et
652 2496 848 2560 nobilissimi
872 2498 950 2559 noui
970 2495 1026 2560 dei
1047 2495 1117 2560 Gai
1137 2509 1309 2559 vocaretur.
1356 2493 1515 2581 Iosephus
1539 2517 1667 2582 quoque
1696 2497 1730 2561 in
1753 2519 1802 2560 se-

95 2628 122 2666 so
143 2600 254 2665 cundo
277 2601 406 2666 Iudaici
428 2600 506 2666 belli
528 2599 612 2665 libro
636 2622 780 2665 consona
802 2599 932 2665 Philoni
963 2599 1110 2665 scribens
1141 2600 1258 2665 dicitu
1290 2601 1325 2666 Is
1354 2617 1466 2683 annm,
1497 2606 1557 2689 qni
1579 2606 1694 2668 missus
1716 2617 1761 2668 est
1782 2629 1803 2668 a

148 2708 286 2796 Tyberio
309 2711 344 2773 in
360 2708 492 2774 Iudeam
501 2723 695 2795 procurator
711 2707 846 2788 Pilutus,
869 2723 960 2772 noctu
983 2709 1102 2773 remeas
1125 2709 1298 2796 introferri
1311 2708 1494 2775 lerosolime
1512 2713 1667 2798 inopinos
1685 2714 1804 2776 cesarn's

143 2817 232 2880 *iubet
252 2841 290 2880 ac
312 2818 437 2910 statui.⁸
456 2814 549 2893 Quod
570 2817 628 2880 nbi
649 2815 717 2879 dies
740 2829 864 2879 sumtus
880 2829 924 2879 est
938 2839 1084 2902 nropnarn
1095 2816 1363 2901 perturbationem
1373 2816 1509 2902 populis
1528 2819 1677 2881 concitavit
1690 2817 1802 2882 ludeo-

144 2947 218 2985 rum
240 2923 433 3009 stupentibus
456 2937 484 2986 et
498 2923 697 3008 perturbatis
719 2921 766 2985 ad
786 2945 899 2985 nocant
915 2923 1042 3009 faciem
1065 2947 1180 2986 rerum.
1216 2920 1261 2986 Et
1284 2921 1345 2986 hec
1370 2920 1503 3008 quidem
1526 2920 1724 2987 abominatio
1748 2921 1802 2988 de-

145 3027 323 3110 solationis,
346 3029 553 3115 proximante
575 3028 641 3092 iam
665 3027 806 3091 civitatis
831 3037 864 3090 et
885 3027 998 3113 templi
1021 3027 1161 3109 excidio,
1186 3027 1359 3114 intemplo
1382 3037 1502 3092 statuta
1518 3039 1576 3111 est,
1594 3029 1802 3115 quemadmo-

94 3161 124 3200 ιο
146 3134 245 3199 dum·
261 3157 281 3198 a
296 3135 438 3200 Domino
464 3133 580 3198 eadem
603 3132 801 3198 abominatio
825 3132 1035 3199 desolationis
1058 3135 1154 3220 quasi
1178 3133 1301 3199 excidii
1316 3136 1557 3220 precursorium
1581 3137 1709 3221 signum
1733 3136 1802 3201 fore

146 3242 295 3328 predicta
315 3251 374 3324 est,
396 3252 432 3306 ut
455 3242 549 3328 signa
572 3241 716 3304 infausta
740 3251 771 3304 et
793 3238 962 3304 horribilia
984 3239 1205 3305 horribiliores
1229 3241 1450 3305 calamitatum
1474 3252 1507 3306 et
1530 3241 1652 3306 excidii
1667 3253 1802 3308 eventus

147 3359 362 3435 sequerentur
381 3349 533 3412 nimirum
549 3370 608 3434 pro
625 3346 754 3434 piaculo
777 3348 811 3411 in
828 3345 1008 3411 Salvator-is
1024 3369 1105 3412 nece
1130 3349 1312 3430 commisso,
1331 3371 1438 3434 quem,
1455 3347 1559 3413 electo
1576 3347 1638 3413 sibi
1654 3348 1802 3413 Barraba

145 3455 282 3538 latrone,
306 3453 519 3541 reprobantes
544 3454 777 3536 clamaverunt,
802 3464 877 3517 ante
900 3453 1019 3518 faciem
1042 3451 1157 3517 Pilati:
1182 3455 1254 3519 Non
1278 3456 1370 3537 bitrio,
1393 3456 1451 3520 sed
1472 3456 1653 3520 Barrabas.
1701 3446 1800 3520 Item:
1819 3479 1952 3529 rossano.

145 3563 221 3626 Non
244 3564 391 3628 babemus
413 3587 514 3649 repen
539 3564 607 3627 nisi
620 3587 757 3626 cesarem
780 3558 988 3646 quasirebus
1007 3561 1087 3646 ipsis
1104 3559 1268 3624 diceretur
1283 3561 1347 3624 eis:
1373 3560 1565 3626 ‘Seditionis
1581 3560 1675 3626 robis
1691 3573 1800 3626 aucto·
1821 3587 1936 3636 mian.

99 3695 128 3733 so
147 3691 216 3732 rem
244 3679 276 3732 et
304 3668 425 3733 cesaris
456 3667 566 3754 regale
597 3667 776 3732 dominium
805 3665 980 3753 reprobato
1012 3665 1124 3730 salutis
1156 3677 1286 3731 auctore
1321 3667 1480 3754 elegistis,
1512 3667 1724 3733 seditionibus
1754 3670 1801 3732 in-

146 3777 273 3839 testinis
298 3785 331 3839 et
352 3774 461 3861 gladio
486 3775 607 3838 cesaris
631 3773 804 3838 trademini
827 3771 1064 3859 disperdendi’.
1105 3773 1257 3860 Denique
1281 3773 1389 3860 palam
1414 3773 1537 3838 faciens
1561 3775 1722 3839 Dominus
1746 3774 1802 3838 ab·

147 3882 378 3947 ominationem
409 3880 618 3946 desolationis
649 3878 855 3944 statuendam
885 3880 920 3942 in
948 3879 1067 3965 templo
1097 3879 1291 3943 calamitatis
1323 3892 1472 3945 secutura
1503 3882 1631 3966 signum
1662 3883 1802 3946 existere

148 4011 222 4054 cum
252 3988 454 4074 premisisset
484 3987 597 4052 dicens
627 3985 796 4072 discipulis
827 3987 910 4049 suis:
940 3987 1017 4051 Cum.
1041 3987 1188 4051 cideritis
1210 3989 1471 4052 ebonn'notioncm
1501 3989 1713 4070 desolationis,
1745 4015 1803 4075 que
1821 4014 1978 4063 uicturam.

149 4096 233 4160 dista
258 4111 302 4160 est
323 4123 343 4159 a
367 4096 504 4160 Daniele
520 4094 689 4181 propbeta,
719 4108 848 4157 stanmn
879 4096 913 4158 in
938 4095 1142 4174 locosancto,
1172 4105 1411 4180 consequenter
1433 4093 1473 4158 de
1498 4094 1627 4159 excidio
1651 4105 1802 4159 secuturo

104 4228 130 4268 ss
150 4203 334 4288 premunitb
359 4201 488 4266 dicens:
518 4201 604 4265 Tunc
628 4202 742 4286 quiin
765 4199 866 4264 Indeu
889 4215 961 4264 sura
975 4201 1113 4288 sapiunt
1136 4204 1170 4264 in
1192 4215 1308 4265 montes
1338 4212 1370 4264 et
1394 4211 1512 4264 cetera.
1559 4201 1681 4265 Beatus
1705 4203 1803 4265 etiam

150 4308 360 4396 Hieronimns
383 4311 604 4372 asseverat⁰·³
626 4306 764 4371 Adriani
789 4317 971 4392 equestrem
996 4306 1158 4370 statuamtl
1180 4307 1213 4369 in
1238 4306 1353 4371 eodem
1377 4318 1489 4372 sancto
1516 4320 1700 4372 sanctorum
1731 4308 1803 4372 loco

150 4438 253 4501 usque
277 4415 321 4480 ad
343 4438 402 4480 sua
425 4415 554 4479 stetisse
577 4425 735 4499 tempora.
771 4411 855 4477 Oum
877 4414 987 4499 itaque
1012 4412 1053 4476 de
1077 4412 1318 4477 abominatione
1343 4413 1551 4478 desolationis
1575 4414 1746 4479 statuenda
1769 4416 1803 4479 in

150 4522 271 4609 templo
294 4522 466 4608 prophetia
488 4520 637 4586 Danielis
660 4518 862 4606 temporibus
886 4517 1023 4605 Tyberii
1046 4529 1078 4582 et
1103 4517 1167 4582 Gai
1192 4541 1305 4604 regum
1329 4519 1530 4584 sufficienter
1552 4520 1728 4608 adimpleta
1751 4523 1802 4601 sit,

152 4629 231 4714 quid
255 4651 388 4694 necesse
413 4639 462 4692 est
484 4627 749 4714 adimpletionem
766 4627 835 4690 eius
850 4626 1022 4690 litteralem
1043 4636 1189 4712 tempore
1205 4625 1398 4690 Antichristi
1422 4649 1482 4712 per
1496 4628 1683 4693 manufacta
1707 4631 1803 4693 simu-

107 4762 134 4800 n
151 4736 240 4800 lucra
263 4759 322 4800 seu
344 4736 595 4823 persuasionem
620 4733 705 4797 illins
724 4733 795 4797 *filii
812 4733 1003 4820 perditionis
1019 4731 1222 4796 materialem
1242 4733 1276 4796 in
1292 4733 1413 4819 templo
1429 4735 1589 4799 materiali
1605 4736 1803 4822 expectare?
1824 4762 1901 4812 ·p.1a.

153 4842 252 4923 Quod
273 4843 300 4907 si
324 4841 465 4908 obicitur
495 4839 589 4906 nobis
619 4840 662 4904 ad
685 4840 880 4905 Antichristi
909 4851 1057 4925 tempora
1079 4839 1244 4925 respicere
1269 4839 1356 4924 quod
1385 4841 1419 4903 in
1443 4840 1627 4928 apokalipsi
1651 4841 1804 4906 Iohannis
1822 4867 1974 4919 sponsans.

153 4951 308 5036 scriptum
332 4961 381 5014 est
405 4949 445 5012 de
469 4947 576 5012 bestia
600 4946 797 5012 ascendente
823 4946 863 5011 de
887 4957 983 5026 terra,
1008 4945 1096 5031 quod
1119 4945 1218 5009 faciat
1247 4945 1394 5010 homines
1418 4945 1554 5011 adorare
1578 4946 1717 5012 bestiam
1740 4950 1804 5035 pri-

152 5079 238 5121 mam
262 5069 294 5120 et
316 5067 351 5120 ut
374 5055 497 5120 faciant
520 5055 696 5139 imaginem
722 5052 855 5134 bestiae,
881 5053 971 5117 cuius
997 5061 1109 5116 curata
1133 5063 1182 5114 est
1204 5051 1302 5138 plaga
1317 5053 1440 5134 mortis,
1456 5093 1500 5102 -
1517 5054 1658 5118 fatemur
1673 5045 1805 5140 quidem

153 5165 199 5228 sic
223 5165 380 5250 scriptum
403 5184 485 5243 esse,
510 5160 568 5225 sed
591 5161 625 5224 in
649 5159 731 5224 libro
756 5157 1008 5224 obscuritatibus
1031 5157 1228 5244 parabolicis
1248 5158 1355 5244 pleno,
1381 5159 1421 5223 de
1438 5183 1500 5246 quo
1517 5171 1592 5224 ante
1608 5183 1667 5225 nos
1684 5161 1804 5225 dictum

110 5376 135 5415 st
259 5361 286 5427 a)
302 5353 476 5431 quemadrire.
522 5360 550 5424 b)
568 5362 854 5428 praemonetsnareote
866 5359 1244 5410 matures-attitulatione.
1291 5357 1317 5416 cl
1335 5367 1493 5411 assueverat
1505 5379 1525 5410 r.
1572 5360 1600 5420 d)
1616 5361 1805 5426 usqueadd.c.

261 5525 564 5605 ultramontana
579 5523 688 5595 Gaium,
707 5523 780 5600 Opp.
798 5519 1006 5600 (Francosurti
1023 5517 1121 5600 1691)
1137 5543 1167 5597 p.
1180 5522 1273 5579 1040.
1345 5519 1376 5598 2)
1392 5523 1503 5582 Bellum
1518 5524 1580 5581 lud.
1598 5525 1639 5596 II,
1656 5546 1679 5581 c.
1693 5525 1723 5595 9,
1739 5521 1759 5598 ᾖ
1777 5525 1805 5596 2,

153 5635 266 5711 Iosepln'
282 5633 355 5710 Opp.
373 5635 416 5692 ed.
434 5633 529 5704 Niese,
554 5641 572 5689 t.
592 5633 638 5689 VI
655 5625 784 5706 (1894),
803 5652 837 5706 p.
853 5630 924 5686 187.
1011 5626 1042 5703 3)
1068 5628 1218 5687 Cornrnmt.
1242 5629 1271 5686 in
1290 5630 1393 5686 Mattb.
1418 5633 1435 5687 l.
1453 5630 1507 5701 IV,
1533 5652 1556 5688 c.
1576 5631 1626 5702 24,
1652 5630 1726 5707 Opp.
1742 5631 1806 5703 VII,

154 5745 205 5800 col.
226 5741 296 5799 194.

227 5862 327 5914 Libelli
346 5863 380 5914 de
401 5861 457 5914 lite.
489 5861 544 5912 111.
1559 5863 1593 5911 40
