4410 6406
780 366 898 420 LIBER
920 367 972 421 DE
998 365 1231 422 SIMONIACIS.
1765 359 1829 423 257

171 550 292 632 tendit,
317 561 351 614 et
372 551 481 616 multis
505 551 684 617 rationibus
708 552 858 617 ostendit.
894 553 988 617 Multi
1011 562 1119 617 tumen
1143 554 1264 640 scripta
1287 555 1357 617 eius
1380 552 1584 639 negligenter
1600 553 1755 639 legentes,
1772 552 1828 619 ubi

172 657 397 743 integritatem
420 667 453 722 et
475 658 613 722 formam
636 669 912 724 sacramentorum
936 671 1002 723 tem
1025 669 1118 724 extra
1141 683 1239 746 quam
1262 661 1346 724 intra
1369 659 1566 724 ecclesiam·
1589 660 1711 742 vident,
1742 661 1827 747 pari·

172 763 269 828 ficari
293 774 409 850 putant
431 764 619 829 eorumdem
643 776 919 829 sacramentorum
935 767 1087 830 virtutem
1111 778 1178 830 tam
1201 767 1286 830 intra
1302 789 1400 853 quam
1416 777 1510 830 extra
1533 765 1706 832 ecclesiam
1730 789 1827 854 equa-

173 870 251 935 liter
274 872 413 957 operari.
460 871 558 952 Quod
586 871 640 936 ille
670 870 785 936 beatus
815 882 908 959 pater
936 895 1103 959 nunquam
1133 873 1243 956 sensit,
1272 875 1349 959 quia
1377 872 1594 962 hereticorum
1624 885 1828 938 sacramenta

136 977 416 1063 squantumlibet
451 980 580 1064 integra
608 989 717 1043 tamen
747 977 865 1064 probat
895 1001 967 1044 esse
996 990 1124 1044 mortua
1150 990 1182 1044 et
1206 981 1291 1043 omni
1321 981 1441 1044 virtute
1473 980 1577 1044 sancti
1602 978 1741 1066 Spiritus
1771 980 1826 1045 de·

174 1086 291 1168 simta3
323 1107 430 1171 neque
455 1086 541 1149 enirn
568 1085 629 1150 hec
653 1096 727 1150 sunt
750 1086 922 1167 cornaria,
948 1107 1019 1150 esse
1044 1085 1167 1172 aliquid
1194 1087 1356 1172 integrum
1380 1097 1413 1150 et
1435 1097 1607 1169 manuum,
1632 1088 1725 1172 ‘quia
1748 1109 1825 1174 sepe
1845 1110 1930 1152 ⁸r.1oo.

173 1191 319 1256 uidimus
335 1215 453 1278 corpus
469 1192 645 1256 humanum
661 1193 833 1278 integrum,
850 1203 881 1256 et
897 1203 1005 1256 tamen
1022 1205 1192 1257 mortuum.
1227 1192 1313 1280 Sepe
1329 1193 1474 1279 contigit,
1488 1203 1524 1257 ut
1538 1192 1662 1278 palmes
1679 1192 1826 1258 abscisus

174 1313 210 1362 et
224 1301 354 1384 integer
369 1299 533 1382 existeret,
551 1309 707 1363 ettamen
723 1298 855 1363 vitalem
872 1322 1004 1364 succum
1020 1322 1085 1364 non
1101 1298 1246 1365 haberet.
1282 1300 1370 1364 Fieri
1387 1309 1502 1386 potest,
1515 1310 1551 1363 ut
1566 1322 1680 1364 manus
1697 1299 1827 1365 abscisa

173 1405 314 1470 formam
337 1404 474 1470 membri
498 1403 653 1486 obtineat,
677 1405 735 1470 sed
751 1429 845 1470 usum
861 1404 998 1470 membri
1013 1429 1078 1471 non
1095 1405 1259 1471 exhibent.
1294 1406 1367 1471 Nan
1391 1429 1469 1492 ergo
1492 1404 1608 1471 beatus
1623 1405 1826 1493 Augustinus

126 1538 153 1575 ro
174 1511 238 1576 sibi
257 1522 306 1576 est
323 1513 513 1595 contrarius,
531 1512 608 1577 dum
624 1523 828 1577 sacramenta
843 1513 1061 1577 hereticorum
1078 1513 1224 1578 defendit
1242 1515 1370 1599 integra
1394 1525 1426 1577 et
1449 1535 1615 1599 nunquam
1631 1514 1825 1596 reiteranda,

174 1643 261 1705 quse
277 1631 388 1684 tamen
403 1617 521 1706 probat
536 1642 607 1683 esse
630 1630 767 1684 mortua.
802 1619 894 1684 Dicit
917 1620 1003 1684 enim
1027 1621 1062 1684 in
1077 1643 1225 1684 sermone
1250 1620 1290 1685 do
1306 1618 1510 1706 blasphemie
1526 1618 1666 1707 Spiritus
1682 1623 1787 1686 sancti
1798 1625 1825 1685 ¹:

175 1727 280 1792 Potest
294 1752 359 1791 esse
374 1728 638 1814 ossibilssforma
649 1728 798 1812 palmitis
813 1730 904 1792 etiarn
915 1742 1025 1814 preter
1042 1731 1143 1808 uitem,
1160 1728 1217 1792 sed
1231 1729 1422 1793 invisibilem
1440 1729 1537 1792 vitam
1552 1728 1697 1793 radicish
1714 1729 1827 1794 babere

175 1859 237 1898 reon
247 1848 352 1920 potest
365 1836 434 1898 nisi
450 1837 484 1898 in
501 1836 569 1898 uite.
605 1832 745 1898 Proinde
761 1836 944 1920 corporalia
959 1849 1166 1916 sacramenta,
1190 1859 1248 1920 que
1261 1849 1391 1920 portant
1404 1848 1433 1898 et
1446 1835 1603 1899 celebrant
1617 1837 1710 1899 etiam
1725 1859 1825 1923 aepre-

171 1944 245 2028 poti
265 1943 305 2005 ab
330 1943 446 2005 unitate
469 1943 612 2027 corporis
639 1939 769 2021 Christi,
785 1942 933 2028 formam
949 1956 1086 2028 possunt
1107 1941 1251 2006 adbibere
1267 1943 1400 2027 pietatis
1409 1951 1431 2004 ⁰.
1476 1941 1582 2005 Virtus
1605 1965 1677 2005 vero
1693 1945 1827 2029 pietatis

131 2070 155 2108 rs
175 2049 353 2112 inuisibilis
368 2063 397 2113 et
410 2049 591 2134 spiritualis
607 2050 651 2112 ita
668 2050 703 2112 in
719 2050 764 2112 eis
780 2073 841 2112 nou
847 2062 951 2134 potest
965 2072 1045 2113 esse:
1062 2047 1323 2133 quemadmodum
1338 2071 1446 2112 seruus
1461 2072 1523 2112 non
1537 2050 1678 2133 sequitur
1690 2050 1826 2114 bominis

175 2156 347 2219 membrum
371 2155 446 2218 dum
468 2169 657 2240 amputatur.
705 2153 820 2218 Nonne
845 2155 907 2217 ista
930 2153 1069 2219 dicendo
1092 2151 1208 2219 beatus
1231 2152 1433 2239 Augustinus
1463 2151 1580 2240 probat
1604 2175 1675 2218 esse
1698 2165 1826 2220 mortua

175 2260 394 2325 hereticorum
418 2271 629 2343 sacramenta,
661 2282 744 2347 quae
768 2270 878 2325 temen
902 2271 1057 2347 quantum
1081 2259 1123 2324 ad
1140 2261 1356 2324 extrinsecam
1381 2260 1517 2324 formam
1541 2259 1637 2324 docet
1660 2261 1754 2324 essed
1777 2262 1824 2325 in·
1885 2303 1887 2308 ·

175 2378 282 2454 tegra,
318 2377 452 2454 propter
481 2389 578 2454 quam
613 2368 807 2453 integritatis
838 2368 975 2431 formam
1006 2367 1101 2433 docet
1131 2368 1329 2431 auctoritas⁰
1360 2367 1507 2431 Romana
1541 2365 1752 2431 redeuntibus
1783 2367 1826 2432 ad

176 2473 350 2538 ecclesiam
373 2498 439 2539 non
463 2497 534 2538 esse
558 2473 722 2557 iteranda3
748 2473 806 2538 sed
830 2474 899 2538 sola
922 2475 1026 2538 sancti
1042 2472 1181 2560 Spiritus
1204 2474 1411 2538 invocatione
1434 2495 1494 2559 per
1509 2495 1624 2538 manus
1648 2474 1824 2560 impositio-

130 2606 157 2645 so
175 2604 249 2644 nem
274 2580 507 2645 confirmanda.
556 2579 649 2645 Unde
672 2580 741 2645 Leo
765 2603 852 2667 papa
869 2580 995 2667 Nyccte
1011 2579 1238 2668 Aquilegiensi
1260 2579 1444 2666 patriarche
1469 2578 1615 2645 scribens
1638 2581 1685 2644 its
1707 2579 1824 2645 dicitu

176 2689 244 2752 His
270 2692 330 2774 qui
349 2691 535 2754 babtismum
558 2689 597 2752 ab
622 2689 765 2753 hereticis
788 2703 982 2774 acceperunt,
1006 2713 1075 2752 oum
1099 2690 1249 2753 babti’rreti
1269 2702 1360 2752 anteo
1383 2713 1444 2752 non
1460 2689 1614 2776 scisceret,
1637 2690 1706 2753 sola
1724 2692 1830 2755 sancti

176 2795 320 2882 Spiritus
350 2798 544 2861 inuocatione
567 2820 630 2882 per
659 2797 889 2881 impositionem
919 2819 1032 2860 monus
1061 2795 1275 2882 confirmandi
1302 2809 1386 2875 suist,
1419 2798 1498 2880 qui⁸
1528 2809 1645 2859 tantum
1671 2797 1826 2884 'farriam
1844 2818 1935 2861 *eroon

175 2905 327 2967 babtismi
346 2906 414 2968 sr'rie
436 2904 696 2989 scnrotiyicationis
719 2904 830 2966 uirtute
853 2916 1068 2988 sumpserunt·
1096 2915 1124 2966 et
1146 2901 1226 2966 bunc
1249 2903 1390 2988 rapulam
1413 2902 1602 2966 servandum
1626 2905 1661 2966 ia
1683 2905 1827 2968 omnibus

175 3011 317 3074 ecclesiis
338 3009 562 3095 predicamus,
597 3023 631 3072 ut
663 3010 824 3073 muncrum
859 3010 955 3073 seruet
988 3011 1101 3073 initum
1135 3009 1224 3072 nulla
1259 3011 1381 3072 ratione
1415 3009 1558 3090 violetur,
1595 3009 1715 3074 dicente
1749 3034 1824 3096 apo-

132 3139 157 3179 rs
174 3119 272 3181 stolo:
302 3116 405 3180 ‘Unus
428 3116 525 3195 Deus,
556 3140 620 3179 iana
635 3115 731 3202 sides,
763 3140 857 3179 unam
881 3115 1060 3194 babtismu’,
1090 3117 1179 3179 cuius
1203 3115 1321 3179 ablutio
1344 3116 1435 3179 nulia
1458 3118 1622 3180 iteratione
1645 3116 1826 3181 nmorando
1844 3139 1986 3190 spumas.

175 3239 234 3304 est;
264 3223 330 3304 sed,
362 3237 395 3286 ut
423 3223 574 3302 dabimus,
603 3224 811 3308 sanctificatio
833 3223 902 3286 solu
925 3223 1029 3286 shncti
1050 3220 1192 3307 Spiritus
1216 3221 1415 3286 invocandah
1438 3236 1490 3302 est,
1515 3236 1548 3286 ut
1570 3223 1656 3307 quod
1677 3224 1716 3287 ab
1740 3224 1824 3288 bere·

175 3334 248 3395 tices
278 3355 365 3394 nemo
395 3332 522 3416 acepit,
553 3355 572 3392 a
600 3329 763 3393 catholicis
792 3329 1006 3392 sacerdotibus
1036 3343 1250 3412 consequatur.
1297 3327 1384 3391 Eant
1412 3350 1499 3392 nunc
1530 3327 1665 3392 heretici
1696 3339 1728 3392 et
1757 3323 1824 3413 glo-

175 3438 299 3500 rientur
322 3435 363 3499 dc
388 3445 664 3499 sacramentorum
687 3434 883 3520 integritate,
908 3433 1083 3498 dummodo
1100 3431 1194 3498 nobis
1211 3433 1354 3498 constet¹
1375 3433 1491 3497 eadem
1515 3445 1719 3498 sacramenta
1734 3437 1824 3520 peni-

176 3555 227 3607 tus
257 3552 395 3624 mortua,
425 3542 554 3627 penitus
586 3543 740 3605 extincta.
787 3540 883 3605 Unde
914 3539 1001 3604 idem
1023 3540 1093 3604 Leo
1116 3563 1204 3627 pepe
1225 3539 1329 3604 Leoni
1361 3550 1498 3625 augusto
1529 3540 1569 3604 de
1593 3540 1824 3605 Alexandrinis

131 3649 480 3731 reexcommunicetis,
518 3659 551 3711 et
584 3657 693 3711 tamen
732 3656 936 3710 sacramenta
974 3649 1038 3711 ritu
1072 3646 1295 3712 ecclesiastico
1330 3645 1571 3711 celebrantibus
1604 3647 1740 3733 laquem
1779 3649 1826 3712 ita

176 3755 293 3820 dicit32
329 3757 536 3842 Pmspiouum
567 3769 619 3835 est,
655 3757 768 3841 quibus
791 3757 899 3842 pietas
928 3769 1031 3819 aesna
1060 3779 1241 3819 succurrere
1271 3769 1300 3818 et
1328 3757 1441 3840 quibus
1476 3755 1584 3820 debeat
1620 3757 1757 3836 obviare,
1787 3781 1825 3820 ne

176 3864 401 3929 Alemudrina
430 3865 576 3943 ecclesia,
611 3887 670 3948 que
703 3887 824 3948 semper
846 3864 921 3950 fuit
951 3862 1061 3926 domus
1091 3863 1259 3941 orationis,
1294 3863 1444 3946 spelunca
1475 3887 1558 3926 nunc
1587 3864 1630 3926 sit
1658 3863 1822 3926 batronum.

177 3971 388 4058 Manifestum
412 3973 528 4056 quippe
552 3984 596 4034 est
611 3994 674 4056 per
693 3969 946 4034 crudelissimam
971 3970 1293 4053 immanissimamque
1317 3967 1500 4032 vesania-ruk
1523 3993 1610 4033 omne
1634 3970 1704 4033 illic
1727 3970 1824 4033 caele-

176 4081 270 4142 stia-m
295 4078 398 4142 lumen
420 4091 684 4141 sacramentorum
716 4079 900 4156 castricium
931 4079 1100 4161 intercepta
1124 4089 1169 4138 est
1189 4077 1348 4161 sacrificii
1369 4076 1494 4156 oblatio,
1526 4076 1645 4163 defecit
1666 4079 1825 4140 crismatis

131 4209 157 4248 es
176 4186 395 4271 sarictifloatio7
419 4198 447 4248 et
461 4183 722 4270 parricidalibus
744 4184 890 4247 manibus
913 4184 1019 4246 omn-ia
1042 4206 1074 4246 se
1096 4183 1294 4246 substraxere
1316 4184 1473 4268 mysteria.
1510 4181 1598 4245 Ecce
1615 4179 1824 4268 probavimus

175 4301 302 4355 mortua
325 4300 358 4354 et
380 4290 526 4354 extincta
554 4271 772 4354 hereticorum
802 4297 1016 4368 sacramenta,
1046 4286 1145 4352 licent
1173 4309 1260 4351 nunc
1291 4287 1406 4351 eedem
1436 4287 1598 4352 affirmare
1629 4289 1730 4370 irrita,
1760 4289 1824 4352 nisi

175 4396 295 4461 fuerint
324 4419 383 4482 per
413 4395 584 4460 ecclesiam
615 4395 815 4460 confirmata.
863 4394 997 4458 *Liceat
1025 4417 1112 4458 nunc
1142 4416 1201 4458 nos
1232 4394 1414 4458 consentire
1443 4393 1635 4459 Placentino
1666 4393 1825 4460 concilio⁴

178 4504 352 4568 affirmanti
375 4504 505 4590 penitus
528 4503 653 4567 irritum
678 4524 748 4566 esse
778 4511 811 4566 et
831 4500 937 4564 nuhaa
960 4501 1046 4564 vires
1070 4499 1192 4564 habere
1216 4501 1375 4588 quidquid
1398 4500 1451 4565 vel
1474 4502 1508 4565 in
1532 4503 1633 4566 sacris
1657 4500 1824 4566 ordinibus

176 4611 229 4676 vel
258 4612 292 4675 in
315 4609 546 4676 ecclesiasticis
576 4607 674 4673 rebus
706 4608 782 4673 data
804 4607 857 4672 vel
880 4609 1040 4694 promissa
1063 4609 1212 4693 pecunia,
1237 4605 1393 4693 obsequia
1417 4607 1607 4693 autlingua
1630 4609 1825 4694 acquisitum

132 4743 158 4782 ro
177 4728 235 4782 est.
275 4717 347 4798 Que
372 4716 536 4804 synodalis
561 4739 699 4781 censura
723 4716 820 4779 etiam
844 4714 920 4778 eos¹
939 4715 1089 4800 percutit,
1114 4715 1171 4800 qui
1193 4714 1313 4778 amisse
1335 4736 1395 4800 per
1413 4713 1545 4801 aliquod
1569 4714 1692 4778 crimen
1716 4713 1825 4779 officia

176 4823 420 4888 reambivenmt
450 4833 482 4887 ct
512 4823 588 4888 date
617 4822 671 4886 vel
700 4823 860 4907 promisse
889 4821 1043 4906 pecunie,
1076 4819 1233 4908 obsequio
1268 4819 1412 4885 indebito
1447 4831 1504 4885 sut
1536 4821 1649 4906 lingua
1677 4822 1823 4907 reacqui-

178 4932 309 4996 sierrmt.

283 5147 460 5211 ιι)ι1εειί3.Ἰ
503 5147 531 5210 b)
553 5166 578 5199 n.
597 5155 654 5214 pot
673 5148 736 5198 hab.
756 5148 812 5198 rad.
833 5149 896 5198 23.
952 5143 977 5208 c)
998 5145 1027 5196 in
1045 5163 1124 5212 story.
1145 5149 1168 5196 1.
1233 5145 1261 5209 d)
1283 5163 1342 5198 esse
1363 5173 1395 5181 —
1415 5148 1497 5198 docet
1514 5147 1565 5198 des.
1585 5149 1648 5197 23.
1703 5144 1729 5206 e)
1752 5153 1824 5196 auct.

178 5240 254 5290 Rom.
272 5256 336 5290 corr.
354 5239 383 5289 in
400 5256 479 5304 uturp.
494 5256 544 5304 pro
562 5239 634 5288 idem
654 5239 750 5288 beatus
770 5237 836 5303 quod
853 5237 901 5288 del.
916 5238 940 5286 1.
1006 5233 1097 5297 t’)Hii
1117 5236 1141 5284 2.
1205 5235 1234 5300 g)
1256 5238 1365 5301 quiet.
1429 5233 1457 5297 h)
1478 5236 1609 5287 firmanda
1630 5239 1652 5286 l.
1717 5232 1737 5296 i)
1759 5252 1823 5286 con-

132 5330 274 5378 statutt.
294 5331 319 5379 3.
390 5325 420 5390 k)
441 5329 584 5378 saevitiam
602 5327 662 5378 Leo.
736 5324 755 5390 l)
776 5342 826 5377 nos
846 5329 871 5376 2.

287 5507 317 5583 1)
340 5509 440 5567 Seruio
456 5508 568 5578 LXXI,
594 5529 616 5565 c.
637 5508 686 5579 19,
711 5504 799 5581 §32
825 5506 950 5584 Opp.V,
976 5511 1025 5566 col.
1044 5507 1107 5564 400
1123 5508 1159 5564 E.
1267 5506 1297 5578 2)
1325 5507 1416 5584 Itptri
1437 5506 1508 5578 159,
1533 5504 1599 5581 §L
1630 5509 1673 5564 ed.
1697 5507 1774 5564 Ball.
1798 5507 1823 5578 I,

179 5615 347 5686 cot.1354,·
370 5615 457 5688 Jafft
476 5635 521 5672 nr.
541 5614 613 5672 536.
685 5613 714 5685 3)
741 5615 833 5691 Epist.
854 5614 925 5672 156.
943 5616 985 5672 ad
1006 5615 1128 5672 Leonem
1152 5635 1174 5671 o.
1194 5615 1222 5670 b.
1248 5616 1290 5671 ed.
1308 5613 1427 5685 Battl,
1452 5616 1502 5671 col.
1523 5612 1616 5670 1324.
1687 5613 1719 5684 4)
1744 5612 1775 5672 C.
1794 5612 1823 5684 2,

181 5721 323 5781 matur.
346 5723 414 5798 imp.
439 5722 463 5794 l,
482 5743 515 5798 p.
537 5723 610 5779 564.

250 5843 349 5895 essem
368 5844 402 5894 rs
421 5842 478 5894 nte.
507 5845 561 5894 111.
965 5807 966 5810 ¹
1578 5843 1611 5892 ss
