4386 6390
407 391 471 452 538
611 394 812 452 DIALOGUS
837 397 889 450 DE
913 395 1180 452 PONTIFICATU
1205 397 1384 453 SANCTAE
1408 396 1602 452 ROMANAE
1626 395 1856 452 ECCLESIAE.

409 599 534 648 uocatur
557 611 576 648 a
601 585 669 648 Deo
693 598 851 668 utinquam
874 583 995 648 Aaron.
1043 583 1095 647 An
1126 607 1191 648 non
1221 605 1279 670 pre
1307 584 1408 648 nimia
1435 583 1641 647 festinatione
1665 594 1697 647 et
1720 582 1902 646 ambitione
1926 609 1962 647 ea
1982 609 2054 670 [rurs

295 715 386 756 misr.
407 694 531 770 *mureti
562 715 621 776 que
644 692 804 754 anteriora
828 705 926 776 tepere
950 692 1107 770 (debuerat,
1138 693 1244 755 eruitis
1270 691 1447 754 videntibus
1471 705 1499 753 et
1520 690 1696 754 ridentibus
1720 693 1840 778 tepebat
1855 693 2056 776 posteriora?

406 795 575 860 Violenter
599 807 631 860 et
655 797 724 859 sine
748 795 920 860 iudiciaria
942 807 1102 883 potestate
1133 796 1192 860 tibi
1222 807 1409 883 prereptum
1433 805 1588 882 papatum
1613 797 1769 860 causaris.
1819 796 1848 860 Ο
1874 797 1998 859 utinam
2022 820 2057 860 ea

406 902 486 966 hora
509 901 561 966 vel
585 913 729 988 tempore
739 913 763 982 ⁸,
788 901 918 988 quando
943 913 978 967 tu
1001 903 1189 967 violentiam
1212 926 1277 968 non
1300 902 1471 989 pertulisti,
1503 901 1562 965 sed
1585 901 1730 985 intulisti,
1762 925 1822 966 nos
1847 903 2059 966 incontinenti

407 1019 439 1073 et
461 1007 547 1072 bello
572 1010 758 1072 continuato
775 1011 840 1072 vim
865 1011 898 1071 vi
922 1009 1079 1094 repellere
1103 1020 1251 1096 potentes
1275 1009 1464 1074 fuissemus!
1500 1009 1592 1072 Dicit
1615 1009 1700 1072 enim
1724 1009 1818 1072 lex¹z
1844 1010 1941 1074 Recte
1960 1013 2088 1095 possi-s

408 1117 496 1180 doreti
516 1117 561 1180 ad
583 1116 816 1204 defendendam
835 1119 1074 1202 possessionem,
1105 1143 1199 1202 quam
1230 1121 1297 1182 sine
1329 1119 1404 1180 citio
1420 1117 1616 1202 possidebat,
1649 1118 1806 1202 incubante
1837 1117 1932 1201 tutele
1963 1116 2061 1180 mode-

407 1225 528 1286 ratione
558 1225 690 1286 inlatum
715 1225 779 1286 uim
799 1224 990 1309 propulsare
1015 1225 1093 1287 lieet.
1142 1224 1256 1288 Ilecte²
1280 1248 1351 1286 uero
1369 1223 1522 1309 possidet,
1553 1225 1611 1308 qui
1638 1247 1735 1308 neque
1766 1226 1809 1302 ui,
1842 1248 1942 1308 neque
1972 1225 2061 1302 ciam,

407 1353 504 1415 raeque
524 1332 673 1414 precario
690 1329 842 1414 possidet.
879 1328 930 1392 Tu
954 1351 1031 1392 vero
1056 1329 1217 1415 quomodo
1241 1330 1368 1393 restitui
1391 1328 1544 1415 postulas,
1570 1321 1625 1414 qui
1649 1351 1752 1415 usque
1776 1328 1885 1410 hodie,
1912 1331 1947 1391 in
1964 1351 2062 1414 quan-

407 1445 476 1499 tum
491 1434 652 1521 prevales,
678 1457 729 1498 me
753 1434 896 1520 legitime
916 1446 949 1499 et
965 1436 1121 1500 canonice
1139 1437 1319 1500 institutum
1336 1435 1511 1499 destituere
1536 1445 1568 1498 et
1589 1437 1623 1498 vi
1647 1435 1768 1521 pellere
1792 1434 1952 1500 conaris?
1988 1435 2060 1500 Scio

408 1541 540 1628 quidem
564 1543 682 1606 iustum
701 1545 795 1605 essc³
818 1543 851 1604 in
868 1540 940 1605 aliis
964 1541 1105 1624 casibus,
1129 1553 1166 1606 ut
1188 1543 1257 1606 sine
1282 1542 1398 1607 iudicis
1423 1543 1615 1606 auctoritate
1641 1541 1812 1606 destitutus
1836 1565 1897 1628 per
1921 1541 2060 1606 iudicem
2079 1571 2109 1605 ιι
2119 1583 2162 1622 t

408 1649 605 1729 restituatur,
637 1647 695 1711 sed
726 1647 786 1711 hec
817 1647 930 1732 regula
954 1650 1181 1734 exceptionem
1206 1649 1355 1730 admittit,
1380 1647 1510 1735 quando
1534 1647 1713 1734 apostolica
1736 1647 1831 1712 sedes
1856 1671 1918 1734 per
1942 1649 2060 1712 violen-

408 1756 486 1819 tiam
511 1765 697 1841 occupatur,
723 1776 786 1840 quo
812 1777 889 1818 casu
914 1754 1013 1818 iudex
1044 1778 1108 1819 non
1132 1757 1305 1836 invenitur,
1331 1756 1422 1819 cuius
1447 1754 1553 1818 officio
1577 1754 1630 1818 ille
1655 1755 1855 1840 apostaticus
1878 1756 1985 1840 possit
2007 1777 2060 1818 ex-

409 1861 496 1924 cludi
520 1873 552 1924 et
575 1862 693 1925 iniuste
718 1860 890 1926 destituare
914 1863 1050 1926 restitui.
1091 1862 1133 1926 Et
1156 1873 1242 1944 nota,
1266 1871 1387 1926 temere
1412 1883 1462 1924 me
1487 1883 1506 1924 a
1530 1872 1561 1924 te
1586 1862 1752 1924 conveniri
1777 1861 1818 1925 de
1843 1863 2058 1947 possessione.

410 1967 541 2032 Certum
566 1970 686 2054 quippe
712 1979 761 2032 cst
783 1967 890 2054 legum
915 1970 1037 2055 peritis,
1063 1968 1149 2055 qnod
1173 1967 1261 2032 aliud
1285 1979 1334 2031 cst
1357 1967 1496 2054 adipisci
1519 1968 1758 2053 possessionem
1782 1979 1858 2031 ante
1882 1991 1950 2032 non
1973 1967 2059 2032 habi-

409 2085 485 2156 tam,
517 2073 606 2138 aliud
630 2075 768 2138 retinere
793 2074 955 2160 adeptam,
987 2075 1075 2139 aliud
1099 2097 1291 2161 recuperare
1315 2075 1485 2160 perditam.
1533 2075 1604 2159 Ego
1629 2076 1868 2159 possessionem
1892 2075 1947 2137 vel
1971 2076 2059 2160 quasi
2077 2107 2154 2152 ῃ,

409 2181 647 2266 possessionem
671 2180 869 2266 apostolatus
901 2203 959 2267 per
983 2184 1174 2246 eanonicam
1199 2180 1390 2244 electionem
1415 2191 1487 2267 post
1510 2180 1690 2244 Adrianum
1720 2182 1809 2266 prior
1833 2179 1985 2244 omnibus
2009 2181 2059 2244 ad·

410 2275 503 2372 optus
534 2309 711 2372 numquam
740 2287 879 2373 perdidi,
911 2288 974 2350 nisi
1006 2287 1092 2374 quod
1123 2299 1157 2352 tu
1186 2311 1246 2374 per
1269 2289 1469 2351 invasionem
1494 2297 1526 2351 et
1549 2289 1759 2352 intrusionem
1791 2287 1834 2350 ad
1864 2297 2059 2351 momentum

304 2419 389 2458 uns.
412 2394 514 2456 'visus
539 2416 573 2456 es
597 2415 661 2456 non
685 2393 892 2480 apostoliens,
924 2393 981 2458 sed
1009 2396 1218 2480 apostaticus.
1266 2393 1331 2458 Sed
1355 2395 1441 2480 qnod
1463 2397 1498 2459 ci
1518 2409 1651 2458 motusue
1674 2419 1769 2458 eausa
1786 2397 1919 2481 factuam
1942 2411 1995 2474 est,
2018 2398 2060 2458 nit

312 2543 317 2556 .
404 2515 525 2585 pretor,
550 2515 651 2564 *return
676 2527 737 2564 non
760 2501 906 2565 16656664.
955 2501 998 2564 Et
1021 2499 1136 2564 alibi5:
1161 2501 1270 2564 Malus
1294 2515 1393 2564 orestes
1418 2502 1636 2565 diuturnitatis
1659 2516 1763 2565 mettre.

518 2623 674 2687 Victor.
712 2623 875 2710 Sapientis
899 2624 1021 2688 dietum
1041 2629 1127 2688 estt:
1153 2625 1268 2689 Metune
1293 2629 1326 2689 si
1346 2628 1417 2710 ptris
1440 2625 1623 2706 sustulisset,
1647 2649 1765 2689 ornnem
1787 2629 1848 2708 uite
1864 2627 2057 2712 diiipentrbnr
2074 2653 2094 2691 ro

411 2731 564 2794 66616166
582 2732 669 2819 sore.
710 2731 770 2794 Est
793 2732 880 2794 enim
904 2742 936 2795 ct
960 2741 1063 2795 metus
1079 2732 1157 2794 vani
1181 2730 1342 2794 hominis⁷
1365 2741 1397 2794 et
1420 2734 1499 2796 onru'
1518 2733 1652 2811 timoris,
1676 2732 1722 2794 ait
1744 2731 1808 2811 lex,
1835 2756 1897 2795 non
1916 2735 2057 2796 1661666-

412 2839 531 2900 eusntio
555 2843 637 2918 est⁸,·
666 2836 700 2900 id
725 2847 789 2900 est:
814 2859 909 2901 nemo
934 2839 1016 2901 iuste
1040 2848 1161 2901 metum
1185 2848 1318 2901 occursat
1341 2835 1392 2900 vel
1417 2847 1563 2918 excusat,
1588 2838 1615 2899 si
1639 2837 1745 2900 timuit
1768 2836 1857 2923 quod
1881 2861 1948 2902 non
1972 2861 2056 2924 opor-

233 2967 391 3018 666666.
411 2941 481 3022 tuit,
507 2943 583 3027 quia
606 2943 814 3007 meticulosus
839 2954 897 3007 est.
943 2943 1000 3007 Ait
1031 2944 1150 3007 etiamb
1181 2943 1340 3029 propheta
1370 2943 1410 3006 de
1441 2942 1684 3029 insipientibus:
1717 2943 1796 3008 Illic
1826 2947 2058 3030 trepidaverunt

410 3051 521 3113 timore
545 3051 601 3114 eriri
621 3075 682 3114 non
705 3048 812 3138 e[rat]
836 3048 979 3138 tsinrorJ.

518 3171 770 3237 Alexander.
806 3173 879 3237 Non
903 3197 977 3237 eum
1001 3185 1120 3238 metum
1144 3175 1268 3256 166666,
1292 3176 1349 3239 sed
1371 3201 1438 3239 eum
1462 3177 1576 3260 quiin
1600 3175 1752 3238 borrrineru
1778 3179 2056 3240 corrsmntissimum
2072 3199 2091 3238 66

411 3280 536 3360 catast,
568 3279 697 3365 qualem
728 3279 821 3344 nobis
852 3281 1030 3362 incussisti,
1062 3281 1192 3366 quando
1222 3304 1282 3367 per
1311 3283 1378 3344 vim
1408 3280 1573 3366 publicam
1603 3291 1759 3344 terrorem
1790 3280 1885 3345 nobis
1917 3281 2056 3358 intulisti,

411 3385 540 3470 quando
565 3407 682 3449 novem
706 3385 821 3450 diebus
845 3388 878 3450 in
902 3388 1089 3468 munitione,
1114 3387 1156 3450 ad
1180 3410 1277 3472 quam
1301 3375 1498 3472 fugeramus,
1523 3409 1581 3451 nos
1606 3386 1775 3450 obsidione
1799 3387 1962 3451 inclusisti
1973 3393 2006 3450 ¹⁰.

254 3536 319 3574 nov.
328 3535 362 3583 ss,
373 3537 391 3574 1.
518 3511 675 3574 Victor.
712 3511 875 3596 Scriptum
900 3523 964 3574 est:
996 3511 1130 3576 Nernine
1147 3527 1350 3597 persequente
1367 3515 1460 3600 suffit
1484 3515 1609 3598 impius.
1659 3511 1828 3575 Orandum
1857 3511 1919 3575 tibi
1947 3512 2058 3592 fuerat,

233 3641 391 3689 66666666.
410 3642 447 3680 66
463 3619 558 3703 fleret
572 3619 660 3704 supa
684 3632 737 3681 tua
761 3619 859 3682 bierne
882 3620 933 3682 uel
953 3621 1089 3684 sabbato.
1137 3617 1199 3680 Eia
1223 3640 1293 3702 age.
1341 3617 1401 3698 Tu,
1426 3619 1463 3700 si,
1487 3629 1523 3681 ut
1546 3619 1673 3700 russerie,
1697 3629 1852 3703 papatum
1877 3618 2058 3704 possedisti,

411 3723 437 3784 si
461 3722 684 3808 pontificatum
709 3723 853 3812 Romane
878 3723 1016 3812 ecclesie
1041 3735 1073 3787 et
1095 3723 1219 3808 regalia
1241 3722 1329 3787 beati
1351 3723 1441 3788 Pctri
1471 3735 1619 3810 potenter
1650 3723 1877 3788 administrare
1901 3725 1993 3788 visus
2016 3747 2059 3807 es,
2077 3751 2100 3788 so

411 3851 475 3913 qua
499 3851 533 3891 re
549 3829 602 3892 vel
620 3852 718 3916 quam
738 3829 779 3894 ob
800 3853 869 3894 rem
893 3853 944 3893 me
968 3854 1033 3894 non
1058 3830 1172 3894 eodem
1196 3829 1291 3894 modo
1315 3830 1460 3916 fugasti?
1496 3831 1582 3895 Nam
1606 3835 1669 3896 einr
1694 3835 1728 3894 oi
1750 3832 1900 3918 repellere
1926 3833 2058 3896 licuit¹¹.

517 3952 769 4017 Alexander.
816 3953 944 4017 Fateor.
991 3954 1062 4039 Ego
1093 3953 1213 4017 nullam
1244 3953 1304 4018 tibi
1327 3956 1394 4018 vim
1420 3955 1524 4036 intuli,
1548 3956 1614 4018 vim
1638 3977 1753 4040 passus
1784 3978 1865 4038 sum,
1896 3979 1962 4019 non
1986 3955 2059 4036 feci,

410 4059 560 4122 iniuriam
584 4059 712 4144 pertuli,
741 4083 805 4124 non
835 4062 986 4145 irrogavi.
1034 4061 1095 4142 Tu,
1120 4083 1193 4125 cum
1217 4062 1315 4124 annis
1340 4072 1372 4124 ct
1394 4060 1533 4124 fustibus
1558 4083 1608 4124 me
1633 4071 1665 4123 et
1688 4061 1805 4124 fratres
1829 4073 1956 4126 nostros
1980 4061 2059 4126 urbe

230 4164 530 4268 ο11))ξζῐὲξζῐῖἱ6611666
562 4166 605 4228 sis
636 4176 780 4249 conanus,
812 4167 883 4252 lege
907 4166 991 4230 Iulia
1013 4169 1048 4230 vi
1077 4169 1244 4230 teneris1‘2.
1292 4168 1357 4232 Sed
1383 4193 1437 4232 nee
1461 4193 1548 4232 omne
1571 4168 1657 4253 quod
1684 4169 1764 4249 lieet,
1789 4183 1817 4232 et
1839 4170 1974 4254 eapedr't.
2023 4169 2060 4231 ln

230 4297 388 4347 narrasses.
410 4272 587 4336 continenti
619 4276 681 4336 vine
713 4277 748 4336 ci
775 4275 925 4359 repellere
955 4275 1069 4358 potuit,
1100 4276 1155 4359 qui
1179 4273 1278 4337 dixit:
1309 4275 1362 4337 An
1385 4299 1446 4338 non
1463 4299 1595 4360 possum
1618 4300 1731 4362 repere
1748 4290 2011 4361 patremmeum,
2035 4291 2061 4339 et
2079 4301 2105 4339 ss

297 4403 388 4444 *cresc
409 4380 564 4442 exhibebit
587 4381 701 4444 ‘roillic
726 4381 817 4443 modo
837 4381 923 4465 plus,
947 4405 1041 4464 quom
1062 4380 1138 4442 XII
1157 4380 1313 4466 lepionesd
1336 4383 1542 4466 urrpelorunr?
1586 4381 1696 4445 Potuit
1719 4382 1840 4466 utique,
1866 4381 1925 4445 sed
1949 4381 2059 4445 noluit.

408 4484 452 4547 Et
475 4483 589 4548 beatus
607 4483 808 4569 (16686666Θ
832 4486 992 4549 irruentes
1017 4508 1115 4571 super
1137 4496 1257 4549 terram
1275 4485 1362 4549 beati
1378 4487 1467 4549 Petri
1483 4485 1729 4571 Longobardos,
1754 4498 1830 4551 tunc
1855 4486 2060 4551 barbariorce

408 4612 506 4676 quam
530 4590 636 4672 modo,
661 4593 767 4676 potius
793 4592 950 4654 sustinere
967 4591 1078 4674 voluit,
1103 4613 1201 4677 quam
1225 4614 1283 4678 pcr
1299 4593 1489 4656 effusionem
1514 4593 1646 4658 humani
1670 4595 1837 4679 sanguinis
1861 4596 2058 4658 resistere¹³.

515 4822 541 4887 a)
564 4825 607 4892 tp'r
625 4845 645 4875 e.
701 4823 729 4886 6)
750 4843 906 4891 suprersem.
963 4825 989 4887 6)
1011 4827 1075 4876 mihi
1095 4825 1211 4891 (fuas)
1231 4853 1263 4861 -
1284 4830 1440 4894 promittere
1460 4824 1566 4892 (filas)
1584 4837 1674 4878 atrum.
1694 4829 1769 4878 rubro
1787 4829 1872 4894 script.
1928 4829 1957 4892 d)
1979 4829 2022 4892 leg
2039 4846 2058 4880 c.

409 4911 434 4974 e)
456 4913 492 4976 ἓξ
510 4933 530 4964 6.
2077 4931 2104 4968 to

518 5095 546 5163 1)
574 5095 641 5154 Ceu.
667 5096 721 5152 iter.
747 5096 797 5151 civ.
823 5095 868 5151 110.
887 5095 915 5164 8,
942 5096 980 5151 tit.
999 5095 1053 5165 IV,
1078 5099 1095 5152 l.
1117 5098 1143 5151 1.
1225 5089 1254 5174 2)
1281 5097 1329 5169 Cf.
1353 5098 1442 5155 Instit.
1461 5099 1515 5167 IV,
1536 5099 1585 5168 15,
1605 5099 1662 5154 4a:
1688 5101 1792 5155 Utrubi
1816 5118 1884 5155 vero
1908 5102 2059 5156 interdicto

406 5203 429 5255 is
453 5203 596 5270 vincebat,
622 5205 670 5273 qui
693 5204 796 5259 maiore
821 5210 902 5274 parte
928 5204 988 5258 eius
1012 5205 1076 5257 anni
1101 5221 1154 5258 nee
1178 5205 1204 5257 vi
1228 5223 1282 5260 nee
1306 5206 1377 5260 clam
1404 5223 1458 5260 nec
1481 5207 1610 5277 precario
1638 5207 1674 5261 ab
1698 5207 1859 5261 adversario
1883 5209 2058 5278 possidebat.

408 5307 438 5375 3)
465 5306 513 5379 Cf.
532 5307 622 5365 Instit.
641 5308 661 5364 Ι
664 5311 694 5378 V,
715 5309 764 5379 15,
783 5310 817 5364 6:
842 5311 887 5364 De
912 5311 1073 5364 interdictis
1089 5313 1272 5381 possessionis
1296 5314 1510 5383 reciperandae.
1604 5303 1634 5389 4)
1658 5312 1766 5388 Dipest.
1785 5312 1828 5368 tit.
1848 5313 1877 5382 4,
1895 5314 1935 5369 tit.
1955 5313 1983 5383 2,
2002 5315 2057 5369 tl.

407 5413 438 5484 5)
465 5411 563 5472 Cicero
586 5416 620 5471 de
642 5415 748 5492 officiis
772 5415 811 5484 ΙΙ,
837 5415 888 5471 23.
976 5415 1006 5484 6)
1026 5413 1124 5473 Cicero
1146 5416 1225 5473 Tusa
1244 5417 1316 5492 disp.
1334 5417 1388 5488 IV,
1416 5417 1466 5473 20.
1486 5418 1537 5474 45.
1624 5409 1654 5495 7)
1673 5416 1722 5489 Cf.
1739 5418 1808 5495 Dip.
1827 5421 1845 5474 l.
1865 5419 1894 5489 4,
1912 5429 1930 5475 t.
1951 5419 1979 5490 2,
1996 5423 2014 5476 t.
2030 5421 2057 5474 6.

407 5513 437 5597 8)
462 5521 569 5596 Dipest.
595 5521 639 5576 tit.
659 5522 709 5590 50,
735 5521 773 5576 tit.
791 5522 839 5590 17,
865 5524 883 5576 l.
900 5523 971 5577 184.
1076 5515 1106 5599 9)
1131 5522 1226 5578 Indid.
1252 5523 1296 5579 lib.
1315 5523 1343 5592 4,
1369 5523 1456 5592 1112,
1481 5526 1498 5579 l.
1519 5524 1547 5579 6.
1650 5519 1700 5601 10)
1727 5522 1776 5595 Cf.
1802 5525 1946 5600 epistolem
1969 5546 2059 5601 supra
2076 5543 2103 5581 rc

405 5627 560 5682 laudatam.
633 5619 684 5702 11)
709 5627 776 5701 Dip.
799 5626 843 5681 lib.
862 5625 913 5696 43,
939 5627 977 5682 n't.
994 5627 1045 5695 16,
1070 5629 1087 5683 t.
1107 5629 1158 5684 21.
1231 5623 1282 5707 12)
1301 5627 1350 5700 Cf.
1368 5629 1435 5706 Dip.
1454 5629 1497 5686 lib.
1517 5631 1569 5700 48,
1594 5630 1633 5686 tit.
1653 5631 1682 5700 6,
1707 5633 1725 5686 l.
1746 5631 1774 5700 3,
1799 5627 1865 5704 §a
1939 5624 1990 5708 13)
2009 5631 2057 5702 Qt'.

407 5729 494 5807 Grep.
521 5731 598 5806 epist.
620 5733 650 5801 V,
670 5731 698 5802 6,
725 5731 792 5786 ΕΕ.
812 5731 835 5801 Ι,
855 5751 887 5806 p.
908 5732 981 5789 287.
1007 5734 1049 5788 cd.
1077 5734 1190 5791 Ewald.
