4418 6412
452 347 516 410 390
742 351 922 409 GERHOHI
944 351 1178 408 PRAEPOSITI
1201 349 1610 408 REIOHERSBERGENSIS
1633 351 1799 407 LIBELLI.

450 541 581 606 liberius
605 542 749 627 potiatur
779 541 903 620 bonore,
931 563 1091 604 assensum
1122 540 1234 604 ordini
1258 539 1465 604 ecclesiastica
1482 540 1661 625 proteruus,
1685 553 1718 602 nt
1739 539 1861 604 scilicet
1883 540 2095 625 episcopiper

449 649 625 712 electionem
648 647 729 710 cleri
749 661 777 710 et
793 647 914 732 populi
932 645 1101 734 secundum
1124 660 1237 710 statuta
1261 669 1412 710 canonum
1437 645 1475 710 de
1495 648 1634 732 propria
1657 645 1786 726 diocesi,
1812 659 1932 710 remota
1951 669 2094 731 persona-

448 777 519 817 rum
542 767 570 817 et
592 777 753 817 munerum
776 754 962 838 acceptione,
986 754 1023 816 ab
1047 755 1108 818 cite
1131 755 1273 818 meritum
1297 766 1326 817 et
1346 754 1500 838 sapientie
1524 752 1639 817 donum
1663 753 1828 840 eliquatur.
1864 750 1948 814 Item
1972 761 2095 836 pactum

450 857 687 923 constitutionis
710 858 807 943 primi
829 857 978 922 Ludwici
1000 858 1206 944 imperatoris
1230 880 1304 922 cum
1328 857 1483 922 Romanis
1507 856 1714 943 pontificibus
1726 861 1747 921 ¹.

379 1115 430 1167 (u).
779 1089 830 1152 71.
867 1086 1076 1152 Statutum
1100 1087 1316 1153 Ludewici
1338 1090 1462 1175 primi
1486 1090 1768 1176 imperatoris.
2113 1113 2124 1151 s

555 1213 624 1301 Epo
647 1213 818 1278 Ladaicus
848 1215 1019 1298 imperator
1042 1227 1191 1300 anqustiis
1216 1229 1316 1278 statuo
1339 1229 1368 1279 et
1389 1215 1522 1280 concedo
1538 1239 1602 1300 per
1624 1215 1681 1278 loc
1699 1229 1826 1300 paetum
1852 1216 2099 1302 confirmationis

448 1334 549 1385 nostre
573 1322 640 1400 tibi,
664 1321 750 1385 beato
765 1317 858 1383 Petra
875 1321 1027 1405 principi
1047 1320 1268 1406 apostolorum,
1292 1335 1321 1385 et
1340 1345 1399 1408 per
1422 1335 1448 1385 te
1471 1323 1593 1386 vicario
1612 1307 1745 1386 Pascali
1764 1345 1883 1386 summo
1905 1322 2057 1407 pontiflci
2075 1336 2100 1386 et

448 1429 676 1491 srmcessoribus
699 1429 766 1491 eins
795 1427 830 1490 in
853 1439 1052 1511 perpetuum,
1075 1428 1156 1490 sr'cnt
1178 1451 1197 1490 a
1218 1427 1490 1514 predecessoribus
1521 1430 1631 1492 cestris
1660 1451 1756 1513 usque
1786 1452 1867 1491 nunc
1897 1430 1932 1491 in
1953 1441 2100 1514 potestate

449 1547 549 1598 uesta
573 1547 602 1598 et
623 1533 747 1598 dicione
763 1535 903 1597 tenuistis
926 1547 954 1596 et
976 1532 1178 1618 disposuistis
1193 1536 1348 1598 civitatem
1365 1533 1541 1599 Romanam
1558 1559 1627 1599 cum
1644 1534 1757 1598 ducatu
1780 1557 1836 1598 suo
1860 1549 1888 1598 et
1910 1535 2100 1598 suburbanis

448 1653 540 1726 atque
563 1641 677 1704 viculus
692 1641 842 1704 omnibus
865 1653 893 1704 et
915 1641 1086 1704 territoriis
1100 1641 1168 1704 eins
1183 1643 1338 1706 monmrn‘s
1353 1656 1444 1726 atque
1461 1643 1631 1705 maritinae
1655 1642 1800 1706 litoribus
1823 1655 1851 1706 et
1870 1642 2026 1728 portubus
2048 1665 2099 1704 seu
2117 1663 2138 1702 u

448 1749 566 1811 cunctis
581 1745 770 1824 civitatibus,
794 1746 941 1825 castellis,
965 1745 1095 1830 oppidis
1117 1771 1155 1810 ae
1178 1747 1268 1812 uillis
1290 1750 1324 1812 in
1345 1747 1455 1812 Tuscis
1473 1749 1631 1834 partibus.
1670 1745 1801 1811 Idemt:
1829 1746 1963 1824 Quarrdo
1989 1747 2099 1811 diuina

448 1855 606 1918 vocatione
622 1853 716 1917 buires
730 1853 943 1916 sacratissime
958 1851 1043 1916 sedis
1052 1853 1207 1940 pontefex
1224 1853 1262 1918 de
1278 1853 1466 1918 boemundo
1482 1856 1676 1942 miqraoerit,
1699 1855 1806 1918 nullus
1828 1877 1867 1918 eu
1881 1877 1978 1940 repro
1997 1868 2099 1917 nostro

448 1973 503 2023 ant
526 1959 721 2024 Francorum
745 1972 801 2022 aut
822 1958 1053 2046 Lanqobarclns
1081 1973 1137 2022 aut
1162 1959 1201 2023 de
1228 1961 1368 2046 qualibet
1386 1974 1473 2045 pente
1497 1961 1585 2024 lamo
1607 1961 1664 2024 sul
1687 1974 1793 2024 nostra
1814 1973 1963 2046 potestate
1988 1962 2098 2024 cousti-

448 2079 529 2130 tutius
558 2066 717 2130 licentiam
747 2065 859 2128 habeat
887 2079 993 2128 contra
1017 2064 1176 2129 Romanos
1206 2080 1261 2130 aut
1276 2067 1405 2152 publice
1428 2081 1483 2131 aut
1498 2067 1655 2152 priuatim
1680 2066 1829 2131 veniendi
1850 2067 1900 2130 vel
1922 2067 2099 2130 electionem

441 2172 604 2260 faciendi,
628 2172 793 2256 nullaeque
816 2173 849 2235 in
870 2172 1049 2236 ciuitatibus
1071 2185 1126 2236 ant
1147 2174 1317 2238 territoriis
1340 2173 1386 2238 ad
1407 2174 1532 2238 ecclesie
1556 2175 1641 2238 tecti
1652 2172 1743 2237 Petri
1763 2173 1902 2258 apostoli
1915 2185 2098 2258 potestatem
2118 2194 2140 2234 u

441 2280 671 2366 pertinentibus
700 2278 829 2364 aliquid
857 2277 973 2342 malum
999 2292 1168 2364 propterea
1186 2279 1301 2366 facere
1323 2294 1497 2366 presumat,
1527 2280 1584 2344 sed
1614 2280 1707 2344 liceat
1728 2278 1883 2344 Romanis
1913 2303 1983 2342 cum.
2015 2281 2103 2342 omni

448 2387 642 2450 emeratione
665 2399 694 2450 et
714 2387 782 2448 sine
805 2385 945 2470 qnalibet
959 2387 1197 2470 perturbatione
1220 2385 1423 2472 honorificam
1448 2410 1504 2450 suo
1517 2387 1668 2472 pontifici
1688 2385 1831 2450 exhibere
1854 2386 2048 2471 sepulteram
2073 2399 2101 2448 et

336 2517 428 2568 unos.
447 2505 476 2556 et
497 2516 566 2556 eam
588 2515 677 2578 quem
702 2491 814 2555 divina
838 2492 1046 2576 inspiratione
1071 2493 1113 2554 *et
1135 2493 1219 2556 beati
1238 2489 1330 2556 Petri
1349 2495 1567 2558 intercessione
1591 2516 1694 2556 omnes
1717 2491 1860 2556 Romanii
1879 2516 1941 2556 nno
1965 2492 2099 2555 consilio

447 2612 538 2684 atque
561 2597 730 2663 concordia
753 2599 821 2662 seire
849 2598 960 2681 aliqua
978 2599 1192 2682 promissione
1221 2597 1267 2662 ad
1283 2601 1487 2686 pontificatus
1517 2599 1658 2664 ordinent
1686 2600 1835 2687 elegerint
1861 2601 1930 2663 sine
1959 2599 2102 2683 qualibet

447 2706 649 2792 antiquitate
671 2718 700 2770 et
722 2703 965 2768 contradictione
995 2727 1079 2767 mare
1109 2706 1258 2768 canonico
1289 2729 1469 2770 consecrare
1496 2719 1524 2770 ct
1545 2706 1620 2770 darn
1644 2719 1839 2770 consecratus
1861 2705 1981 2792 suerit,
2005 2705 2103 2792 lopati
2118 2727 2141 2766 tu

447 2811 494 2876 ad
521 2835 577 2875 nos
606 2812 657 2875 cel
685 2811 730 2876 ad
758 2834 947 2874 successores
976 2824 1097 2874 nostros
1126 2835 1213 2898 repes
1238 2810 1432 2876 Francorum
1465 2811 1657 2900 diripentur,
1688 2814 1746 2898 qui
1773 2815 1854 2876 inter
1876 2835 1933 2876 nos
1956 2825 1985 2874 et
2008 2812 2098 2874 illurn

448 2919 629 2982 amiciciam
652 2931 680 2982 et
702 2920 862 2981 caritatem
893 2941 1061 3002 capacem
1090 2919 1215 2981 sacrent.
1262 2915 1315 2980 Ex
1345 2915 1405 2998 his,
1435 2917 1587 3003 inquiunt
1609 2917 1757 2998 Romani,
1788 2927 2000 3002 augustorum
2024 2939 2099 2980 con-

448 3020 649 3088 cessionibus
680 3022 782 3087 claret
810 3023 914 3107 pietas
943 3023 1085 3107 ipsorum
1110 3032 1142 3086 ct
1166 3020 1352 3087 obedientia
1382 3023 1415 3086 in
1438 3022 1504 3086 Dei
1534 3022 1670 3108 legibus,
1702 3022 1862 3111 siquidem
1886 3023 2099 3088 concessione

421 3165 422 3168 κ
448 3129 511 3194 sibi
534 3140 646 3195 contra
670 3127 908 3194 ecclesiasticas
933 3127 1062 3214 regulas
1086 3129 1274 3193 aRomanis
1298 3126 1503 3215 pontificibus
1527 3128 1614 3193 facta
1636 3151 1701 3194 non
1717 3129 1819 3194 solum
1836 3127 1937 3208 abuti,
1962 3128 2022 3192 sed
2038 3151 2099 3193 nec

448 3237 494 3300 uti
516 3233 704 3318 voluerunt3
736 3237 814 3322 quin
844 3235 951 3321 potius
979 3234 1158 3321 privilegiis
1186 3237 1306 3322 iniquis
1329 3237 1552 3300 renuntiantes
1576 3236 1777 3322 pontificales
1801 3235 1976 3302 electiones
2002 3257 2099 3300 cana·
2117 3259 2141 3298 ss

447 3343 520 3407 nice
549 3341 692 3407 libertati
721 3343 939 3406 restituerunt.
986 3341 1031 3405 At
1060 3341 1115 3405 alii
1146 3364 1351 3406 successores
1381 3343 1526 3428 ipsorum
1556 3342 1650 3407 aliter
1673 3343 1780 3408 effecti
1802 3366 1861 3430 pro
1886 3344 2098 3408 concessione

448 3447 510 3513 sibi
540 3449 639 3514 semel
668 3448 755 3514 facta
784 3449 1016 3513 contentiosius
1046 3471 1144 3534 agere
1176 3459 1341 3536 ceperunt,
1372 3450 1418 3513 ita
1447 3459 1483 3513 ut
1512 3449 1684 3514 ecclesiam
1706 3450 1886 3518 Romanam
1913 3471 2042 3513 necnon
2066 3459 2099 3513 et

448 3556 528 3620 alias
558 3555 713 3620 ecclesias
743 3554 892 3620 libertate
923 3556 1083 3620 canonica
1111 3557 1146 3620 in
1169 3555 1327 3620 electione
1351 3557 1398 3620 uti
1422 3557 1589 3642 cupientes
1613 3579 1678 3620 una
1702 3578 1775 3620 cum
1800 3557 1961 3642 episcopis
1986 3555 2098 3620 electis

448 3661 514 3726 suis
537 3660 743 3748 pontificibus
774 3671 1069 3748 persequerentur⁸
1092 3672 1124 3726 et
1147 3661 1330 3748 affligerent
1353 3684 1392 3726 ac
1416 3662 1457 3726 de
1481 3660 1613 3727 sedibus
1644 3664 1710 3727 suis
1741 3661 1985 3748 proturbarent;
2017 3661 2098 3726 alios

447 3789 525 3833 vero
549 3791 624 3833 suos
648 3767 751 3832 dictos
775 3767 944 3855 pontifices
975 3767 1285 3854 superintruderent,
1310 3769 1393 3860 sicut
1419 3770 1453 3832 in
1478 3767 1637 3854 Gregorio
1654 3769 1729 3833 VH.
1759 3779 1856 3856 atque
1879 3767 2015 3836 Urbano
2039 3791 2098 3856 per
2116 3793 2141 3832 so

449 3872 649 3940 Gwibertum
674 3884 706 3939 et
729 3872 948 3939 Gwibertinos
978 3873 1172 3939 factumest
1202 3876 1236 3940 in
1258 3874 1350 3958 urbe,
1381 3887 1490 3961 preter
1513 3897 1569 3940 eas
1597 3875 1717 3958 clades,
1742 3899 1822 3962 quas
1846 3874 2042 3942 electoribus
2066 3886 2100 3940 et

448 3980 559 4046 clectis
588 3981 766 4046 intulerunt
795 3982 829 4045 in
853 3979 932 4045 urbe
963 4003 1021 4045 suo
1051 3979 1221 4045 dumtaxat
1251 3983 1386 4068 imperio
1417 3981 1574 4047 subiecto.
1619 3983 1684 4047 Pro
1708 4005 1782 4070 qua,
1813 3982 1972 4069 inquiunt,
1998 4005 2098 4047 causa

448 4087 606 4174 compulsi
629 4110 739 4152 sumus
762 4088 982 4153 Romanorum
1004 4108 1185 4173 procerum,
1217 4087 1275 4153 sed
1299 4098 1332 4152 et
1354 4087 1465 4174 populi
1487 4088 1625 4153 Romani
1653 4087 1801 4175 flagitare
1826 4088 1994 4170 auxilium,
2019 4111 2097 4176 qua-

448 4204 540 4259 tenus
564 4194 684 4259 electos
708 4217 783 4258 suos
808 4194 966 4258 antistites
990 4203 1103 4258 contra
1125 4193 1312 4279 tyrannicas
1335 4195 1566 4280 imperatorum
1583 4195 1753 4260 violentias
1769 4195 1991 4276 defenderent,
2014 4197 2098 4264 sicut

447 4299 560 4365 beatus
577 4323 706 4388 quoque
722 4299 913 4365 Ambrosius
937 4309 1050 4364 contra
1073 4301 1289 4386 imperatricis
1309 4300 1464 4382 Iustinae,
1480 4300 1703 4365 Valentiniani
1727 4303 1813 4387 regis
1834 4303 1927 4389 pueri
1950 4302 2095 4385 matrisl',
2116 4325 2141 4366 u

447 4415 573 4471 atroces
589 4406 760 4471 violentias
784 4430 804 4470 a
827 4405 953 4472 civibus
970 4404 1268 4471 Mediolanensibus
1292 4406 1444 4471 defensus
1467 4407 1586 4493 legitur
1595 4412 1616 4490 ³,
1642 4407 1757 4472 ovibus
1780 4409 1931 4473 nimirum
1954 4431 2013 4494 pro
2038 4431 2096 4478 suo

447 4524 576 4598 pastore
600 4514 682 4578 mori
704 4514 835 4599 paratis.
882 4513 970 4576 Hinc
998 4522 1057 4593 est,
1086 4514 1186 4594 aiunt,
1217 4511 1277 4600 bec
1302 4535 1447 4599 expensa
1470 4514 1618 4599 pecunie,
1643 4537 1741 4601 quarn
1764 4538 1850 4580 nunc
1874 4537 1916 4579 ex
1941 4527 2096 4582 consueto

447 4618 585 4705 populus
609 4617 672 4683 sibi
695 4619 859 4684 Romanus
882 4618 925 4683 ab
949 4618 1051 4684 electo
1075 4618 1261 4706 expostulat
1283 4620 1436 4685 antistite.
1483 4619 1599 4707 Neque
1623 4623 1710 4686 enim
1733 4621 1827 4687 aliter
1849 4621 1891 4686 ad
1915 4621 1999 4686 hanc
2024 4645 2096 4686 suo-

447 4748 518 4789 rum
541 4725 730 4811 pontificum
758 4724 980 4790 defensionem
1004 4724 1124 4790 adduci
1147 4735 1329 4810 potuerunt,
1360 4727 1422 4790 nisi
1453 4725 1523 4790 loco
1546 4725 1778 4792 beneficiorum
1801 4729 1958 4815 pecunias
1982 4727 2024 4793 ab
2049 4729 2096 4792 eis

447 4831 643 4918 acciperent,
673 4853 732 4918 pro
756 4853 894 4918 quorum
916 4830 1071 4896 videlicet
1101 4830 1290 4896 defensione
1319 4855 1384 4896 una
1411 4856 1485 4897 cum
1508 4831 1605 4898 rebus
1629 4835 1754 4898 animas
1777 4857 1906 4922 quoque
1930 4857 2096 4922 exponere
2114 4859 2141 4902 n

446 4937 599 5024 periculis
623 4947 795 5025 oporteret.
832 4937 951 5024 Sicque
976 4937 1097 5003 factum
1122 4948 1180 5020 est,
1205 4948 1240 5003 ut
1263 4939 1406 5004 iurantes
1429 4938 1618 5005 fidelitatem
1641 4963 1680 5004 ac
1704 4940 1927 5006 defensionem
1949 4942 2096 5006 Romano

447 5045 593 5131 pontifici
621 5045 777 5133 pecunias
809 5045 981 5130 accipiant,
1011 5054 1170 5130 quatenus
1198 5066 1241 5108 ex
1264 5043 1391 5109 duabus
1413 5045 1520 5128 rebus,
1544 5045 1697 5112 videlicet
1725 5048 1829 5111 iurata
1853 5047 2040 5112 fidelitatiss
2065 5059 2097 5114 et

447 5161 654 5238 acceptarum
685 5150 897 5238 pecuniarum
921 5149 1041 5233 debito,
1066 5151 1159 5238 quasi
1183 5173 1225 5215 ex
1249 5152 1373 5216 ratione
1398 5151 1465 5216 dati
1488 5162 1520 5217 et
1543 5155 1670 5240 accepti
1694 5155 1741 5218 eis
1765 5152 1899 5239 obligati
1928 5176 1971 5219 ex
1994 5155 2096 5221 altero

554 5383 580 5446 a)
603 5392 813 5452 persequeretur
830 5403 851 5436 c.
924 5382 952 5448 b)
973 5391 1059 5436 matre
1078 5403 1098 5436 c.
1172 5383 1197 5450 c)
1219 5386 1364 5439 fidelitates
1383 5405 1403 5439 c.

556 5586 586 5657 1)
611 5587 729 5645 Pactum
752 5587 905 5644 Hludocici
928 5585 976 5644 Pii
1005 5605 1063 5644 crem
1089 5587 1225 5646 Pasclsali
1247 5589 1384 5667 pontifice
1412 5611 1440 5647 a.
1465 5589 1538 5656 stt,
1573 5587 1644 5664 Cap.
1674 5609 1733 5666 req.
1765 5590 1875 5647 Franc.
1904 5591 1932 5660 1,
1961 5611 1994 5666 p.
2020 5591 2093 5648 353.
2114 5607 2140 5646 cs

450 5693 480 5763 2)
505 5693 550 5750 Ib.
570 5713 604 5770 p.
624 5693 695 5752 354.
789 5689 820 5767 3)
843 5693 960 5750 Paulini
980 5694 1012 5750 V.
1038 5693 1069 5751 S.
1094 5693 1234 5752 Ambrosii
1258 5691 1277 5769 ἓ
1297 5693 1346 5752 12.
1368 5695 1415 5764 13,
1441 5693 1514 5770 Opp.
1540 5696 1582 5752 ed.
1607 5695 1714 5753 Berted.
1740 5695 1780 5766 II,
1804 5696 1880 5772 Αρρ,
1905 5700 1955 5754 col.
1973 5697 2026 5754 IV.
