4386 6390
453 339 516 402 544
657 343 857 402 DIALOGUS
882 346 933 400 DE
957 343 1226 400 PONTIFICATU
1250 344 1430 400 SANCTAE
1454 344 1647 400 ROMANAE
1671 343 1899 400 ECCLESIAE.

451 544 483 598 ct
506 533 660 618 temporis
685 529 744 596 tibi
767 531 971 596 induciarum
1002 533 1121 618 spaciis
1146 529 1311 613 adhibitis,
1342 530 1385 596 ad
1416 532 1649 596 correctionem
1680 541 1712 594 te
1743 532 1952 596 invitaremus
1978 545 2002 598 et
2022 561 2058 604 ex.

451 641 652 726 pectavimus
665 643 684 702 ¹.
740 638 836 718 Quod
867 639 927 702 etsi
958 661 1023 702 non
1053 638 1257 720 fecissemus,
1293 660 1413 701 novum
1443 661 1508 702 non
1539 647 1625 702 esset
1656 660 1717 702 nec
1751 635 1997 720 inrationabile,
2022 645 2059 710 sed

451 757 636 810 sanctorum
660 743 964 810 constitutionibusb
988 731 1183 830 prefinitum.
1230 743 1287 808 Ait
1318 745 1404 808 enirn
1426 743 1581 808 Nicolans
1605 750 1728 830 papa²:
1756 745 1883 822 Quodsi
1903 748 1971 829 quis
1988 765 2061 815 rnre

451 853 507 916 loo
530 867 668 916 nostrum
693 853 847 916 decretum
870 851 1022 938 syrrodale⁸
1041 854 1191 916 serrteutio
1208 853 1445 938 proneulpatum
1470 876 1532 936 per
1554 851 1747 916 seditionem.
1763 852 1814 914 cel
1836 856 2064 937 presumptionem

451 974 506 1024 aut
534 959 695 1044 quodlibet
723 962 883 1043 inpertiam
914 959 1025 1022 electus
1054 972 1109 1022 aut
1138 960 1231 1021 etiam
1262 958 1427 1022 ordinatus
1456 983 1509 1022 seu
1540 960 1744 1022 intronizatus
1773 959 1893 1042 fuerit,
1923 963 2087 1024 auctoritates

452 1067 563 1130 distas
588 1079 616 1128 et
637 1079 814 1128 sauctorum
838 1067 1047 1150 apostolorum
1073 1064 1163 1128 Petri
1184 1079 1212 1128 et
1233 1063 1334 1128 Pauli
1347 1077 1501 1150 perpetuo
1525 1065 1718 1128 anathemate
1741 1089 1810 1128 erent
1836 1065 2008 1128 auctoribus
2025 1071 2070 1130 suis

452 1188 480 1237 et
500 1173 696 1257 sequacibus,
724 1197 744 1235 a
773 1173 937 1236 liminibus
965 1185 1069 1258 sancte
1092 1171 1159 1234 Dei
1186 1172 1312 1256 eeclesiq
1341 1185 1506 1255 separatas
1535 1172 1703 1250 abiciatur,
1733 1174 1816 1234 sicut
1845 1171 2035 1234 ants-'clarescas
2057 1189 2074 1236 et

451 1283 581 1344 invasor
604 1293 632 1342 et
655 1278 826 1341 destrantur
849 1280 941 1342 totius
970 1279 1222 1355 christianitatis,
1252 1301 1307 1340 nec
1337 1277 1512 1361 aliquando
1535 1279 1568 1340 ei
1592 1301 1686 1362 seqrer
1709 1277 1766 1340 loo
1796 1277 1911 1362 aliqua
1942 1277 2078 1342 audientis

341 1410 370 1449 ⁸.
419 1411 431 1448 ¹.
452 1399 635 1464 neser-retur,
665 1385 723 1448 sed
751 1385 790 1448 ab
813 1387 902 1448 aneni
930 1386 1138 1472 eeclesiastico
1158 1383 1275 1470 praela,
1306 1386 1340 1446 in
1363 1408 1554 1468 qrrocrunque
1571 1385 1687 1471 suerat
1710 1386 1827 1469 *prisea
1858 1385 1927 1448 sine
1958 1397 2080 1448 retraeta-

451 1497 532 1557 tione
556 1492 738 1578 deponatur.
2097 1515 2112 1552 n

557 1597 714 1661 Victor.
757 1597 810 1660 Ex
841 1619 897 1661 ore
928 1607 982 1660 tuo
1013 1607 1046 1660 te
1076 1595 1273 1676 indicamus,
1305 1595 1361 1681 qui
1392 1594 1590 1660 audientiam
1625 1596 1689 1659 reis
1720 1595 1876 1680 denegas.
1931 1595 2088 1660 Detectun

453 1706 537 1770 enirn
569 1715 600 1767 te
632 1705 663 1767 in
689 1705 839 1767 scismate
868 1713 900 1766 et
929 1704 1088 1788 pertinaci
1120 1713 1226 1766 mente
1257 1703 1290 1764 in
1314 1725 1423 1766 errore
1453 1703 1624 1782 iacentem,
1649 1725 1708 1766 cur
1731 1724 1796 1765 non
1828 1703 1917 1766 omni
1949 1701 2091 1786 dignitate

453 1814 667 1898 privaremus,
699 1833 756 1874 cur
779 1833 844 1873 non
869 1811 955 1873 omni
985 1819 1145 1894 potestate
1174 1807 1393 1872 exueremus?
1436 1807 1605 1895 Siquidem
1635 1810 1668 1871 in
1698 1809 1880 1872 manifestis
1913 1810 2094 1872 sententiam

453 1941 517 1982 non
541 1917 765 1997 differendam,
797 1915 855 1980 sed
882 1917 989 2002 potius
1020 1917 1055 1978 in
1085 1915 1262 1979 continenti
1292 1914 1517 2000 exequendam
1549 1937 1728 1979 asseveras.
1775 1916 1867 1979 Freti
1896 1916 2009 2002 itaque
2036 1915 2096 1978 iere

453 2026 595 2090 omnium
619 2047 678 2110 per
701 2022 856 2087 ambitum
881 2033 913 2086 et
936 2023 1138 2086 latitudinem
1162 2022 1300 2085 Romani
1323 2022 1451 2107 imperii
1474 2021 1793 2107 arciriepiscoporum
1818 2033 1851 2086 et
1878 2023 2098 2108 episcoporum
2112 2045 2130 2084 n

452 2130 584 2212 auxilio,
610 2141 640 2194 tc
665 2153 738 2194 cunr
762 2127 943 2193 fautoribus
966 2129 1030 2192 tuis
1061 2137 1226 2215 tamquam
1254 2127 1508 2214 conspiratorem
1541 2138 1573 2192 et
1602 2139 1827 2214 usurpatorem
1858 2129 2001 2193 nominis
2031 2151 2100 2214 apo·

453 2237 558 2301 stolici
582 2236 900 2300 excommunicamus
924 2245 1122 2320 arictoreque
1146 2235 1219 2298 Deo
1243 2245 1401 2321 perpetuo
1425 2233 1630 2298 anathemate
1655 2234 1946 2320 condempnemus.

559 2341 811 2406 Alexander.
849 2341 955 2424 Quod,
980 2353 1015 2405 ut
1038 2343 1193 2422 causaris,
1219 2340 1261 2405 ad
1285 2340 1483 2404 audientiam
1508 2351 1539 2404 te
1563 2362 1627 2404 non
1651 2339 1796 2422 admitto,
1821 2363 1946 2405 novum
1971 2363 2036 2404 non
2059 2353 2103 2404 est

454 2473 514 2514 nec
539 2447 769 2528 irrationabile,
795 2448 853 2512 sed
877 2459 1061 2512 sanctorum
1086 2445 1368 2512 constitutionibus
1392 2447 1589 2532 prefinitum,
1614 2459 1770 2533 utsupra
1800 2459 2018 2512 monstratum
2048 2459 2103 2511 est.

454 2556 530 2636 Sed,
555 2557 708 2642 quoniam
733 2579 782 2636 ea,
807 2579 869 2642 que
893 2576 914 2619 a
936 2578 987 2618 me
1012 2556 1150 2640 sparsim
1174 2553 1368 2634 dictasunt,
1394 2553 1570 2617 obliviosus
1602 2552 1731 2618 auditor
1762 2553 1858 2618 simul
1889 2555 1924 2618 in
1953 2555 2140 2618 memorias

452 2661 574 2726 habere
605 2685 669 2725 non
700 2672 806 2747 potest
834 2701 878 2708 -
906 2663 1015 2726 omnia
1046 2663 1132 2725 enim
1163 2661 1196 2724 in
1226 2661 1382 2724 memoria
1412 2659 1533 2724 habere
1565 2659 1745 2724 divinitatis
1774 2661 1881 2746 magis
1912 2671 1980 2742 est,
2012 2683 2106 2746 quarn

453 2768 677 2832 mortalitatis³
700 2807 743 2814 -
767 2779 841 2831 acta
864 2767 1032 2848 faciemus,
1057 2769 1198 2832 rationes
1222 2767 1324 2852 partis
1346 2777 1456 2854 nostrq
1479 2765 1624 2830 breviter
1646 2768 1680 2830 in
1704 2789 1804 2830 unum
1827 2767 2021 2853 colligentes
2044 2769 2104 2831 sic:

561 2875 647 2954 Quia
671 2897 731 2959 ego
763 2875 852 2960 prior
875 2897 973 2960 quarn
1003 2885 1037 2939 tu
1068 2897 1087 2937 a
1118 2874 1284 2938 canonicis
1315 2884 1347 2936 et
1377 2873 1529 2958 legitimis
1561 2872 1755 2937 electoribus
1786 2873 1829 2936 ad
1859 2873 1990 2938 culmen
2022 2874 2105 2938 sedis

453 2980 629 3068 apostolice
660 3003 731 3044 sum
762 2980 894 3062 electus,
919 2981 996 3066 quia
1019 2981 1107 3066 prior
1130 3002 1227 3066 quam
1251 2991 1286 3044 tu
1309 3003 1330 3043 a
1353 2979 1572 3044 cardinalibus
1604 2981 1776 3066 episcopis,
1801 2980 1921 3066 quibus
1946 2980 2008 3045 hoc
2036 3003 2104 3066 pro-

453 3089 522 3174 prie
547 3085 695 3166 debetur,
720 3110 791 3152 sum
815 3096 1034 3168 consecratus,
1059 3087 1136 3172 quia
1159 3097 1194 3150 tu
1217 3097 1291 3172 post
1312 3109 1364 3150 me
1388 3087 1500 3151 favore
1523 3087 1681 3173 principis
1706 3098 1738 3151 et
1768 3089 1949 3152 amicorum
1979 3099 2105 3152 tuomm
2120 3109 2142 3148 n

453 3193 595 3279 presidio
620 3217 659 3256 ac
683 3205 878 3258 armatorum
902 3205 1029 3258 tuorum
1054 3192 1238 3274 satellitum,
1263 3216 1343 3278 quos
1368 3193 1582 3275 conduxeras,
1607 3193 1815 3275 adminiculo,
1842 3195 1988 3258 intrusus
2013 3216 2058 3276 es,
2087 3217 2105 3256 a

453 3299 556 3364 tribus
580 3309 706 3364 tantum
729 3300 862 3381 electus,
893 3299 935 3363 ab
959 3300 1073 3363 alienis
1101 3311 1283 3380 execratus,
1312 3300 1388 3384 quia
1416 3321 1476 3384 ego
1507 3300 1550 3364 ad
1576 3299 1733 3366 iudicium
1759 3300 1886 3364 sedium
1914 3300 2104 3386 apostolica-

453 3429 535 3488 rum,
564 3406 688 3471 seilicet
711 3405 949 3494 Alexandrina,
973 3406 1177 3494 Antiocheno
1202 3417 1234 3469 et
1257 3405 1541 3494 Hierosolimitanq
1566 3429 1616 3470 me
1641 3408 1796 3486 converti,
1821 3417 1856 3471 tu
1880 3429 1960 3470 vero
1985 3407 2104 3471 auriam

350 3539 433 3578 unet
453 3515 591 3596 intrasti,
609 3513 809 3578 'secularem
833 3511 973 3576 iudicem
997 3512 1104 3594 adisti,
1129 3511 1313 3576 naviculam
1328 3513 1418 3576 Petri
1441 3512 1594 3577 fluctibus
1618 3524 1651 3577 et
1673 3513 1823 3599 procellis
1842 3515 2104 3599 persecutionum

453 3621 628 3702 involvisti,
660 3621 737 3706 quia
767 3643 828 3705 ego
858 3620 984 3684 ratione
1015 3621 1177 3701 universa,
1209 3629 1244 3683 tu
1273 3641 1352 3682 vero
1383 3619 1537 3684 violentia
1567 3630 1670 3684 totum
1700 3621 1861 3706 operaris,
1894 3631 1926 3684 et
1956 3619 2104 3684 voluntas
2120 3641 2143 3681 so

453 3727 513 3791 tibi
543 3750 601 3812 pro
632 3727 756 3790 ratione
787 3731 868 3807 est4,
900 3726 1105 3811 congregatis
1135 3747 1263 3789 mecum
1293 3726 1326 3788 in
1357 3748 1420 3789 uno
1452 3727 1568 3811 spiritu
1597 3750 1671 3791 cum
1701 3727 1820 3791 virtute
1852 3724 1975 3790 domini
2007 3727 2103 3790 nosui

453 3835 530 3898 Iesu
565 3832 700 3913 Christi,
735 3832 943 3919 patriarchis,
980 3832 1249 3917 archiepiscopis,
1286 3842 1318 3895 et
1353 3830 1502 3896 omnibus
1537 3833 1700 3918 episcopis
1736 3831 1845 3921 Gallie
1855 3837 1877 3914 ⁵,
1913 3833 2102 3922 Hispaniql,

453 3940 652 4028 Pannoniqf,
688 3941 929 4025 provinciarum
959 3938 1182 4026 Alexandrina
1192 3945 1213 4020 ⁸,
1249 3937 1467 4028 Antiochene,
1503 3938 1782 4028 Ierosolimitane⁰
1816 3951 1850 4004 et
1884 3939 2102 4027 compluribus

561 4135 588 4200 a)
610 4119 751 4191 inloabits
770 4158 791 4192 e.
865 4136 892 4200 b)
914 4119 1088 4199 9stiionibus
1107 4158 1127 4190 c.

565 4293 593 4380 1)
619 4302 667 4374 ΟΥ.
692 4304 774 4359 Alex.
800 4302 944 4377 epistolant
966 4322 1056 4378 supra
1080 4303 1235 4360 laudatam.
1284 4303 1343 4360 Sed
1364 4323 1421 4372 eas,
1454 4323 1527 4380 qrtae
1549 4305 1655 4362 Victori
1682 4306 1846 4363 constihttae
1872 4314 1945 4375 sunt,
1977 4306 2103 4363 inducias
2119 4317 2142 4356 ³⁶

454 4410 511 4467 iuri
533 4410 716 4466 ecclesiastico
739 4429 795 4466 nort
820 4409 979 4466 convenisse
1002 4417 1127 4484 apparet
1148 4429 1184 4466 ea
1208 4407 1293 4467 Grat.
1319 4410 1405 4466 Dece.
1433 4409 1464 4468 O.
1491 4411 1519 4481 3,
1551 4431 1597 4488 qa.
1623 4411 1651 4482 3,
1683 4431 1763 4488 quent
1786 4415 1884 4482 locum,
1917 4413 1985 4488 quin
2008 4421 2104 4472 auctu

455 4517 537 4574 libelli
560 4515 726 4591 eopnoverit,
752 4515 876 4591 equidem
899 4536 956 4573 non
981 4514 1081 4572 dubito.
1189 4509 1218 4591 2)
1243 4516 1359 4573 Nicolai
1381 4517 1422 4573 II.
1446 4518 1560 4574 Deerat.
1586 4519 1660 4575 elect.
1686 4517 1745 4574 c.9
1771 4493 1932 4592 (Constitui.
1957 4520 2055 4594 imper.
2079 4519 2102 4588 I,

449 4644 482 4699 p.
501 4617 597 4698 540);
623 4620 708 4680 Grat.
727 4623 813 4678 lleer.
832 4622 905 4678 Dist.
925 4621 975 4691 23,
1001 4642 1024 4677 e.
1046 4623 1071 4676 l.
1154 4615 1184 4698 3)
1209 4622 1272 4678 Hoc
1295 4641 1402 4698 proque
1426 4623 1528 4684 dictem
1550 4633 1650 4682 auctor
1672 4625 1765 4682 naeu
1787 4627 1862 4682 unde
1885 4633 2026 4683 muniant-s
2048 4645 2104 4682 esse

454 4730 571 4786 uidebar.
665 4719 696 4805 4)
722 4727 770 4798 Os.
796 4727 923 4784 quenal.
949 4727 1038 4784 Satir.
1062 4728 1110 4798 Vl,
1137 4727 1217 4783 224:
1243 4731 1279 4783 sit
1303 4748 1353 4800 pro
1376 4732 1485 4786 ratione
1509 4733 1649 4787 voluntas.
1749 4721 1779 4810 5)
1805 4731 1864 4796 Qui
1885 4733 2054 4790 Alecaudro
2075 4732 2103 4789 in

454 4837 561 4908 synodo
579 4834 673 4891 1160.
701 4835 817 4891 Tolosae
839 4834 979 4891 celebrata
1001 4854 1031 4891 se
1052 4834 1235 4892 subiecerant.
1274 4833 1322 4905 Os.
1347 4837 1423 4911 quod
1443 4837 1561 4912 arposui
1583 4837 1631 4894 ‘N.
1650 4837 1749 4895 Areli!
1766 4839 1850 4908 XXI,
1870 4859 1904 4914 p.
1920 4838 2102 4896 ota—est.
2119 4851 2144 4888 4⁰

456 4935 486 5017 6)
511 4941 546 4998 In
570 4942 666 4997 eadent
689 4941 795 5014 synod
817 4959 871 4997 rex
891 4941 1053 5016 Hispaniae
1076 4941 1174 4998 litteris
1197 4941 1369 4998 transmissis
1391 4942 1590 5000 Alexandrum
1613 4953 1778 5022 opnooerat.
1817 4944 1988 5020 Tenpnapel,
2005 4946 2103 5003 Vetera

457 5047 641 5104 Monumeuta
659 5067 691 5122 p.
710 5046 783 5116 412,
808 5047 925 5121 epistola
949 5048 1000 5104 59.
1078 5040 1108 5125 7)
1133 5047 1216 5111 Quae
1240 5048 1320 5104 Lura
1343 5048 1465 5123 Banffp,
1490 5051 1701 5126 archiepiscopo
1725 5049 1915 5127 Striponieasi
1937 5053 2021 5109 disces
2043 5061 2105 5108 hunc

455 5155 623 5210 Alexandro
646 5153 744 5208 iterum
767 5153 930 5210 adhaesisse
953 5153 1078 5222 videtur,·
1109 5154 1149 5224 ef.
1176 5152 1362 5224 Giesebredit,
1388 5155 1438 5212 Ἰ).
1458 5157 1535 5213 ΚΖ]
1558 5157 1589 5226 V,
1609 5177 1641 5232 p.
1661 5155 1723 5213 379
1740 5177 1782 5232 sq.
1807 5165 1834 5213 et
1856 5157 1939 5214 Alae.
1965 5158 2043 5232 epist.
2067 5159 2107 5215 ad

456 5259 561 5315 Eberlt.
593 5259 719 5334 archiep.
749 5259 907 5337 Salisburp.
931 5281 959 5318 a.
980 5259 1073 5316 1163.
1100 5259 1172 5316 Mai.
1199 5259 1249 5315 29.
1281 5261 1352 5320 data
1380 5282 1405 5319 u.
1433 5263 1553 5332 Meiller,
1579 5261 1728 5339 ‘Repesten
1759 5265 1811 5320 der
1835 5263 2025 5336 &abbelbfe
2052 5283 2104 5322 verr

458 5365 610 5442 Sahlarp'
629 5386 662 5441 p.
679 5364 758 5436 105;
782 5375 809 5422 et
830 5353 907 5442 quod
928 5365 1016 5424 Gerlu
1042 5366 1171 5440 esposuit
1193 5368 1227 5424 de
1249 5367 1374 5444 inoestip.
1392 5368 1520 5426 Antielr.
1537 5368 1561 5439 I,
1579 5389 1603 5425 c.
1619 5369 1670 5439 68,
1694 5389 1785 5446 supra
1803 5389 1836 5445 p.
1855 5369 1929 5426 385.
2007 5365 2038 5447 8)
2061 5371 2104 5427 De
2120 5381 2145 5420 4⁶

447 5471 511 5549 fide
534 5471 614 5528 luitis
638 5472 691 5528 loci
713 5473 754 5544 ef.
773 5471 820 5530 ‘N.
838 5472 937 5529 Arch’
954 5471 1037 5542 XXI,
1059 5492 1091 5547 p.
1111 5473 1183 5544 645,
1209 5493 1236 5530 n.
1256 5474 1284 5528 l.
1375 5464 1406 5551 9)
1432 5473 1514 5538 Qteae
1538 5475 1734 5533 Alexandrum
1757 5476 1788 5533 in
1812 5475 1928 5534 concilio
1951 5476 2104 5534 Nazareno

455 5598 483 5633 a.
499 5577 591 5634 1160.
610 5587 728 5636 exeunte
744 5578 879 5637 celebrato
895 5587 1068 5656 cynnama·
1094 5579 1194 5635 Mansi
1215 5588 1234 5635 t.
1252 5579 1336 5649 XXI,
1358 5582 1408 5636 col.
1425 5579 1525 5651 1146,·
1548 5581 1663 5651 Reater,
1682 5581 1774 5639 ‘Alam
1791 5581 1860 5639 III!
1877 5580 1923 5653 1²,
1943 5602 1977 5659 p.
1990 5581 2050 5638 110
2063 5603 2103 5658 sq.

458 5683 510 5742 Cui
525 5685 701 5760 patriarcba
724 5686 912 5744 Antiochenus
935 5684 1100 5755 interfuisse
1121 5685 1240 5741 uidetur.
