4396 6390
448 359 512 424 462
740 361 921 420 GERHOHI
945 357 1177 417 PRAEPOSITI
1201 357 1609 416 REIOHERSBERGENSIS
1632 360 1799 418 LIBELLI.

448 573 531 640 quae
562 561 639 616 tunc
670 573 690 614 a
719 558 879 637 potestate
909 547 1055 634 legitima
1085 545 1162 612 data
1188 545 1250 610 fuit
1280 547 1337 610 uni
1367 545 1631 610 aecclesiasticae
1661 569 1833 632 personae,
1862 550 2142 632 recognoscitrn

447 681 534 724 nunc
558 657 635 722 data
658 655 836 720 universali
859 655 1055 720 aecclesiae:
1087 665 1123 718 ut
1146 651 1299 718 videlicet
1322 653 1427 717 haec*
1450 674 1470 716 a
1492 675 1593 738 regno
1625 652 1687 718 sibi
1718 653 1835 718 collato
1860 653 2153 724 contrahentes

447 763 567 829 habeat
590 772 732 828 armatos
747 763 922 842 ministros,
940 759 1058 848 quibus
1074 759 1269 824 aecclesiam
1285 757 1537 824 defendentibus
1554 759 1607 824 vel
1631 761 1821 847 episcopum
1846 783 1907 847 pro
1932 761 1983 824 sui
2006 762 2158 834 tuteLa

447 867 687 951 comitantibus,
712 878 744 933 et
774 868 814 932 de
846 887 992 954 eaquae
1023 877 1114 932 reeta
1144 876 1219 931 sunt
1247 851 1446 946 iuvantibus,
1472 867 1599 932 etiamsi
1630 869 1821 954 contingant
1851 867 1894 932 ab
1927 868 1975 932 eis
2006 867 2159 936 homi.

447 976 543 1058 oidia,
567 986 705 1041 nonest
729 975 901 1062 episcopus
926 973 1089 1038 homicida
1112 974 1218 1058 magis
1241 994 1338 1059 quam
1355 972 1476 1037 Paulus
1500 973 1665 1060 apostolus
1690 972 1902 1062 [homicidal]
1929 973 2056 1054 fixisset,
2079 985 2185 1056 ειὶι

446 1084 482 1148 in
511 1083 613 1170 ipsius
638 1081 833 1147 deductione
865 1080 981 1166 aliquis
1012 1077 1151 1144 hostium
1182 1101 1313 1144 suorum
1346 1077 1603 1168 [interemptusb]
1636 1079 1818 1146 cecidisset.
1866 1081 1983 1164 Porro,
2009 1081 2037 1144 si
2066 1090 2154 1156 ad

447 1188 533 1255 mala
556 1190 695 1275 negocia
718 1188 893 1274 episeopus
917 1185 1060 1251 abutitur
1089 1186 1155 1250 suis
1186 1186 1352 1267 ministris,
1376 1187 1446 1272 ipse
1476 1187 1590 1274 utique
1618 1186 1781 1252 homicida
1805 1187 1958 1270 efficitur,
1984 1189 2013 1251 si
2038 1191 2142 1274 quis

448 1295 489 1360 ab
515 1297 561 1360 eis
585 1297 619 1360 in
642 1294 699 1360 tali
721 1294 900 1360 ministerio
924 1293 1131 1358 interficitur:
1157 1314 1220 1378 quo
1237 1290 1333 1356 modo
1357 1314 1462 1377 reges,
1487 1291 1587 1357 duces
1611 1303 1644 1357 et
1659 1295 1793 1358 comites
1813 1294 2002 1359 homicidae
2018 1294 2125 1383 fiunt,

357 1425 428 1468 *era
448 1403 476 1467 si
499 1401 623 1489 absque
654 1400 776 1467 iudicio
806 1411 839 1465 et
864 1400 993 1464 iusticia
1019 1398 1184 1463 *homines
1214 1398 1368 1463 occidunt
1398 1399 1451 1464 vel
1482 1399 1587 1464 occidi
1618 1399 1751 1464 faciunt.
1798 1400 1928 1465 Eadem
1953 1400 2114 1471 videlicet

448 1508 708 1574 consideratione
731 1508 816 1572 iuter
839 1506 1030 1571 christianos
1053 1506 1243 1570 muniuntur
1265 1503 1406 1591 quedam
1429 1515 1534 1570 turres
1559 1506 1823 1571 aecclesiasticae
1848 1509 1950 1572 armis
1979 1517 2014 1572 et
2037 1531 2152 1594 pro-1
2181 1509 2196 1541 '²⁴‘

270 1605 428 1708 Μζξῌὸ,
447 1613 658 1702 pugnaculis3
681 1635 742 1700 per
765 1635 849 1700 quae
874 1613 901 1676 si
924 1613 1032 1677 hostes
1056 1611 1237 1676 aecclesiae
1260 1609 1419 1693 ledentur,
1444 1614 1577 1698 sanguis
1601 1634 1712 1678 eorum
1737 1635 1836 1700 super
1851 1636 1908 1678 eos
1933 1616 2007 1696 erit,
2033 1613 2099 1681 dun

447 1722 579 1808 propria
602 1718 804 1786 solummodo
827 1719 980 1805 iniquitas
1004 1728 1037 1782 et
1060 1717 1199 1782 nocendi
1224 1718 1365 1783 aviditas
1389 1717 1432 1782 ad
1454 1718 1532 1782 talia
1556 1741 1611 1784 cos
1635 1719 1780 1807 impellit.

376 1851 428 1901 (ιιι
554 1826 630 1892 Alia
660 1847 739 1890 sane
770 1827 852 1890 ratio
884 1835 941 1907 est,
966 1847 1040 1889 curn
1071 1835 1215 1911 potestas
1245 1823 1403 1906 ordinata,
1429 1846 1507 1889 suae
1538 1824 1750 1890 ordinationis
1781 1827 1886 1891 inscia
1911 1826 1966 1891 vel
1997 1825 2099 1906 oblita,

448 1933 641 1998 aecclesiam
672 1933 894 2020 persequitur3
931 1931 1004 2012 alia,
1036 1931 1166 2018 quando
1198 1953 1217 1994 a
1247 1933 1385 2018 paganis
1416 1933 1559 1996 exterius
1588 1931 1641 1996 vel
1671 1931 1713 1996 ab
1744 1934 1886 2012 inimicis
1919 1933 2100 1999 domesticis

448 2041 584 2105 interius
607 2049 772 2125 gravatur.
818 2039 967 2103 Potestas
992 2039 1077 2102 enim
1102 2038 1246 2123 legitima
1269 2038 1321 2103 vel
1352 2039 1395 2102 ad
1419 2037 1631 2103 ordinationis
1655 2061 1733 2104 suae
1758 2038 1982 2106 obedientiam
2008 2039 2102 2105 verbo
2118 2065 2137 2104 ιι

448 2146 616 2212 doetrinae
642 2144 815 2231 dirigenda
839 2156 888 2210 est
911 2145 973 2227 vel,
1005 2147 1033 2208 si
1057 2144 1154 2232 dirigi
1177 2168 1241 2209 non
1265 2155 1381 2231 potest,
1406 2143 1507 2210 verbo
1536 2147 1882 2212 excommunicationis
1906 2147 2102 2233 frangenda,

449 2252 539 2317 salva
555 2252 680 2318 scilicet
696 2253 818 2318 unitate
835 2251 1026 2332 aecclesiae,
1047 2250 1124 2315 dum
1141 2273 1277 2337 regnum
1294 2251 1367 2316 Deo
1384 2250 1576 2316 inobediens
1594 2253 1761 2335 scinditur,
1779 2254 2060 2342 quemadmodum
2074 2256 2105 2318 in

271 2348 430 2452 ,hilm
449 2359 546 2426 Saule
560 2361 725 2446 contigit0,
739 2361 792 2424 cui
804 2359 917 2423 David
932 2357 1037 2423 fidelis
1053 2359 1087 2422 in
1099 2381 1201 2444 regno
1218 2359 1384 2424 suecessit.
1407 2359 1510 2423 Porro
1526 2369 1711 2424 exterorum
1724 2361 1888 2425 forinseca
1903 2363 2104 2447 gravamina,

448 2468 526 2554 quia
541 2465 643 2530 verbo
660 2467 807 2531 doctrine
824 2463 1010 2530 submoveri
1026 2487 1091 2528 uon
1108 2475 1253 2550 possunt,
1271 2466 1424 2551 quoniam
1444 2464 1485 2530 de
1502 2465 1551 2529 his
1568 2467 1623 2552 qui
1642 2466 1721 2530 foris
1738 2479 1812 2532 sunt
1831 2467 2004 2532 iudicandi
2019 2478 2106 2554 pote-

448 2583 564 2638 statem
594 2596 660 2637 non
685 2571 784 2638 habet
815 2572 985 2654 aecclesia,
1008 2569 1134 2635 viribus
1165 2571 1315 2636 humanis
1337 2594 1397 2657 per
1419 2594 1510 2636 arma
1533 2572 1692 2660 simulque
1716 2572 1836 2638 divinis
1859 2597 1922 2661 per
1944 2576 2107 2640 orationes
2124 2599 2146 2637 ιι

448 2680 591 2744 arcenda
615 2689 690 2744 sunt
711 2681 782 2744 iure
806 2691 871 2743 tam
892 2678 981 2743 civili
1004 2701 1100 2764 quam
1125 2676 1295 2764 imperiali.
1328 2677 1422 2758 Quae
1440 2677 1504 2743 duo
1520 2679 1592 2742 iura
1608 2678 1738 2765 quando
1762 2679 1824 2744 sibi
1849 2679 2055 2745 concordant
2075 2682 2108 2744 in

448 2785 628 2851 aecclesiae
645 2785 844 2867 defensione,
867 2783 1070 2871 principibus
1094 2795 1182 2850 reete
1207 2783 1364 2849 ordinatis
1389 2795 1421 2850 et
1444 2783 1570 2850 civibus
1595 2784 1678 2850 bene
1702 2788 1838 2873 pacatis,
1862 2786 1962 2851 facile
1987 2789 2109 2852 resistit

218 2881 428 3006 [pfiumlmlli'
448 2891 609 2957 aeeclesia
632 2889 932 2978 impugnationibus
956 2891 1125 2956 forinsecis
1149 2890 1202 2955 vel
1232 2913 1434 2978 paganorum
1457 2891 1510 2956 vel
1540 2895 1905 2958 excommunicatorum.
1954 2893 2108 2980 Denique

216 2950 429 3022 nutrescunt]
449 2997 550 3062 altero
570 3000 640 3062 iure
658 2997 778 3063 violato
795 2997 957 3062 aecclesia
973 3009 1021 3062 est
1041 3000 1075 3061 iu
1098 2996 1215 3084 grandi
1232 2997 1387 3084 periculo,
1412 2999 1474 3062 nisi
1494 3010 1550 3062 aut
1568 2998 1734 3085 imperiale
1753 3001 1804 3064 ius
1827 3022 1900 3064 eam
1925 2999 2108 3065 defendens

449 3105 538 3169 cives
551 3104 784 3170 tumultuantes
801 3105 966 3191 reprimat,
982 3104 1036 3169 vel
1053 3105 1173 3168 civium
1189 3105 1385 3168 unanimitas
1402 3106 1567 3192 principes
1582 3107 1825 3191 tyrannizantes
1842 3106 2009 3188 cohibeat,
2027 3109 2108 3172 sicut
2124 3130 2147 3170 ιι

449 3233 526 3298 sepe
559 3212 733 3297 contigisse
763 3223 897 3276 narrant
932 3211 1196 3276 aecclesiasticae
1231 3211 1405 3296 hystoriae.
1453 3211 1577 3276 Verum
1608 3223 1684 3276 tuuc
1719 3214 1888 3277 imminent
1924 3213 2106 3279 aecclesiae

448 3318 572 3382 maiora
595 3317 750 3404 pericula,
775 3317 905 3404 quando
930 3338 1003 3381 eam
1027 3327 1149 3380 vexant
1172 3318 1325 3381 intestina
1347 3315 1443 3396 bella,
1469 3318 1563 3382 simul
1587 3317 1789 3405 principibus
1821 3331 1853 3383 et
1877 3319 2009 3384 civibus
2034 3344 2107 3386 con·

448 3423 655 3489 venientibus
684 3426 717 3488 in
741 3447 841 3488 unum
865 3424 1022 3488 adversus
1046 3424 1223 3488 Dominum
1255 3435 1287 3488 et
1316 3423 1474 3488 adversus
1503 3424 1657 3490 christum
1688 3427 1767 3490 eius.
1814 3425 1853 3490 In
1877 3427 1936 3491 tali
1960 3428 2106 3514 periculo

277 3519 430 3623 fflffiffi,
447 3552 582 3596 necesse
613 3541 662 3596 cst
692 3553 782 3596 mare
812 3532 939 3618 percuti
970 3531 1063 3618 quasi
1086 3531 1180 3616 virga
1203 3530 1320 3616 Moysi,
1349 3531 1443 3615 virga
1474 3529 1599 3596 scilicet
1627 3532 1791 3618 pastorali,
1816 3543 1851 3596 ut
1874 3533 2046 3599 dividatur
2074 3537 2107 3600 iu

448 3637 625 3703 divisiones
648 3637 749 3702 verbo
781 3636 949 3702 doctrinae
980 3659 1170 3724 percussum
1193 3647 1226 3700 et
1249 3635 1430 3700 discissum.
1479 3635 1534 3702 Sic
1557 3637 1678 3702 Paulus
1703 3639 1867 3725 apostolus
1890 3643 2105 3707 unanimitate
2123 3664 2147 3703 ιι

270 3767 428 3818 armarat.
448 3765 483 3808 se
507 3745 773 3831 persequentium
795 3754 1010 3830 pregravatus
1034 3743 1133 3808 verbo
1158 3741 1326 3808 doctrinae
1357 3742 1435 3806 fecit
1458 3743 1626 3828 phariseos
1650 3755 1682 3809 et
1706 3745 1864 3810 saduceos
1896 3745 1939 3810 ab
1963 3749 2106 3813 invicem

448 3849 617 3932 dissidere,
634 3860 670 3914 ut
685 3852 778 3937 quasi
794 3873 884 3914 mare
901 3849 1005 3915 diviso
1022 3852 1174 3915 transiret
1190 3847 1313 3936 absque
1329 3849 1485 3934 periculo,
1509 3849 1668 3936 phariseis
1685 3851 1809 3918 scilicet
1832 3875 1891 3939 pro
1915 3876 1955 3918 co
1980 3857 2105 3940 agenti·

447 3954 509 4022 bus
533 3968 646 4022 eontra
669 3957 838 4038 saduceos,
863 3968 897 4021 ut
920 3957 953 4020 iu
976 3954 1115 4020 Actibus
1138 3955 1356 4042 apostolorum
1379 3955 1507 4042 legitur.

377 4088 429 4136 (ιι).
556 4062 712 4128 Similiter
735 4062 894 4128 accidisse
917 4064 1123 4127 meminimus
1147 4084 1212 4126 non
1236 4063 1336 4126 semel
1359 4065 1392 4127 in
1408 4062 1488 4127 urbe
1505 4064 1618 4147 Roma,
1636 4064 1814 4130 dissidente
1831 4068 1916 4131 inter
1932 4089 1966 4131 se
1984 4068 2104 4155 populo

448 4169 593 4234 Romano
607 4180 639 4234 et
650 4179 742 4256 parte
755 4168 898 4233 fidelium
914 4168 1062 4232 infideles
1078 4170 1285 4255 reprimente,
1298 4169 1493 4235 sacerdotali
1510 4171 1605 4235 simul
1620 4171 1741 4236 auxilio
1755 4184 1962 4258 cooperante.
1980 4175 2103 4239 Verum
2122 4197 2145 4236 ιι

448 4277 477 4341 si
491 4275 630 4340 rebelles
646 4277 725 4340 istos
742 4275 903 4341 aecclesia
914 4275 1005 4340 velut
1015 4285 1193 4340 castrorum
1210 4277 1299 4339 acies
1314 4275 1463 4340 ordinata
1479 4279 1584 4363 magis
1599 4277 1746 4342 ordinate
1759 4291 2023 4366 persequeretur,
2041 4304 2103 4345 non

448 4404 507 4468 per
530 4405 585 4446 eos
607 4382 763 4446 Hiericho
788 4403 846 4445 seu
860 4380 1032 4446 Babilcnia
1055 4381 1308 4462 reedificaretur,
1333 4393 1368 4446 ut
1391 4383 1492 4447 Rome
1516 4397 1653 4470 apparet
1676 4386 1709 4448 in
1733 4385 1793 4449 ede
1818 4383 2005 4472 Capitolina
2029 4387 2104 4452 olim

317 4513 388 4562 roae,
398 4513 429 4554 ιι,
449 4487 556 4552 diruta
572 4499 604 4552 et
619 4509 705 4552 nune
722 4486 910 4552 reedificata
926 4497 1039 4552 contra
1054 4486 1184 4552 domum
1198 4488 1282 4552 Deil
1299 4498 1412 4552 contra
1428 4488 1558 4553 domum
1574 4489 1680 4574 Raab3
1698 4491 1756 4556 sed
1773 4491 1969 4557 claresceret
1985 4494 2020 4557 in
2037 4487 2103 4558 cer·

448 4595 569 4658 tamine
586 4594 747 4680 sapientia
763 4592 857 4657 simul
874 4603 906 4658 et
921 4593 1076 4658 fortitudo
1093 4592 1283 4677 aecclesiae,
1308 4595 1468 4680 sapientia
1484 4595 1639 4662 videlicet
1657 4599 1691 4661 in
1707 4597 1835 4662 clericis
1851 4609 1941 4663 recte
1958 4599 2103 4664 docenti·

277 4725 430 4774 trauan,
447 4697 520 4782 bus,
537 4709 569 4764 et
584 4698 739 4764 fortitudo
754 4701 789 4764 in
803 4698 958 4764 militibus
975 4722 1086 4764 eorum
1104 4699 1271 4764 doctrinae
1288 4699 1526 4784 obedientibus,
1547 4715 1644 4789 atque
1661 4703 1704 4768 ad
1719 4704 1898 4770 vindictam
1914 4705 2103 4771 malefacto·
2137 4738 2140 4759 ι

448 4829 529 4888 nun,
560 4805 689 4870 laudem
712 4827 791 4870 vero
815 4803 973 4871 bonorum
1001 4829 1076 4871 suas
1099 4807 1186 4870 vires
1209 4806 1483 4893 impendentibus,
1508 4819 1540 4873 et
1564 4831 1691 4874 omnem
1716 4810 1918 4876 altitudinem
1943 4812 2102 4878 adversus

351 4936 427 4982 ·ι.ιιι
448 4913 617 4978 scientiam
633 4912 698 4976 Dei
715 4913 893 4998 erigentem
910 4935 944 4976 se
962 4911 1212 4994 destruentibus,
1226 4935 1265 4977 ea
1277 4912 1431 4979 videlicet
1447 4917 1596 4980 cautione
1614 4928 1743 4982 servata
1760 4919 1811 4982 'iu
1829 4920 1944 4984 castris
1957 4919 2102 5002 Domini,

448 5028 483 5083 ut
500 5018 637 5083 clericus
649 5018 702 5084 vel
719 5021 816 5084 etiam
829 5021 1001 5106 episcopus
1017 5013 1083 5084 nou
1099 5030 1186 5083 recte
1199 5018 1320 5085 docens
1334 5020 1550 5107 deponeretur
1566 5033 1598 5088 et
1615 5024 1838 5111 episcopatum
1851 5025 1920 5089 eius
1937 5027 2104 5113 acciperet

448 5124 547 5208 alius,
572 5135 670 5212 atque
687 5125 779 5208 miles
795 5125 848 5190 vel
864 5127 961 5190 etiam
977 5127 1129 5212 princeps
1145 5136 1254 5191 rectae
1271 5125 1439 5192 doctrinae
1455 5127 1648 5194 inobediens
1665 5141 1696 5195 et
1712 5132 1922 5217 acquiescere
1938 5133 2053 5199 uolens
2069 5144 2104 5198 ut

449 5231 537 5316 Saul,
561 5232 776 5298 anathematis
799 5231 906 5297 iaculo
929 5242 1155 5320 percuteretur
1177 5232 1324 5320 aliusque
1348 5233 1395 5298 illi
1418 5233 1650 5322 subrogaretur
1672 5248 1708 5301 ut
1730 5237 1851 5302 David.
1891 5238 2046 5326 Denique
2069 5242 2102 5304 iu
2119 5261 2167 5302 4⁵

555 5429 581 5494 a)
602 5432 654 5482 hac
675 5431 708 5482 Β.
782 5427 809 5492 b)
831 5431 897 5481 deest
915 5431 948 5482 A.
1022 5431 1047 5494 c)
1070 5435 1186 5498 contigit
1205 5459 1238 5468 —
1258 5435 1399 5485 doctrinae
1418 5436 1445 5485 in
1464 5453 1543 5503 uterq.
1563 5437 1595 5488 B.

558 5591 588 5668 1)
605 5593 668 5651 Otto
685 5593 812 5671 Friainp.
831 5592 920 5653 Gesta
938 5594 1020 5652 Frid.
1043 5595 1083 5664 II,
1109 5615 1131 5651 c.
1150 5593 1207 5652 20:
1234 5595 1328 5660 Quare
1353 5598 1591 5654 reaedificandum
1608 5599 1779 5671 capitolium,
1804 5604 1994 5658 renovandam
2018 5621 2099 5660 sena-

448 5703 546 5757 toriam
571 5702 751 5774 dignitatem,
775 5701 984 5758 refonnandum
1007 5709 1185 5773 sequestrem
1208 5704 1334 5759 ordinem
1358 5705 1454 5759 docuit
1478 5699 1548 5778 (scil.
1573 5705 1718 5764 Arnoldue
1741 5708 1776 5764 de
1798 5704 1928 5784 Brixia).
