4568 6428
408 433 427 494 6
627 435 821 492 EPISTOLA
844 435 898 490 DE
921 434 1102 490 VITANDA
1125 433 1240 490 MISSA
1262 425 1545 491 UXORATORUM
1569 433 1847 490 SACERDOTUM.

405 623 597 689 manducant
619 647 656 687 ea
679 622 993 702 contaminabuntnr’,
1026 622 1138 686 docens
1160 623 1286 686 scilicet
1303 635 1331 686 et
1353 621 1524 701 ostendens,
1556 645 1660 686 ovines
1683 624 1808 685 omnino
1832 621 1878 685 ad
1895 635 2060 707 peecatum

405 733 587 818 cmntrinqi,
612 732 695 815 qui⁸
716 730 848 816 fuerint
863 729 1033 814 prophani
1053 743 1082 792 et
1104 731 1219 793 iniusti
1238 727 1412 793 sacerdotis
1433 729 1595 814 sacrificio
1619 730 1830 792 curvaminati.
1875 725 1967 805 Quod
1988 729 2060 792 item

405 839 440 902 in
463 836 615 901 Numeris
644 831 902 922 cmnzfssucumb
930 836 1116 914 invenimus,
1148 834 1274 920 qnando
1302 833 1412 914 Chore,
1437 833 1567 898 Dathan
1596 848 1624 898 et
1657 833 1782 898 Abiron
1812 847 1919 898 contra
1949 833 2061 898 Aaron

405 942 596 1008 sacerdotem
625 940 837 1027 sacrificandi
860 942 927 1006 sibi
948 941 1107 1005 licentiam
1132 941 1376 1006 vendicarant0.
1424 939 1502 1004 Illic
1526 965 1646 1026 quoque
1663 965 1727 1026 per
1749 940 1880 1028 Moysen
1904 940 2062 1004 Dominus

249 1077 314 1116 snm.
324 1078 343 1125 1,
354 1076 387 1114 1s.
399 1051 546 1135 precepit
556 1046 572 1088 ‘¹
576 1097 587 1128 ,
618 1062 652 1112 ut
680 1049 720 1111 ab
750 1049 796 1111 eis
819 1048 962 1133 populus
992 1055 1235 1133 separaretur0,
1269 1072 1306 1111 ne
1334 1049 1537 1134 facinorosis
1568 1050 1748 1111 coniunctus
1778 1046 1883 1111 eodem
1907 1049 2098 1135 facinoros

314 1158 474 1242 ipseipse
490 1156 758 1242 perstringeretur
773 1150 801 1216 s:
824 1153 1067 1240 ‘Separamini’,
1092 1157 1205 1238 iuquit,
1229 1157 1260 1216 ‘a
1283 1155 1495 1218 tabernaculis
1518 1155 1679 1218 hominnm
1703 1156 1901 1234 iniustorum,
1926 1153 2060 1218 durissi-

406 1286 528 1326 morum
560 1275 588 1326 ct
618 1261 713 1325 nolite
746 1273 871 1348 tanqere
902 1259 940 1324 de
970 1262 1113 1325 omnibns
1143 1285 1201 1345 que
1233 1269 1332 1323 sunt⁸
1359 1284 1475 1340 eorum,
1509 1285 1546 1324 ne
1575 1261 1674 1324 simul
1696 1263 1840 1346 pereatis
1871 1263 1904 1324 in
1931 1275 2061 1346 peccato

406 1391 521 1432 eornm.
569 1367 703 1454 Propter
726 1366 812 1452 qnod
826 1367 920 1452 plebs
944 1368 1111 1451 obsequens
1136 1369 1297 1452 preceptis
1328 1367 1498 1431 dominicis
1525 1381 1553 1430 et
1575 1366 1678 1430 Deum
1701 1381 1836 1431 memens
1858 1392 1878 1430 a
1895 1381 2061 1452 peccatore

401 1475 564 1560 preposito
595 1498 627 1538 se
658 1472 745 1537 debet
763 1459 935 1558 separare,
970 1497 1025 1537 nec
1054 1497 1086 1537 se
1116 1471 1162 1536 ad
1189 1473 1343 1560 sacrileqi
1368 1472 1541 1537 sacerdotis
1571 1474 1734 1559 sacrificia
1764 1475 1903 1552 miscere,
1934 1473 2061 1558 qnando

407 1583 479 1667 ipsa
509 1583 645 1645 manime
675 1580 788 1643 habeat
811 1592 995 1664 potestatem
1026 1579 1076 1642 vel
1105 1579 1246 1666 elvqcndi
1274 1579 1386 1665 diqnos
1418 1578 1593 1643 sacerdotes
1624 1579 1674 1642 vel
1703 1579 1851 1666 indiqnos
1880 1578 2058 1643 recusandi.
2081 1605 2107 1645 ιο

411 1687 504 1764 Quod
524 1701 553 1751 et
576 1689 678 1771 ipsnm
702 1685 844 1750 videmus
868 1685 906 1748 de
930 1685 1042 1749 divina
1066 1687 1248 1749 anctoritate
1272 1684 1467 1764 descendere,
1498 1699 1532 1749 ut
1552 1685 1700 1749 sacerdos
1720 1686 1814 1772 plebe
1837 1699 1982 1771 presente
2004 1687 2061 1749 snb

408 1795 547 1857 omnium
571 1793 670 1856 oculis
693 1792 829 1878 eliqatur
839 1787 869 1872 ¹¹,
899 1805 927 1855 et
950 1791 1065 1878 diqnus
1088 1805 1178 1876 atque
1202 1791 1334 1855 idoneus
1358 1792 1490 1877 publico
1516 1791 1636 1856 indicio
1661 1817 1699 1856 ac
1724 1793 1897 1856 testimonio
1921 1795 2060 1877 compr'o·

244 1883 389 1984 maffia&
408 1900 505 1977 betur,
534 1900 616 1961 sicut
637 1899 672 1960 iu
695 1896 846 1962 Numeris
870 1897 1027 1961 Dominus
1043 1893 1211 1984 precepit¹
1242 1897 1352 1984 Mopsi
1373 1897 1499 1962 dicens:
1525 1897 1659 1962 ‘Prende
1682 1897 1794 1962 Aaron
1810 1899 1953 1985 fratrem
1977 1913 2061 1962 tuum

409 2019 437 2068 et
457 2004 596 2068 Eleazar
611 2003 722 2089 jilinm
746 2005 813 2067 eius
837 2018 865 2068 ot
887 2001 1055 2089 impones*
1082 2028 1132 2068 eos
1163 2006 1196 2068 in
1220 2019 1362 2068 montem·
1375 2027 1481 2068 coram
1504 2006 1593 2068 omni
1618 2027 1778 2090 sqnaqoqa
1801 2019 1831 2068 et
1852 2029 1927 2068 enus
1949 2003 2060 2068 Aaron

318 2132 389 2171 uu.
408 2106 512 2174 stola¹
542 2112 610 2174 eins
639 2124 667 2174 et
697 2109 793 2174 indue
821 2109 960 2174 Eleazar
982 2111 1093 2196 filium
1117 2109 1197 2174 ‘eins
1228 2124 1256 2174 et
1284 2110 1396 2175 Aaron
1426 2112 1589 2196 appositus
1620 2113 1775 2174 moriatur
1804 2110 1895 2174 illic’.
1947 2109 2061 2174 Coram
2082 2135 2107 2175 u

408 2218 497 2280 omni
516 2239 675 2303 synaqoqa
699 2217 783 2280 iubet
804 2217 953 2280 constitui
972 2216 1172 2296 sacerdotem,
1204 2217 1243 2281 id
1269 2231 1314 2280 est
1342 2219 1470 2281 instruit
1499 2231 1527 2280 et
1556 2215 1689 2280 ostendit
1714 2217 1930 2281 ordinationes
1958 2241 2069 2281 sacen.

409 2322 528 2388 dotales
557 2346 619 2386 nvn
648 2324 716 2386 ursi
742 2323 799 2386 sub
823 2322 945 2408 populi
968 2323 1142 2387 assistentis
1165 2325 1355 2387 conscientia
1377 2325 1460 2410 fieri
1487 2337 1638 2408 oportere,
1667 2336 1702 2386 ut
1724 2323 1817 2408 plebe
1840 2337 1986 2409 presente
2014 2324 2065 2387 vel

400 2428 589 2515 deteqantnr
618 2429 774 2492 malorum
798 2431 936 2493 crimina
965 2429 1016 2492 vel
1044 2431 1194 2493 bonorum
1224 2432 1336 2494 merita
1360 2429 1579 2516 predicentur,
1609 2442 1637 2492 et
1665 2431 1708 2492 sit
1737 2428 1897 2493 ordinatio
1923 2431 2006 2492 iusta
2035 2443 2064 2493 et

409 2535 560 2622 leqitima,
592 2559 651 2619 que
683 2537 822 2599 omnium
854 2536 1009 2622 suffra-qia
1043 2549 1071 2599 et
1102 2535 1223 2600 indicio
1249 2537 1359 2623 fuerit
1387 2537 1575 2599 euaminata.
1633 2534 1726 2612 Quod
1749 2549 1861 2620 postea
1892 2535 2061 2599 secundum

409 2639 521 2706 divina
552 2642 736 2728 maqisteria
767 2642 948 2705 observatur
980 2644 1013 2706 in
1044 2641 1176 2706 Actibus
1205 2642 1427 2727 apostolorum,
1461 2640 1588 2726 qnando
1618 2641 1656 2704 de
1686 2641 1866 2705 ordinando
1896 2643 1930 2706 in
1961 2641 2059 2704 locum
2080 2665 2107 2705 eo

230 2788 282 2828 m
295 2734 389 2838 ἔξω,
409 2745 510 2811 Indae
533 2747 701 2833 apostolim
725 2746 837 2811 Petrus
860 2746 905 2811 ad
919 2748 1045 2833 plebem
1070 2748 1227 2832 loquitur:
1254 2747 1437 2826 ‘Surrenit’,
1465 2749 1579 2832 inquit,
1609 2747 1732 2811 ‘Petrus
1755 2750 1790 2812 in
1813 2747 1916 2812 medio
1941 2747 2061 2811 discen-

409 2855 486 2917 tium
493 2877 504 2934 ,·
520 2855 595 2941 fuit
617 2867 719 2918 autem
742 2855 833 2917 turba
856 2855 892 2917 in
915 2853 1031 2917 nnum’.
1068 2853 1135 2918 Nec
1159 2855 1214 2919 hoc
1237 2857 1272 2918 in
1296 2857 1514 2940 episcoporum
1537 2867 1655 2918 tantum
1679 2868 1707 2918 et
1728 2853 1934 2933 sacerdotnm,
1957 2853 2015 2917 sed
2036 2868 2064 2916 ct

409 2961 443 3024 in
474 2958 680 3024 diaconorum
710 2959 965 3024 ordinationibus
995 2961 1172 3025 observasse
1202 2961 1359 3046 apostolos
1389 2959 1682 3041 animadvertimus,
1714 2960 1752 3024 de
1779 2984 1840 3045 quo
1871 2975 1899 3024 et
1928 2962 1997 3046 ipso
2028 2962 2062 3024 in

281 3089 389 3138 sense.
408 3065 540 3130 Actibus
563 3089 669 3130 eornm
692 3068 844 3151 scriptum
867 3080 929 3130 est:
953 3066 1007 3130 ‘Et
1030 3066 1298 3147 convocaverunt’,
1330 3069 1448 3152 inquit,
1480 3067 1547 3130 ‘illi
1567 3065 1645 3130 XII
1662 3080 1755 3130 totam
1771 3067 1897 3152 plebem
1921 3066 2061 3152 discipu

409 3172 510 3236 lorum
541 3186 571 3236 et
599 3172 748 3236 dixerunt
776 3172 841 3237 eis’.
899 3171 992 3250 Quod
1021 3175 1126 3257 ntique
1158 3173 1278 3237 idcirco
1310 3188 1372 3236 tam
1404 3172 1572 3260 diliqenter
1602 3187 1631 3236 et
1660 3187 1747 3236 caute
1777 3187 1943 3237 convocata
1968 3173 2107 3258 plebem

409 3292 470 3342 tota
490 3279 666 3365 qerebatnr,
697 3279 830 3363 nequis
859 3279 904 3342 ad
925 3279 1040 3343 alueris
1069 3281 1280 3343 ministerium
1311 3279 1361 3343 ool
1383 3278 1428 3342 ad
1449 3278 1673 3344 sacerdotalem
1705 3279 1806 3342 locum
1837 3279 1988 3366 indiqu-us
2011 3280 2061 3341 ob-

408 3398 537 3470 reperet.
580 3383 742 3449 Ordinari
761 3387 844 3449 enim
866 3408 1099 3470 nonnumquam
1123 3385 1272 3472 indiqnos
1294 3409 1355 3448 non
1378 3384 1547 3448 secundum
1572 3384 1638 3450 Dei
1658 3385 1855 3466 voluntatem,
1878 3385 1936 3449 sed
1956 3409 2062 3450 secun·

410 3489 485 3553 dnm
508 3490 678 3554 humanam
700 3493 970 3577 presumptionem
993 3505 1022 3555 et
1048 3492 1101 3555 bec
1125 3490 1193 3556 Deo
1219 3491 1399 3577 displicere,
1430 3491 1541 3576 qnod¹¹
1568 3515 1631 3556 non
1661 3493 1789 3556 veniunt
1811 3516 1849 3556 eu
1873 3493 2013 3578 leqitima
2036 3506 2065 3555 et

293 3623 390 3673 ouer.
409 3599 493 3660 iusta
516 3594 715 3662 ordinatione
739 3596 826 3661 Deus
856 3599 924 3682 ipse
947 3599 1133 3685 manifestat
1154 3621 1217 3683 per
1244 3596 1320 3662 Osee
1336 3598 1527 3684 prophetam
1552 3597 1677 3664 dicens:
1707 3596 1852 3663 ‘Sibimet
1873 3600 1942 3684 ips-i
1962 3622 2064 3685 reqem
2106 3599 2111 3608 '

410 3704 632 3768 constituerunt
654 3717 682 3767 et
703 3727 764 3768 non
788 3727 853 3790 per
875 3704 942 3768 md,
991 3703 1125 3790 Propter
1148 3703 1234 3790 quod
1257 3703 1424 3790 dile-‘qenter
1448 3704 1486 3768 de
1509 3704 1680 3769 traditione
1704 3704 1816 3769 divina
1840 3719 1868 3768 et
1890 3705 2064 3790 apostolica
2083 3729 2109 3768 so

410 3811 622 3874 observatione
649 3810 839 3874 servandum
863 3824 907 3874 est
936 3825 964 3874 et
992 3811 1166 3891 tenendum,
1197 3810 1284 3896 quod
1304 3811 1395 3897 apud
1423 3834 1479 3875 nos
1502 3834 1622 3896 quoque
1647 3824 1675 3875 et
1694 3812 1771 3897 fere
1795 3835 1858 3898 per
1874 3814 2065 3897 provincias

410 3917 574 3979 universas
604 3929 732 3995 tenetur,
762 3931 796 3980 ut
825 3916 871 3980 ad
892 3916 1107 3981 ordinationes
1136 3920 1196 3982 rite
1226 3917 1441 3996 celebrandas,
1472 3917 1518 3981 ad
1546 3942 1614 3980 eam
1638 3918 1774 4004 plebem,
1806 3920 1861 3982 cui
1880 3920 2065 4003 prepositus

410 4021 588 4102 ordinatur,
619 4023 764 4108 episcopi
787 4022 926 4087 eiusdem
949 4025 1140 4109 provinciae
1163 4025 1315 4109 pronimi
1335 4025 1450 4108 quique
1474 4025 1667 4102 conveniant,
1691 4037 1720 4087 ct
1742 4025 1906 4109 episcopus
1929 4024 2064 4108 eliqatur

404 4129 497 4214 plebe
519 4141 676 4213 presente,
707 4151 765 4212 quc
794 4129 992 4216 sinqulorum
1022 4131 1118 4192 vitam
1142 4130 1330 4215 plenissime
1360 4131 1448 4194 novit
1478 4143 1506 4193 et
1535 4131 1780 4212 uniuscuiusque
1809 4143 1911 4192 actum
1935 4128 1973 4192 de
1996 4130 2063 4191 eius

410 4234 642 4298 conversatione
662 4235 836 4319 perspexit.
883 4233 927 4296 Et
950 4243 1023 4319 post
1045 4237 1189 4319 paucsl:
1218 4234 1286 4300 Noc
1309 4259 1363 4299 vos
1385 4249 1514 4314 moveat,
1538 4236 1666 4322 fratros
1690 4233 1899 4314 dilectissimi,
1921 4236 1955 4298 si
1975 4233 2064 4320 apud
2081 4257 2107 4296 ss

410 4338 562 4423 quosdam
593 4341 627 4402 in
659 4340 842 4404 novissimis
872 4341 1061 4426 temporibus
1091 4354 1147 4404 aut
1176 4342 1298 4405 lubrica
1323 4340 1419 4427 fides
1442 4354 1530 4404 nrrtat
1558 4355 1613 4404 aut
1641 4340 1708 4404 Dei
1737 4342 1831 4403 timor
1863 4341 2062 4426 irreliqiosus

313 4467 354 4538 ·.·
376 4465 391 4507 ⁴.
410 4444 565 4509 vacillat⁰
594 4459 650 4508 ant
664 4445 809 4530 pacifico
832 4445 1001 4511 concordia
1024 4470 1086 4510 non
1102 4455 1320 4532 perseverat.
1368 4446 1575 4510 Pronunttata
1597 4460 1669 4510 sunt
1691 4446 1766 4510 haec
1783 4447 1903 4532 futura
1926 4445 1974 4510 'in
1994 4448 2062 4533 sine

409 4550 511 4614 seculi
539 4559 600 4615 utq
634 4549 772 4615 Domini
801 4575 873 4616 voce
906 4566 933 4615 et
964 4554 1175 4637 apostolorum
1208 4554 1424 4617 contestatione
1449 4543 1631 4637 predictum
1663 4565 1720 4631 est,
1754 4551 1913 4638 deficiente
1946 4552 2062 4617 mundo

409 4670 501 4742 atqru
527 4653 803 4743 appropinquante
826 4655 1021 4723 Antichristo
1046 4661 1126 4723 bona
1149 4683 1267 4744 queque
1291 4659 1432 4745 dejicere,
1463 4659 1549 4721 mala
1576 4681 1649 4722 vero
1679 4673 1708 4723 et
1735 4659 1870 4722 adversa
1893 4661 2060 4747 proficere.

410 4761 484 4826 Non
507 4763 554 4827 sic
577 4775 678 4827 tamen
702 4765 847 4847 quamvis
875 4766 909 4828 in
932 4765 1113 4829 novissimis
1136 4766 1326 4850 temporibus
1356 4767 1390 4829 in
1413 4765 1565 4828 aecclesia
1588 4763 1656 4829 Dei
1675 4778 1731 4829 aut
1751 4767 1951 4852 etranqelicns
1973 4768 2064 4852 vrqor
2081 4790 2108 4828 so

411 4868 578 4934 cecideritr
598 4882 653 4933 aut
670 4869 862 4934 christianae
887 4871 1012 4934 virtutis
1027 4870 1171 4956 fideique
1193 4872 1287 4934 robor
1305 4872 1514 4957 elonquerit⁸,
1537 4885 1572 4934 ut
1593 4893 1655 4934 non
1677 4873 1815 4956 supersit
1829 4875 1938 4957 portio
1960 4897 2063 4936 sacer·

412 4973 527 5055 dotum,
558 4998 616 5060 que
646 4976 776 5040 minime
806 4975 852 5039 ad
872 4976 930 5039 has
953 4999 1059 5040 rernm
1088 4979 1201 5041 ruinas
1224 4990 1253 5040 et
1274 4976 1361 5062 fidei
1387 4978 1567 5064 naufraqia
1596 4979 1801 5057 succumbit⁸,
1831 4979 1889 5041 sed
1909 4979 2015 5065 fortis
2037 4992 2066 5042 et

410 5081 536 5145 stabilis
559 5081 707 5145 honorem
733 5081 863 5146 divinae
886 5084 1060 5146 maiestatis
1082 5096 1111 5147 et
1132 5081 1358 5147 sacerdotalem
1381 5082 1565 5170 diqnitatem
1581 5084 1682 5169 plena
1705 5086 1829 5148 timoris
1852 5085 2064 5149 observatione

427 5335 433 5340 .
518 5258 546 5322 a)
567 5263 669 5326 quique
691 5261 766 5327 ΟΨ.
848 5258 877 5324 b)
898 5263 1067 5314 manifestari
1089 5261 1165 5329 prr.
1247 5260 1272 5325 c)
1295 5263 1507 5314 vindicaverunt
1527 5263 1603 5330 ΟΨ.
1683 5262 1711 5326 d)
1733 5266 1867 5331 praecipit
1886 5265 1965 5316 Dom.
1987 5263 2099 5330 Cppr..

412 5345 438 5409 e)
460 5356 603 5415 separetur
621 5349 697 5416 Oppr.
761 5345 783 5411 t)
805 5356 832 5400 et
850 5352 910 5416 ipss
930 5353 1129 5418 perstringetur
1149 5351 1225 5418 Oppr.
1289 5349 1318 5418 g)
1340 5353 1374 5402 sb
1394 5354 1433 5403 eis
1455 5352 1531 5418 Cppr.
1595 5349 1623 5412 h)
1645 5352 1783 5418 deligatur
1803 5353 1879 5420 ΟΨ.
1943 5349 1963 5414 i)
1985 5369 2062 5418 prue-
2083 5363 2109 5403 et

369 5490 370 5494 ,
412 5439 479 5503 cipit
500 5436 575 5503 Cypr.
660 5435 690 5500 k)
711 5438 749 5488 ita
769 5438 863 5505 ὕψη·
884 5440 1026 5506 imponens
1045 5458 1065 5491 e.
1152 5437 1171 5500 Ι)
1192 5439 1291 5492 stolam
1312 5440 1388 5506 Cypr.
1472 5437 1510 5501 m)
1532 5442 1664 5507 episcopo
1685 5441 1761 5506 Cypr.
1846 5439 1874 5504 n)
1897 5458 1967 5507 quse
1988 5442 2064 5508 Cypr.

412 5521 653 5591 0)vsouetfa1so
672 5525 733 5577 sor.
816 5523 845 5594 p)
867 5535 1025 5594 perseveret
1046 5529 1122 5595 ΟΨ.
1207 5525 1236 5594 q)
1258 5536 1286 5580 ot
1306 5528 1382 5596 prr.
1467 5525 1490 5590 r)
1513 5530 1615 5580 cecidit
1636 5530 1712 5596 qur.
1795 5527 1820 5590 s)
1843 5529 1968 5596 elanguit
1989 5530 2064 5598 prr.

412 5611 434 5675 t)
455 5615 617 5666 succumbet
638 5615 714 5681 Oppr.

524 5776 552 5848 1)
579 5775 720 5853 cepnae
742 5778 821 5854 epse
840 5778 891 5850 sr,
917 5799 939 5836 ο.
958 5779 1058 5851 r-s,
1085 5779 1159 5856 opp.
1184 5782 1227 5839 a.
1253 5781 1365 5851 narra,
1385 5801 1418 5856 p.
1437 5779 1623 5837 rei-743.
