4478 6396
449 384 511 448 162
739 390 918 446 GERHOHI
941 390 1174 446 PRAEPOSITI
1197 387 1604 445 REICHERSBERGENSIS
1627 389 1793 445 LIBELLI.

448 577 590 666 Symone
614 601 744 664 magno,
769 577 827 642 sed
852 576 1019 642 aSimone
1043 599 1138 663 mago
1155 577 1327 664 recipitur:
1351 598 1412 640 nec
1435 575 1521 640 illius
1544 576 1579 640 in
1594 574 1840 658 benedectione,
1866 575 1924 640 sed
1947 577 2042 640 istirn
2067 575 2103 638 in

446 684 675 750 maledictione
703 685 810 749 socius
839 685 910 750 erit.
956 683 1075 750 Adhuc
1099 685 1185 748 enim
1208 684 1325 748 Petrus
1348 683 1471 748 Romae
1495 682 1706 768 crucifigitur,
1731 682 1808 768 quia
1829 681 1934 746 bonus
1958 680 2103 768 quilibet

348 845 353 852 .
447 791 533 857 illius
556 791 738 857 aecclesiae
762 790 847 855 filius
871 812 1033 878 verusque
1057 790 1146 855 Petri
1174 789 1362 878 discipulus,
1391 800 1424 854 et
1452 789 1486 852 in
1510 787 1604 853 domo
1628 788 1717 852 Petri
1740 783 1792 852 vel
1816 789 1850 852 in
1874 790 2104 875 episcopatum

447 897 499 963 vel
523 899 556 962 in
580 896 817 963 cardinalatum
840 899 997 962 canonice
1020 907 1198 984 promotus,
1222 918 1359 984 quoram
1375 895 1440 960 Dei
1464 895 1570 982 gratia
1592 918 1657 959 non
1680 917 1801 981 parvus
1825 894 1891 960 illic
1915 906 1965 960 est
1988 917 2103 959 nume-

447 1027 519 1070 rus:
550 1004 633 1087 talis,
664 1004 808 1092 inquam,
832 1003 929 1069 valde
952 1003 1123 1090 affligitur,
1155 1014 1253 1091 atque
1283 1004 1317 1068 in
1340 1026 1378 1068 eo
1402 1003 1518 1066 Petrus
1541 1003 1612 1088 ipse
1636 1025 1656 1066 a
1680 1000 1822 1088 Symone
1845 1024 1941 1088 mago
1965 1002 2137 1087 suisques

449 1110 617 1199 discipulis
648 1111 858 1197 crucifigitur,
887 1109 1018 1198 quando
1045 1133 1106 1176 nec
1130 1111 1248 1176 iustam
1272 1133 1403 1174 causam
1428 1108 1548 1173 viderit
1571 1109 1641 1172 sine
1665 1107 1854 1173 muneribus
1877 1109 2021 1190 tractari,
2046 1108 2103 1172 cui

449 1217 606 1282 deberent
630 1240 741 1282 omnes
765 1217 865 1304 gratis
890 1215 1067 1302 astipulari.
1105 1217 1260 1304 Quisquis
1285 1239 1362 1301 ergo
1385 1238 1444 1302 pro
1465 1215 1682 1302 qualicunque
1706 1214 1844 1300 spiritali
1860 1216 1966 1300 gratia
1981 1237 2103 1279 munus

447 1324 608 1390 venaliter
623 1325 726 1406 offert,
750 1346 815 1388 non
830 1323 976 1388 inveniet
989 1323 1124 1388 Petrum
1148 1325 1387 1409 suscipientem,
1412 1321 1471 1387 sed
1493 1344 1608 1387 manus
1631 1344 1707 1386 suas
1731 1320 1773 1387 ab
1796 1321 1858 1386 hoc
1882 1319 2016 1386 munere
2032 1331 2104 1386 tam

307 1457 430 1507 seran.
448 1432 575 1496 fortiter
598 1431 826 1512 excutientem,
856 1440 892 1494 ut
923 1429 1026 1494 dicat:
1057 1431 1197 1495 Pecunia
1228 1445 1280 1496 tcta
1311 1446 1407 1494 tecnnr
1437 1433 1479 1494 sit
1508 1433 1542 1494 in
1565 1429 1758 1516 perditione,
1789 1432 1865 1514 quia
1896 1429 2012 1493 donam
2035 1429 2107 1493 Dei

449 1541 639 1604 ematimosti
651 1541 759 1625 pretio
776 1539 949 1625 possideri.
985 1537 1169 1624 Episcopus
1193 1559 1271 1622 ergo
1295 1559 1411 1600 munus
1434 1535 1612 1600 liberaliter
1635 1534 1778 1600 oblatum
1803 1559 1877 1600 cum
1892 1534 2026 1600 Heliseo
2051 1557 2102 1599 re-
2122 1559 2150 1598 ro

449 1655 553 1731 spuat,
577 1655 613 1709 ut
635 1645 733 1708 etiam
759 1643 847 1730 apud
870 1667 936 1726 eos,
961 1645 1016 1731 qui
1040 1644 1119 1708 foris
1143 1654 1227 1726 sunt,
1251 1643 1427 1708 honestiori
1451 1643 1539 1708 fama
1553 1641 1683 1729 polleat.
1730 1641 1848 1706 Munus
1864 1663 1994 1729 quoque
2010 1640 2101 1727 lega·

448 1750 522 1816 liter
551 1749 614 1814 sibi
645 1749 789 1816 debitum
821 1773 895 1816 cum
924 1750 1028 1816 Paulo
1058 1749 1220 1816 interdurn
1249 1759 1433 1836 postponat,
1464 1761 1500 1814 ut
1529 1749 1637 1836 plures
1668 1748 1859 1814 lucrifaciat.
1905 1748 1936 1812 A
1963 1770 2102 1813 munere

448 1868 558 1922 autem
581 1857 740 1922 venaliter
763 1856 826 1923 sibi
849 1856 957 1922 oblato
980 1881 1095 1922 manus
1119 1880 1194 1922 suas
1225 1880 1299 1921 cum
1322 1856 1420 1921 Petro
1445 1857 1572 1921 fortiter
1600 1857 1755 1938 excutiat,
1785 1867 1821 1920 ut
1849 1877 1910 1920 nec
1940 1856 2103 1920 incensa

448 1966 534 2029 iusta
556 1987 673 2028 munus
697 1965 870 2051 recipiens,
895 1963 937 2028 ab
960 1964 1087 2030 illorum
1112 1976 1196 2028 sorte
1220 1964 1316 2049 longe
1340 1973 1482 2028 remotus
1507 1964 1636 2046 existat,
1661 1962 1836 2049 dequibus
1858 1963 2099 2049 scriptumest:

307 2073 588 2150 r·.ss‚1o.Deatera
612 2097 716 2136 corrant
741 2073 859 2159 repleto
883 2087 927 2138 cst
950 2075 1138 2137 nrancribus.
2120 2092 2148 2131 rs

553 2177 615 2243 Est
638 2179 735 2242 etiarn
760 2179 815 2264 qui
839 2189 905 2242 tarn
928 2180 964 2242 in
987 2179 1117 2243 sinistra
1140 2202 1238 2266 quam
1269 2180 1302 2242 in
1326 2177 1462 2242 dextera
1485 2187 1593 2263 portat
1616 2199 1742 2258 munus,
1773 2177 1850 2263 quia
1873 2178 1941 2241 sive
1965 2177 2098 2258 iniusta,

448 2285 517 2348 sive
541 2285 626 2348 iusta
649 2285 690 2348 sit
714 2307 823 2366 causa,
849 2283 992 2350 oblatum
1016 2283 1078 2349 sibi
1102 2297 1173 2349 ιιοιι·
1190 2286 1314 2371 respuit
1336 2307 1463 2349 munus.
1511 2283 1575 2364 Qui
1603 2295 1711 2348 autern
1742 2284 1776 2347 in
1799 2283 1868 2348 sola
1890 2284 1975 2348 iusta
1999 2305 2101 2347 causa

448 2390 556 2477 diligit
579 2413 617 2455 ac
641 2391 778 2476 requirit
800 2414 928 2473 munus,
953 2391 1089 2456 dextera
1114 2392 1183 2456 eius
1207 2391 1332 2478 repleta
1354 2401 1404 2455 est
1426 2390 1625 2454 muneribus.

555 2519 607 2579 4l.
645 2515 737 2581 Sicut
761 2517 847 2580 enim
870 2515 1006 2581 multum
1030 2528 1079 2580 est
1101 2515 1316 2602 vituperabile
1341 2539 1457 2580 munus
1481 2525 1546 2579 tam
1571 2517 1604 2578 in
1621 2516 1761 2597 sinistra,
1785 2538 1882 2601 quam
1906 2516 1941 2578 in
1960 2513 2099 2578 dextera

447 2633 587 2707 gestare,
611 2623 657 2686 ita
679 2621 814 2688 multum
839 2634 887 2687 est
910 2622 1073 2688 laudabile
1097 2645 1228 2686 manum
1249 2633 1419 2708 utramque
1444 2623 1490 2686 sic
1515 2645 1534 2686 a
1557 2621 1746 2688 muneribus
1770 2644 1943 2686 excussam
1967 2632 1999 2685 et
2023 2643 2099 2684 eva·
2117 2645 2146 2683 ro

269 2758 428 2810 rens-ro.
448 2739 577 2793 cuatam
607 2731 641 2792 in
665 2731 786 2794 sanctis
809 2729 963 2816 precibus
986 2729 1107 2810 levare,
1132 2740 1167 2794 ut
1189 2731 1349 2815 possimus
1374 2752 1447 2792 cum
1471 2728 1640 2815 psalmista
1664 2729 1790 2793 dicere:
1823 2729 1968 2808 Domine,
1997 2729 2103 2792 dilecti

449 2835 589 2900 decorem
613 2836 723 2901 domna
745 2851 815 2901 tunc
839 2852 867 2902 et
889 2839 989 2902 locuni
1013 2838 1216 2902 dubitationis
1237 2838 1359 2925 plorioe
1383 2851 1461 2900 niae.
1509 2835 1558 2898 Ne
1575 2837 1698 2922 perdas
1726 2861 1795 2900 cum
1824 2837 1935 2922 impiis
1957 2837 2099 2900 animam

447 2966 558 3023 mcum,
582 2956 611 3007 et
632 2968 701 3008 cunt
717 2946 798 3008 ur'ris
821 2947 1010 3031 sanquinem
1026 2946 1122 3008 citerna
1139 2967 1256 3007 rneorn:
1281 2946 1462 3028 inquorum
1486 2944 1631 3006 uentribus
1656 2945 1836 3028 iniquitates
1859 2955 1947 3023 snm,
1971 2942 2099 3006 deutera

448 3072 553 3112 eorem
577 3051 695 3136 repleta
719 3064 763 3114 est
785 3052 973 3115 ninrceribua.

555 3175 607 3236 42.
644 3173 731 3254 Quia
747 3173 850 3238 virtus
866 3175 930 3238 ista
945 3174 1196 3260 contempnendi
1212 3175 1355 3238 muneris
1371 3174 1512 3260 pertinet
1535 3172 1578 3237 ad
1594 3172 1708 3237 domus
1723 3172 1789 3236 Dei
1813 3171 1975 3254 decorem,
2000 3194 2098 3259 quem
2117 3196 2149 3236 rs

354 3303 427 3344 ·r.ar.
448 3301 482 3344 se
501 3279 682 3365 *psalmista
698 3279 851 3344 dilexisse
871 3280 1000 3363 fatetur,
1024 3291 1133 3344 nostro
1158 3282 1255 3344 etiarn
1273 3280 1401 3344 edificio
1425 3279 1526 3344 decor
1548 3281 1608 3343 iste
1633 3280 1680 3344 sic
1704 3288 1842 3365 aptetur,
1866 3288 1903 3343 ut
1925 3279 2098 3365 episeopus

446 3387 539 3450 istius
564 3385 684 3451 edificii
709 3387 838 3472 sapiens
863 3387 1070 3468 architectus,
1095 3399 1128 3451 et
1151 3410 1249 3474 super
1272 3387 1374 3452 solam
1398 3399 1524 3473 petram
1547 3387 1704 3466 veritatis,
1736 3408 1801 3450 non
1824 3408 1923 3471 super
1944 3383 2098 3448 nebulam

448 3485 701 3574 consuetudinis,
727 3492 893 3574 edificant,
918 3516 1012 3558 omne
1036 3517 1138 3579 genus
1163 3495 1315 3576 muneris,
1341 3517 1468 3558 omnem
1485 3495 1628 3579 speciem
1651 3493 1881 3579 negotiationis
1896 3491 2010 3578 procul
2026 3513 2098 3556 esse

446 3599 562 3682 faciat3
592 3606 632 3663 n'e
657 3599 775 3664 decore
800 3600 914 3664 domus
938 3601 1003 3664 Dei
1027 3601 1176 3686 neglecto
1200 3624 1337 3688 pravum
1362 3600 1503 3664 colorem
1526 3600 1627 3665 firmis
1651 3598 1831 3686 parietibus
1855 3598 2097 3684 superinducat.

554 3727 606 3788 43.
641 3723 717 3788 Alia
741 3726 826 3790 enim
850 3726 922 3788 vice
947 3725 1169 3790 columnarum
1193 3737 1375 3791 sustentant
1398 3725 1484 3790 istud
1508 3725 1689 3807 edificirun3
1714 3724 1779 3788 alia
1801 3725 1874 3788 vice
1898 3724 2099 3810 picturarum
2117 3748 2145 3787 ao

448 3830 616 3895 decentem
642 3830 780 3917 prebent
804 3843 961 3895 ornatum.
1009 3832 1044 3897 Si
1070 3833 1220 3897 columna
1241 3844 1400 3914 movetur,
1432 3842 1499 3897 tota
1529 3832 1691 3896 edificatio
1715 3832 1841 3895 ruinam
1865 3832 2015 3894 minatur.
2062 3829 2098 3895 si

447 3938 575 4022 pictura
605 3935 741 4020 deletur,
773 3937 884 4002 oculus
915 3939 1108 4002 intuentium
1139 3939 1234 4003 valde
1266 3938 1449 4003 offenditur.
1496 3939 1612 4002 Petrus
1643 3961 1720 4024 ergo
1751 3938 1954 4002 finnissimae
1984 3947 2099 4023 petrae

447 4044 588 4107 innitens
613 4053 645 4107 et
667 4043 733 4108 Dei
756 4044 920 4109 edificium
944 4045 1058 4109 firlcire
1083 4045 1294 4127 contendens,
1326 4045 1448 4109 idcirco
1479 4067 1538 4130 per
1562 4043 1704 4109 oblatum
1736 4043 1798 4107 sibi
1828 4065 1944 4108 munus
1973 4045 2098 4108 moveri

448 4159 503 4214 aut
525 4148 674 4213 inclinari
698 4172 762 4213 non
786 4152 899 4236 potuit,
925 4153 1001 4237 quia
1025 4162 1057 4215 et
1079 4153 1150 4238 ipse
1174 4152 1358 4216 lirrnissima
1382 4163 1414 4216 et
1437 4152 1620 4216 rectissima
1643 4151 1816 4237 columpna
1845 4150 1922 4234 fuit3
1954 4161 1987 4214 et
2013 4150 2098 4214 hanc

447 4255 611 4320 iusticiam
633 4257 668 4320 in
691 4268 805 4321 sancta
820 4257 884 4321 Dei
909 4258 1070 4322 aeeclesia
1086 4259 1175 4322 velut
1191 4258 1396 4345 columpnam
1414 4258 1589 4340 constituit,
1606 4268 1642 4322 ut
1657 4255 1814 4344 quicquid
1830 4257 1989 4321 venaliter
2004 4255 2098 4320 offer·
2117 4282 2147 4322 aa

448 4372 500 4426 tur
523 4361 565 4426 ab
589 4362 738 4427 omnibus
762 4365 863 4449 ipsius
888 4363 1130 4428 successoribus
1155 4367 1284 4429 omnino
1309 4375 1565 4451 contempnatur.
1612 4364 1764 4429 Heliseus
1789 4375 1898 4428 autem
1921 4375 1954 4427 et
1976 4363 2098 4428 Paulus

405 4469 407 4474 ’
449 4467 585 4532 eandem
603 4468 733 4533 domum
749 4469 837 4533 velut
860 4472 995 4556 picturis
1019 4471 1244 4558 pulcherrimis
1269 4481 1475 4552 ornaverunt,
1501 4470 1629 4558 quando
1655 4484 1687 4534 et
1710 4470 1762 4534 ille
1787 4493 1902 4534 munus
1921 4469 2099 4534 liberaliter

448 4573 592 4640 oblatum
615 4577 754 4662 respuit:
780 4588 813 4641 et
835 4578 895 4640 iste
919 4601 1035 4641 munus
1060 4601 1101 4641 ex
1126 4577 1196 4664 lege
1221 4577 1283 4642 sibi
1308 4577 1452 4642 debitum
1477 4601 1534 4664 pro
1554 4577 1610 4642 tali
1627 4577 1730 4664 gloria
1745 4578 1942 4664 postposuit:
1969 4577 2009 4641 de
2034 4599 2100 4663 qua

283 4681 517 4767 r.cor.a,1s.ipse
549 4681 729 4766 confitetur,
762 4683 849 4770 quod
878 4683 993 4748 melius
1024 4683 1086 4748 sibi
1117 4697 1203 4748 esset
1232 4687 1324 4767 mori,
1355 4708 1453 4771 quam
1476 4696 1511 4749 ut
1534 4685 1669 4770 gloriam
1698 4707 1789 4748 suam
1815 4686 1886 4771 quis
1911 4695 2096 4748 evacuaret.

449 4787 537 4869 Quid
553 4799 602 4852 est
618 4790 703 4853 enirn
728 4791 790 4852 ista
813 4790 926 4875 gloria,
950 4791 1013 4854 nisi
1037 4790 1177 4877 quedam
1201 4791 1326 4877 fulgida
1349 4793 1485 4878 pictura,
1510 4815 1606 4878 quam
1631 4792 1737 4878 lippus
1756 4813 1867 4855 eorum
1884 4791 1995 4855 oculus
2011 4791 2097 4854 ferre
2116 4817 2148 4854 ao

446 4917 512 4959 non
535 4905 671 4982 poterat,
704 4918 784 4982 quos
814 4919 879 4960 non
909 4897 1117 4978 manducare,
1148 4909 1184 4962 ut
1215 4898 1488 4984 euangelizarent,
1520 4898 1578 4963 sed
1602 4898 1839 4984 euangelizare,
1863 4909 1898 4962 ut
1921 4895 2096 4962 manduca-

447 5012 529 5085 rent,
553 5001 748 5067 constabat?
794 5001 915 5066 Paulus
939 5015 1057 5086 autern,
1082 5005 1160 5090 quia
1182 5027 1247 5068 non
1272 5004 1374 5068 solum
1398 5005 1592 5088 linnitatem,
1618 5004 1676 5068 sed
1700 5005 1798 5069 etiam
1815 5003 1965 5068 decorem
1983 5003 2097 5067 domus

371 5237 386 5276 r.
394 5238 428 5276 ar.
555 5225 718 5281 Alexander
740 5221 852 5298 papal:
886 5225 1025 5296 Ecclesia,
1050 5245 1122 5302 qrrac
1140 5227 1275 5302 pacione
1293 5227 1387 5303 precii
1409 5227 1512 5284 claruit
1535 5245 1592 5284 esse
1616 5233 1781 5283 consecrata
1805 5233 1838 5296 ct,
1863 5233 1893 5281 nt
1914 5225 2007 5282 verins
2030 5224 2097 5281 dici-

448 5338 502 5400 tur,
528 5339 663 5389 necata
686 5333 761 5389 nullo
784 5333 865 5389 modo
883 5351 942 5408 pro
965 5333 1101 5390 aecelcsia
1126 5331 1271 5390 bdeatar.

558 5543 586 5614 1)
612 5543 696 5603 Grat.
716 5543 748 5604 Ο.
768 5546 795 5616 1,
820 5565 866 5622 qa.
885 5545 914 5616 4,
940 5565 962 5602 c.
983 5547 1011 5617 1,
1035 5545 1082 5602 uti
1104 5547 1201 5603 eadem
1218 5547 1288 5619 fere
1310 5545 1397 5604 uerba
1421 5544 1562 5623 Greporio
1585 5545 1802 5616 adumbrantem
1825 5545 1992 5603 Alexandro
2015 5543 2098 5602 ctiam
2115 5559 2147 5597 aa

447 5650 477 5707 in
493 5649 618 5707 Anaelmi
634 5649 702 5708 Coll.
721 5671 784 5708 can.
800 5651 832 5722 V,
851 5651 903 5708 20.
918 5651 970 5707 21.
987 5651 1121 5710 attributa
1136 5661 1210 5710 sant.
1246 5652 1324 5710 Idem
1340 5654 1415 5710 betas
1430 5672 1450 5709 a
1468 5649 1602 5710 Gerboho
1626 5651 1708 5708 edam
1731 5651 1760 5709 in
1778 5651 1913 5709 Tractatu
1929 5651 1964 5708 de
1978 5651 2097 5708 simonia

448 5764 474 5813 et
495 5756 524 5814 in
549 5755 652 5815 (lomna.
677 5757 707 5815 in
724 5777 773 5833 ps.
799 5757 851 5814 25.
876 5759 1009 5832 affertur.
