4544 6420
429 405 491 468 100
774 409 948 468 nanuum
971 405 1168 464 sasinusrs
1192 375 1488 463 ARCHffilscom
1510 409 1735 464 lavacrum.

347 601 407 704 ᾗ)
535 602 564 663 5.
611 599 766 664 Nuntiato
796 599 831 662 in
855 596 972 662 Galliis
1004 597 1153 660 scismate
1166 600 1185 676 ¹,
1217 594 1295 658 dum
1326 613 1385 680 pro
1416 595 1563 682 partibus
1591 598 1681 661 vario
1713 596 1825 660 favore
1855 597 1948 662 multi
1978 597 2079 662 multa

426 707 612 793 loquuntur,
636 705 807 792 fidelisque
824 704 963 791 populus
980 704 1114 790 ancipiti
1130 715 1278 789 raptatur
1295 723 1413 785 errore,
1439 705 1561 790 primus
1580 726 1703 790 regum,
1721 703 1900 768 catholicus
1915 706 2078 792 princeps,

428 836 488 877 rex
510 813 712 876 Francorum
735 811 924 876 Ludovicus
949 812 1099 876 occurrit.
1145 810 1188 892 Is,
1213 811 1338 874 vocatis
1363 811 1525 897 episcopis
1550 822 1581 875 ct
1607 810 1766 890 omnibus,
1791 812 1846 897 qui
1870 810 2007 898 probate
2031 835 2079 876 re·

427 920 557 1006 ligionis
588 920 622 982 in
647 917 762 983 Galliis
793 918 1008 1000 habebantur,
1039 931 1219 982 convocato
1251 918 1348 982 etiam
1380 917 1466 982 clero
1498 919 1654 1003 regnique
1685 917 1874 1000 maioribus,
1906 919 2079 982 concilium

429 1027 541 1090 statuit
571 1024 755 1112 generales
803 1024 951 1112 Cumque
976 1048 1010 1088 se
1034 1025 1132 1088 Petro
1155 1023 1276 1088 Leonis
1307 1023 1348 1088 ob
1373 1047 1432 1088 sna
1456 1036 1488 1088 et
1511 1025 1634 1110 patrisa
1659 1023 1816 1111 obsequia
1845 1025 2001 1089 fateretur
2025 1025 2079 1088 ob·
2105 1049 2118 1090 s

429 1135 562 1197 noxium
573 1137 594 1214 ³,
626 1131 705 1196 nibil
732 1145 841 1196 tamen
865 1155 963 1218 super
986 1131 1047 1195 hoc
1072 1131 1256 1195 celsitudini
1281 1133 1370 1216 regie
1395 1130 1496 1195 voluit
1520 1153 1681 1216 arrogare.
1730 1131 1902 1218 Episcopis
1927 1144 1958 1196 et
1982 1133 2080 1218 patri·

432 1239 500 1322 bns,
533 1240 654 1325 quiex
678 1240 858 1304 monastica
881 1238 1038 1324 religione
1064 1248 1294 1318 convenerant,
1326 1239 1414 1302 omni
1438 1238 1557 1302 tradita
1581 1251 1751 1324 potestate,
1783 1251 1817 1303 ut
1842 1241 1888 1303 eis
1913 1240 2001 1334 etin
2026 1261 2082 1303 eos

430 1347 533 1410 omnis
558 1346 707 1410 diffinitio
732 1346 944 1427 conferretur,
974 1369 1011 1408 eo
1043 1344 1131 1431 quod
1154 1366 1255 1430 penes
1280 1357 1409 1408 sanctos
1434 1346 1605 1431 episcopos
1630 1345 1767 1434 ecclesie
1792 1345 1990 1432 dispensatio
2015 1357 2082 1410 tota

431 1455 587 1534 consistit,
613 1465 645 1518 et
669 1452 837 1534 abbates⁴,
869 1475 950 1539 quos
975 1452 1154 1516 divinitatis
1178 1451 1407 1538 contemplatio
1431 1463 1568 1528 recreat,
1600 1451 1711 1516 divina
1735 1452 1835 1516 latere
1860 1453 1993 1516 consilia
2017 1476 2081 1517 non

264 1567 265 1570 ’
327 1561 583 1626 ·r.1ts.creditur.
625 1559 687 1625 Cui
712 1560 849 1624 coneilio
875 1561 1027 1646 qnoniam
1051 1559 1219 1638 interesse,
1246 1557 1396 1636 Girarde,
1421 1559 1507 1622 nonb
1535 1563 1688 1645 *poteras
1714 1581 1787 1623 cum
1811 1559 1925 1624 litteris
1948 1571 2002 1644 tue
2027 1560 2081 1623 de·
2103 1586 2128 1623 io

430 1668 602 1731 formitatis
625 1669 767 1752 imagine
793 1668 991 1752 consignatis
1019 1667 1167 1729 nuntium
1191 1665 1361 1729 destinasti
1372 1670 1392 1728 ⁵.
1441 1665 1621 1751 Utramque
1646 1676 1676 1729 te
1700 1667 1830 1730 novisse
1854 1689 2026 1752 personam
2051 1681 2083 1730 et

432 1774 598 1838 electionis
616 1774 762 1838 ordinem
779 1774 905 1860 plenius
923 1773 1121 1859 exquisisse:
1146 1771 1258 1858 procul
1276 1771 1374 1836 dubio
1392 1795 1464 1835 cum
1482 1771 1672 1836 Innocentio
1696 1795 1782 1858 papa
1806 1785 1891 1836 stare
1915 1774 2081 1854 iustitiam,

432 1904 469 1945 eo
494 1881 582 1967 quod
604 1880 701 1967 plane
725 1882 776 1944 vir
800 1891 886 1944 esset
908 1880 1087 1944 honestatis
1111 1881 1253 1967 egregie,
1286 1893 1317 1942 et
1347 1880 1448 1964 ipsius
1476 1878 1591 1943 electio
1615 1880 1720 1964 prima
1743 1891 1887 1965 tempore
1912 1891 1944 1944 et
1967 1903 1986 1943 a
2010 1903 2081 1966 pre-

432 1990 536 2074 cipuis
567 1989 733 2052 Romanae
764 1987 922 2051 eeclesiae
959 1986 1064 2050 fuerat
1095 1985 1259 2050 celebrata
1289 1987 1445 2072 personis.
1503 1985 1605 2050 Porro
1636 1986 1768 2050 Petrum
1803 2007 1862 2072 per
1896 1986 2081 2072 opulentam

431 2117 562 2158 manum
594 2094 782 2158 cathedram
813 2095 974 2180 posterius
1005 2116 1189 2179 usurpasse,
1215 2093 1320 2156 virum
1345 2093 1426 2156 adeo
1451 2094 1518 2156 vita
1542 2091 1750 2178 reprobatum
1776 2106 1807 2156 et
1830 2095 1970 2172 nomine,
1997 2107 2032 2158 ut
2056 2096 2083 2156 si
2104 2118 2128 2156 1⁵

432 2204 537 2288 ipsum
567 2203 664 2265 etiam
697 2200 840 2288 quelibet
872 2201 1037 2264 electionis
1068 2201 1172 2264 forma
1204 2199 1404 2283 defenderet,
1436 2200 1620 2285 promoveri
1644 2211 1752 2262 tamen
1775 2201 1863 2264 vitae
1888 2200 2027 2286 qualitas
2052 2212 2083 2264 et

432 2309 566 2373 infamia
589 2309 721 2372 minime
746 2310 927 2372 sustineret.
975 2307 1014 2370 Id
1037 2306 1096 2370 tibi
1121 2319 1152 2370 et
1176 2318 1251 2370 tuae
1275 2305 1450 2391 legationi⁰
1476 2305 1631 2370 subiectis
1654 2317 1760 2370 ratum
1784 2307 1862 2386 thre,
1887 2306 1985 2393 idque
2010 2331 2082 2371 esim

432 2415 685 2501 Lugdunensem
696 2419 717 2494 ⁶,
746 2426 813 2478 tum
837 2415 1080 2478 Viennenseml
1104 2414 1287 2494 eeclesiam,
1320 2425 1386 2476 tum
1410 2423 1511 2477 totam
1535 2413 1602 2486 fere
1627 2412 1755 2476 Italiam
1780 2412 1821 2476 ab
1846 2414 1970 2500 ipsiusd
1995 2413 2083 2478 urbis

432 2521 604 2585 menibus⁸
620 2522 800 2607 excepisse.
836 2521 985 2585 Aderant
1009 2533 1115 2584 autem
1133 2520 1255 2585 ibidem
1272 2519 1486 2600 venerabiles,
1513 2542 1575 2606 que
1592 2519 1714 2583 Romae
1739 2520 1868 2584 fuerant
1891 2520 1951 2584 sub
1969 2521 2083 2585 eadem

433 2639 624 2714 tempestate
649 2635 840 2714 personael,
866 2651 949 2714 qnae
974 2651 1082 2691 rerum
1106 2629 1223 2691 scriem
1247 2627 1366 2712 plane⁰
1390 2638 1621 2712 cognoverant,
1652 2629 1823 2712 presertim
1849 2650 1931 2713 quae
1956 2627 2084 2692 oculata
2104 2653 2130 2690 so

433 2735 496 2798 fide
522 2735 648 2820 singula
671 2735 927 2821 percepissents.
975 2733 1189 2798 Habebantur
1218 2757 1345 2820 quoque
1370 2757 1467 2819 super
1490 2733 1552 2798 hoc
1576 2735 1646 2819 ipso
1672 2745 1703 2796 et
1727 2734 1873 2815 aliarum,
1905 2757 1990 2822 quac
2019 2759 2084 2799 non

434 2842 579 2922 aderant,
603 2842 687 2906 ultro
705 2841 854 2926 delegata
877 2843 1062 2906 testimonia
1086 2840 1180 2904 simul
1204 2853 1236 2904 et
1260 2841 1487 2926 persuasiones
1504 2863 1725 2926 personarum,
1750 2864 1831 2928 quas
1856 2843 2002 2927 spiritum
2020 2842 2084 2906 Dei

433 2947 554 3013 habere
579 2961 668 3013 certa
692 2948 773 3012 fides
790 2959 876 3012 esset
888 2952 922 3030 ¹⁰,
949 2971 1021 3012 eum
1045 2959 1092 3012 tot
1115 2948 1282 3012 hominum
1299 2937 1412 3010 seusus
1436 2949 1469 3010 in
1486 2948 1624 3012 eandem
1648 2947 1730 3011 forte
1755 2947 1956 3012 confluerent
1971 2948 2084 3012 volun·

541 3201 567 3262 a)
591 3205 661 3270 patri
682 3203 715 3252 D.
811 3201 839 3260 bl
859 3202 948 3252 abhinc
967 3201 1041 3252 cedaar
1061 3201 1194 3251 Parisinus
1207 3203 1232 3266 s.
1249 3204 1307 3252 145.
1327 3209 1461 3250 tractatura
1478 3210 1591 3251 uernam
1609 3201 1706 3266 ancipit.
1798 3199 1823 3263 c)
1846 3200 1991 3266 largitione
2010 3220 2030 3252 e.
2051 3203 2084 3252 D.

434 3292 462 3354 d)
483 3293 550 3358 ipsis
571 3292 600 3342 P.
616 3292 647 3342 G.
721 3287 747 3352 e)
770 3290 889 3356 plenae.
962 3291 984 3352 f)
1007 3292 1192 3356 precepissent
1211 3308 1230 3340 e.
2105 3299 2131 3338 tt

545 3527 574 3598 l)
607 3525 656 3598 Cf.
687 3526 789 3583 tultam
819 3526 977 3583 hruoceatii
1001 3525 1041 3582 ΙΙ.
1068 3546 1168 3601 papae
1199 3526 1243 3582 dic
1274 3527 1302 3582 3.
1331 3527 1432 3583 alcarii
1466 3529 1580 3594 dataru,·
1621 3525 1709 3598 Jaffl
1736 3546 1779 3581 ar.
1806 3527 1907 3597 itea-
1948 3528 2087 3604 vitataque

434 3657 456 3690 s.
482 3634 631 3691 Bernardi
659 3641 774 3690 arretore
805 3633 938 3690 Erualclo
969 3633 1012 3702 II,
1047 3633 1082 3702 2;
1122 3633 1175 3690 SS.
1201 3633 1318 3702 XXVI,
1347 3632 1424 3688 101:
1461 3634 1610 3688 Praemissi
1642 3635 1671 3687 in
1702 3633 1808 3689 Gallias
1839 3635 1952 3690 fuerant
1983 3638 2084 3700 nuntii,

436 3744 483 3813 qui
507 3743 688 3796 dissensionis
713 3749 742 3796 et
766 3741 902 3796 scismatis
927 3760 944 3796 a
966 3742 1052 3796 Petro
1077 3741 1144 3796 facti
1169 3742 1296 3796 ordinem
1312 3743 1475 3796 Gallicanae
1500 3741 1663 3796 intimarent
1689 3743 1826 3797 eeclesiae
1852 3750 1882 3797 et
1906 3743 2086 3798 hortarentur

436 3851 594 3921 episcopos,
619 3857 651 3903 ut
674 3850 702 3903 in
725 3849 862 3904 ultionem
885 3850 1121 3920 praesumptionis
1146 3850 1363 3920 accingerentur
1389 3856 1437 3903 etc.
1532 3846 1562 3916 2)
1589 3846 1713 3922 Stauqris
1736 3866 1829 3904 ariense
1844 3849 1916 3923 Aps.
1942 3870 1969 3905 a.
1992 3849 2084 3904 1130.

436 3955 618 4024 celebratum,
643 3955 677 4012 de
699 3974 753 4030 quo
770 3955 869 4026 stains
893 3963 1089 4012 tractaverant
1112 3956 1246 4031 Superius
1269 3954 1355 4010 abbas
1378 3954 1406 4010 ia
1432 3953 1488 4010 uita
1514 3954 1650 4010 Ludoeici
1675 3953 1784 4023 Gressi,
1811 3955 1865 4011 ὅδ’.
1887 3955 2000 4024 XXVI,
2027 3957 2085 4016 57:
2105 3971 2131 4010 ao

435 4063 510 4118 Hist.
536 4061 634 4117 Mara.
659 4060 724 4116 ibid.
743 4081 776 4136 p.
796 4060 847 4129 40,
874 4061 1023 4118 Emsaldus
1046 4061 1075 4116 ia
1098 4061 1155 4118 vita
1178 4083 1200 4117 s.
1225 4060 1375 4118 Ber-nardi
1397 4063 1414 4116 l.
1433 4080 1467 4128 c,
1492 4060 1662 4135 Baduhrhsas
1685 4059 1714 4116 iu
1738 4061 1795 4116 eila
1817 4083 1839 4118 s.
1865 4061 1945 4118 Petri
1963 4063 2086 4120 Venera-

436 4167 504 4236 bilis,
536 4167 596 4223 att.
623 4165 716 4237 ctera,
747 4167 885 4242 Bouquet,
917 4168 985 4224 Rec.
1014 4167 1098 4238 XIV,
1132 4167 1213 4238 392,·
1248 4169 1287 4240 cs.
1313 4168 1427 4239 liesclc,
1453 4165 1710 4243 ‘Conciliarpcscln'
1735 4168 1765 4237 V,
1792 4167 1853 4223 408
1863 4191 1872 4237 ,·
1909 4169 2084 4236 Bernhardi,

437 4275 574 4331 ‘Latiar’
593 4293 626 4349 p.
646 4273 705 4330 327
716 4296 726 4341 ;
764 4272 958 4344 Mtthlbaelser,
984 4274 1200 4349 ‘Doppchoahl’
1221 4295 1252 4350 p.
1274 4275 1332 4331 127
1351 4296 1393 4350 sq.
1517 4273 1546 4344 3)
1574 4271 1641 4331 Cum
1667 4270 1809 4331 Lucionico
1832 4295 1899 4352 repe
1923 4277 2085 4334 Auacleturu

436 4381 560 4437 arrrieitia
590 4381 764 4437 coniunctura
788 4381 892 4451 „saissa
924 4401 959 4437 ex
989 4380 1106 4456 qaistola
1137 4382 1193 4438 circs
1223 4401 1299 4437 artare
1326 4383 1418 4437 1130.
1452 4381 1496 4438 elie
1529 4383 1555 4437 1.
1583 4381 1655 4436 ilai.
1687 4382 1729 4436 cal
1756 4382 1831 4438 illum
1863 4382 1971 4439 directa
2002 4385 2088 4439 elisee!

436 4483 585 4563 (Bouquet,
616 4488 684 4544 Rec.
710 4487 778 4556 XV,
805 4481 899 4562 363):
932 4488 1024 4544 Multa
1055 4490 1127 4543 enim
1158 4491 1194 4543 (le
1226 4497 1276 4542 tua
1305 4490 1392 4543 nobili
1424 4497 1453 4544 et
1485 4497 1604 4560 experta
1634 4490 1792 4543 dilectionis
1824 4492 1983 4545 constantia
2012 4490 2085 4545 fidu·
2106 4511 2131 4551 as

436 4596 506 4651 ciam
529 4597 714 4667 possidemus,
744 4613 801 4665 qua
823 4613 973 4666 personam
995 4603 1118 4650 nostram
1143 4615 1160 4650 a
1182 4614 1270 4666 puero
1295 4596 1418 4651 dilexisti
1443 4604 1473 4651 et
1498 4595 1655 4651 dulcedinis
1678 4605 1746 4651 tuse
1771 4596 1922 4652 affectione
1947 4598 2087 4654 benevola

437 4704 564 4758 educasti
589 4709 638 4758 etc.
743 4699 773 4770 4)
798 4700 878 4757 lister
900 4720 968 4776 quos
986 4702 1161 4776 praecipuae
1185 4710 1248 4758 erat
1269 4723 1291 4758 s.
1318 4701 1496 4770 Beraardus,
1522 4702 1608 4758 atace
1634 4699 1866 4759 Claraoallcusis.
1968 4703 1998 4772 5)
2025 4704 2087 4760 Hoc

436 4810 495 4865 loco
520 4809 676 4879 araturam
700 4809 734 4864 de
758 4807 874 4882 qaistola
899 4805 1024 4864 Girardi
1053 4807 1200 4882 deprerdita
1231 4816 1343 4876 tractat,
1375 4829 1458 4884 qaam
1490 4810 1518 4866 ia
1549 4808 1723 4884 separantibus
1753 4810 1795 4864 acl
1815 4809 1925 4865 verbum
1944 4811 2015 4880 scre
2039 4831 2087 4867 coc·

437 4915 572 4991 carpsisse
601 4914 727 4983 videtum
763 4915 803 4984 cf.
830 4913 951 4971 illarate
981 4916 998 4970 i.
1024 4935 1046 4970 c.
1073 4935 1105 4989 p.
1132 4914 1193 4969 278
1211 4935 1253 4989 sq.
1368 4915 1398 4984 6)
1432 4917 1606 4984 liaiaaldas,
1639 4915 1866 4990 archipiscopum
1891 4917 2088 4992 erpdrtucnsis

438 5015 706 5095 (llas-1130),
741 5020 880 5096 Hisponis,
914 5020 1021 5077 abbatr's
1050 5019 1255 5090 Cluuiaceasis,
1273 5041 1389 5095 ·uepos,
1419 5021 1504 5078 Petro
1530 5021 1690 5078 Venerabili
1715 5022 1809 5078 albati
1829 5023 2085 5092 fareriliarissiraaa
2105 5045 2131 5083 so

437 5130 589 5186 raouaclsus
607 5126 808 5196 Cluuiaceusis,
833 5128 881 5202 qui
903 5147 992 5202 aeque
1014 5136 1098 5203 atque
1115 5126 1262 5184 Girardus
1285 5136 1349 5183 arare
1371 5128 1508 5202 lcputioac
1527 5129 1676 5185 Iloruauae
1699 5129 1772 5186 sedis
1789 5129 1977 5205 fuupelratar,
1998 5133 2087 5204 patilo

433 5243 499 5308 post
527 5235 556 5290 in
586 5235 700 5290 coercitio
726 5233 946 5291 Claroruoatano
977 5234 1021 5290 die
1048 5235 1096 5289 18.
1122 5233 1193 5290 Neo.
1222 5234 1315 5288 1130.
1348 5233 1484 5290 celebrato
1514 5234 1671 5290 iunocentii
1694 5235 1734 5290 II.
1763 5245 1864 5309 partes
1893 5245 2002 5293 secretus
2032 5245 2087 5304 est;

438 5342 477 5413 cs.
514 5342 622 5410 lluusi,
650 5341 755 5398 Coucil.
788 5341 874 5409 XXI,
909 5341 991 5410 437,·
1025 5341 1113 5413 Jaffe‘
1139 5360 1184 5396 ur.
1204 5339 1299 5395 7429.
1326 5349 1350 5396 ct
1374 5341 1468 5396 7449.
1592 5341 1622 5408 i)
1655 5341 1828 5414 Steplrauus,
1860 5343 2088 5419 archiepiscopus

444 5447 608 5504 Viennensis
632 5442 899 5521 (llas—1145),
924 5448 952 5504 iu
979 5449 1070 5505 eodem
1096 5446 1210 5503 cerne-ilie
1234 5447 1397 5502 Iursoceutie
1419 5467 1449 5504 sc
1472 5447 1611 5504 adiunxit.
1705 5447 1735 5516 8)
1763 5447 1810 5518 Cf.
1836 5449 1906 5506 Ital).
1932 5451 1966 5506 de
1991 5451 2089 5506 silente

438 5555 535 5610 chron.
562 5554 615 5609 SS.
636 5554 688 5614 VI.
720 5553 799 5608 489:
833 5555 947 5609 Rolnam
978 5556 1081 5611 Petrus
1110 5556 1209 5621 habet,
1241 5561 1328 5608 tonan
1360 5554 1513 5620 ilrcporius
1545 5556 1651 5609 orbem.
1767 5553 1798 5629 9)
1824 5554 1871 5626 Os.
1896 5577 1986 5632 capara
2009 5577 2037 5614 n.
2060 5558 2085 5612 l.
2106 5579 2133 5617 45

442 5661 492 5728 10)
518 5661 572 5716 His
596 5660 685 5717 tradis
708 5661 851 5730 Aruulfas
873 5683 895 5718 s.
922 5661 1114 5728 Beruarduru,
1143 5659 1397 5718 Claracrulleuscm
1422 5660 1556 5730 althaeae,
1580 5661 1755 5739 sipuiJicasse
1777 5662 1895 5732 uidetur,
1921 5665 1966 5720 (rai
1988 5673 2014 5720 et
2035 5685 2088 5720 rer

440 5776 466 5823 et
488 5767 610 5843 episcopi
632 5767 661 5824 ia
677 5767 792 5824 concilio
809 5768 961 5825 coactururli
977 5787 1091 5824 causam
1108 5769 1294 5824 dirimendam
1319 5768 1524 5842 iruposrueruut5
1549 5769 1589 5839 cs.
1611 5767 1737 5825 Eraralcli
1758 5769 1843 5825 eitam
1859 5768 2010 5826 Beruardi
2028 5773 2044 5826 l.
2064 5793 2086 5827 c.
