<?xml version="1.0" encoding="UTF-8"?>
<!DOCTYPE html PUBLIC "-//W3C//DTD XHTML 1.0 Transitional//EN"
    "http://www.w3.org/TR/xhtml1/DTD/xhtml1-transitional.dtd">
<html xmlns="http://www.w3.org/1999/xhtml" xml:lang="en" lang="en">
 <head>
  <title>
</title>
<meta http-equiv="Content-Type" content="text/html;charset=utf-8" />
  <meta name='ocr-system' content='tesseract 3.04.00' />
  <meta name='ocr-capabilities' content='ocr_page ocr_carea ocr_par ocr_line ocrx_word'/>
</head>
<body>
  <div class='ocr_page' id='page_1' title='image "./monumentagerman00unkngoog_0632.png"; bbox 0 0 4478 6442; ppageno 0'>
   <div class='ocr_carea' id='block_1_1' title="bbox 422 431 1845 518">
    <p class='ocr_par' dir='ltr' id='par_1_1' title="bbox 422 431 1845 518">
     <span class='ocr_line' id='line_1_1' title="bbox 422 431 1845 518; baseline 0 -24"><span class='ocrx_word' id='word_1_1' title='bbox 422 437 601 497; x_wconf 83' lang='lat' dir='ltr'>CARMINA</span> <span class='ocrx_word' id='word_1_2' title='bbox 623 438 882 518; x_wconf 12' lang='lat' dir='ltr'>lNASIMONIAM</span> <span class='ocrx_word' id='word_1_3' title='bbox 905 440 957 496; x_wconf 86' lang='lat' dir='ltr'>ET</span> <span class='ocrx_word' id='word_1_4' title='bbox 980 439 1233 497; x_wconf 80' lang='lat' dir='ltr'>ROMANORUM</span> <span class='ocrx_word' id='word_1_5' title='bbox 1256 439 1489 497; x_wconf 82' lang='lat' dir='ltr'>AVARITIAM.</span> <span class='ocrx_word' id='word_1_6' title='bbox 1524 441 1548 495; x_wconf 92' lang='lat'>1.</span> <span class='ocrx_word' id='word_1_7' title='bbox 1572 440 1610 494; x_wconf 83' lang='lat' dir='ltr'>II.</span> <span class='ocrx_word' id='word_1_8' title='bbox 1780 431 1845 494; x_wconf 87' lang='grc'>699</span> 
     </span>
    </p>
   </div>
   <div class='ocr_carea' id='block_1_2' title="bbox 570 624 1338 820">
    <p class='ocr_par' dir='ltr' id='par_1_2' title="bbox 570 624 1338 820">
     <span class='ocr_line' id='line_1_2' title="bbox 571 624 1338 714; baseline 0 -24"><span class='ocrx_word' id='word_1_9' title='bbox 571 624 637 707; x_wconf 80' lang='lat' dir='ltr'>Qui</span> <span class='ocrx_word' id='word_1_10' title='bbox 659 648 724 691; x_wconf 91' lang='lat' dir='ltr'>non</span> <span class='ocrx_word' id='word_1_11' title='bbox 747 625 858 692; x_wconf 81' lang='lat' dir='ltr'>laudet</span> <span class='ocrx_word' id='word_1_12' title='bbox 881 627 999 710; x_wconf 90' lang='lat' dir='ltr'>omnia,</span> <span class='ocrx_word' id='word_1_13' title='bbox 1024 649 1086 714; x_wconf 90' lang='lat' dir='ltr'>que</span> <span class='ocrx_word' id='word_1_14' title='bbox 1109 626 1250 692; x_wconf 86' lang='lat' dir='ltr'>fatentur</span> <span class='ocrx_word' id='word_1_15' title='bbox 1273 649 1338 692; x_wconf 89' lang='lat' dir='ltr'>ore.</span> 
     </span>
     <span class='ocr_line' id='line_1_3' title="bbox 570 731 1318 820; baseline 0 -22"><span class='ocrx_word' id='word_1_16' title='bbox 570 731 607 798; x_wconf 89' lang='lat' dir='ltr'>Si</span> <span class='ocrx_word' id='word_1_17' title='bbox 630 754 727 819; x_wconf 90' lang='lat' dir='ltr'>quem</span> <span class='ocrx_word' id='word_1_18' title='bbox 749 732 831 798; x_wconf 86' lang='lat' dir='ltr'>forte</span> <span class='ocrx_word' id='word_1_19' title='bbox 855 734 1010 820; x_wconf 78' lang='lat' dir='ltr'>possidet,</span> <span class='ocrx_word' id='word_1_20' title='bbox 1033 733 1165 820; x_wconf 79' lang='lat' dir='ltr'>pellitur</span> <span class='ocrx_word' id='word_1_21' title='bbox 1186 733 1318 799; x_wconf 88' lang='lat' dir='ltr'>honore.</span> 
     </span>
    </p>
   </div>
   <div class='ocr_carea' id='block_1_3' title="bbox 502 856 1341 1498">
    <p class='ocr_par' dir='ltr' id='par_1_3' title="bbox 503 856 1282 1266">
     <span class='ocr_line' id='line_1_4' title="bbox 503 856 1282 923; baseline 0 -1"><span class='ocrx_word' id='word_1_22' title='bbox 503 861 533 923; x_wconf 85' lang='lat'>3.</span> <span class='ocrx_word' id='word_1_23' title='bbox 569 858 608 922; x_wconf 93' lang='lat' dir='ltr'>In</span> <span class='ocrx_word' id='word_1_24' title='bbox 631 856 795 923; x_wconf 84' lang='lat' dir='ltr'>subiectos</span> <span class='ocrx_word' id='word_1_25' title='bbox 819 860 948 923; x_wconf 88' lang='lat' dir='ltr'>seviunt</span> <span class='ocrx_word' id='word_1_26' title='bbox 970 859 1171 923; x_wconf 72' lang='lat' dir='ltr'>tirannorum</span> <span class='ocrx_word' id='word_1_27' title='bbox 1193 879 1282 923; x_wconf 91' lang='lat' dir='ltr'>more</span> 
     </span>
     <span class='ocr_line' id='line_1_5' title="bbox 569 964 1129 1031; baseline 0.004 -2"><span class='ocrx_word' id='word_1_28' title='bbox 569 964 613 1029; x_wconf 85' lang='lat' dir='ltr'>Et</span> <span class='ocrx_word' id='word_1_29' title='bbox 636 987 691 1030; x_wconf 88' lang='lat' dir='ltr'>eos</span> <span class='ocrx_word' id='word_1_30' title='bbox 715 964 862 1030; x_wconf 86' lang='lat' dir='ltr'>afficiunt</span> <span class='ocrx_word' id='word_1_31' title='bbox 884 966 983 1030; x_wconf 92' lang='lat' dir='ltr'>nimio</span> <span class='ocrx_word' id='word_1_32' title='bbox 1009 964 1129 1031; x_wconf 85' lang='lat' dir='ltr'>dolore.</span> 
     </span>
     <span class='ocr_line' id='line_1_6' title="bbox 569 1071 1264 1160; baseline 0.001 -24"><span class='ocrx_word' id='word_1_33' title='bbox 569 1071 725 1158; x_wconf 79' lang='lat' dir='ltr'>Quisquis</span> <span class='ocrx_word' id='word_1_34' title='bbox 749 1072 828 1137; x_wconf 88' lang='lat' dir='ltr'>dare</span> <span class='ocrx_word' id='word_1_35' title='bbox 851 1073 980 1160; x_wconf 90' lang='lat' dir='ltr'>poterit,</span> <span class='ocrx_word' id='word_1_36' title='bbox 1004 1072 1066 1137; x_wconf 90' lang='lat' dir='ltr'>erit</span> <span class='ocrx_word' id='word_1_37' title='bbox 1088 1074 1122 1137; x_wconf 92' lang='lat' dir='ltr'>in</span> <span class='ocrx_word' id='word_1_38' title='bbox 1145 1095 1264 1156; x_wconf 85' lang='lat' dir='ltr'>amore,</span> 
     </span>
     <span class='ocr_line' id='line_1_7' title="bbox 571 1177 1259 1266; baseline 0.001 -23"><span class='ocrx_word' id='word_1_39' title='bbox 571 1178 636 1260; x_wconf 83' lang='lat' dir='ltr'>Qui</span> <span class='ocrx_word' id='word_1_40' title='bbox 658 1177 703 1243; x_wconf 93' lang='lat' dir='ltr'>nil</span> <span class='ocrx_word' id='word_1_41' title='bbox 727 1179 805 1244; x_wconf 86' lang='lat' dir='ltr'>dare</span> <span class='ocrx_word' id='word_1_42' title='bbox 829 1181 958 1266; x_wconf 85' lang='lat' dir='ltr'>poterit,</span> <span class='ocrx_word' id='word_1_43' title='bbox 982 1180 1044 1244; x_wconf 87' lang='lat' dir='ltr'>erit</span> <span class='ocrx_word' id='word_1_44' title='bbox 1066 1180 1100 1243; x_wconf 93' lang='lat' dir='ltr'>in</span> <span class='ocrx_word' id='word_1_45' title='bbox 1122 1201 1259 1245; x_wconf 89' lang='lat' dir='ltr'>merore.</span> 
     </span>
    </p>

    <p class='ocr_par' dir='ltr' id='par_1_4' title="bbox 502 1303 1341 1498">
     <span class='ocr_line' id='line_1_8' title="bbox 502 1303 1341 1391; baseline 0.002 -24"><span class='ocrx_word' id='word_1_46' title='bbox 502 1306 533 1368; x_wconf 91' lang='lat'>4.</span> <span class='ocrx_word' id='word_1_47' title='bbox 569 1303 642 1368; x_wconf 90' lang='lat' dir='ltr'>Non</span> <span class='ocrx_word' id='word_1_48' title='bbox 665 1303 840 1369; x_wconf 87' lang='lat' dir='ltr'>formidant</span> <span class='ocrx_word' id='word_1_49' title='bbox 861 1303 995 1369; x_wconf 88' lang='lat' dir='ltr'><strong>Domini</strong></span> <span class='ocrx_word' id='word_1_50' title='bbox 1019 1304 1139 1391; x_wconf 87' lang='lat' dir='ltr'>templa</span> <span class='ocrx_word' id='word_1_51' title='bbox 1161 1303 1341 1389; x_wconf 70' lang='lat' dir='ltr'>subsistere,</span> 
     </span>
     <span class='ocr_line' id='line_1_9' title="bbox 569 1409 1326 1498; baseline 0.001 -23"><span class='ocrx_word' id='word_1_52' title='bbox 569 1409 654 1475; x_wconf 82' lang='lat' dir='ltr'>Care</span> <span class='ocrx_word' id='word_1_53' title='bbox 678 1410 791 1475; x_wconf 87' lang='lat' dir='ltr'>volunt</span> <span class='ocrx_word' id='word_1_54' title='bbox 812 1411 967 1492; x_wconf 86' lang='lat' dir='ltr'>vendere,</span> <span class='ocrx_word' id='word_1_55' title='bbox 991 1411 1090 1476; x_wconf 83' lang='lat' dir='ltr'>nichil</span> <span class='ocrx_word' id='word_1_56' title='bbox 1113 1414 1213 1498; x_wconf 83' lang='lat' dir='ltr'>gratis</span> <span class='ocrx_word' id='word_1_57' title='bbox 1238 1411 1326 1476; x_wconf 85' lang='lat' dir='ltr'>dere.</span> 
     </span>
    </p>
   </div>
   <div class='ocr_carea' id='block_1_4' title="bbox 569 1517 1420 1712">
    <p class='ocr_par' dir='ltr' id='par_1_5' title="bbox 569 1517 1420 1712">
     <span class='ocr_line' id='line_1_10' title="bbox 569 1517 1420 1605; baseline 0.002 -24"><span class='ocrx_word' id='word_1_58' title='bbox 569 1517 753 1604; x_wconf 82' lang='lat' dir='ltr'><strong>Numquam</strong></span> <span class='ocrx_word' id='word_1_59' title='bbox 777 1517 884 1582; x_wconf 82' lang='lat' dir='ltr'>vultus</span> <span class='ocrx_word' id='word_1_60' title='bbox 908 1517 1037 1605; x_wconf 80' lang='lat' dir='ltr'>hylares</span> <span class='ocrx_word' id='word_1_61' title='bbox 1062 1518 1165 1583; x_wconf 84' lang='lat' dir='ltr'>solent</span> <span class='ocrx_word' id='word_1_62' title='bbox 1188 1519 1420 1600; x_wconf 83' lang='lat' dir='ltr'>demonstrare,</span> 
     </span>
     <span class='ocr_line' id='line_1_11' title="bbox 569 1624 1188 1712; baseline 0.003 -24"><span class='ocrx_word' id='word_1_63' title='bbox 569 1625 641 1688; x_wconf 89' lang='lat' dir='ltr'>Nisi</span> <span class='ocrx_word' id='word_1_64' title='bbox 664 1626 754 1712; x_wconf 88' lang='lat' dir='ltr'>prius</span> <span class='ocrx_word' id='word_1_65' title='bbox 777 1624 902 1691; x_wconf 92' lang='lat' dir='ltr'>loculus</span> <span class='ocrx_word' id='word_1_66' title='bbox 925 1627 1040 1712; x_wconf 85' lang='lat' dir='ltr'>incipit</span> <span class='ocrx_word' id='word_1_67' title='bbox 1063 1648 1188 1690; x_wconf 90' lang='lat' dir='ltr'>sonare.</span> 
     </span>
    </p>
   </div>
   <div class='ocr_carea' id='block_1_5' title="bbox 503 1749 1352 1944">
    <p class='ocr_par' dir='ltr' id='par_1_6' title="bbox 503 1749 1352 1944">
     <span class='ocr_line' id='line_1_12' title="bbox 503 1749 1352 1837; baseline -0.001 -22"><span class='ocrx_word' id='word_1_68' title='bbox 503 1753 533 1815; x_wconf 83' lang='lat'>5.</span> <span class='ocrx_word' id='word_1_69' title='bbox 568 1749 752 1816; x_wconf 83' lang='lat' dir='ltr'>Karitutem</span> <span class='ocrx_word' id='word_1_70' title='bbox 774 1751 942 1815; x_wconf 86' lang='lat' dir='ltr'>nominant</span> <span class='ocrx_word' id='word_1_71' title='bbox 962 1750 1035 1832; x_wconf 87' lang='lat' dir='ltr'>hoe,</span> <span class='ocrx_word' id='word_1_72' title='bbox 1060 1750 1147 1837; x_wconf 90' lang='lat' dir='ltr'>quod</span> <span class='ocrx_word' id='word_1_73' title='bbox 1171 1752 1218 1815; x_wconf 88' lang='lat' dir='ltr'>eis</span> <span class='ocrx_word' id='word_1_74' title='bbox 1242 1751 1352 1816; x_wconf 85' lang='lat' dir='ltr'>detur:</span> 
     </span>
     <span class='ocr_line' id='line_1_13' title="bbox 571 1855 1194 1944; baseline 0 -22"><span class='ocrx_word' id='word_1_75' title='bbox 571 1856 717 1922; x_wconf 84' lang='lat' dir='ltr'>Simonis</span> <span class='ocrx_word' id='word_1_76' title='bbox 739 1858 869 1922; x_wconf 88' lang='lat' dir='ltr'>nomine</span> <span class='ocrx_word' id='word_1_77' title='bbox 893 1880 978 1922; x_wconf 87' lang='lat' dir='ltr'>novo</span> <span class='ocrx_word' id='word_1_78' title='bbox 1002 1855 1194 1944; x_wconf 81' lang='lat' dir='ltr'>baptizatur.</span> 
     </span>
    </p>
   </div>
   <div class='ocr_carea' id='block_1_6' title="bbox 567 1963 1402 2159">
    <p class='ocr_par' dir='ltr' id='par_1_7' title="bbox 567 1963 1402 2159">
     <span class='ocr_line' id='line_1_14' title="bbox 567 1963 1402 2051; baseline 0.001 -24"><span class='ocrx_word' id='word_1_79' title='bbox 567 1963 622 2028; x_wconf 87' lang='lat' dir='ltr'>Ad</span> <span class='ocrx_word' id='word_1_80' title='bbox 645 1963 724 2050; x_wconf 88' lang='lat' dir='ltr'>quid</span> <span class='ocrx_word' id='word_1_81' title='bbox 747 1963 841 2051; x_wconf 86' lang='lat' dir='ltr'>plura</span> <span class='ocrx_word' id='word_1_82' title='bbox 864 1964 1028 2029; x_wconf 78' lang='lat' dir='ltr'>referam?</span> <span class='ocrx_word' id='word_1_83' title='bbox 1063 1964 1178 2030; x_wconf 89' lang='lat' dir='ltr'>Nullus</span> <span class='ocrx_word' id='word_1_84' title='bbox 1202 1964 1402 2047; x_wconf 86' lang='lat' dir='ltr'>sublimatur,</span> 
     </span>
     <span class='ocr_line' id='line_1_15' title="bbox 570 2069 1232 2159; baseline 0.003 -25"><span class='ocrx_word' id='word_1_85' title='bbox 570 2070 641 2134; x_wconf 88' lang='lat' dir='ltr'>Nisi</span> <span class='ocrx_word' id='word_1_86' title='bbox 664 2072 753 2158; x_wconf 89' lang='lat' dir='ltr'>prius</span> <span class='ocrx_word' id='word_1_87' title='bbox 776 2070 914 2157; x_wconf 90' lang='lat' dir='ltr'>presulis</span> <span class='ocrx_word' id='word_1_88' title='bbox 938 2069 1037 2135; x_wconf 86' lang='lat' dir='ltr'>bursa</span> <span class='ocrx_word' id='word_1_89' title='bbox 1060 2071 1232 2159; x_wconf 83' lang='lat' dir='ltr'>repleatur.</span> 
     </span>
    </p>
   </div>
   <div class='ocr_carea' id='block_1_7' title="bbox 504 2193 1429 2604">
    <p class='ocr_par' dir='ltr' id='par_1_8' title="bbox 504 2193 1429 2604">
     <span class='ocr_line' id='line_1_16' title="bbox 504 2193 1357 2279; baseline 0 -19"><span class='ocrx_word' id='word_1_90' title='bbox 504 2199 535 2260; x_wconf 89' lang='grc'>6.</span> <span class='ocrx_word' id='word_1_91' title='bbox 571 2194 668 2277; x_wconf 78' lang='lat' dir='ltr'>Quod</span> <span class='ocrx_word' id='word_1_92' title='bbox 691 2196 755 2260; x_wconf 91' lang='lat' dir='ltr'>sint</span> <span class='ocrx_word' id='word_1_93' title='bbox 777 2218 857 2260; x_wconf 79' lang='lat' dir='ltr'>vera</span> <span class='ocrx_word' id='word_1_94' title='bbox 879 2193 966 2278; x_wconf 85' lang='lat' dir='ltr'>talia,</span> <span class='ocrx_word' id='word_1_95' title='bbox 991 2194 1140 2260; x_wconf 88' lang='lat' dir='ltr'>omnibus</span> <span class='ocrx_word' id='word_1_96' title='bbox 1164 2207 1214 2260; x_wconf 88' lang='lat' dir='ltr'>est</span> <span class='ocrx_word' id='word_1_97' title='bbox 1235 2205 1357 2279; x_wconf 88' lang='lat' dir='ltr'>notum,</span> 
     </span>
     <span class='ocr_line' id='line_1_17' title="bbox 567 2301 1429 2390; baseline -0.001 -23"><span class='ocrx_word' id='word_1_98' title='bbox 567 2302 702 2368; x_wconf 84' lang='lat' dir='ltr'>Morbus</span> <span class='ocrx_word' id='word_1_99' title='bbox 725 2303 786 2367; x_wconf 89' lang='lat' dir='ltr'>iste</span> <span class='ocrx_word' id='word_1_100' title='bbox 810 2302 924 2367; x_wconf 85' lang='lat' dir='ltr'>volitat</span> <span class='ocrx_word' id='word_1_101' title='bbox 946 2325 1006 2390; x_wconf 87' lang='lat' dir='ltr'>per</span> <span class='ocrx_word' id='word_1_102' title='bbox 1028 2301 1114 2368; x_wconf 89' lang='lat' dir='ltr'>huuc</span> <span class='ocrx_word' id='word_1_103' title='bbox 1137 2303 1294 2367; x_wconf 89' lang='lat' dir='ltr'>mundum</span> <span class='ocrx_word' id='word_1_104' title='bbox 1317 2313 1429 2367; x_wconf 89' lang='lat' dir='ltr'>totum.</span> 
     </span>
     <span class='ocr_line' id='line_1_18' title="bbox 570 2409 1281 2490; baseline 0 -16"><span class='ocrx_word' id='word_1_105' title='bbox 570 2409 679 2490; x_wconf 79' lang='lat' dir='ltr'>Quare</span> <span class='ocrx_word' id='word_1_106' title='bbox 702 2411 760 2474; x_wconf 85' lang='lat' dir='ltr'>vix</span> <span class='ocrx_word' id='word_1_107' title='bbox 783 2411 930 2474; x_wconf 89' lang='lat' dir='ltr'>invenies</span> <span class='ocrx_word' id='word_1_108' title='bbox 954 2433 1054 2474; x_wconf 92' lang='lat' dir='ltr'>unum</span> <span class='ocrx_word' id='word_1_109' title='bbox 1077 2409 1281 2474; x_wconf 72' lang='lat' dir='ltr'>sacerdotum</span> 
     </span>
     <span class='ocr_line' id='line_1_19' title="bbox 568 2515 1307 2604; baseline 0.001 -23"><span class='ocrx_word' id='word_1_110' title='bbox 568 2515 689 2582; x_wconf 82' lang='lat' dir='ltr'>Atsm</span> <span class='ocrx_word' id='word_1_111' title='bbox 712 2518 812 2602; x_wconf 85' lang='lat' dir='ltr'>gravi·</span> <span class='ocrx_word' id='word_1_112' title='bbox 829 2518 963 2582; x_wconf 89' lang='lat' dir='ltr'>crimine</span> <span class='ocrx_word' id='word_1_113' title='bbox 987 2517 1116 2604; x_wconf 87' lang='lat' dir='ltr'>penitus</span> <span class='ocrx_word' id='word_1_114' title='bbox 1140 2527 1307 2582; x_wconf 89' lang='lat' dir='ltr'>remotum.</span> 
     </span>
    </p>
   </div>
   <div class='ocr_carea' id='block_1_8' title="bbox 990 2909 1039 2983">
    <p class='ocr_par' dir='ltr' id='par_1_9' title="bbox 990 2909 1039 2983">
     <span class='ocr_line' id='line_1_20' title="bbox 990 2909 1039 2983; baseline -0.02 0"><span class='ocrx_word' id='word_1_115' title='bbox 990 2909 1039 2983; x_wconf 86' lang='lat'>11.</span> 
     </span>
    </p>
   </div>
   <div class='ocr_carea' id='block_1_9' title="bbox 149 3047 1861 5057">
    <p class='ocr_par' dir='ltr' id='par_1_10' title="bbox 149 3047 1861 5057">
     <span class='ocr_line' id='line_1_21' title="bbox 150 3047 1848 3135; baseline -0.002 -20"><span class='ocrx_word' id='word_1_116' title='bbox 150 3077 178 3115; x_wconf 75' lang='lat' dir='ltr'>ao</span> <span class='ocrx_word' id='word_1_117' title='bbox 302 3048 351 3112; x_wconf 85' lang='lat' dir='ltr'>De</span> <span class='ocrx_word' id='word_1_118' title='bbox 367 3049 418 3112; x_wconf 87' lang='lat' dir='ltr'>bis</span> <span class='ocrx_word' id='word_1_119' title='bbox 433 3047 555 3113; x_wconf 85' lang='lat' dir='ltr'>duabus</span> <span class='ocrx_word' id='word_1_120' title='bbox 569 3050 680 3112; x_wconf 80' lang='lat' dir='ltr'>satiris</span> <span class='ocrx_word' id='word_1_121' title='bbox 703 3072 772 3112; x_wconf 90' lang='lat' dir='ltr'>cum</span> <span class='ocrx_word' id='word_1_122' title='bbox 796 3050 829 3112; x_wconf 89' lang='lat' dir='ltr'>in</span> <span class='ocrx_word' id='word_1_123' title='bbox 846 3049 1011 3112; x_wconf 85' lang='lat' dir='ltr'>annalium</span> <span class='ocrx_word' id='word_1_124' title='bbox 1026 3062 1202 3114; x_wconf 89' lang='lat' dir='ltr'>nostrorum</span> <span class='ocrx_word' id='word_1_125' title='bbox 1221 3063 1239 3112; x_wconf 93' lang='lat' dir='ltr'>t.</span> <span class='ocrx_word' id='word_1_126' title='bbox 1258 3049 1313 3130; x_wconf 92' lang='lat'>22,</span> <span class='ocrx_word' id='word_1_127' title='bbox 1329 3072 1366 3135; x_wconf 92' lang='lat' dir='ltr'>p.</span> <span class='ocrx_word' id='word_1_128' title='bbox 1383 3049 1446 3111; x_wconf 98' lang='lat'>714</span> <span class='ocrx_word' id='word_1_129' title='bbox 1462 3071 1507 3134; x_wconf 87' lang='lat' dir='ltr'>sq.</span> <span class='ocrx_word' id='word_1_130' title='bbox 1525 3048 1641 3135; x_wconf 82' lang='lat' dir='ltr'>fusius</span> <span class='ocrx_word' id='word_1_131' title='bbox 1656 3071 1748 3134; x_wconf 79' lang='lat' dir='ltr'>apere</span> <span class='ocrx_word' id='word_1_132' title='bbox 1763 3048 1848 3111; x_wconf 82' lang='lat' dir='ltr'>milri</span> 
     </span>
     <span class='ocr_line' id='line_1_22' title="bbox 197 3154 1842 3242; baseline 0 -23"><span class='ocrx_word' id='word_1_133' title='bbox 197 3158 230 3219; x_wconf 86' lang='lat' dir='ltr'>in</span> <span class='ocrx_word' id='word_1_134' title='bbox 245 3157 351 3219; x_wconf 91' lang='lat' dir='ltr'>animo</span> <span class='ocrx_word' id='word_1_135' title='bbox 366 3157 409 3219; x_wconf 87' lang='lat' dir='ltr'>sit</span> <span class='ocrx_word' id='word_1_136' title='bbox 417 3156 439 3234; x_wconf 81' lang='lat'>¹,</span> <span class='ocrx_word' id='word_1_137' title='bbox 458 3179 565 3241; x_wconf 90' lang='lat' dir='ltr'>pauca</span> <span class='ocrx_word' id='word_1_138' title='bbox 581 3167 698 3219; x_wconf 86' lang='lat' dir='ltr'>tantum</span> <span class='ocrx_word' id='word_1_139' title='bbox 718 3155 877 3242; x_wconf 87' lang='lat' dir='ltr'>praefari</span> <span class='ocrx_word' id='word_1_140' title='bbox 897 3178 975 3240; x_wconf 89' lang='lat' dir='ltr'>opus</span> <span class='ocrx_word' id='word_1_141' title='bbox 990 3168 1041 3220; x_wconf 88' lang='lat' dir='ltr'>est.</span> <span class='ocrx_word' id='word_1_142' title='bbox 1077 3155 1198 3220; x_wconf 85' lang='lat' dir='ltr'>Eodem</span> <span class='ocrx_word' id='word_1_143' title='bbox 1221 3169 1316 3220; x_wconf 87' lang='lat' dir='ltr'>metro</span> <span class='ocrx_word' id='word_1_144' title='bbox 1333 3155 1487 3242; x_wconf 81' lang='lat' dir='ltr'>dactylico</span> <span class='ocrx_word' id='word_1_145' title='bbox 1511 3154 1655 3220; x_wconf 88' lang='lat' dir='ltr'>conditae</span> <span class='ocrx_word' id='word_1_146' title='bbox 1676 3168 1757 3235; x_wconf 86' lang='lat' dir='ltr'>sunt,</span> <span class='ocrx_word' id='word_1_147' title='bbox 1781 3178 1842 3240; x_wconf 84' lang='lat' dir='ltr'>quo</span> 
     </span>
     <span class='ocr_line' id='line_1_23' title="bbox 195 3260 1845 3348; baseline -0.001 -22"><span class='ocrx_word' id='word_1_148' title='bbox 195 3286 274 3326; x_wconf 89' lang='lat' dir='ltr'>saec.</span> <span class='ocrx_word' id='word_1_149' title='bbox 291 3261 352 3325; x_wconf 87' lang='lat' dir='ltr'>XI.</span> <span class='ocrx_word' id='word_1_150' title='bbox 370 3286 416 3326; x_wconf 80' lang='lat' dir='ltr'>eu.</span> <span class='ocrx_word' id='word_1_151' title='bbox 435 3276 464 3326; x_wconf 90' lang='lat' dir='ltr'>et</span> <span class='ocrx_word' id='word_1_152' title='bbox 477 3260 558 3325; x_wconf 84' lang='lat' dir='ltr'>XII.</span> <span class='ocrx_word' id='word_1_153' title='bbox 576 3264 619 3326; x_wconf 86' lang='lat' dir='ltr'>in.</span> <span class='ocrx_word' id='word_1_154' title='bbox 644 3261 736 3326; x_wconf 89' lang='lat' dir='ltr'>modo</span> <span class='ocrx_word' id='word_1_155' title='bbox 758 3261 837 3325; x_wconf 87' lang='lat' dir='ltr'>duos</span> <span class='ocrx_word' id='word_1_156' title='bbox 852 3275 966 3348; x_wconf 85' lang='lat' dir='ltr'>poetas</span> <span class='ocrx_word' id='word_1_157' title='bbox 988 3262 1037 3326; x_wconf 78' lang='lat' dir='ltr'>bie</span> <span class='ocrx_word' id='word_1_158' title='bbox 1060 3285 1131 3326; x_wconf 86' lang='lat' dir='ltr'>usas</span> <span class='ocrx_word' id='word_1_159' title='bbox 1154 3285 1217 3326; x_wconf 85' lang='lat' dir='ltr'>esse</span> <span class='ocrx_word' id='word_1_160' title='bbox 1234 3260 1423 3326; x_wconf 86' lang='lat' dir='ltr'>Bernardus</span> <span class='ocrx_word' id='word_1_161' title='bbox 1438 3261 1674 3325; x_wconf 77' lang='lat' dir='ltr'>Marlanensrir²</span> <span class='ocrx_word' id='word_1_162' title='bbox 1688 3260 1845 3326; x_wconf 79' lang='lat' dir='ltr'>contendit</span> 
     </span>
     <span class='ocr_line' id='line_1_24' title="bbox 195 3353 1843 3455; baseline -0.001 -22"><span class='ocrx_word' id='word_1_163' title='bbox 195 3353 333 3454; x_wconf 82' lang='lat' dir='ltr'>adeoque</span> <span class='ocrx_word' id='word_1_164' title='bbox 359 3392 422 3434; x_wconf 91' lang='lat' dir='ltr'>non</span> <span class='ocrx_word' id='word_1_165' title='bbox 449 3369 544 3433; x_wconf 86' lang='lat' dir='ltr'>semel</span> <span class='ocrx_word' id='word_1_166' title='bbox 564 3371 646 3433; x_wconf 86' lang='lat' dir='ltr'>inter</span> <span class='ocrx_word' id='word_1_167' title='bbox 667 3393 699 3432; x_wconf 90' lang='lat' dir='ltr'>se</span> <span class='ocrx_word' id='word_1_168' title='bbox 723 3371 946 3448; x_wconf 65' lang='lat' dir='ltr'>consentiuntll,</span> <span class='ocrx_word' id='word_1_169' title='bbox 970 3382 1004 3432; x_wconf 88' lang='lat' dir='ltr'>ut</span> <span class='ocrx_word' id='word_1_170' title='bbox 1025 3383 1080 3432; x_wconf 88' lang='lat' dir='ltr'>aut</span> <span class='ocrx_word' id='word_1_171' title='bbox 1094 3371 1240 3455; x_wconf 79' lang='lat' dir='ltr'>priorem</span> <span class='ocrx_word' id='word_1_172' title='bbox 1263 3371 1388 3432; x_wconf 88' lang='lat' dir='ltr'>auctori</span> <span class='ocrx_word' id='word_1_173' title='bbox 1401 3369 1592 3454; x_wconf 86' lang='lat' dir='ltr'>posterioris</span> <span class='ocrx_word' id='word_1_174' title='bbox 1613 3381 1717 3432; x_wconf 87' lang='lat' dir='ltr'>notam</span> <span class='ocrx_word' id='word_1_175' title='bbox 1732 3369 1843 3455; x_wconf 76' lang='lat' dir='ltr'>suessa</span> 
     </span>
     <span class='ocr_line' id='line_1_25' title="bbox 196 3475 1843 3561; baseline 0 -23"><span class='ocrx_word' id='word_1_176' title='bbox 196 3489 251 3539; x_wconf 88' lang='lat' dir='ltr'>aut</span> <span class='ocrx_word' id='word_1_177' title='bbox 271 3490 434 3561; x_wconf 82' lang='lat' dir='ltr'>atrumque</span> <span class='ocrx_word' id='word_1_178' title='bbox 463 3475 599 3539; x_wconf 87' lang='lat' dir='ltr'>eiusdem</span> <span class='ocrx_word' id='word_1_179' title='bbox 630 3477 768 3540; x_wconf 80' lang='lat' dir='ltr'>auctoris</span> <span class='ocrx_word' id='word_1_180' title='bbox 791 3499 855 3539; x_wconf 90' lang='lat' dir='ltr'>esse</span> <span class='ocrx_word' id='word_1_181' title='bbox 878 3477 1017 3539; x_wconf 89' lang='lat' dir='ltr'>conicere</span> <span class='ocrx_word' id='word_1_182' title='bbox 1040 3489 1188 3560; x_wconf 88' lang='lat' dir='ltr'>oporteat,</span> <span class='ocrx_word' id='word_1_183' title='bbox 1218 3477 1278 3560; x_wconf 84' lang='lat' dir='ltr'>qui</span> <span class='ocrx_word' id='word_1_184' title='bbox 1304 3500 1334 3540; x_wconf 90' lang='lat' dir='ltr'>a.</span> <span class='ocrx_word' id='word_1_185' title='bbox 1355 3476 1448 3538; x_wconf 91' lang='lat'>1080.</span> <span class='ocrx_word' id='word_1_186' title='bbox 1472 3475 1551 3561; x_wconf 85' lang='lat' dir='ltr'>fere</span> <span class='ocrx_word' id='word_1_187' title='bbox 1574 3477 1713 3539; x_wconf 76' lang='lat' dir='ltr'>carmine</span> <span class='ocrx_word' id='word_1_188' title='bbox 1732 3476 1843 3560; x_wconf 87' lang='lat' dir='ltr'>priore</span> 
     </span>
     <span class='ocr_line' id='line_1_26' title="bbox 150 3581 1842 3670; baseline -0.001 -23"><span class='ocrx_word' id='word_1_189' title='bbox 150 3608 178 3647; x_wconf 76' lang='lat' dir='ltr'>ss</span> <span class='ocrx_word' id='word_1_190' title='bbox 195 3581 341 3669; x_wconf 83' lang='lat' dir='ltr'>Haponis</span> <span class='ocrx_word' id='word_1_191' title='bbox 363 3583 507 3668; x_wconf 72' lang='lat' dir='ltr'>episcopi</span> <span class='ocrx_word' id='word_1_192' title='bbox 526 3581 668 3662; x_wconf 72' lang='lat' dir='ltr'>Dienses,</span> <span class='ocrx_word' id='word_1_193' title='bbox 696 3582 793 3670; x_wconf 80' lang='lat' dir='ltr'>lepati</span> <span class='ocrx_word' id='word_1_194' title='bbox 813 3582 990 3667; x_wconf 87' lang='lat' dir='ltr'>apostolici,</span> <span class='ocrx_word' id='word_1_195' title='bbox 1013 3581 1172 3646; x_wconf 73' lang='lat' dir='ltr'>ancilium</span> <span class='ocrx_word' id='word_1_196' title='bbox 1195 3595 1302 3645; x_wconf 87' lang='lat' dir='ltr'>contra</span> <span class='ocrx_word' id='word_1_197' title='bbox 1325 3581 1501 3661; x_wconf 72' lang='lat' dir='ltr'>isosceles,</span> <span class='ocrx_word' id='word_1_198' title='bbox 1525 3595 1676 3668; x_wconf 80' lang='lat' dir='ltr'>emptores</span> <span class='ocrx_word' id='word_1_199' title='bbox 1698 3581 1842 3645; x_wconf 88' lang='lat' dir='ltr'>ecclesia-</span> 
     </span>
     <span class='ocr_line' id='line_1_27' title="bbox 195 3687 1845 3777; baseline 0 -26"><span class='ocrx_word' id='word_1_200' title='bbox 195 3713 276 3769; x_wconf 86' lang='lat' dir='ltr'>ram,</span> <span class='ocrx_word' id='word_1_201' title='bbox 299 3689 365 3753; x_wconf 86' lang='lat' dir='ltr'>sibi</span> <span class='ocrx_word' id='word_1_202' title='bbox 385 3691 554 3775; x_wconf 89' lang='lat' dir='ltr'>impetrare</span> <span class='ocrx_word' id='word_1_203' title='bbox 577 3688 740 3768; x_wconf 78' lang='lat' dir='ltr'>studuerit,</span> <span class='ocrx_word' id='word_1_204' title='bbox 757 3702 880 3774; x_wconf 89' lang='lat' dir='ltr'>postea,</span> <span class='ocrx_word' id='word_1_205' title='bbox 904 3689 1044 3752; x_wconf 85' lang='lat' dir='ltr'>avaritia</span> <span class='ocrx_word' id='word_1_206' title='bbox 1059 3687 1274 3752; x_wconf 79' lang='lat' dir='ltr'>Romanorum</span> <span class='ocrx_word' id='word_1_207' title='bbox 1291 3689 1458 3777; x_wconf 87' lang='lat' dir='ltr'>patefacta</span> <span class='ocrx_word' id='word_1_208' title='bbox 1482 3701 1580 3752; x_wconf 73' lang='lat' dir='ltr'>acuite</span> <span class='ocrx_word' id='word_1_209' title='bbox 1602 3687 1727 3752; x_wconf 83' lang='lat' dir='ltr'>Urbani</span> <span class='ocrx_word' id='word_1_210' title='bbox 1738 3687 1787 3768; x_wconf 90' lang='grc' dir='ltr'>ΙΙ,</span> <span class='ocrx_word' id='word_1_211' title='bbox 1811 3701 1845 3751; x_wconf 88' lang='lat' dir='ltr'>ut</span> 
     </span>
     <span class='ocr_line' id='line_1_28' title="bbox 196 3793 1842 3880; baseline 0 -22"><span class='ocrx_word' id='word_1_212' title='bbox 196 3795 328 3877; x_wconf 86' lang='lat' dir='ltr'>videtur,</span> <span class='ocrx_word' id='word_1_213' title='bbox 360 3795 491 3861; x_wconf 89' lang='lat' dir='ltr'>alterum</span> <span class='ocrx_word' id='word_1_214' title='bbox 523 3809 629 3860; x_wconf 86' lang='lat' dir='ltr'>contra</span> <span class='ocrx_word' id='word_1_215' title='bbox 659 3797 781 3859; x_wconf 85' lang='lat' dir='ltr'>caria-m</span> <span class='ocrx_word' id='word_1_216' title='bbox 812 3794 957 3860; x_wconf 85' lang='lat' dir='ltr'>ediderit.</span> <span class='ocrx_word' id='word_1_217' title='bbox 1011 3793 1178 3880; x_wconf 81' lang='lat' dir='ltr'>Utriusque</span> <span class='ocrx_word' id='word_1_218' title='bbox 1207 3808 1316 3859; x_wconf 87' lang='lat' dir='ltr'>auctor</span> <span class='ocrx_word' id='word_1_219' title='bbox 1346 3794 1457 3860; x_wconf 81' lang='lat' dir='ltr'>ordine</span> <span class='ocrx_word' id='word_1_220' title='bbox 1490 3794 1624 3859; x_wconf 88' lang='lat' dir='ltr'>clericus</span> <span class='ocrx_word' id='word_1_221' title='bbox 1657 3796 1842 3874; x_wconf 87' lang='lat' dir='ltr'>saecularis,</span> 
     </span>
     <span class='ocr_line' id='line_1_29' title="bbox 194 3899 1843 3987; baseline 0 -21"><span class='ocrx_word' id='word_1_222' title='bbox 194 3904 330 3982; x_wconf 88' lang='lat' dir='ltr'>natione,</span> <span class='ocrx_word' id='word_1_223' title='bbox 360 3927 430 3966; x_wconf 88' lang='lat' dir='ltr'>cum</span> <span class='ocrx_word' id='word_1_224' title='bbox 459 3904 493 3966; x_wconf 90' lang='lat' dir='ltr'>in</span> <span class='ocrx_word' id='word_1_225' title='bbox 519 3904 548 3982; x_wconf 86' lang='lat'>1,</span> <span class='ocrx_word' id='word_1_226' title='bbox 572 3927 600 3966; x_wconf 86' lang='lat' dir='ltr'>v.</span> <span class='ocrx_word' id='word_1_227' title='bbox 618 3903 669 3966; x_wconf 89' lang='lat'>41.</span> <span class='ocrx_word' id='word_1_228' title='bbox 700 3916 728 3966; x_wconf 90' lang='lat' dir='ltr'>et</span> <span class='ocrx_word' id='word_1_229' title='bbox 757 3903 787 3982; x_wconf 91' lang='lat'>2,</span> <span class='ocrx_word' id='word_1_230' title='bbox 811 3926 839 3965; x_wconf 87' lang='lat' dir='ltr'>v.</span> <span class='ocrx_word' id='word_1_231' title='bbox 857 3902 909 3965; x_wconf 92' lang='grc'>23.</span> <span class='ocrx_word' id='word_1_232' title='bbox 934 3901 1066 3987; x_wconf 83' lang='lat' dir='ltr'>Anplia,</span> <span class='ocrx_word' id='word_1_233' title='bbox 1094 3899 1211 3982; x_wconf 81' lang='lat' dir='ltr'>Sectis,</span> <span class='ocrx_word' id='word_1_234' title='bbox 1243 3901 1386 3965; x_wconf 83' lang='lat' dir='ltr'>Francia</span> <span class='ocrx_word' id='word_1_235' title='bbox 1409 3903 1615 3982; x_wconf 83' lang='lat' dir='ltr'>nominentur,</span> <span class='ocrx_word' id='word_1_236' title='bbox 1638 3901 1843 3966; x_wconf 86' lang='lat' dir='ltr'>Normannus</span> 
     </span>
     <span class='ocr_line' id='line_1_30' title="bbox 189 3989 1861 4096; baseline 0 -24"><span class='ocrx_word' id='word_1_237' title='bbox 189 4008 298 4095; x_wconf 89' lang='lat' dir='ltr'>fuisse</span> <span class='ocrx_word' id='word_1_238' title='bbox 322 4022 377 4073; x_wconf 85' lang='lat' dir='ltr'>aut</span> <span class='ocrx_word' id='word_1_239' title='bbox 399 4023 477 4074; x_wconf 86' lang='lat' dir='ltr'>certe</span> <span class='ocrx_word' id='word_1_240' title='bbox 505 4011 537 4072; x_wconf 89' lang='lat' dir='ltr'>in</span> <span class='ocrx_word' id='word_1_241' title='bbox 562 4008 764 4073; x_wconf 88' lang='lat' dir='ltr'>Narmannia</span> <span class='ocrx_word' id='word_1_242' title='bbox 779 4009 931 4096; x_wconf 83' lang='lat' dir='ltr'>floruisse</span> <span class='ocrx_word' id='word_1_243' title='bbox 954 4007 1086 4072; x_wconf 77' lang='lat' dir='ltr'>videaur.</span> <span class='ocrx_word' id='word_1_244' title='bbox 1127 4006 1261 4072; x_wconf 80' lang='lat' dir='ltr'>Carmen</span> <span class='ocrx_word' id='word_1_245' title='bbox 1279 4009 1307 4070; x_wconf 93' lang='lat'>1.</span> <span class='ocrx_word' id='word_1_246' title='bbox 1331 4009 1366 4072; x_wconf 93' lang='lat' dir='ltr'>in</span> <span class='ocrx_word' id='word_1_247' title='bbox 1389 4009 1489 4073; x_wconf 84' lang='lat' dir='ltr'>tribas</span> <span class='ocrx_word' id='word_1_248' title='bbox 1512 4007 1673 4073; x_wconf 86' lang='lat' dir='ltr'>codicibus</span> <span class='ocrx_word' id='word_1_249' title='bbox 1695 3989 1861 4096; x_wconf 68' lang='lat' dir='ltr'>Anplr‘cis¹</span> 
     </span>
     <span class='ocr_line' id='line_1_31' title="bbox 149 4108 1841 4196; baseline -0.001 -15"><span class='ocrx_word' id='word_1_250' title='bbox 149 4141 178 4181; x_wconf 84' lang='lat' dir='ltr'>so</span> <span class='ocrx_word' id='word_1_251' title='bbox 198 4115 342 4180; x_wconf 77' lang='lat' dir='ltr'>Gualoni</span> <span class='ocrx_word' id='word_1_252' title='bbox 354 4116 494 4196; x_wconf 89' lang='lat' dir='ltr'>Britani,</span> <span class='ocrx_word' id='word_1_253' title='bbox 517 4118 552 4180; x_wconf 86' lang='lat' dir='ltr'>in</span> <span class='ocrx_word' id='word_1_254' title='bbox 569 4116 688 4180; x_wconf 84' lang='lat' dir='ltr'>duobus</span> <span class='ocrx_word' id='word_1_255' title='bbox 711 4116 871 4180; x_wconf 83' lang='lat' dir='ltr'>codicibus</span> <span class='ocrx_word' id='word_1_256' title='bbox 886 4108 1044 4180; x_wconf 77' lang='lat' dir='ltr'>Niclrobro</span> <span class='ocrx_word' id='word_1_257' title='bbox 1067 4115 1246 4180; x_wconf 86' lang='lat' dir='ltr'>ascribitur.</span> <span class='ocrx_word' id='word_1_258' title='bbox 1283 4112 1349 4180; x_wconf 79' lang='lat' dir='ltr'>Sed</span> <span class='ocrx_word' id='word_1_259' title='bbox 1370 4129 1473 4179; x_wconf 88' lang='lat' dir='ltr'>utrum</span> <span class='ocrx_word' id='word_1_260' title='bbox 1497 4116 1552 4180; x_wconf 85' lang='lat' dir='ltr'>bos</span> <span class='ocrx_word' id='word_1_261' title='bbox 1575 4129 1646 4195; x_wconf 82' lang='lat' dir='ltr'>tres,</span> <span class='ocrx_word' id='word_1_262' title='bbox 1670 4141 1708 4180; x_wconf 75' lang='lat' dir='ltr'>erc</span> <span class='ocrx_word' id='word_1_263' title='bbox 1726 4116 1841 4196; x_wconf 88' lang='lat' dir='ltr'>eodem,</span> 
     </span>
     <span class='ocr_line' id='line_1_32' title="bbox 195 4222 1841 4310; baseline 0.001 -25"><span class='ocrx_word' id='word_1_264' title='bbox 195 4222 383 4302; x_wconf 70' lang='lat' dir='ltr'>assidetur,</span> <span class='ocrx_word' id='word_1_265' title='bbox 407 4223 584 4308; x_wconf 71' lang='lat' dir='ltr'>exemplari</span> <span class='ocrx_word' id='word_1_266' title='bbox 605 4225 786 4308; x_wconf 67' lang='lat' dir='ltr'>eascrirnos,</span> <span class='ocrx_word' id='word_1_267' title='bbox 810 4247 852 4286; x_wconf 90' lang='lat' dir='ltr'>an</span> <span class='ocrx_word' id='word_1_268' title='bbox 875 4223 978 4301; x_wconf 89' lang='lat' dir='ltr'>illum,</span> <span class='ocrx_word' id='word_1_269' title='bbox 1009 4224 1068 4308; x_wconf 82' lang='lat' dir='ltr'>qui</span> <span class='ocrx_word' id='word_1_270' title='bbox 1092 4224 1226 4308; x_wconf 79' lang='lat' dir='ltr'>optimas</span> <span class='ocrx_word' id='word_1_271' title='bbox 1255 4222 1398 4286; x_wconf 87' lang='lat' dir='ltr'>lectiones</span> <span class='ocrx_word' id='word_1_272' title='bbox 1421 4222 1551 4304; x_wconf 73' lang='lat' dir='ltr'>exbibet,</span> <span class='ocrx_word' id='word_1_273' title='bbox 1580 4225 1673 4308; x_wconf 85' lang='lat' dir='ltr'>sequi</span> <span class='ocrx_word' id='word_1_274' title='bbox 1693 4236 1841 4310; x_wconf 88' lang='lat' dir='ltr'>oporteat,</span> 
     </span>
     <span class='ocr_line' id='line_1_33' title="bbox 195 4327 1839 4416; baseline 0.001 -25"><span class='ocrx_word' id='word_1_275' title='bbox 195 4327 377 4394; x_wconf 73' lang='lat' dir='ltr'>diiudicari</span> <span class='ocrx_word' id='word_1_276' title='bbox 396 4331 511 4414; x_wconf 87' lang='lat' dir='ltr'>nequit.</span> <span class='ocrx_word' id='word_1_277' title='bbox 549 4328 701 4394; x_wconf 78' lang='lat' dir='ltr'>Clausala</span> <span class='ocrx_word' id='word_1_278' title='bbox 723 4331 842 4393; x_wconf 87' lang='lat' dir='ltr'>satirae</span> <span class='ocrx_word' id='word_1_279' title='bbox 864 4343 988 4394; x_wconf 77' lang='lat' dir='ltr'>nonnae</span> <span class='ocrx_word' id='word_1_280' title='bbox 1003 4343 1100 4415; x_wconf 90' lang='lat' dir='ltr'>poeta</span> <span class='ocrx_word' id='word_1_281' title='bbox 1123 4328 1255 4415; x_wconf 86' lang='lat' dir='ltr'>quidam</span> <span class='ocrx_word' id='word_1_282' title='bbox 1273 4327 1502 4394; x_wconf 75' lang='lat' dir='ltr'>Germanicus⁴</span> <span class='ocrx_word' id='word_1_283' title='bbox 1515 4343 1592 4416; x_wconf 86' lang='lat' dir='ltr'>post</span> <span class='ocrx_word' id='word_1_284' title='bbox 1610 4354 1726 4394; x_wconf 84' lang='lat' dir='ltr'>annum</span> <span class='ocrx_word' id='word_1_285' title='bbox 1746 4331 1839 4392; x_wconf 88' lang='lat'>1133.</span> 
     </span>
     <span class='ocr_line' id='line_1_34' title="bbox 194 4435 985 4520; baseline 0 -22"><span class='ocrx_word' id='word_1_286' title='bbox 194 4435 240 4499; x_wconf 90' lang='lat' dir='ltr'>ad</span> <span class='ocrx_word' id='word_1_287' title='bbox 261 4459 386 4500; x_wconf 88' lang='lat' dir='ltr'>carmen</span> <span class='ocrx_word' id='word_1_288' title='bbox 408 4435 548 4520; x_wconf 87' lang='lat' dir='ltr'>amplius</span> <span class='ocrx_word' id='word_1_289' title='bbox 570 4435 813 4520; x_wconf 89' lang='lat' dir='ltr'>componendum</span> <span class='ocrx_word' id='word_1_290' title='bbox 837 4459 911 4499; x_wconf 87' lang='lat' dir='ltr'>usus</span> <span class='ocrx_word' id='word_1_291' title='bbox 934 4449 985 4500; x_wconf 86' lang='lat' dir='ltr'>est.</span> 
     </span>
     <span class='ocr_line' id='line_1_35' title="bbox 305 4540 1840 4630; baseline -0.001 -23"><span class='ocrx_word' id='word_1_292' title='bbox 305 4541 437 4607; x_wconf 80' lang='lat' dir='ltr'>Carmen</span> <span class='ocrx_word' id='word_1_293' title='bbox 458 4544 485 4604; x_wconf 93' lang='lat' dir='ltr'>l.</span> <span class='ocrx_word' id='word_1_294' title='bbox 510 4566 589 4606; x_wconf 90' lang='lat' dir='ltr'>saec.</span> <span class='ocrx_word' id='word_1_295' title='bbox 606 4540 686 4605; x_wconf 86' lang='lat' dir='ltr'>XII.</span> <span class='ocrx_word' id='word_1_296' title='bbox 705 4556 733 4606; x_wconf 92' lang='lat' dir='ltr'>et</span> <span class='ocrx_word' id='word_1_297' title='bbox 747 4541 847 4605; x_wconf 88' lang='lat' dir='ltr'>XIII.</span> <span class='ocrx_word' id='word_1_298' title='bbox 873 4543 961 4629; x_wconf 80' lang='lat' dir='ltr'>lonpe</span> <span class='ocrx_word' id='word_1_299' title='bbox 982 4543 1102 4629; x_wconf 74' lang='lat' dir='ltr'>liteque</span> <span class='ocrx_word' id='word_1_300' title='bbox 1125 4544 1261 4630; x_wconf 65' lang='lat' dir='ltr'>separese</span> <span class='ocrx_word' id='word_1_301' title='bbox 1284 4542 1426 4625; x_wconf 72' lang='lat' dir='ltr'>videtur,</span> <span class='ocrx_word' id='word_1_302' title='bbox 1452 4543 1492 4606; x_wconf 85' lang='lat'>15</span> <span class='ocrx_word' id='word_1_303' title='bbox 1516 4545 1597 4607; x_wconf 89' lang='lat' dir='ltr'>enim</span> <span class='ocrx_word' id='word_1_304' title='bbox 1615 4543 1747 4624; x_wconf 88' lang='lat' dir='ltr'>codices,</span> <span class='ocrx_word' id='word_1_305' title='bbox 1771 4545 1840 4628; x_wconf 79' lang='lat' dir='ltr'>qai-</span> 
     </span>
     <span class='ocr_line' id='line_1_36' title="bbox 149 4649 1840 4737; baseline 0.001 -25"><span class='ocrx_word' id='word_1_306' title='bbox 149 4671 176 4712; x_wconf 78' lang='lat' dir='ltr'>se</span> <span class='ocrx_word' id='word_1_307' title='bbox 195 4649 251 4712; x_wconf 87' lang='lat' dir='ltr'>bus</span> <span class='ocrx_word' id='word_1_308' title='bbox 273 4663 466 4713; x_wconf 84' lang='lat' dir='ltr'>asservatum</span> <span class='ocrx_word' id='word_1_309' title='bbox 489 4663 542 4729; x_wconf 89' lang='lat' dir='ltr'>est,</span> <span class='ocrx_word' id='word_1_310' title='bbox 572 4649 748 4713; x_wconf 78' lang='lat' dir='ltr'>mulwtiene</span> <span class='ocrx_word' id='word_1_311' title='bbox 771 4649 898 4734; x_wconf 87' lang='lat' dir='ltr'>quidem</span> <span class='ocrx_word' id='word_1_312' title='bbox 921 4651 1003 4714; x_wconf 89' lang='lat' dir='ltr'>inter</span> <span class='ocrx_word' id='word_1_313' title='bbox 1025 4673 1057 4714; x_wconf 88' lang='lat' dir='ltr'>se</span> <span class='ocrx_word' id='word_1_314' title='bbox 1081 4649 1304 4735; x_wconf 69' lang='lat' dir='ltr'>discrepantes,</span> <span class='ocrx_word' id='word_1_315' title='bbox 1327 4649 1484 4735; x_wconf 85' lang='lat' dir='ltr'>bucusque</span> <span class='ocrx_word' id='word_1_316' title='bbox 1506 4651 1622 4737; x_wconf 89' lang='lat' dir='ltr'>reperi,</span> <span class='ocrx_word' id='word_1_317' title='bbox 1644 4674 1700 4714; x_wconf 89' lang='lat' dir='ltr'>nec</span> <span class='ocrx_word' id='word_1_318' title='bbox 1723 4650 1840 4729; x_wconf 86' lang='lat' dir='ltr'>dubito,</span> 
     </span>
     <span class='ocr_line' id='line_1_37' title="bbox 195 4754 1841 4844; baseline 0.001 -25"><span class='ocrx_word' id='word_1_319' title='bbox 195 4757 272 4841; x_wconf 86' lang='lat' dir='ltr'>quin</span> <span class='ocrx_word' id='word_1_320' title='bbox 291 4757 402 4842; x_wconf 87' lang='lat' dir='ltr'>plures</span> <span class='ocrx_word' id='word_1_321' title='bbox 425 4757 613 4843; x_wconf 62' lang='lat' dir='ltr'>investigari</span> <span class='ocrx_word' id='word_1_322' title='bbox 629 4757 761 4842; x_wconf 84' lang='lat' dir='ltr'>possint.</span> <span class='ocrx_word' id='word_1_323' title='bbox 807 4756 941 4821; x_wconf 84' lang='lat' dir='ltr'>Editum</span> <span class='ocrx_word' id='word_1_324' title='bbox 964 4770 1008 4822; x_wconf 85' lang='lat' dir='ltr'>est</span> <span class='ocrx_word' id='word_1_325' title='bbox 1022 4759 1133 4843; x_wconf 89' lang='lat' dir='ltr'>primo</span> <span class='ocrx_word' id='word_1_326' title='bbox 1156 4780 1172 4821; x_wconf 93' lang='lat' dir='ltr'>e</span> <span class='ocrx_word' id='word_1_327' title='bbox 1195 4754 1301 4821; x_wconf 90' lang='lat' dir='ltr'>codice</span> <span class='ocrx_word' id='word_1_328' title='bbox 1324 4758 1427 4844; x_wconf 64' lang='lat' dir='ltr'>rpnoto</span> <span class='ocrx_word' id='word_1_329' title='bbox 1451 4781 1471 4819; x_wconf 92' lang='lat' dir='ltr'>a</span> <span class='ocrx_word' id='word_1_330' title='bbox 1495 4756 1529 4819; x_wconf 89' lang='lat' dir='ltr'><em>F</em></span> <span class='ocrx_word' id='word_1_331' title='bbox 1531 4757 1623 4837; x_wconf 85' lang='lat' dir='ltr'>lucio,</span> <span class='ocrx_word' id='word_1_332' title='bbox 1648 4755 1747 4821; x_wconf 88' lang='lat' dir='ltr'>Varia</span> <span class='ocrx_word' id='word_1_333' title='bbox 1762 4780 1841 4842; x_wconf 89' lang='lat' dir='ltr'>poe-</span> 
     </span>
     <span class='ocr_line' id='line_1_38' title="bbox 194 4860 1840 4950; baseline 0.001 -24"><span class='ocrx_word' id='word_1_334' title='bbox 194 4876 278 4926; x_wconf 89' lang='lat' dir='ltr'>mata</span> <span class='ocrx_word' id='word_1_335' title='bbox 294 4886 332 4949; x_wconf 91' lang='lat' dir='ltr'>p.</span> <span class='ocrx_word' id='word_1_336' title='bbox 350 4862 412 4925; x_wconf 88' lang='lat'>461</span> <span class='ocrx_word' id='word_1_337' title='bbox 431 4865 509 4947; x_wconf 81' lang='lat' dir='ltr'>sq.⁵,·</span> <span class='ocrx_word' id='word_1_338' title='bbox 532 4860 567 4948; x_wconf 91' lang='grc'>2)</span> <span class='ocrx_word' id='word_1_339' title='bbox 592 4861 729 4927; x_wconf 88' lang='lat' dir='ltr'>ecodice</span> <span class='ocrx_word' id='word_1_340' title='bbox 751 4887 775 4926; x_wconf 90' lang='lat' dir='ltr'>s.</span> <span class='ocrx_word' id='word_1_341' title='bbox 792 4862 930 4928; x_wconf 76' lang='lat' dir='ltr'>Gatiani</span> <span class='ocrx_word' id='word_1_342' title='bbox 947 4862 1148 4943; x_wconf 83' lang='lat' dir='ltr'>Turonensis,</span> <span class='ocrx_word' id='word_1_343' title='bbox 1170 4865 1230 4948; x_wconf 81' lang='lat' dir='ltr'>qui</span> <span class='ocrx_word' id='word_1_344' title='bbox 1251 4863 1333 4942; x_wconf 88' lang='lat' dir='ltr'>latet,</span> <span class='ocrx_word' id='word_1_345' title='bbox 1357 4888 1377 4926; x_wconf 85' lang='lat' dir='ltr'>a</span> <span class='ocrx_word' id='word_1_346' title='bbox 1393 4862 1610 4950; x_wconf 78' lang='lat' dir='ltr'>Beaupendre,</span> <span class='ocrx_word' id='word_1_347' title='bbox 1628 4861 1707 4950; x_wconf 90' lang='lat' dir='ltr'>Opp.</span> <span class='ocrx_word' id='word_1_348' title='bbox 1725 4863 1840 4928; x_wconf 89' lang='lat' dir='ltr'>Hilde-</span> 
     </span>
     <span class='ocr_line' id='line_1_39' title="bbox 194 4967 1842 5057; baseline 0.001 -24"><span class='ocrx_word' id='word_1_349' title='bbox 194 4970 276 5034; x_wconf 89' lang='lat' dir='ltr'>berti</span> <span class='ocrx_word' id='word_1_350' title='bbox 303 4983 331 5034; x_wconf 95' lang='lat' dir='ltr'>et</span> <span class='ocrx_word' id='word_1_351' title='bbox 359 4967 515 5034; x_wconf 86' lang='lat' dir='ltr'>Marbodi</span> <span class='ocrx_word' id='word_1_352' title='bbox 542 4969 599 5033; x_wconf 90' lang='lat' dir='ltr'>col.</span> <span class='ocrx_word' id='word_1_353' title='bbox 625 4969 709 5031; x_wconf 82' lang='lat'>1629</span> <span class='ocrx_word' id='word_1_354' title='bbox 741 4969 878 5057; x_wconf 65' lang='lat' dir='ltr'>(Mrpne,</span> <span class='ocrx_word' id='word_1_355' title='bbox 907 4969 1028 5034; x_wconf 88' lang='lat' dir='ltr'>Patrol.</span> <span class='ocrx_word' id='word_1_356' title='bbox 1052 4970 1126 5050; x_wconf 89' lang='lat'>171,</span> <span class='ocrx_word' id='word_1_357' title='bbox 1156 4970 1212 5034; x_wconf 90' lang='lat' dir='ltr'>col.</span> <span class='ocrx_word' id='word_1_358' title='bbox 1239 4969 1358 5054; x_wconf 74' lang='lat'>1730),</span> <span class='ocrx_word' id='word_1_359' title='bbox 1392 4967 1426 5056; x_wconf 86' lang='lat'>3)</span> <span class='ocrx_word' id='word_1_360' title='bbox 1458 4993 1473 5033; x_wconf 88' lang='lat' dir='ltr'>e</span> <span class='ocrx_word' id='word_1_361' title='bbox 1503 4969 1608 5034; x_wconf 88' lang='lat' dir='ltr'>codice</span> <span class='ocrx_word' id='word_1_362' title='bbox 1636 4969 1842 5035; x_wconf 73' lang='lat' dir='ltr'>Cottoniano⁰</span> 
     </span>
    </p>
   </div>
   <div class='ocr_carea' id='block_1_10' title="bbox 144 5152 1842 5871">
    <p class='ocr_par' dir='ltr' id='par_1_11' title="bbox 303 5152 1842 5231">
     <span class='ocr_line' id='line_1_40' title="bbox 303 5152 1842 5231; baseline 0.001 -21"><span class='ocrx_word' id='word_1_363' title='bbox 303 5154 332 5226; x_wconf 92' lang='lat'>1)</span> <span class='ocrx_word' id='word_1_364' title='bbox 356 5154 392 5211; x_wconf 90' lang='lat' dir='ltr'>In</span> <span class='ocrx_word' id='word_1_365' title='bbox 408 5153 635 5212; x_wconf 88' lang='lat' dir='ltr'>commentatione</span> <span class='ocrx_word' id='word_1_366' title='bbox 658 5153 703 5211; x_wconf 88' lang='lat' dir='ltr'>cui</span> <span class='ocrx_word' id='word_1_367' title='bbox 724 5153 872 5231; x_wconf 79' lang='lat' dir='ltr'>inscripsi:</span> <span class='ocrx_word' id='word_1_368' title='bbox 896 5154 970 5212; x_wconf 85' lang='lat' dir='ltr'>‘Der</span> <span class='ocrx_word' id='word_1_369' title='bbox 984 5162 1157 5231; x_wconf 80' lang='lat' dir='ltr'>sopmannte</span> <span class='ocrx_word' id='word_1_370' title='bbox 1173 5153 1255 5212; x_wconf 81' lang='lat' dir='ltr'>Serlo</span> <span class='ocrx_word' id='word_1_371' title='bbox 1272 5173 1327 5212; x_wconf 87' lang='lat' dir='ltr'>von</span> <span class='ocrx_word' id='word_1_372' title='bbox 1342 5154 1489 5228; x_wconf 75' lang='lat' dir='ltr'>Bayeua&#39;.</span> <span class='ocrx_word' id='word_1_373' title='bbox 1523 5152 1572 5226; x_wconf 83' lang='lat' dir='ltr'>Cf.</span> <span class='ocrx_word' id='word_1_374' title='bbox 1589 5174 1662 5231; x_wconf 84' lang='lat' dir='ltr'>quae</span> <span class='ocrx_word' id='word_1_375' title='bbox 1677 5156 1712 5212; x_wconf 86' lang='lat' dir='ltr'>de</span> <span class='ocrx_word' id='word_1_376' title='bbox 1726 5163 1842 5212; x_wconf 73' lang='lat' dir='ltr'>auctmc</span> 
     </span>
    </p>

    <p class='ocr_par' dir='ltr' id='par_1_12' title="bbox 145 5259 1840 5765">
     <span class='ocr_line' id='line_1_41' title="bbox 145 5259 1840 5338; baseline 0.002 -22"><span class='ocrx_word' id='word_1_377' title='bbox 145 5276 176 5316; x_wconf 75' lang='lat' dir='ltr'>ao</span> <span class='ocrx_word' id='word_1_378' title='bbox 194 5260 324 5319; x_wconf 71' lang='lat' dir='ltr'>desumit</span> <span class='ocrx_word' id='word_1_379' title='bbox 337 5261 375 5318; x_wconf 87' lang='lat' dir='ltr'>B.</span> <span class='ocrx_word' id='word_1_380' title='bbox 392 5260 542 5332; x_wconf 77' lang='lat' dir='ltr'>Haurlau,</span> <span class='ocrx_word' id='word_1_381' title='bbox 561 5260 683 5319; x_wconf 84' lang='lat' dir='ltr'>‘Notices</span> <span class='ocrx_word' id='word_1_382' title='bbox 706 5269 733 5318; x_wconf 87' lang='lat' dir='ltr'>et</span> <span class='ocrx_word' id='word_1_383' title='bbox 754 5260 873 5318; x_wconf 73' lang='lat' dir='ltr'>eaeuaiu</span> <span class='ocrx_word' id='word_1_384' title='bbox 896 5262 931 5318; x_wconf 86' lang='lat' dir='ltr'>de</span> <span class='ocrx_word' id='word_1_385' title='bbox 952 5262 1082 5337; x_wconf 81' lang='lat' dir='ltr'>quelques</span> <span class='ocrx_word' id='word_1_386' title='bbox 1104 5262 1259 5318; x_wconf 71' lang='lat' dir='ltr'>manuscr!</span> <span class='ocrx_word' id='word_1_387' title='bbox 1281 5261 1312 5332; x_wconf 90' lang='lat' dir='ltr'>V,</span> <span class='ocrx_word' id='word_1_388' title='bbox 1331 5280 1365 5337; x_wconf 88' lang='lat' dir='ltr'>p.</span> <span class='ocrx_word' id='word_1_389' title='bbox 1385 5259 1581 5317; x_wconf 85' lang='lat'>229—233.</span> <span class='ocrx_word' id='word_1_390' title='bbox 1652 5259 1683 5338; x_wconf 91' lang='grc'>2)</span> <span class='ocrx_word' id='word_1_391' title='bbox 1706 5263 1752 5320; x_wconf 90' lang='lat' dir='ltr'>De</span> <span class='ocrx_word' id='word_1_392' title='bbox 1775 5281 1840 5320; x_wconf 91' lang='lat' dir='ltr'>con·</span> 
     </span>
     <span class='ocr_line' id='line_1_42' title="bbox 194 5365 1838 5445; baseline 0 -21"><span class='ocrx_word' id='word_1_393' title='bbox 194 5375 295 5444; x_wconf 83' lang='lat' dir='ltr'>teraptu</span> <span class='ocrx_word' id='word_1_394' title='bbox 317 5366 423 5438; x_wconf 86' lang='lat' dir='ltr'>mundi,</span> <span class='ocrx_word' id='word_1_395' title='bbox 447 5366 559 5445; x_wconf 81' lang='lat' dir='ltr'>Wriplt</span> <span class='ocrx_word' id='word_1_396' title='bbox 580 5369 634 5425; x_wconf 85' lang='lat' dir='ltr'>lt.</span> <span class='ocrx_word' id='word_1_397' title='bbox 656 5368 697 5438; x_wconf 89' lang='grc' dir='ltr'>ΙΙ,</span> <span class='ocrx_word' id='word_1_398' title='bbox 720 5388 754 5444; x_wconf 89' lang='lat' dir='ltr'>p.</span> <span class='ocrx_word' id='word_1_399' title='bbox 773 5369 801 5425; x_wconf 92' lang='lat'>7.</span> <span class='ocrx_word' id='word_1_400' title='bbox 916 5366 947 5438; x_wconf 84' lang='lat'>3)</span> <span class='ocrx_word' id='word_1_401' title='bbox 974 5365 1022 5439; x_wconf 77' lang='lat' dir='ltr'>C&#39;f.</span> <span class='ocrx_word' id='word_1_402' title='bbox 1042 5368 1069 5438; x_wconf 93' lang='lat'>1,</span> <span class='ocrx_word' id='word_1_403' title='bbox 1093 5367 1189 5426; x_wconf 80' lang='grc' dir='ltr'>υ.10.</span> <span class='ocrx_word' id='word_1_404' title='bbox 1209 5367 1259 5424; x_wconf 95' lang='lat'>12.</span> <span class='ocrx_word' id='word_1_405' title='bbox 1286 5376 1311 5424; x_wconf 88' lang='lat' dir='ltr'>et</span> <span class='ocrx_word' id='word_1_406' title='bbox 1334 5366 1363 5438; x_wconf 91' lang='lat'>2,</span> <span class='ocrx_word' id='word_1_407' title='bbox 1387 5366 1490 5439; x_wconf 86' lang='lat' dir='ltr'>v.14;</span> <span class='ocrx_word' id='word_1_408' title='bbox 1517 5369 1545 5439; x_wconf 94' lang='lat' dir='ltr'>l,</span> <span class='ocrx_word' id='word_1_409' title='bbox 1568 5388 1594 5426; x_wconf 86' lang='lat' dir='ltr'>a.</span> <span class='ocrx_word' id='word_1_410' title='bbox 1614 5368 1665 5426; x_wconf 82' lang='lat'>28.</span> <span class='ocrx_word' id='word_1_411' title='bbox 1683 5368 1735 5424; x_wconf 90' lang='lat'>42.</span> <span class='ocrx_word' id='word_1_412' title='bbox 1761 5365 1786 5426; x_wconf 84' lang='lat' dir='ltr'>et</span> <span class='ocrx_word' id='word_1_413' title='bbox 1809 5368 1838 5438; x_wconf 91' lang='grc'>2,</span> 
     </span>
     <span class='ocr_line' id='line_1_43' title="bbox 192 5473 1838 5546; baseline 0.001 -15"><span class='ocrx_word' id='word_1_414' title='bbox 192 5493 219 5531; x_wconf 85' lang='lat' dir='ltr'>u.</span> <span class='ocrx_word' id='word_1_415' title='bbox 237 5474 272 5545; x_wconf 86' lang='grc'>9,·</span> <span class='ocrx_word' id='word_1_416' title='bbox 305 5476 332 5546; x_wconf 94' lang='lat'>1,</span> <span class='ocrx_word' id='word_1_417' title='bbox 356 5473 453 5532; x_wconf 74' lang='lat' dir='ltr'>aaa</span> <span class='ocrx_word' id='word_1_418' title='bbox 478 5483 505 5532; x_wconf 88' lang='lat' dir='ltr'>et</span> <span class='ocrx_word' id='word_1_419' title='bbox 526 5473 556 5546; x_wconf 91' lang='grc'>2,</span> <span class='ocrx_word' id='word_1_420' title='bbox 579 5495 605 5532; x_wconf 87' lang='lat' dir='ltr'>o.</span> <span class='ocrx_word' id='word_1_421' title='bbox 626 5475 681 5544; x_wconf 81' lang='lat'>17,¹</span> <span class='ocrx_word' id='word_1_422' title='bbox 713 5475 741 5546; x_wconf 95' lang='lat' dir='ltr'>l,</span> <span class='ocrx_word' id='word_1_423' title='bbox 765 5494 790 5532; x_wconf 88' lang='lat' dir='ltr'>v.</span> <span class='ocrx_word' id='word_1_424' title='bbox 809 5474 860 5530; x_wconf 93' lang='lat'>41.</span> <span class='ocrx_word' id='word_1_425' title='bbox 886 5483 912 5531; x_wconf 90' lang='lat' dir='ltr'>et</span> <span class='ocrx_word' id='word_1_426' title='bbox 934 5474 963 5546; x_wconf 91' lang='grc'>2,</span> <span class='ocrx_word' id='word_1_427' title='bbox 987 5495 1013 5532; x_wconf 87' lang='lat' dir='ltr'>a.</span> <span class='ocrx_word' id='word_1_428' title='bbox 1031 5473 1088 5545; x_wconf 88' lang='lat'>23,·</span> <span class='ocrx_word' id='word_1_429' title='bbox 1122 5475 1149 5546; x_wconf 88' lang='lat'>1,</span> <span class='ocrx_word' id='word_1_430' title='bbox 1173 5474 1268 5532; x_wconf 81' lang='lat' dir='ltr'>v.4s.</span> <span class='ocrx_word' id='word_1_431' title='bbox 1295 5483 1320 5532; x_wconf 88' lang='lat' dir='ltr'>et</span> <span class='ocrx_word' id='word_1_432' title='bbox 1344 5473 1373 5544; x_wconf 91' lang='grc'>2,</span> <span class='ocrx_word' id='word_1_433' title='bbox 1397 5495 1422 5532; x_wconf 83' lang='lat' dir='ltr'>a.</span> <span class='ocrx_word' id='word_1_434' title='bbox 1442 5474 1492 5531; x_wconf 87' lang='grc'>19.</span> <span class='ocrx_word' id='word_1_435' title='bbox 1516 5505 1560 5514; x_wconf 91' lang='lat'>-</span> <span class='ocrx_word' id='word_1_436' title='bbox 1587 5476 1614 5546; x_wconf 93' lang='lat' dir='ltr'>l,</span> <span class='ocrx_word' id='word_1_437' title='bbox 1638 5495 1665 5533; x_wconf 84' lang='lat' dir='ltr'>a.</span> <span class='ocrx_word' id='word_1_438' title='bbox 1684 5475 1735 5532; x_wconf 84' lang='lat'>31.</span> <span class='ocrx_word' id='word_1_439' title='bbox 1760 5485 1786 5534; x_wconf 93' lang='lat' dir='ltr'>et</span> <span class='ocrx_word' id='word_1_440' title='bbox 1809 5475 1838 5546; x_wconf 86' lang='lat'>2,</span> 
     </span>
     <span class='ocr_line' id='line_1_44' title="bbox 192 5580 1839 5652; baseline 0.001 -14"><span class='ocrx_word' id='word_1_441' title='bbox 192 5600 219 5638; x_wconf 87' lang='lat' dir='ltr'>v.</span> <span class='ocrx_word' id='word_1_442' title='bbox 236 5580 272 5651; x_wconf 85' lang='grc'>0,·</span> <span class='ocrx_word' id='word_1_443' title='bbox 298 5582 325 5651; x_wconf 93' lang='lat'>1,</span> <span class='ocrx_word' id='word_1_444' title='bbox 344 5601 371 5638; x_wconf 86' lang='lat' dir='ltr'>a.</span> <span class='ocrx_word' id='word_1_445' title='bbox 390 5580 440 5638; x_wconf 90' lang='lat'>27.</span> <span class='ocrx_word' id='word_1_446' title='bbox 458 5589 485 5638; x_wconf 91' lang='lat' dir='ltr'>et</span> <span class='ocrx_word' id='word_1_447' title='bbox 503 5580 531 5652; x_wconf 90' lang='lat'>2,</span> <span class='ocrx_word' id='word_1_448' title='bbox 548 5602 574 5639; x_wconf 87' lang='lat' dir='ltr'>a.</span> <span class='ocrx_word' id='word_1_449' title='bbox 592 5581 644 5638; x_wconf 89' lang='grc'>26.</span> <span class='ocrx_word' id='word_1_450' title='bbox 714 5580 745 5652; x_wconf 94' lang='lat'>4)</span> <span class='ocrx_word' id='word_1_451' title='bbox 770 5581 832 5640; x_wconf 88' lang='lat' dir='ltr'>Hos</span> <span class='ocrx_word' id='word_1_452' title='bbox 846 5599 943 5639; x_wconf 75' lang='lat' dir='ltr'>verua</span> <span class='ocrx_word' id='word_1_453' title='bbox 966 5581 1053 5638; x_wconf 85' lang='lat' dir='ltr'>edidit</span> <span class='ocrx_word' id='word_1_454' title='bbox 1073 5581 1115 5638; x_wconf 92' lang='lat' dir='ltr'>W.</span> <span class='ocrx_word' id='word_1_455' title='bbox 1132 5581 1315 5640; x_wconf 83' lang='lat' dir='ltr'>Wattcubacl</span> <span class='ocrx_word' id='word_1_456' title='bbox 1331 5601 1367 5640; x_wconf 76' lang='lat' dir='ltr'>ex</span> <span class='ocrx_word' id='word_1_457' title='bbox 1382 5581 1475 5639; x_wconf 88' lang='lat' dir='ltr'>codice</span> <span class='ocrx_word' id='word_1_458' title='bbox 1491 5581 1660 5640; x_wconf 87' lang='lat' dir='ltr'>Monacensi</span> <span class='ocrx_word' id='word_1_459' title='bbox 1677 5581 1793 5640; x_wconf 91' lang='lat'>17212.</span> <span class='ocrx_word' id='word_1_460' title='bbox 1810 5584 1839 5640; x_wconf 88' lang='lat' dir='ltr'>in</span> 
     </span>
     <span class='ocr_line' id='line_1_45' title="bbox 193 5682 1839 5765; baseline 0.001 -21"><span class='ocrx_word' id='word_1_461' title='bbox 193 5686 342 5765; x_wconf 77' lang='lat' dir='ltr'>‘Anaeiper</span> <span class='ocrx_word' id='word_1_462' title='bbox 357 5688 405 5745; x_wconf 80' lang='lat' dir='ltr'>des</span> <span class='ocrx_word' id='word_1_463' title='bbox 422 5685 560 5746; x_wconf 77' lang='lat' dir='ltr'>German.</span> <span class='ocrx_word' id='word_1_464' title='bbox 579 5687 734 5746; x_wconf 81' lang='lat' dir='ltr'>Mnseums’</span> <span class='ocrx_word' id='word_1_465' title='bbox 752 5682 792 5763; x_wconf 86' lang='lat' dir='ltr'>(a.</span> <span class='ocrx_word' id='word_1_466' title='bbox 809 5683 905 5764; x_wconf 83' lang='lat'>1873)</span> <span class='ocrx_word' id='word_1_467' title='bbox 930 5690 980 5746; x_wconf 87' lang='lat' dir='ltr'>col.</span> <span class='ocrx_word' id='word_1_468' title='bbox 997 5687 1068 5745; x_wconf 90' lang='lat'>100.</span> <span class='ocrx_word' id='word_1_469' title='bbox 1138 5685 1169 5762; x_wconf 81' lang='lat'>5)</span> <span class='ocrx_word' id='word_1_470' title='bbox 1187 5688 1267 5747; x_wconf 86' lang='lat' dir='ltr'>Unde</span> <span class='ocrx_word' id='word_1_471' title='bbox 1281 5689 1427 5764; x_wconf 85' lang='lat' dir='ltr'>repetitum</span> <span class='ocrx_word' id='word_1_472' title='bbox 1443 5697 1484 5746; x_wconf 81' lang='lat' dir='ltr'>est</span> <span class='ocrx_word' id='word_1_473' title='bbox 1497 5709 1517 5746; x_wconf 90' lang='lat' dir='ltr'>a</span> <span class='ocrx_word' id='word_1_474' title='bbox 1533 5688 1671 5759; x_wconf 81' lang='lat' dir='ltr'>Fabritio,</span> <span class='ocrx_word' id='word_1_475' title='bbox 1690 5689 1764 5746; x_wconf 85' lang='lat' dir='ltr'>Bibl.</span> <span class='ocrx_word' id='word_1_476' title='bbox 1781 5689 1839 5758; x_wconf 87' lang='grc' dir='ltr'>ΙΙΙ,</span> 
     </span>
    </p>

    <p class='ocr_par' dir='ltr' id='par_1_13' title="bbox 144 5793 1839 5871">
     <span class='ocr_line' id='line_1_46' title="bbox 144 5793 1839 5871; baseline 0.001 -21"><span class='ocrx_word' id='word_1_477' title='bbox 144 5811 174 5850; x_wconf 76' lang='lat' dir='ltr'>as</span> <span class='ocrx_word' id='word_1_478' title='bbox 187 5813 220 5869; x_wconf 89' lang='lat' dir='ltr'>p.</span> <span class='ocrx_word' id='word_1_479' title='bbox 237 5794 295 5849; x_wconf 91' lang='lat'>111</span> <span class='ocrx_word' id='word_1_480' title='bbox 303 5815 313 5864; x_wconf 90' lang='lat'><em>;</em></span> <span class='ocrx_word' id='word_1_481' title='bbox 338 5794 378 5867; x_wconf 89' lang='lat' dir='ltr'>cs.</span> <span class='ocrx_word' id='word_1_482' title='bbox 396 5793 480 5852; x_wconf 69' lang='lat' dir='ltr'>‘Hier</span> <span class='ocrx_word' id='word_1_483' title='bbox 498 5794 580 5852; x_wconf 76' lang='lat' dir='ltr'>titur.</span> <span class='ocrx_word' id='word_1_484' title='bbox 598 5796 633 5853; x_wconf 85' lang='lat' dir='ltr'>de</span> <span class='ocrx_word' id='word_1_485' title='bbox 647 5796 678 5852; x_wconf 89' lang='lat' dir='ltr'>la</span> <span class='ocrx_word' id='word_1_486' title='bbox 694 5795 824 5852; x_wconf 82' lang='lat' dir='ltr'>France’</span> <span class='ocrx_word' id='word_1_487' title='bbox 836 5795 891 5865; x_wconf 81' lang='lat' dir='ltr'>XI,</span> <span class='ocrx_word' id='word_1_488' title='bbox 907 5815 940 5871; x_wconf 89' lang='lat' dir='ltr'>p.</span> <span class='ocrx_word' id='word_1_489' title='bbox 955 5795 1028 5851; x_wconf 90' lang='lat'>421.</span> <span class='ocrx_word' id='word_1_490' title='bbox 1094 5795 1125 5864; x_wconf 86' lang='grc'>6)</span> <span class='ocrx_word' id='word_1_491' title='bbox 1143 5793 1247 5854; x_wconf 72' lang='lat' dir='ltr'>‘Cauil</span> <span class='ocrx_word' id='word_1_492' title='bbox 1264 5795 1359 5866; x_wconf 78' lang='lat' dir='ltr'>ostie</span> <span class='ocrx_word' id='word_1_493' title='bbox 1372 5793 1521 5854; x_wconf 76' lang='lat' dir='ltr'>Cottoruan</span> <span class='ocrx_word' id='word_1_494' title='bbox 1537 5795 1654 5871; x_wconf 83' lang='lat' dir='ltr'>libr.’p.</span> <span class='ocrx_word' id='word_1_495' title='bbox 1673 5795 1746 5852; x_wconf 81' lang='lat'>380.</span> <span class='ocrx_word' id='word_1_496' title='bbox 1764 5796 1839 5853; x_wconf 83' lang='lat'>514.</span> 
     </span>
    </p>
   </div>
   <div class='ocr_carea' id='block_1_11' title="bbox 1575 5916 1627 5968">
    <p class='ocr_par' dir='ltr' id='par_1_14' title="bbox 1575 5916 1627 5968">
     <span class='ocr_line' id='line_1_47' title="bbox 1575 5916 1627 5968; baseline 0 0"><span class='ocrx_word' id='word_1_497' title='bbox 1575 5916 1627 5968; x_wconf 74' lang='lat'>88*</span> 
     </span>
    </p>
   </div>
   <div class='ocr_carea' id='block_1_12' title="bbox 0 0 2244 6440">
    <p class='ocr_par' dir='ltr' id='par_1_15' title="bbox 0 0 2244 6440">
     <span class='ocr_line' id='line_1_48' title="bbox 0 0 2244 6440; baseline 0 0"><span class='ocrx_word' id='word_1_498' title='bbox 0 0 2244 6440; x_wconf 95' lang='lat' dir='ltr'> </span> 
     </span>
    </p>
   </div>
  </div>
 </body>
</html>
