4478 6396
439 417 500 478 156
728 423 905 478 GERHOHI
930 423 1161 478 PRAEPOSITI
1185 419 1591 477 REICHERSBERGENSIS
1615 419 1779 474 LIBELLI.

436 610 526 695 scopi
551 609 591 672 de
616 607 713 672 rebus
737 609 916 674 aecclesiae
946 611 1091 673 serviunt
1119 609 1191 691 illis,
1222 608 1322 673 nichil
1346 619 1532 672 reservatur
1554 606 1661 670 viduis
1686 619 1718 670 et
1740 605 1881 692 pupillis.
1930 605 2018 686 Quid
2042 604 2087 668 ad

300 741 345 780 120.
355 741 373 790 1,
382 741 416 779 av.
436 716 518 780 haec
543 715 714 779 dicemus?
762 714 858 780 Certe
883 717 910 780 si
941 719 1054 804 religia
1082 717 1200 780 rasindo
1224 732 1252 780 ct
1275 717 1466 780 iantaculata
1490 715 1579 800 apud
1601 714 1702 777 Deum
1726 729 1754 777 et
1775 713 1900 777 Patrem
1925 713 2001 776 lactea
2024 725 2088 776 cst:

439 826 567 888 oz'sitare
583 823 698 888 viduas
722 838 750 886 et
757 825 904 909 pir-pillos
922 827 953 886 ia
971 825 1170 888 tribulatione
1187 848 1303 902 coram,
1327 821 1549 906 irreligiositas
1574 821 1684 906 utique
1709 833 1741 884 et
1763 818 1958 882 inmunditia
1973 840 2087 881 macu-

437 917 505 994 losa
529 927 687 1014 probatur
709 952 843 1014 pascere
868 929 985 992 milites
1010 929 1050 992 dc
1074 928 1172 992 rebus
1197 953 1317 993 eorum.
1364 928 1452 1013 Ergo
1484 928 1670 1014 quicunque
1701 927 1762 990 hoc
1792 925 1881 1004 facit,
1912 925 1973 988 etsi
1997 947 2087 988 nunc

437 1045 594 1122 appareat
618 1034 802 1099 hominibus
821 1035 974 1099 honestus
999 1047 1031 1100 et
1054 1036 1234 1121 religiosus,
1258 1038 1291 1100 in
1308 1035 1419 1099 ultimo
1444 1035 1595 1098 examine
1620 1033 1717 1098 stabit
1740 1033 1895 1119 inglorius
1920 1044 1952 1096 et
1975 1053 2122 1096 maen-s

437 1142 533 1206 lesus.
581 1141 646 1206 Ubi
673 1154 761 1228 puto,
793 1143 898 1205 tucior
921 1141 1028 1222 stabit,
1060 1145 1140 1224 sive,
1165 1153 1200 1206 ut
1222 1143 1326 1227 magis
1351 1141 1459 1223 creda,
1491 1141 1533 1205 ad
1556 1140 1673 1204 multos
1697 1142 1867 1226 episcopos
1892 1138 2087 1204 iudicandos

438 1249 527 1312 etin
551 1250 600 1312 sui
625 1250 865 1334 comparatione
891 1249 1114 1334 dampnandos
1138 1251 1172 1312 in
1195 1249 1316 1314 iudicio
1341 1247 1467 1312 sedebit
1490 1247 1702 1332 Augustinus,
1734 1257 1822 1310 tanto
1846 1247 1985 1310 vicinior
2009 1269 2087 1332 apo-

439 1356 538 1436 stolis,
563 1367 683 1441 quanto
707 1354 852 1439 regulam
877 1355 1096 1440 apostolorum
1120 1366 1250 1419 secutus
1275 1369 1324 1420 est
1347 1363 1419 1419 cum
1444 1357 1510 1418 suis
1535 1354 1672 1418 clericis.
1720 1352 1855 1418 Sedebit
1878 1355 1974 1416 ctiam
2000 1353 2087 1416 blar-

438 1464 523 1526 tinus
548 1461 601 1525 ille
626 1483 750 1547 pauper
774 1473 805 1524 ct
828 1461 984 1525 modicus.
1021 1461 1114 1525 Tunc
1139 1473 1226 1526 certe
1250 1461 1340 1526 illum
1356 1484 1420 1526 non
1437 1461 1605 1548 penitebit,
1629 1460 1717 1546 quod
1741 1459 1914 1546 aliquando
1939 1483 1959 1522 a
1977 1459 2086 1522 militi-

439 1567 499 1632 bus
531 1579 580 1631 est
610 1567 693 1631 male
725 1577 897 1631 tractatus:
929 1591 1096 1654 nunquam
1119 1592 1198 1632 vero
1227 1568 1349 1632 eisdem
1373 1591 1430 1632 suo
1455 1569 1632 1631 ministerio
1657 1568 1766 1631 ascitis
1797 1566 1914 1652 legitur
1937 1567 2085 1651 stipatus.
2108 1590 2133 1627 ιο

441 1675 545 1739 Nam¹
570 1698 694 1760 pauper
716 1675 787 1760 ipse
811 1698 884 1738 cum
909 1675 975 1738 suis
999 1674 1261 1760 conpauperibus
1286 1675 1426 1762 quadam
1450 1676 1522 1738 vice
1547 1674 1640 1738 solito
1664 1697 1752 1738 more
1775 1697 1840 1736 non
1864 1672 2085 1758 imperialiter,

343 1805 420 1846 *aaa
440 1782 497 1846 sed
522 1781 750 1867 episcopaliter
773 1781 938 1860 inccdens,
963 1805 1036 1845 cum
1061 1784 1122 1845 iter
1144 1783 1276 1862 faceret,
1301 1781 1501 1862 arnilitibus,
1519 1804 1599 1867 quos
1618 1779 1745 1844 'obvios
1761 1779 1912 1860 habebat,
1936 1779 2086 1864 plagatus

440 1899 472 1952 et
495 1888 578 1952 male
603 1899 759 1952 tractatus
783 1887 887 1952 nullos
911 1890 1073 1982 ministros
1098 1912 1156 1974 pro
1181 1911 1215 1951 se
1241 1899 1401 1952 certantes
1426 1887 1555 1968 habuit3
1587 1887 1645 1950 sed
1675 1909 1791 1972 neque,
1823 1897 1858 1950 ut
1887 1899 2001 1972 postca
2024 1888 2088 1950 iter

440 1995 564 2059 faciens
587 1994 724 2058 militum
748 2004 870 2058 turmas
895 1995 1039 2075 duceret,
1064 1997 1163 2059 tantis
1186 1995 1291 2082 plagis
1316 1994 1466 2081 compelli
1489 1997 1602 2080 potuit.

548 2123 600 2183 28.
637 2119 722 2184 Sane
747 2118 826 2182 illud
849 2142 913 2182 non
936 2119 1214 2204 reprehendimus,
1246 2121 1272 2183 si
1304 2118 1488 2204 aliquande,
1520 2117 1576 2182 ubi
1607 2118 1707 2182 malos
1738 2117 1836 2181 habet
1864 2131 2042 2204 suspectos,
2067 2141 2087 2181 a
2106 2140 2131 2179 rs

287 2251 421 2300 settara
442 2227 587 2312 principe
620 2225 813 2290 deductores
844 2235 984 2289 armatos
1015 2227 1156 2312 accipiat
1187 2228 1369 2312 episcopus,
1401 2247 1475 2288 nam
1499 2225 1560 2288 hoc
1584 2225 1701 2310 legitur
1724 2226 1841 2288 fecisse
1865 2225 1985 2288 Paulus
2010 2247 2086 2311 apo-

441 2332 551 2414 stolae,
575 2355 641 2395 noa
664 2342 699 2394 ut
723 2355 797 2394 suos
821 2333 969 2395 inimicos
994 2333 1062 2418 ipse
1087 2332 1207 2406 ledere,
1233 2333 1291 2396 sed
1314 2355 1354 2396 ne
1379 2330 1420 2395 ab
1445 2333 1491 2394 eis
1516 2331 1581 2394 ledi
1605 2344 1722 2417 posset,
1748 2333 1802 2418 qui
1828 2355 1861 2394 se
1886 2331 2087 2394 devoverant

441 2461 504 2502 aon
536 2448 727 2524 accepturos
759 2437 878 2520 cibum,
909 2439 1013 2502 donec
1045 2439 1232 2502 occiderent
1256 2439 1403 2503 Paulum.
1451 2437 1518 2502 Sed
1548 2438 1608 2501 illis
1639 2438 1869 2503 deductoribus
1899 2462 1917 2502 a
1945 2437 2087 2516 tribuno,

441 2568 504 2609 non
529 2567 548 2608 a
571 2544 683 2626 Paulo,
715 2545 877 2630 stipendia
905 2544 1170 2630 providebantur,
1196 2545 1335 2632 quiade
1361 2545 1505 2609 collectis
1529 2544 1760 2609 aecclesiarum
1786 2545 1846 2610 soli
1870 2569 2031 2632 pauperes
2056 2557 2089 2608 et

442 2653 655 2715 communiter
677 2653 825 2715 viventes
850 2651 1078 2738 pascebantur.
1124 2654 1206 2716 Puto
1238 2665 1355 2732 autem,
1387 2653 1414 2714 si
1445 2652 1485 2715 dc
1514 2651 1658 2715 collectis
1688 2651 1805 2715 milites
1830 2652 1986 2738 pascendi
2009 2652 2087 2715 fuis·
2108 2676 2133 2712 so

442 2769 522 2840 sent,
553 2757 649 2821 nullis
680 2771 767 2822 certe
798 2760 918 2822 rectius
950 2782 1047 2845 quam
1077 2759 1162 2822 illius
1194 2757 1424 2823 deductoribus
1455 2758 1702 2840 exhiberentur3
1737 2782 1799 2844 quo
1832 2771 1998 2844 satagente
2030 2781 2089 2844 per

441 2865 557 2928 multas
588 2865 763 2928 aecclesias
793 2865 923 2929 fuerant
945 2889 996 2929 res
1021 2889 1199 2952 pauperum
1224 2866 1367 2946 collecte,
1400 2867 1483 2929 sicut
1510 2867 1612 2952 ipsius
1635 2876 1794 2929 testantur
1817 2865 1984 2952 epistolae.
2032 2866 2087 2931 Sic

441 2995 529 3057 ergo,
554 2973 581 3034 si
605 2971 675 3034 ficri
698 2983 815 3057 potest,
839 2983 875 3035 ut
897 2972 1020 3058 absque
1045 2997 1224 3060 pauperum
1250 2985 1282 3036 et
1305 2972 1538 3036 aecclesiarum
1562 2973 1750 3058 gravamine
1767 2995 1826 3058 per
1843 2973 1928 3036 viam
1945 2973 2087 3058 aliquam

442 3077 504 3142 sibi
535 3089 718 3164 suspectam
749 3078 943 3143 deductores
974 3091 1114 3144 armatos
1145 3081 1285 3165 accipiat
1313 3081 1485 3164 episcopus
1517 3078 1558 3142 ab
1583 3079 1690 3165 aliquo
1714 3080 1906 3164 principum,
1938 3103 2002 3142 non
2027 3081 2088 3143 erit

442 3186 593 3248 continuo
626 3184 838 3270 appellandus
868 3186 935 3249 dux
965 3186 1115 3266 militum,
1147 3187 1301 3272 quoniam
1331 3185 1419 3249 aliud
1451 3196 1500 3249 est
1529 3184 1647 3248 milites
1678 3185 1807 3262 ducere,
1840 3186 1927 3272 quod
1957 3198 2089 3272 praeter
2108 3209 2133 3247 ss

442 3291 545 3355 solum
568 3291 684 3354 Iudam
708 3292 814 3356 nullus
838 3293 1002 3378 apostolus
1026 3293 1144 3378 legitur
1166 3292 1300 3372 fecisse3
1333 3292 1419 3355 aliud
1444 3291 1564 3355 deduci
1587 3315 1606 3354 a
1629 3290 1795 3372 militibus,
1821 3293 1904 3356 sicut
1928 3293 2087 3357 deductus

442 3410 491 3461 est
513 3398 635 3462 Paulus
659 3399 832 3485 apostolus.

549 3505 650 3569 lllulto
675 3517 781 3568 autem
806 3504 976 3590 gloriosius
1002 3507 1062 3568 erit
1085 3507 1248 3591 episcope,
1274 3507 1387 3568 sinon
1412 3508 1444 3569 in
1468 3506 1608 3584 homine,
1634 3505 1690 3569 sed
1715 3507 1748 3568 in
1767 3506 1909 3570 Domino
1933 3507 2088 3571 fiduciam

443 3634 564 3697 ponens
596 3611 685 3674 dicat
715 3635 786 3675 cum
818 3611 913 3675 beato
938 3611 1116 3675 Martin02:
1147 3613 1217 3700 Epo
1248 3617 1337 3698 siqiio
1368 3617 1480 3692 (scricis,
1511 3639 1572 3676 aaa
1603 3616 1709 3700 clypco
1727 3629 1886 3699 protectas
1910 3630 1964 3678 aut
1983 3617 2087 3702 palea,

265 3743 422 3792 scoriaco.
442 3721 574 3783 hostium
606 3744 717 3783 criticos
740 3721 911 3805 penetrabo
941 3744 1076 3783 sectans.
1123 3718 1317 3782 Affirmante
1348 3720 1434 3782 enim
1465 3719 1627 3804 apostolo:
1661 3719 1764 3784 adriae
1795 3723 1934 3785 miliciae
1965 3737 2088 3785 octabae
2107 3743 2133 3780 so

442 3851 503 3889 aaa
525 3841 597 3889 sarit
620 3827 776 3902 cta-raalio,
807 3827 863 3888 secl
878 3829 1021 3910 potentia
1046 3827 1112 3890 Deo
1136 3827 1181 3889 acl
1204 3827 1438 3890 (lastractioacm
1470 3830 1693 3907 incraicioaum,
1725 3829 1859 3892 coasilia
1890 3829 2086 3906 destruentes.

443 3947 470 3995 ct
493 3957 609 3996 oculatam
641 3933 838 3995 altitudinem
869 3933 1113 3999 ascalonense
1137 3934 1289 3996 (zdrrcrsas
1318 3936 1480 3996 scientiam
1508 3933 1637 3997 Glari-'sti
1685 3933 1818 3997 Talibus
1850 3934 1947 3996 armis
1970 3933 2087 3996 Petrus

443 4040 644 4123 expugnavit
660 4039 811 4118 Romam,
837 4037 933 4101 etde
958 4039 1037 4101 urbe
1062 4039 1147 4103 orbis
1173 4041 1306 4103 victrice
1330 4038 1459 4102 humilis
1482 4040 1627 4124 piscator
1642 4039 1781 4103 obtinuit
1796 4040 1975 4102 victoriam.
2012 4039 2088 4103 Fuit

443 4145 541 4207 etiarn
564 4156 637 4228 [rost
661 4143 822 4230 apostolos
850 4145 884 4206 in
909 4147 1029 4208 sanctis
1053 4147 1214 4230 episcopis
1243 4146 1324 4208 haec
1349 4158 1528 4225 armatura3
1561 4147 1617 4209 scd
1642 4148 1675 4208 in
1699 4145 1747 4209 his
1772 4147 1923 4226 maxime,
1951 4169 2086 4231 quorum

443 4251 531 4313 circa
555 4273 715 4336 pauperes
738 4252 853 4336 magis,
879 4275 976 4337 quam
1001 4253 1088 4315 circa
1110 4252 1227 4315 milites
1252 4251 1433 4337 pascendos
1458 4252 1650 4316 versabatur
1673 4253 1807 4316 intentio
1832 4263 1865 4314 et
1889 4275 1976 4316 cura.
2022 4253 2087 4317 Per
2107 4276 2132 4313 as

444 4356 526 4419 hanc
549 4355 619 4419 Leo
643 4381 728 4442 papa
752 4357 793 4420 de
817 4380 895 4442 rege
919 4357 1021 4421 Attila
1044 4357 1264 4444 triumphavit,
1297 4357 1437 4444 quando,
1461 4371 1496 4422 ut
1519 4358 1653 4422 historia
1676 4358 1966 4443 Langobardorum
1991 4371 2087 4424 testa-

353 4491 423 4530 cea.
442 4467 525 4544 tur3,
555 4463 796 4526 crudelissimus
822 4469 996 4549 *tyrannus
1027 4487 1087 4528 nec
1117 4466 1151 4528 in
1175 4464 1275 4528 verbo
1306 4487 1422 4550 aspero
1446 4466 1631 4549 pontificem
1656 4467 1857 4546 contristare,
1889 4489 1948 4529 nec
1973 4489 2088 4552 pacem

443 4569 637 4655 postulatam
661 4569 706 4633 illi
731 4570 893 4656 denegare
917 4593 1014 4634 ausus
1039 4571 1108 4634 fuit.
1145 4571 1317 4650 Quoniam,
1341 4582 1377 4634 ut
1400 4572 1469 4657 ipse
1487 4571 1611 4635 Attilae
1635 4572 1839 4656 postmodum
1864 4575 1930 4636 suis
1950 4575 2087 4658 aperuit,

442 4677 484 4740 ad
507 4678 672 4740 introitum
689 4677 850 4762 pontilicis
867 4677 1007 4741 terrifica
1024 4677 1164 4764 quadarn
1182 4679 1306 4742 visione
1331 4679 1377 4741 sic
1401 4689 1565 4763 permotus
1589 4678 1660 4758 fuit,
1684 4689 1719 4741 ut
1742 4701 1806 4742 non
1823 4691 1970 4766 oporteat
1994 4679 2087 4744 dubi-

442 4785 504 4847 tari
528 4783 716 4866 angelorum
740 4784 952 4847 ministerium
977 4795 1088 4848 sancto
1112 4785 1257 4870 pontifici
1288 4785 1434 4866 affuisse3
1467 4807 1642 4870 regemque
1673 4784 1850 4870 superbum
1880 4786 1993 4850 fortius
2024 4797 2088 4850 ter·
2107 4810 2134 4847 so

360 4972 422 5011 tw.
549 4953 648 5008 Gallus
672 4955 825 5024 discipulus
849 4955 937 5008 sancti
954 4954 1067 5008 Martini
1090 4955 1120 5008 in
1142 4955 1212 5008 libro
1237 4956 1272 5010 de
1297 4955 1436 5009 miraculis
1461 4956 1520 5010 eius
1544 4973 1607 5025 cap.
1624 4955 1690 5008 llll.
1715 4957 1754 5010 sic
1771 4951 1877 5020 dicit4:
1905 4954 2090 5030 Conscqacatt'

443 5069 564 5134 tempore
588 5060 640 5116 iter
663 5091 706 5098 —-
728 5091 771 5097 -
793 5059 921 5133 permisit
943 5059 1109 5116 aaiiaalilas
1132 5060 1271 5116 restitutis.

363 5185 423 5225 aas.
549 5169 591 5222 Ex
614 5169 685 5222 libro
708 5168 820 5222 Hesdre
845 5167 915 5221 dixit
938 5163 1101 5222 Hesdras⁵z
1128 5166 1280 5224 Prcdicavi
1302 5167 1430 5224 ieiunium
1455 5199 1498 5206 -
1522 5199 1565 5206 -
1590 5169 1679 5224 evenit
1699 5169 1776 5226 nobis
1795 5189 1943 5245 prospere.

549 5320 575 5385 a)
597 5323 691 5373 Attala
709 5342 729 5373 c.

552 5451 580 5521 l)
607 5451 725 5528 Sulpicii
749 5453 847 5510 Severi
869 5454 948 5511 Dlal.
974 5455 1013 5524 II,
1039 5474 1061 5509 c.
1082 5453 1109 5508 3.
1135 5454 1177 5509 ccl.
1195 5453 1282 5508 Halm
1302 5472 1334 5527 p.
1355 5453 1426 5508 183.
1520 5452 1550 5522 2)
1575 5453 1649 5509 [bid.
1673 5453 1704 5508 V.
1731 5453 1761 5510 S.
1781 5454 1905 5510 Martini
1927 5475 1949 5511 c.
1968 5454 1996 5524 4,
2021 5449 2086 5528 §b
2106 5471 2134 5510 so

443 5559 485 5614 cd.
510 5559 598 5615 Halm
617 5579 649 5634 p.
671 5559 742 5614 114.
836 5560 866 5628 3)
892 5561 976 5616 Pauli
998 5559 1124 5616 Diacoai
1146 5559 1220 5615 Hist.
1245 5559 1367 5614 Roman.
1393 5579 1415 5615 c.
1436 5559 1485 5626 12,
1511 5560 1573 5614 AA.
1599 5559 1638 5626 II,
1663 5579 1695 5634 p.
1723 5559 1803 5628 204:
1835 5570 1937 5617 ceteros
1961 5570 2089 5618 coelom

441 5685 466 5721 o.
491 5664 584 5738 luffa,
609 5666 680 5740 aeq.
702 5674 782 5740 pont.
808 5667 850 5721 cd.
870 5665 897 5720 2.
923 5664 946 5732 I,
966 5685 998 5738 p.
1017 5666 1068 5720 68.
1162 5665 1191 5730 4)
1218 5664 1336 5738 Siclpicii
1359 5665 1457 5720 Scocri
1479 5665 1557 5720 Dial.
1583 5665 1623 5734 II,
1649 5685 1671 5722 c.
1691 5666 1719 5736 3,
1744 5669 1787 5722 cd.
1806 5667 1894 5723 Halia
1912 5688 1945 5742 p.
1966 5668 2026 5723 183
2044 5688 2086 5743 sq.

444 5772 473 5840 5)
502 5773 528 5827 1.
556 5771 642 5827 Escl.
669 5772 698 5840 8,
726 5771 869 5826 21—23.
