4426 6398
939 1351 1053 1469 DE
1104 1349 1612 1470 SEPULTURA

486 1595 793 1717 EORUM
840 1595 995 1721 QUI
1039 1593 1299 1715 FALSO
1346 1592 2070 1714 EXOOMMUNIOATI

669 1837 1116 1960 DICUNTUR
1164 1837 1341 1958 NON
1391 1837 1887 1957 TURBANDA.

1199 2109 1362 2176 EDIDIT

1040 2311 1092 2406 E.
1127 2307 1518 2406 DUEMMLER.
2119 2345 2132 2385 ι

586 2591 632 2672 Jn
654 2605 761 2672 codice
792 2605 995 2671 bibliothecae
1017 2605 1261 2694 Bamderyensis
1283 2605 1319 2668 P.
1338 2604 1364 2668 Ι.
1384 2607 1415 2686 9,
1438 2629 1518 2670 saec.
1536 2603 1616 2668 XII.
1647 2607 1712 2670 iarn
1739 2609 1868 2691 saepius
1891 2631 1913 2669 a
1935 2607 2027 2670 nobis
2049 2605 2103 2670 ad-

452 2715 550 2779 titia
576 2713 634 2801 (cf.
659 2737 759 2799 snpra
779 2736 812 2800 p.
832 2713 910 2797 608)
943 2714 1063 2778 invenit
1083 2711 1190 2776 Knnst
1212 2714 1238 2777 b.
1260 2714 1328 2794 ml,
1352 2736 1421 2776 cnm
1444 2726 1589 2777 accurate
1612 2736 1680 2776 enm
1700 2713 1919 2800 perlustraret,
1943 2713 2012 2800 fol.
2033 2713 2102 2775 125.

453 2834 618 2886 noemam
648 2821 770 2884 brevem
798 2820 866 2884 sine
896 2819 985 2884 titolo
1015 2833 1123 2884 contra
1153 2842 1203 2884 eos
1232 2821 1394 2905 scrrptmn,
1424 2820 1484 2906 qni
1510 2833 1648 2884 mortuos
1670 2821 1767 2906 qnasi
1786 2821 2104 2884 excommunicatore

452 2928 615 3015 sepultura
645 2925 840 3013 effodiendas
870 2949 934 2990 esse
964 2927 1133 2991 censebant.
1187 2925 1228 2989 In
1249 2927 1319 3012 fine
1349 2925 1506 3012 opusculi,
1542 2925 1628 3012 qnod
1656 2925 1763 2991 Knust
1791 2927 2014 3014 imperfectum
2043 2950 2105 2990 esse

452 3035 630 3121 sewpioatns
653 3046 706 3112 est,
729 3033 815 3097 nihil
836 3046 915 3096 certe
938 3033 973 3096 in
996 3031 1102 3098 codice
1126 3031 1332 3096 dcst'derotnr.
2123 3060 2146 3098 to

568 3139 646 3204 Oura
670 3139 751 3206 liher
773 3138 1017 3226 Bambeqqensis
1040 3141 1308 3204 commentationes
1330 3139 1499 3204 nonnullas
1521 3138 1568 3203 ad
1589 3139 1674 3204 litem
1697 3141 1779 3204 inter
1800 3164 1929 3227 ropncrn
1953 3154 1983 3204 et
2004 3165 2105 3205 sacer-

454 3247 574 3313 dotium
598 3260 737 3311 exortam
754 3247 947 3333 pertinentes
976 3247 1103 3333 repiqno
1119 3247 1269 3333 faventes
1285 3247 1448 3331 praebeat,
1479 3246 1559 3311 hanc
1589 3270 1710 3332 quoqne
1740 3259 1879 3333 tempora
1909 3247 1970 3312 illa
2002 3249 2105 3311 turbu·

454 3355 537 3420 lenta
560 3355 715 3441 respicere
739 3355 947 3418 coniecturam
962 3354 1131 3440 capiemus.
1169 3351 1234 3417 Sed
1255 3353 1331 3417 laec
1353 3376 1415 3417 non
1437 3353 1538 3417 solum
1562 3355 1749 3433 coniectura,
1774 3356 1868 3418 enemo
1889 3368 1974 3418 certo
1998 3357 2105 3440 opinio

454 3463 567 3526 occari
587 3461 668 3540 licet,
691 3461 724 3524 ai
741 3460 835 3525 verba
851 3457 1004 3524 Chronici
1016 3457 1210 3525 Eltltelcardi
1222 3459 1429 3547 Uronpiensis
1444 3483 1523 3545 qnae
1538 3463 1740 3546 sequnntafi,
1763 3473 1842 3524 recto
1854 3460 2104 3547 perpenduntur.
2128 3517 2129 3520 ,

455 3565 510 3632 Sic
533 3565 685 3630 nimirum
710 3565 793 3648 (scil.
817 3592 846 3630 a.
868 3566 961 3629 1105.
987 3567 1137 3651 menan),
1168 3565 1215 3630 sic
1238 3587 1298 3652 per
1321 3575 1368 3630 tot
1390 3565 1455 3629 iam
1478 3587 1581 3630 annos
1605 3563 1793 3629 obnubilata
1814 3564 1872 3630 lux
1895 3566 1974 3630 oriri
1999 3567 2106 3652 coepit
2123 3593 2146 3632 rs

454 3673 572 3738 nostris
601 3673 636 3736 in
666 3669 814 3758 partibus
846 3670 1044 3754 orthodoxa3
1075 3669 1303 3759 depublicatur
1330 3681 1363 3736 et
1385 3670 1571 3754 ventilatur,
1602 3670 1798 3737 diiudicetur
1827 3683 1861 3738 et
1889 3674 2103 3755 convincitur,

453 3779 555 3844 foetet
584 3788 617 3843 et
645 3777 820 3865 respuitur,
847 3777 1106 3864 condempnatur
1133 3789 1165 3842 et
1194 3777 1486 3844 anathematizatur
1514 3777 1637 3843 heresis
1658 3777 1866 3864 Wigbertina
1892 3779 1947 3844 vel
1974 3779 2104 3844 Heinri-

455 3886 566 3968 ciana3
598 3883 759 3949 abdicatis
790 3885 859 3948 sive
890 3883 1010 3972 fugatis
1038 3884 1189 3950 hereticis
1214 3884 1365 3950 catholici
1392 3883 1561 3950 kathedris
1584 3884 1824 3973 pontificalibus
1848 3886 2105 3968 destinemus

454 3990 574 4080 quibus
598 3992 696 4056 etiam
719 3990 821 4078 aliqui
850 3991 935 4055 inter
964 3991 1036 4078 ipsa
1065 3991 1148 4056 festa
1179 3992 1233 4074 (sc.
1258 3993 1378 4057 natalis
1401 3993 1566 4080 dominice)
1598 4003 1838 4057 consecrantur.
1885 3993 2043 4080 Denique
2073 3995 2105 4057 in

454 4109 579 4164 tantum
602 4097 734 4162 divinae
757 4097 839 4184 legis
863 4095 969 4162 subito
993 4096 1082 4162 zelus
1106 4096 1265 4180 efferbuit,
1290 4109 1325 4162 ut
1349 4099 1446 4163 etiam
1469 4099 1542 4186 ipsa
1564 4098 1728 4163 cadavera
1750 4098 2104 4186 pseudoepiscoporum
2122 4128 2146 4166 so

455 4203 496 4270 ab
520 4203 690 4269 aecclesiis
713 4203 966 4286 eliminarentur,
991 4214 1148 4292 quotquot
1171 4215 1278 4270 autem
1302 4202 1344 4268 ab
1360 4205 1439 4291 ipsis
1455 4214 1548 4269 erant
1563 4203 1713 4286 ordinati,
1733 4227 1836 4292 usque
1860 4204 1903 4268 ad
1919 4206 2105 4292 generalem

455 4311 655 4376 audientiam
690 4308 732 4374 ab
763 4309 879 4375 officiis
915 4309 1199 4397 suspenderentur.
1252 4311 1323 4376 Iam
1358 4312 1444 4376 enim
1475 4311 1625 4376 exaltatis
1661 4310 1724 4376 sibi
1754 4310 1909 4376 divinitus
1945 4313 2106 4378 aecclesia

454 4417 603 4482 Romana
626 4415 789 4499 cornibus,
820 4416 862 4481 ad
891 4416 1115 4482 incutiendum
1144 4419 1292 4482 timorem
1316 4419 1441 4483 cunctis
1464 4440 1699 4505 usquequaque
1723 4419 1911 4483 scismatum
1939 4418 2105 4501 membris,

455 4525 554 4589 etiam
571 4525 686 4611 capitis
703 4525 804 4611 ipsius
821 4545 904 4605 osse,
920 4521 1085 4610 Wigberti
1109 4523 1233 4589 scilicet
1256 4524 1336 4590 dicti
1358 4546 1474 4611 papae,
1499 4524 1539 4588 de
1564 4524 1734 4612 sepulchro
1758 4547 1826 4607 suo,
1851 4525 1940 4612 quod
1963 4549 2026 4612 per
2048 4549 2107 4590 sex

455 4633 521 4696 iam
544 4653 646 4695 annos
669 4632 704 4695 in
719 4630 881 4696 aecclesia
895 4630 1103 4695 Ravenuensi
1118 4630 1317 4717 possederat,
1341 4631 1445 4718 proici
1468 4630 1600 4714 lecerat,
1620 4632 1837 4719 universaque
1854 4633 1925 4698 eius
1948 4633 2105 4715 instituta,
2122 4659 2146 4700 ss

455 4749 491 4804 ut
506 4761 584 4804 vere
608 4761 674 4804 non
697 4738 866 4824 apostolici
889 4736 1078 4819 sacerdotis,
1103 4737 1161 4801 sed
1183 4747 1219 4802 ut
1241 4739 1414 4825 apostatici
1435 4739 1596 4802 invasoris
1612 4737 1772 4803 annullari
1788 4737 1990 4804 decreverat.
2029 4740 2105 4805 Cum

455 4848 506 4912 liis
529 4871 609 4932 qnae
632 4846 670 4910 de
693 4860 752 4911 teto
775 4847 921 4933 irnperio,
945 4845 1023 4910 Iocis
1045 4869 1107 4909 non
1129 4845 1291 4927 indicates,
1313 4848 1498 4935 referuntur
1512 4846 1681 4910 coneordat
1702 4847 1776 4910 bene
1789 4846 1928 4933 spnodns
1944 4845 2105 4912 Santonica

454 4952 546 5017 Maio
562 4966 687 5018 amante
702 4952 881 5018 Northusae
896 4953 1082 5031 celebraw,
1106 4977 1186 5037 qnae
1208 4953 1254 5016 ad
1270 4952 1507 5038 exstirpandam
1529 4955 1737 5017 simoniacam
1760 4953 1914 5018 tanaim
1936 4952 2105 5017 invasores

567 5169 596 5240 1)
620 5172 749 5231 ‘Archiv’
773 5172 837 5242 VII,
858 5193 890 5248 p.
908 5172 982 5230 825.
1032 5173 1165 5251 Sequitur
1189 5171 1339 5232 Clementis
1361 5174 1419 5230 III.
1438 5195 1539 5251 papae
1562 5174 1679 5252 epistola
1702 5197 1744 5222 =
1767 5174 1854 5248 Jaffe'
1872 5196 1918 5233 nr.
1938 5177 2058 5234 16595.
2082 5186 2108 5233 ct

455 5277 612 5356 chinonis
635 5279 669 5336 de
691 5279 820 5353 synodal.
846 5278 938 5336 causis
961 5281 979 5334 l.
997 5278 1037 5349 II,
1064 5299 1086 5336 e.
1106 5280 1179 5350 371,
1205 5301 1238 5357 p.
1257 5281 1330 5338 354.
1356 5283 1398 5338 ed.
1420 5281 1670 5340 Wasscrsctteden.
1779 5281 1810 5352 2)
1835 5281 1890 5340 SS.
1910 5283 1958 5354 VI,
1977 5304 2012 5360 p.
2031 5283 2104 5340 233.
2123 5305 2148 5345 so

458 5383 531 5441 234.
631 5381 662 5459 3)
685 5385 792 5443 Annal.
816 5384 998 5444 fflldsatcim.
1023 5406 1051 5443 a.
1072 5386 1153 5442 1105
1186 5381 1226 5463 (p.
1244 5387 1295 5444 53.
1320 5390 1363 5444 ed.
1387 5382 1507 5464 aspar).
1555 5386 1604 5460 Os.
1629 5387 1711 5446 etiarn
1737 5387 1826 5447 Gesta
1847 5389 1997 5448 ΑΙὸα-οηὼ
2025 5401 2104 5448 metr.

455 5511 481 5548 υ.
501 5490 551 5561 27,
584 5491 638 5549 SS.
659 5491 739 5562 VIII,
759 5512 792 5568 p.
813 5491 891 5548 237:
924 5485 1156 5570 (Adalderoncm)
1188 5493 1347 5567 Officioque
1379 5513 1428 5550 suo
1459 5495 1586 5567 fecitque
1610 5513 1708 5553 carere
1731 5496 1890 5568 sepulchre.
1939 5495 1988 5568 Cf.
2013 5497 2104 5570 Jaffc',

457 5597 527 5674 Ray.
552 5617 597 5654 nr.
617 5597 712 5654 6105.
