4410 6406
247 1061 391 1111 lintrium.

262 1808 309 1848 lob.
319 1808 351 1858 1⁸,
359 1807 394 1848 86.

304 2021 339 2071 ⁸p.
349 2021 394 2060 1³2.

411 418 475 482 298
702 373 882 481 GERilOHl
906 425 1140 481 PRAEPOSITI
1164 423 1569 480 REICHERSBERGENSIS
1593 423 1760 479 LIBELLI.

410 612 581 700 repudiata
610 612 812 698 periclitetur
837 610 977 676 ecclesia
1007 612 1086 697 ipsis
1115 611 1297 676 commissa.
1345 611 1469 690 Quasi
1494 609 1670 697 obrepente
1701 609 1840 696 perfidia
1868 611 1905 674 in
1929 631 2073 696 regnum

411 720 583 785 commissa
613 718 845 784 iudicabuntur
867 718 1038 804 spoliandi,
1063 730 1154 782 veste
1178 717 1272 782 simul
1300 716 1375 781 alba
1398 729 1473 782 sunt
1495 717 1656 803 privandi,
1687 740 1728 781 ne
1758 718 1835 781 item
1864 716 2076 803 periclitetur
2134 777 2138 786 ,

412 825 552 890 ecclesia
575 849 648 890 cum
672 826 722 889 sui
745 824 876 889 honoris
900 825 1085 910 integritate
1109 823 1155 888 illi
1178 823 1357 888 auferenda
1380 835 1413 888 et
1436 823 1528 888 alteri
1544 823 1785 907 committenda,
1802 834 1839 888 ut
1859 823 1931 888 sola
1954 823 2075 909 punia-

410 943 463 997 tur
484 954 624 1018 persona
647 930 782 1019 perfida,
807 931 947 996 ccclesia
969 943 1179 1018 permanente
1202 931 1236 994 in
1258 931 1444 1016 integritate
1468 953 1536 1012 sua,
1554 931 1717 1018 quoniam,
1734 942 1769 995 ut
1785 931 1910 995 dictum
1927 941 1990 1010 est,
2009 949 2075 1015 que

411 1039 503 1103 Deus
528 1039 697 1103 coniunxit
719 1061 784 1102 non
809 1047 858 1102 est
880 1036 1012 1120 bonum,
1037 1047 1072 1101 ut
1095 1036 1190 1101 homo
1214 1047 1352 1123 separet.
2094 1059 2107 1098 s

778 1235 828 1297 14.
864 1232 923 1296 De
948 1255 1133 1319 purpura
1155 1233 1270 1318 regis
1293 1233 1437 1297 vincta
1461 1231 1693 1297 canalibus.

520 1359 602 1424 Sunt
625 1379 703 1443 ergo
727 1357 850 1443 pariter
871 1357 906 1421 in
920 1379 987 1421 una
1009 1379 1150 1442 persona
1164 1359 1264 1421 vestis
1288 1355 1364 1420 alba
1387 1366 1419 1421 et
1442 1379 1615 1443 purpurea,
1640 1356 1776 1440 sedita,
1798 1367 1833 1422 ut
1856 1358 1898 1421 sit
1922 1379 2077 1444 purpura

413 1467 498 1552 regis
529 1466 639 1529 iuncta
670 1461 849 1545 canalibus,
880 1463 1068 1549 frequenter
1091 1463 1216 1528 scilicet
1244 1464 1279 1528 in
1302 1463 1364 1528 illis
1389 1462 1556 1528 canalibus
1579 1464 1768 1550 tinguendo,
1793 1463 1912 1550 quibus
1938 1475 1971 1528 et
1996 1486 2074 1549 pur-

412 1594 494 1658 pura
517 1569 637 1635 Christi
668 1572 755 1655 regis
785 1571 921 1634 intincta
951 1569 1028 1634 dum
1059 1571 1152 1655 regni
1182 1571 1231 1634 sui
1262 1573 1369 1634 omnia
1397 1570 1532 1635 consilia
1555 1582 1588 1635 et
1610 1572 1741 1656 negotia
1764 1571 1945 1636 secundum
1969 1570 2075 1635 bene-

413 1678 567 1765 placitum
591 1677 654 1742 Dei
679 1677 781 1763 patris
805 1676 967 1740 ordinavit
990 1675 1221 1763 promovenda.
1268 1677 1361 1742 Unde
1384 1677 1489 1741 Pilato
1513 1677 1610 1741 aliam
1634 1676 1697 1742 sibi
1719 1679 1893 1742 tincturam
1918 1677 2073 1742 offerenti
2095 1701 2119 1738 io

413 1797 445 1850 et
467 1786 630 1870 ingerenti
652 1783 835 1870 respondit:
861 1783 1002 1871 Repnum
1026 1809 1127 1848 meum
1150 1796 1200 1847 etc
1204 1831 1410 1848 .......

522 1997 655 2062 'Maluit
678 2007 786 2060 autem
808 1997 869 2060 iste
893 2019 952 2060 rex
976 1997 1088 2082 glorie,
1118 1997 1296 2061 mutuando
1327 1996 1462 2062 consilia
1492 1997 1532 2062 de
1564 1995 1731 2061 canalibus
1760 1997 1870 2062 divine
1894 2000 2070 2084 scripture,

415 2106 460 2169 ita
483 2126 631 2190 regnare,
655 2113 691 2167 ut
713 2101 848 2167 haberet
871 2103 981 2167 odium
1005 2102 1126 2184 mundi,
1152 2126 1248 2190 quam
1272 2103 1385 2168 laudes
1410 2103 1521 2168 mundi
1546 2103 1706 2190 captando
1723 2126 1815 2168 suam
1831 2103 1975 2191 regalem
1993 2129 2070 2191 pur-

414 2234 529 2297 puram
553 2210 730 2292 sordidare,
755 2211 839 2275 sicut
860 2233 948 2273 nunc
971 2232 1147 2296 purpuram
1171 2232 1262 2274 suam
1286 2209 1455 2275 sordidant
1475 2211 1531 2297 qui
1554 2233 1613 2297 pro
1629 2210 1814 2296 ampliando
1830 2233 1967 2275 numero
1984 2211 2069 2274 mili-
2089 2233 2114 2272 rs

414 2328 481 2382 tum
509 2317 704 2382 beneficiant
729 2315 783 2380 vel
809 2317 916 2402 potius
946 2316 1177 2380 inmaleficiant
1206 2338 1271 2381 non
1301 2317 1403 2380 solum
1435 2339 1497 2404 que
1528 2316 1649 2381 habent
1679 2317 1811 2403 regalia,
1843 2317 1901 2382 sed
1932 2318 2068 2404 insuper

415 2424 637 2489 ecclesiastica
661 2422 758 2504 bona,
782 2424 880 2487 etiam
904 2422 1058 2505 decimas,
1082 2423 1154 2487 usui
1179 2423 1277 2487 solius
1301 2424 1430 2510 pietatis
1454 2423 1609 2488 divinitus
1633 2426 1843 2511 mancipatas.
1883 2424 1927 2488 Et
1950 2447 2067 2490 revera

415 2532 465 2596 isti
492 2531 582 2615 digni
606 2541 715 2594 essent
736 2529 855 2594 nudari
877 2551 942 2593 non
966 2528 1069 2593 solum
1092 2552 1246 2615 purpura,
1270 2529 1327 2593 sed
1352 2531 1449 2594 etiam
1465 2541 1555 2594 veste
1580 2529 1664 2612 alba,
1687 2530 1734 2594 illi
1757 2532 1924 2619 precipue,
1947 2533 2003 2619 qui
2025 2532 2066 2596 ad

415 2636 600 2724 augendum
623 2659 688 2701 non
712 2634 814 2700 solum
837 2658 1008 2700 numerum
1030 2635 1174 2717 militiae,
1199 2635 1256 2700 sed
1280 2637 1377 2700 etiarn
1394 2637 1557 2701 cumulum
1576 2637 1728 2720 malitiae,
1753 2639 1935 2724 portionem
1959 2661 2065 2704 sacer·

415 2745 525 2809 dotum
549 2745 582 2807 in
606 2742 741 2807 decimis
765 2754 898 2807 eatenus
928 2743 963 2806 in
986 2765 1045 2806 usu
1070 2743 1292 2807 eeclesiastico
1316 2741 1594 2830 qualitercumque
1619 2743 1737 2808 habitis
1760 2744 1945 2809 diminuunt
1968 2757 2064 2831 atque
2083 2767 2110 2806 ao

332 2871 333 2874 ’
415 2854 448 2915 in
472 2851 572 2915 laicas
596 2849 768 2915 abusiones
798 2849 1006 2930 transferunt,
1037 2871 1164 2913 sacrum
1193 2849 1233 2913 de
1257 2872 1349 2914 sacro
1373 2849 1557 2914 auferentes
1588 2861 1685 2937 atque
1715 2851 1749 2915 in
1772 2852 1833 2916 hoc
1858 2852 2064 2938 sacrilegium

306 3335 342 3386 ’μ
351 3336 397 3376 185.

416 2957 538 3044 grande
563 2957 810 3022 committentes.

1064 3083 1114 3144 15.
1149 3079 1209 3144 De
1233 3080 1417 3145 decimis.

523 3205 605 3270 Cum
637 3205 722 3268 enim
753 3203 932 3268 secundum
962 3227 1103 3268 canones
1134 3206 1281 3290 exceptis
1314 3205 1460 3269 ecclesiis
1491 3206 1557 3270 vite
1588 3208 1781 3288 communis,
1812 3206 1869 3271 ubi
1900 3221 2063 3273 asserente

418 3317 543 3378 'sancto
561 3311 720 3397 Gregorio
743 3310 832 3375 nulla
854 3309 1054 3375 decimarum
1077 3311 1145 3374 sive
1170 3309 1367 3376 oblationum
1392 3312 1546 3377 facienda
1568 3324 1617 3376 est
1638 3315 1754 3399 portio,
1778 3316 1862 3379 sicut
1884 3314 1974 3379 idem
1989 3314 2063 3380 bea·
2082 3335 2109 3375 ss

416 3431 467 3486 tus
491 3420 620 3484 instruit
643 3417 860 3504 Augustinum
876 3416 1057 3503 Anglorum
1080 3417 1393 3504 archiepiscopuml,
1417 3430 1556 3504 quatuor
1577 3420 1648 3484 fieri
1672 3419 1813 3485 debeant
1835 3423 2001 3507 portiones
2025 3423 2063 3486 de

418 3527 551 3592 decimis
576 3537 608 3590 et
631 3523 848 3589 oblationibus
879 3547 921 3588 ex
949 3522 1097 3588 omnibus
1127 3524 1177 3587 his
1201 3524 1358 3610 partibus,
1384 3527 1441 3589 vix
1470 3526 1526 3590 illa
1556 3526 1625 3591 sola
1654 3529 1809 3591 remansit
1839 3528 2064 3615 ecclesiaeque

417 3635 459 3698 ad
475 3634 610 3698 clericos
628 3633 789 3719 pertinere
806 3630 979 3695 videbatur
1002 3632 1119 3695 ceteris
1143 3629 1343 3696 decimarum
1359 3631 1505 3718 partibus
1529 3635 1562 3697 in
1578 3633 1735 3698 laicomm
1751 3633 1947 3699 beneficium
1967 3637 2063 3699 immo

382 3755 386 3764 '
416 3737 789 3825 maleficiaprofligatis.
827 3738 949 3801 Verum
966 3739 1043 3823 quia
1067 3736 1178 3802 clerici
1200 3760 1259 3823 per
1275 3737 1392 3801 divites
1417 3738 1572 3803 ecclesias
1596 3741 1762 3805 constituti
1778 3740 1975 3806 videbantur
1998 3745 2063 3828 epi-

417 3847 524 3932 scopis
548 3844 668 3910 alicubi
692 3843 990 3930 superhabundare,
1015 3843 1217 3908 cathedrales
1242 3845 1391 3908 canonici
1406 3844 1542 3908 clericos
1565 3846 1653 3932 ipsos
1670 3845 1814 3932 plebales
1831 3847 1883 3912 vel
1908 3850 2063 3913 ecclesias
2082 3871 2108 3910 so

417 3975 527 4016 eorum
551 3961 764 4037 susceperunt
788 3949 829 4014 ab
854 3951 1015 4036 episcopis
1038 3952 1073 4014 in
1096 3947 1309 4032 beneficium,
1326 3963 1359 4014 et
1380 3951 1443 4036 ipsi
1467 3973 1487 4014 a
1503 3951 1575 4016 Deo
1600 3955 1858 4018 comminuerunt
1881 3957 2063 4041 portionem

417 4059 631 4139 sacerdotum,
662 4057 826 4121 trahentes
855 4079 938 4143 pone
971 4058 1079 4120 omnia
1107 4058 1141 4120 in
1166 4079 1240 4120 suas
1264 4055 1447 4138 abusiones,
1471 4069 1507 4122 ut
1529 4081 1595 4122 non
1617 4070 1753 4145 possunt
1778 4061 1918 4125 inveniri
1942 4062 2062 4144 clerici,

417 4167 472 4252 qui
502 4164 621 4229 talibus
651 4163 863 4250 portiunculis
893 4163 1014 4227 vellent
1048 4186 1120 4228 esse
1156 4165 1297 4228 contenti
1332 4164 1394 4226 nisi
1424 4163 1571 4228 vilissimi
1603 4165 1825 4231 concubinarii
1856 4168 2062 4250 conducticii,

416 4273 565 4352 usurarii,
596 4271 764 4351 aleatores,
788 4281 971 4351 venatores,
1002 4271 1229 4355 negotiatores,
1261 4270 1408 4356 girovagi
1432 4269 1578 4336 absolute
1603 4272 1752 4355 ordinati,
1776 4274 1982 4339 sacerdotum
2006 4275 2063 4339 filii

417 4380 582 4463 ceterique
613 4378 645 4440 in
675 4376 761 4442 hunc
791 4375 923 4440 modum
954 4377 1054 4440 sacris
1083 4375 1199 4440 officiis
1228 4376 1364 4462 indigni.
1419 4374 1481 4441 Oui
1511 4377 1596 4442 malo
1620 4378 1732 4443 volens
1763 4381 1937 4446 remediari
1967 4381 2107 4447 beateae

416 4486 590 4548 memoriae
615 4507 701 4570 papa
716 4483 884 4568 Eugenius
907 4483 941 4547 in
957 4483 1110 4546 Remensi
1134 4483 1270 4547 concilio
1295 4485 1406 4548 statuit
1416 4489 1437 4565 ²,
1463 4501 1495 4549 ut
1517 4511 1699 4572 unaqueque
1722 4491 1863 4570 scelesto,
1887 4493 2062 4578 oua’faeul·

416 4607 463 4655 tus
486 4594 631 4678 suppetit,
648 4593 821 4677 proprium
844 4591 955 4654 habeat
976 4591 1176 4669 sacerdotem,
1200 4593 1255 4655 cui
1275 4591 1312 4655 de
1335 4592 1424 4655 bonu
1448 4593 1573 4656 ecclesie
1596 4607 1714 4657 turdum
1723 4597 1895 4681 prebeatur
1910 4599 2063 4684 beneficii,

418 4699 498 4762 uude
521 4701 733 4762 convenienter
756 4697 860 4760 voleat
880 4698 1056 4759 sustentari.
1098 4695 1279 4759 Occasione
1303 4695 1397 4759 huius
1421 4697 1555 4783 capituli
1579 4698 1812 4765 subtrahuntur
1833 4701 1935 4766 multa
1957 4725 2063 4767 sacer-

416 4803 483 4867 doti
507 4801 660 4891 plebe[m]
686 4803 812 4887 regenti
836 4812 868 4865 et
892 4800 1010 4866 exinde
1034 4800 1304 4865 inbeneficiantur
1318 4802 1404 4885 laici,
1422 4806 1515 4890 quasi
1531 4827 1595 4868 non
1612 4805 1753 4872 sufficiat
1773 4809 1962 4894 magnitudo
1978 4809 2063 4873 illius

416 4911 540 4996 antiqui
571 4908 742 4995 sacrilegii,
768 4931 831 4995 quo
858 4918 968 4994 preter
990 4908 1180 4972 clericorum
1211 4919 1319 4994 partes
1349 4932 1433 4995 pene
1459 4913 1582 4975 *omnia
1610 4912 1686 4976 laici
1716 4927 1970 5000 occupaverunt,
2001 4917 2064 4980 nisi
2081 4936 2107 4976 ro

416 5015 554 5080 accedat
576 5014 639 5079 illis
663 5026 695 5079 et
718 5015 822 5100 portio
846 5013 1037 5078 clericorum
1061 5013 1102 5078 de
1118 5036 1203 5078 novo
1226 5016 1354 5078 noviter
1375 5017 1508 5081 invento
1533 5018 1713 5104 sacrilegio.
1749 5021 1917 5085 Interdum
1934 5045 2063 5110 quoque

417 5123 482 5187 suis
507 5122 684 5209 capellanis
707 5120 785 5186 talia
800 5119 961 5186 beneficia
976 5121 1175 5185 decimarum
1191 5132 1346 5207 prestant,
1367 5134 1399 5187 et
1421 5123 1482 5188 hoc
1507 5135 1593 5189 essct
1609 5136 1782 5213 utcumque
1798 5127 1977 5213 tolerabile,
2002 5131 2065 5193 nisi

417 5229 504 5315 quod
527 5227 653 5292 decime
677 5227 777 5292 semel
807 5226 849 5292 ab
874 5227 1020 5292 ecclesiis
1048 5226 1230 5291 abalienato
1255 5251 1293 5292 ac
1318 5228 1378 5292 sub
1401 5231 1531 5295 nomine
1557 5230 1790 5297 beneficiorum
1812 5237 1956 5320 prestito,
1989 5235 2066 5300 licet

417 5334 656 5399 cathedralibus
681 5335 808 5398 clericis
831 5334 885 5398 vel
912 5333 1098 5420 capellanis,
1125 5333 1187 5398 illis
1210 5333 1445 5400 decedentibus
1468 5337 1564 5402 facile
1588 5339 1767 5404 succedunt
1794 5340 1869 5406 laici
1900 5343 1934 5406 in
1957 5342 2065 5408 locum

417 5441 489 5506 talis
512 5441 674 5523 beneficii,
698 5440 928 5528 quodetiam
952 5440 1074 5504 factum
1098 5442 1228 5504 scimus.
2082 5469 2109 5508 u

527 5663 556 5733 ι)
581 5662 673 5738 apsi.
698 5661 753 5732 rr,
779 5661 851 5732 sos,
878 5661 946 5717 aa.
971 5660 1011 5731 Π,
1030 5681 1063 5737 p.
1083 5661 1155 5718 aaa.
1249 5662 1279 5733 2)
1307 5661 1411 5721 consu.
1429 5665 1509 5722 aa..
1533 5687 1561 5723 a.
1582 5637 1675 5738 1148,
1701 5687 1724 5724 ο,
1745 5669 1794 5738 10,
1821 5670 1921 5727 ouans
1943 5679 1961 5726 ι.
1979 5671 2065 5742 rrr,

418 5770 468 5826 col.
487 5768 559 5825 716.
