4396 6390
570 367 880 425 COMMENTARIUS
903 369 945 424 IN
967 368 1157 426 PSALMUM
1180 369 1286 424 LXIV.
1685 363 1746 426 4⁴ll

91 557 212 636 sedare,
237 570 266 621 et
286 581 348 622 nort
372 557 410 621 dc
433 581 528 620 mauu
544 556 767 650 fructificare,
797 556 854 620 scd
876 556 999 644 largum
1022 581 1148 620 utorium
1178 556 1299 636 1101001,
1322 557 1533 621 necessitatem
1554 559 1751 643 potientibus

93 679 273 744 concurrat,
296 664 435 729 alienum
458 665 600 748 inopiam
623 686 713 726 suoru
738 661 852 726 credat.
896 661 979 738 Quia
1002 665 1035 726 si
1054 665 1102 726 sic
1124 685 1186 726 101
1209 662 1307 743 dubet,
1331 687 1461 726 uacuum
1482 665 1626 749 episcopi
1640 687 1751 729 nomeu

93 783 182 834 terret.
230 768 268 832 In
292 769 378 834 bunc
400 767 532 832 modum
555 766 664 852 plures
688 767 898 831 invenitmtur
921 769 989 831 eius
1013 766 1180 853 epistolae,
1204 765 1322 854 quibus
1346 766 1428 832 ultro
1453 776 1486 831 et
1508 767 1595 832 nullo
1618 779 1749 855 petente
1768 793 1819 842 us).

92 877 203 939 missis
228 874 443 962 reprobantur
466 872 551 938 mala
574 883 606 938 et
629 873 792 959 eligtmtur
821 872 919 937 bona.
961 873 1089 938 Videtis
1114 895 1203 959 ergo,
1227 896 1246 936 0
1269 872 1415 938 benivoli
1437 885 1647 960 spectatores,
1672 899 1749 962 quo·

59 981 193 1046 smodo
223 983 284 1046 1110
315 991 446 1046 sanctus
476 1002 535 1065 pro
565 979 638 1065 lege
668 979 734 1043 Dei
764 981 814 1043 sni
845 981 1028 1060 certaverit,
1058 979 1219 1066 quomodo
1249 979 1392 1044 butirum
1423 991 1455 1045 01
1484 981 1548 1046 mel
1575 982 1750 1048 comedens

93 1088 301 1174 investigatis
317 1088 461 1174 undique
477 1085 571 1151 malis
592 1097 624 1150 et
645 1084 740 1150 bonis
764 1087 859 1150 scivit
883 1097 916 1150 et
938 1086 1062 1150 studuit
1084 1085 1259 1171 reprobare
1282 1085 1403 1151 malum
1427 1097 1459 1152 et
1475 1087 1595 1173 eligere
1612 1087 1748 1174 bonum3

93 1217 161 1258 non
185 1197 366 1282 expectatis
391 1191 653 1259 accusationibus
676 1192 730 1256 vel
753 1193 1034 1258 testificationibus
1062 1194 1095 1256 in
1119 1191 1217 1256 rebus
1240 1193 1421 1258 manifestis
1452 1205 1484 1258 01
1507 1195 1750 1281 quomodolibet

94 1299 159 1364 sibi
182 1301 367 1366 notificatis.
414 1298 511 1364 Certe
536 1300 563 1363 si
586 1321 672 1364 nunc
695 1300 730 1362 in
754 1298 870 1363 diebus
893 1300 963 1364 istis
986 1300 1170 1364 novissimis
1195 1310 1227 1364 01
1249 1298 1450 1387 temporibus
1473 1302 1664 1386 periculosis
1688 1304 1749 1368 iste

94 1419 228 1472 sanctus
251 1409 387 1488 viveret,
412 1406 511 1472 multa
534 1405 620 1470 mala
643 1407 814 1491 increpare
838 1404 983 1488 haberet,
1008 1427 1092 1492 quae
1116 1407 1162 1470 ita
1184 1405 1265 1471 fiunt
1287 1407 1321 1471 in
1344 1417 1468 1492 aperto,
1493 1417 1528 1471 ut
1550 1408 1638 1473 nullo
1654 1431 1749 1474 accu-

42 1538 73 1576 10
95 1514 231 1578 sationis
261 1512 314 1578 vel
348 1513 585 1578 testificationis
621 1523 738 1598 egeant
773 1512 886 1576 ordine
915 1512 1098 1577 iudiciaria.
1146 1511 1182 1577 Si
1213 1535 1291 1598 ergo
1322 1535 1420 1599 super
1450 1513 1499 1578 his
1534 1513 1749 1600 reprobandis
1768 1538 1820 1590 (11).

95 1620 295 1705 apostolicae
317 1620 485 1684 mittentur
508 1618 673 1704 epistolae,
697 1618 856 1705 simulque
880 1618 1040 1683 scribetur
1055 1619 1133 1682 viris
1157 1619 1327 1705 religiosis,
1351 1629 1388 1684 ut
1410 1621 1439 1685 si
1455 1621 1527 1706 quis
1551 1644 1615 1686 101
1640 1621 1751 1688 obedit

95 1725 198 1789 verbo
222 1748 281 1812 per
305 1725 475 1811 epistolam
495 1727 604 1807 misso,
628 1725 714 1789 hunc
738 1735 851 1789 notent
874 1727 967 1789 iuxta
989 1725 1171 1789 doctrinam
1186 1725 1281 1789 Pauli
1304 1727 1458 1812 apostoli:
1483 1726 1594 1811 multa,
1618 1727 1928 1803 111011011101111.

95 1834 203 1917 gratia
218 1832 294 1914 Dei,
319 1830 588 1913 emendabuntur,
607 1835 705 1917 *quae
730 1854 815 1895 nunc
836 1831 949 1914 libere,
974 1854 1047 1896 cnm
1072 1833 1136 1895 sint
1158 1830 1245 1896 mala
1268 1842 1300 1896 et
1322 1835 1439 1919 turpia,
1462 1833 1545 1898 finnt
1564 1857 1629 1899 non
1646 1835 1750 1900 solum
1769 1857 1841 1900 *aaa

95 1938 284 2021 inocculto,
309 1937 368 2002 sed
391 1939 490 2002 etiam
513 1938 547 2001 in
564 1947 686 2023 aperto,
712 1948 744 2002 et
766 1937 927 2002 habentur
950 1939 1047 2002 etiam
1070 1960 1130 2023 pro
1153 1935 1259 2020 bonis,
1283 1961 1357 2003 cum
1381 1940 1446 2003 sint
1468 1940 1563 2022 mala,
1589 1942 1750 2026 quianon

40 2055 146 2108 11011
169 2045 226 2130 qui
248 2043 400 2130 reprobet
422 2042 489 2108 illa.
524 2045 698 2108 Possemus
718 2043 820 2129 digito
844 2054 1022 2108 monstrare
1047 2066 1085 2108 10
1109 2044 1281 2108 manifesto
1304 2047 1435 2110 nomine
1459 2047 1645 2132 significare
1664 2049 1751 2113 mala

95 2151 237 2236 quedam
261 2149 478 2237 reprobanda,
503 2149 683 2230 evellenda,
708 2150 914 2230 destruenda,
940 2149 1176 2236 disperdenda3
1202 2161 1235 2216 et
1258 2173 1300 2216 ex
1324 2153 1473 2238 opposito
1496 2152 1584 2217 bona
1608 2154 1916 2240 01011111110.1,10.

94 2257 258 2343 eligenda,
289 2257 467 2344 plantanda
491 2266 523 2321 01
547 2256 741 2321 edificanda.
789 2255 855 2322 Sed
879 2256 1076 2343 apostolicae
1100 2257 1302 2342 vigilantiae,
1327 2281 1424 2344 quam
1451 2259 1634 2324 sollicitudo
1658 2262 1749 2346 angit
1768 2232 1979 2372 bffigoffissffim

93 2365 239 2428 omnium
262 2364 496 2428 aecclesiarum
520 2373 551 2428 et
574 2362 731 2448 adquam
754 2374 903 2448 spectant
925 2365 1068 2428 omnium
1091 2365 1251 2449 regimina
1274 2387 1459 2450 regnorum,
1482 2365 1694 2452 relinquimus
1714 2368 1748 2431 in
1779 2374 1815 2442 et]
1837 2380 1963 2445 eligendo

93 2469 145 2533 his
162 2470 312 2535 omnibus
328 2469 470 2535 butirum
486 2470 597 2535 etmel
614 2469 861 2552 comedendum,
884 2480 920 2534 ut
943 2471 1024 2534 sciat
1047 2469 1224 2556 reprobare
1247 2470 1368 2536 malum
1392 2482 1425 2536 et
1448 2471 1592 2558 eligere*
1615 2471 1746 2538 bonum.
1814 2449 1932 2515 1111111111]

93 2706 196 2765 11101,
228 2682 378 2769 eligendo
408 2682 511 2748 bonos
542 2680 625 2746 bene
655 2683 842 2768 purificatos
871 2693 903 2746 et
931 2683 1110 2747 hereditate
1135 2705 1219 2769 quae
1242 2683 1334 2748 Deus
1358 2694 1409 2748 est
1431 2695 1611 2750 contentos.
1659 2685 1750 2751 Sciat

93 2788 323 2855 nichilominus
354 2791 388 2853 in
415 2812 516 2875 regno
546 2787 723 2875 reprobare
752 2789 968 2854 dominatores
999 2790 1127 2876 iniquos
1158 2800 1190 2854 et
1220 2789 1340 2875 eligere
1371 2789 1474 2855 bonos
1504 2789 1548 2856 ad
1570 2791 1749 2858 vindictam
1769 2783 1921 2886 ,jeffjm

93 2896 349 2977 malefactorum,
373 2896 504 2961 laudem
520 2918 599 2960 vero
622 2895 780 2960 bonorum
805 2895 959 2959 divinitus
983 2897 1109 2959 missos.
1157 2894 1257 2980 Sciat,
1281 2898 1425 2982 inquam,
1450 2896 1636 2983 reprobare,
1654 2921 1749 2985 quos·

95 3003 170 3068 dam
195 3002 286 3067 salva
309 3001 553 3067 aecclesiastica
576 3023 657 3088 pace
682 3002 811 3088 penitus
835 3000 1051 3083 excludend0,
1071 3001 1230 3087 quosdam
1253 3013 1386 3088 propter
1409 3013 1537 3089 apertas
1560 3005 1749 3090 iniquitates

47 3133 75 3172 11
95 3132 115 3173 1
144 3109 323 3174 ministerio
356 3109 466 3173 altaris
497 3109 550 3172 vel
583 3109 808 3173 communione
843 3108 998 3172 dominici
1032 3109 1177 3193 corporis
1208 3118 1240 3172 et
1270 3110 1437 3194 sanguinis
1471 3107 1685 3195 probibendo,
1718 3122 1750 3176 et

94 3227 205 3280 tamen
227 3216 313 3279 intra
336 3215 515 3280 aecclesiae
540 3215 728 3280 societatem
752 3215 843 3300 pacis
866 3215 986 3278 intuitu
1009 3213 1204 3296 sufferendo,
1227 3215 1262 3278 in
1278 3215 1373 3278 huius
1397 3217 1668 3300 peregrinationis
1685 3219 1749 3299 via,

95 3344 161 3407 qua
188 3321 228 3385 de
257 3323 447 3408 captivitate
470 3320 663 3386 Babilonica
693 3319 855 3385 tendimus
885 3321 920 3383 in
945 3319 1034 3405 Syon
1065 3321 1133 3384 sive
1167 3319 1245 3407 [inb]
1271 3319 1460 3403 Ierusalem,
1485 3322 1577 3387 cuius
1600 3324 1750 3408 precipui

95 3439 262 3493 senatores
286 3451 359 3493 eum
383 3451 460 3514 rege
485 3451 542 3493 suo
573 3429 607 3492 in
630 3428 743 3492 ultima
766 3427 977 3492 ventilatione
1007 3424 1190 3512 reprobatis
1222 3425 1371 3491 omnibus
1394 3427 1488 3491 malis
1513 3426 1634 3513 eligent
1663 3427 1751 3493 bona

95 3535 214 3598 omnia.
250 3534 381 3616 Quanto
405 3558 482 3620 ergo
506 3556 593 3600 nunc
617 3534 804 3620 diligentius
827 3555 886 3620 per
910 3532 1142 3598 aecclesiarum
1166 3530 1401 3616 gubernatores
1425 3532 1642 3619 reprobantur
1664 3534 1751 3599 mala
1768 3562 1820 3613 (rs).

45 3666 75 3704 10
95 3640 282 3705 indecentia
305 3652 338 3706 et
361 3641 523 3727 eliguntur
545 3641 632 3706 bona
656 3641 757 3706 bonos
782 3640 943 3721 decentia,
973 3649 1063 3703 tanto
1088 3639 1317 3723 congruentius
1341 3649 1373 3704 te
1398 3638 1495 3704 decet
1516 3663 1634 3726 ymnus
1657 3640 1749 3706 Deus

94 3749 128 3810 in
145 3746 245 3834 Syon,
271 3758 303 3811 et
324 3757 414 3812 tanto
432 3748 599 3813 decentius
622 3747 683 3811 tibi
706 3747 862 3812 reddetur
876 3757 989 3811 votum
1010 3746 1046 3810 in
1061 3743 1249 3809 Ierusalem.
1286 3744 1384 3826 Quod
1399 3747 1477 3832 quia
1500 3749 1603 3832 magis
1627 3746 1749 3811 orando

95 3877 194 3940 quam
217 3853 417 3934 disserendo,
441 3865 478 3917 ut
499 3854 566 3935 fiat,
597 3853 810 3935 acceleratur,
841 3863 915 3938 post
945 3852 1133 3916 assertionis
1162 3850 1293 3936 longam
1317 3851 1553 3938 digressionem
1576 3852 1750 3918 redeamus

95 3959 138 4024 ad
161 3960 380 4024 intermissam
402 3959 520 4045 psalmi
544 3961 780 4045 expositionem
804 3971 837 4024 et
860 3959 1049 4024 orationem.

47 4179 76 4220 11
204 4153 259 4220 810
283 4177 361 4240 ergo
385 4177 544 4218 messores
569 4152 705 4240 apostoli
728 4154 851 4218 alienos
874 4152 1003 4218 labores
1028 4153 1237 4238 *introgressi
1260 4152 1482 4217 multitudines
1506 4155 1652 4238 gentium
1675 4175 1750 4218 con·
1768 4129 1834 4259 {illi

95 4271 316 4347 gregaverunt
346 4263 379 4326 in
404 4261 519 4324 horrea
543 4259 716 4324 dominica.
762 4260 805 4324 Et
828 4259 934 4324 adhuc
958 4259 1021 4324 illis
1050 4260 1083 4322 in
1106 4257 1164 4323 tali
1187 4281 1292 4324 messe
1316 4258 1498 4344 manipulos
1522 4259 1750 4345 colligentibus
1782 4237 1840 4277 111

96 4366 342 4454 comprehendit
373 4389 427 4430 001
452 4365 627 4447 vindemia,
657 4377 689 4430 et
719 4366 862 4431 calcator
890 4388 975 4431 uvae
1005 4367 1129 4451 primus
1154 4365 1241 4430 Nero
1270 4364 1380 4429 botros
1412 4365 1533 4430 eleetos
1555 4366 1690 4430 Petrum
1719 4378 1751 4432 et

94 4473 244 4556 Paulum,
269 4472 387 4538 deinde
412 4482 538 4537 ceteros
562 4471 604 4536 ad
619 4474 808 4559 passionum
826 4471 1000 4537 torcularia
1022 4483 1153 4558 paratos
1177 4481 1210 4535 et
1232 4481 1375 4537 maturos
1399 4471 1550 4536 calcavit.
1598 4471 1653 4538 Sic
1676 4483 1751 4559 post

95 4579 185 4644 illum
209 4579 413 4665 fgequentata
436 4579 661 4664 persecutione
686 4578 829 4643 calcator
851 4601 935 4643 uvae
959 4601 1023 4642 non
1047 4576 1160 4659 defuit,
1185 4577 1396 4663 quoadusque
1427 4579 1609 4644 mittentem
1639 4601 1751 4646 semen

50 4711 77 4750 10
96 4684 352 4773 comprehendit.
400 4685 486 4766 Quia
508 4684 663 4750 videlicet
685 4695 760 4771 post
782 4695 960 4772 martyrum
984 4683 1056 4748 dira
1079 4684 1268 4765 certamina,
1299 4684 1333 4747 in
1357 4685 1478 4749 sanctis
1509 4683 1750 4750 confessoribus

96 4803 194 4879 atque
219 4791 405 4858 doctoribus
429 4801 496 4855 1010
519 4802 678 4856 terrarum
703 4791 781 4856 orbe
804 4789 1036 4877 multiplicatis,
1059 4812 1120 4877 per
1142 4789 1353 4854 11011101111ο
1372 4791 1541 4878 utriusque
1565 4793 1750 4857 testamenti

96 4899 317 4984 expositiones
341 4898 431 4982 exiit,
456 4899 512 4984 qui
536 4899 673 4963 seminat
697 4899 857 4962 seminare
882 4919 994 4961 semen
1009 4918 1112 4962 suum.
1159 4895 1203 4959 Et
1225 4894 1346 4960 bonum
1362 4894 1494 4983 quidem
1519 4919 1631 4961 semen
1655 4900 1749 4962 semi·
1768 4891 1928 4994 „mgfqm

96 5006 187 5070 navit
209 5005 244 5069 in
267 5027 346 5090 agro
371 5026 439 5069 suo.
487 5005 555 5071 Sed
570 5027 644 5069 cum
659 5003 837 5067 dormirent
859 5003 1005 5068 homines
1030 5000 1175 5066 eiusdem
1199 5002 1270 5087 agri
1294 4993 1455 5084 custodes,
1479 5004 1630 5067 inimicus
1654 5003 1841 5072 10110111.

97 5111 368 5197 superseminavit
391 5112 516 5176 11111111
539 5112 572 5174 11
588 5108 696 5173 medio
712 5110 811 5173 tritici
835 5119 867 5173 01
891 5107 980 5173 abiit.
1011 5107 1078 5174 Ubi
1096 5130 1173 5194 ergo
1189 5119 1326 5194 utraque
1350 5109 1446 5172 simul
1470 5119 1631 5192 crescunt,
1656 5110 1750 5176 simul
1786 5103 1839 5171 [De
1859 5111 1962 5194 semine

50 5239 78 5280 ts
97 5239 226 5304 quoque
249 5216 381 5283 iubente
398 5217 540 5282 Domino
556 5214 725 5280 toleranda
741 5226 825 5279 sunt.
861 5215 906 5280 At
922 5214 978 5278 ubi
994 5215 1120 5279 zizania
1143 5215 1239 5277 nimis
1262 5213 1465 5300 prevalentia
1487 5215 1630 5280 triticum
1654 5215 1749 5281 suffe·
1768 5175 1980 5314 b⁰¹¹⁰nlfflqz¹²⁸'

98 5335 174 5388 cant
202 5333 234 5388 01
262 5323 330 5388 0011
360 5324 431 5410 ipsa
459 5344 620 5408 occupare
650 5323 795 5387 nituntur
825 5344 939 5407 agrum
962 5321 1106 5401 Domini,
1137 5342 1202 5384 non
1227 5329 1275 5384 est
1298 5341 1408 5402 causa,
1434 5343 1491 5385 cur
1515 5323 1561 5385 eis
1584 5333 1748 5408 parcatur,

97 5431 181 5494 sicut
204 5429 271 5493 illic
294 5427 351 5494 ubi
374 5430 518 5515 utrisque
543 5428 638 5492 simul
662 5426 884 5492 crescentibus
915 5426 1096 5490 cavendum
1121 5436 1180 5507 est,
1211 5447 1252 5490 ne
1277 5425 1354 5490 dum
1378 5427 1586 5492 eradicantur
1612 5429 1748 5510 zizania,

98 5535 281 5600 eradicetur
304 5535 399 5600 simul
423 5545 455 5599 et
477 5535 620 5599 triticum
643 5534 706 5598 illis
729 5535 961 5598 intermixtum.
998 5531 1053 5597 Sic
1069 5531 1227 5618 plurimae
1246 5543 1353 5597 sectae
1370 5555 1556 5619 pravaeque
1582 5534 1748 5598 doctrinae

205 5715 231 5779 a)
255 5735 278 5768 e.
297 5718 322 5768 b.
343 5719 369 5768 2.
441 5715 469 5778 1)
490 5715 608 5768 1110111.
681 5713 1048 5780 c)tacupralia.add.B.
