4568 6428
461 371 504 434 32
595 379 750 432 LIBELLI
772 377 939 434 HONORII
964 355 1339 435 AUGUSTODUNENSIS
1362 345 1615 434 hausturum
1639 381 1689 435 ET
1715 379 1982 436 SCHOLASTICI.

465 581 516 630 666.
567 565 616 629 De
641 565 753 630 r'rinlem
777 568 898 651 nuptiis
922 569 955 630 in
972 569 1040 654 fine
1064 569 1189 653 capitia,
1214 563 1298 652 qaod
1321 573 1365 626 666
1390 566 1427 631 (le
1450 581 1536 630 66666
1560 582 1668 646 aetate,
1693 569 1743 632 tn
1770 569 1873 632 666666
1889 569 2005 656 facias
2021 569 2120 632 666666-

463 676 545 736 rnit:
589 671 667 734 Post
696 671 757 736 hec
788 671 828 736 dc
861 669 1009 736 omnibus
1041 670 1290 759 imperatoribus
1321 693 1425 758 usquc
1457 673 1499 737 ad
1530 673 1709 737 chricum
1740 675 1986 760 imperatorem,
2018 673 2120 738 filium

463 779 611 860 Henrici,
636 780 691 864 qui
716 801 801 842 anno
826 780 938 865 quinto
963 781 1056 864 regni
1080 781 1129 843 sui
1154 781 1282 866 accepit
1304 779 1531 862 Mathiiiidam,
1557 779 1657 844 filiam
1680 781 1767 864 regis
1790 778 1920 866 hughe,
1951 782 1986 844 in
2009 782 2120 845 coniu-

462 886 551 971 gium
575 908 660 948 anno
684 884 727 949 ab
750 887 973 950 incarnatione
998 887 1132 950 Domini
1158 890 1253 951 1110.
1301 873 1375 968 Quo
1399 909 1484 951 anno
1508 886 1591 951 liber
1614 889 1674 951 istc
1698 886 1817 951 finitur.

566 993 610 1056 At
629 1019 676 1072 66,
704 1019 894 1078 6666666666
921 997 1023 1080 ipsam
1041 995 1221 1058 Han-oriani
1229 997 1329 1081 flarent
1339 998 1469 1080 primae
1493 998 1705 1060 arinotationia
1728 998 1903 1081 scripsisse,
1927 1021 1966 1058 er
1988 1021 2022 1060 66
2046 996 2154 1083 effi-o

462 1103 555 1180 ritar,
587 1101 673 1185 qaod
701 1101 814 1164 66666666
831 1103 909 1187 fere
939 1103 1042 1165 verbis
1072 1103 1105 1165 in
1120 1105 1190 1188 sine
1214 1102 1301 1181 libri,
1332 1103 1387 1165 cai
1414 1103 1601 1166 irnrm'bitar
1623 1101 1684 1165 ‘De
1709 1103 1920 1166 luminaribus
1943 1101 2119 1182 ecclesia-e’,

465 1232 540 1270 6666
563 1222 607 1271 eat
629 1206 710 1292 (Qui
733 1217 807 1292 post
830 1206 916 1270 hunc
940 1208 1118 1292 scripturus
1143 1208 1193 1288 sit,
1218 1208 1391 1293 posteritas
1410 1205 1561 1294 videbit),
1586 1235 1605 1272 a
1630 1209 1765 1272 lilrrorio
1782 1208 1972 1274 Britanrrico
1995 1210 2118 1273 adiecta

463 1341 527 1379 6666
558 1329 700 1400 poscant.
762 1313 850 1378 Unde
880 1329 981 1377 666666
1014 1317 1041 1378 is
1071 1318 1222 1400 cotaperit
1251 1313 1302 1377 bis
1335 1327 1452 1400 quater
1483 1327 1664 1400 quaterque
1696 1313 1798 1378 denos
1835 1316 1959 1380 66666666
1989 1317 2119 1400 callepio

460 1448 484 1484 6.
503 1421 631 1484 Mariae
648 1420 885 1507 Mopsi-ntiaenai
905 1423 1082 1485 carritirieri?
1118 1421 1172 1484 An
1194 1448 1228 1484 66
1254 1422 1343 1486 illam
1360 1437 1561 1486 corrimentam
1578 1447 1642 1487 6666
1658 1425 1784 1508 putas?
1822 1423 1895 1486 Non
1911 1423 2118 1487 elaliitandmn

465 1529 599 1607 6666666,
627 1530 704 1612 qma
728 1544 756 1591 et
778 1528 853 1592 66666
876 1531 1036 1592 annotatio
1061 1553 1099 1592 66
1121 1529 1287 1615 archetypo
1311 1529 1431 1592 66666666
1459 1529 1639 1616 0666666669.
1657 1531 1802 1616 ι66666666,
1834 1530 1919 1614 qaod
1944 1530 2032 1594 laad
2052 1533 2119 1594 6666
2140 1559 2168 1596 ιο

465 1660 508 1699 666
530 1659 569 1698 eur
593 1637 661 1720 ipso
686 1635 815 1722 callepio
838 1661 862 1696 s.
880 1635 1009 1698 Mariae
1025 1634 1262 1720 Moy-antioceni
1283 1635 1451 1698 oriaralmn
1475 1638 1524 1700 sit.
1568 1636 1613 1700 Ε6
1634 1639 1667 1700 ai
1688 1635 2118 1723 6666666666666666666666666616

464 1751 579 1827 quater
603 1752 783 1826 quaterque
808 1740 883 1804 deni
905 1741 1092 1828 perpendis,
1120 1745 1259 1806 carm-ine
1280 1743 1430 1828 formasa,
1459 1767 1519 1827 qno
1542 1743 1680 1806 66666666
1702 1743 1831 1830 cellapii
1849 1769 1873 1806 6.
1894 1743 2022 1807 Mariae
2037 1767 2117 1829 pro-

459 1851 569 1934 priam
587 1873 650 1912 6666
666 1850 841 1928 iactabatur,
867 1849 957 1912 666666
973 1849 1158 1912 adornatam
1177 1850 1287 1936 fnisse
1304 1851 1451 1915 coniicias.
1484 1849 1539 1913 Itu
1560 1849 1667 1913 6666666
1683 1850 1777 1937 jimta
1794 1850 1839 1928 id,
1863 1849 1949 1935 qaod
1964 1851 2119 1914 librariae

466 1954 675 2018 Britanrn'ene
691 1955 729 2018 666
745 1969 869 2018 6666666
886 1955 1053 2042 ί’6666166666
1068 1954 1196 2018 rrrrnnli'
1213 1957 1316 2041 qffert,
1333 1957 1495 2040 repetitam
1512 1981 1586 2036 6666,
1602 1981 1652 2020 rea
1663 1958 1785 2043 facilis
1801 1971 1845 2020 666
1858 1957 1904 2020 nd
1917 1956 2118 2022 credendam.

570 2061 734 2148 Mopantia
759 2075 840 2140 tnnc,
864 2087 933 2125 6666
957 2062 1138 2126 discordiae
1170 2065 1248 2126 inter
1274 2063 1447 2126 Henricmm
1478 2065 1696 2148 imperatorem
1728 2077 1755 2126 et
1786 2065 1909 2126 carium
1940 2063 2117 2126 Rementem
2138 2090 2165 2129 rs

461 2169 618 2248 arderent,
635 2170 860 2254 ι166666666666-66
877 2171 1023 2253 partiam
1047 2170 1217 2232 6666666666
1243 2170 1470 2254 recepta-milani
1494 2185 1531 2248 66,
1562 2184 1595 2234 at
1618 2172 1720 2255 ipsias
1742 2170 1886 2234 Hortarii
1913 2172 2005 2234 66666
2034 2185 2117 2248 6666,

463 2275 689 2361 offendiculam
713 2289 787 2338 6666.
836 2274 1028 2338 [1666666666
1051 2278 1144 2354 enirn,
1169 2279 1228 2360 prii
1248 2291 1312 2338 6666
1334 2277 1625 2362 archiepiscopatui
1645 2277 1882 2362 Mopantinenai
1899 2277 2117 2362 praesidebat,

464 2383 599 2468 tirmiqer
630 2397 657 2445 66
686 2383 861 2444 acerrimae
891 2381 982 2444 illias
1009 2384 1166 2469 sactiones
1196 2383 1346 2470 defensor
1376 2395 1468 2466 atque
1492 2397 1713 2470 propapnatar
1744 2386 1867 2448 exstitit.
1919 2383 1988 2461 Qria
2017 2383 2055 2446 666
2082 2409 2117 2448 66

461 2488 641 2552 Honorinm
666 2490 798 2568 libellos,
822 2513 899 2573 qnos
925 2490 1014 2575 infra
1041 2489 1161 2553 edituri
1180 2514 1297 2568 666666,
1328 2492 1414 2552 iussa
1444 2491 1680 2576 archiepiscopi
1706 2493 1761 2554 arri
1789 2493 2017 2576 6666666666661
2045 2515 2116 2554 6666-

463 2597 581 2659 iectura
606 2596 718 2682 66666ᾳὶ
739 2596 850 2659 licebit.
902 2595 988 2672 Qrcae
1011 2599 1043 2658 ei
1072 2598 1114 2659 ita
1139 2611 1219 2677 66666,
1251 2597 1428 2660 6666666666.
1452 2622 1515 2676 eac,
1547 2623 1626 2682 quaa
1657 2599 1691 2660 in
1721 2599 1846 2682 666666.
1854 2601 1932 2684 fere
1963 2599 2115 2662 libramme
2136 2624 2163 2662 so

454 2705 641 2786 prooernio²
664 2717 845 2786 coriqrrestns
869 2718 921 2782 666,
945 2730 965 2766 6
979 2704 1121 2789 factione
1139 2705 1339 2788 imperato-ria
1356 2717 1467 2788 postea
1495 2705 1630 2783 victrice,
1654 2729 1722 2767 cam
1747 2730 1808 2789 qna
1825 2704 2018 2768 Adalbertaa
2041 2728 2115 2788 quo-

461 2833 519 2892 qne
542 2809 799 2894 arclu'epiacrpma
823 2812 857 2872 in
877 2812 1014 2896 qratiam
1049 2809 1152 2872 redire
1183 2824 1306 2872 6666666
1336 2823 1389 2889 est,
1421 2812 1453 2874 ci
1481 2810 1591 2874 illatae
1622 2835 1686 2874 6666
1718 2811 1872 2874 6666666666.
1920 2811 2045 2890 Nescia
2073 2837 2115 2874 666

460 2915 511 2978 hie
534 2930 710 2994 (sentinante,
728 2919 841 3001 patria
865 2918 987 2996 relicta,
1018 2917 1064 2980 od
1081 2920 1269 3003 pereprinoe
1293 2916 1553 3002 Arrpnatodanam
1576 2943 1608 2982 66
1632 2919 1796 2982 6666666666
1805 2921 1826 2997 ³,
1860 2918 1950 2997 66666,
1975 2917 2115 2982 Hernico

458 3025 565 3106 quinta
588 3037 719 3101 6666666,
743 3023 868 3086 ‹lo-nnnc
892 3049 960 3085 6666
984 3023 1117 3087 raclii-'sse
1140 3026 1261 3108 opinor.

566 3128 710 3208 Librmn,
742 3154 831 3213 quem
855 3132 986 3215 scripsit
1008 3130 1070 3193 ‘De
1095 3132 1230 3215 imapiae
1254 3129 1393 3210 66666666,
1424 3132 1526 3194 arctico
1551 3131 1679 3194 cuidam
1704 3132 1833 3211 (licerit,
1862 3157 1951 3216 praem
1976 3131 2118 3196 Honorii
2134 3157 2160 3194 66

462 3237 647 3321 may-istrum
667 3237 778 3322 faisse
809 3235 852 3298 W.
880 3235 1011 3300 Schcrer
1038 3237 1126 3300 666666
1152 3239 1265 3301 viniuste
1293 3237 1448 3324 (affimant.
1498 3235 1536 3300 In
1561 3239 1679 3322 prinnir
1706 3253 1808 3302 666666
1837 3240 1918 3302 libri
1942 3240 2114 3325 eneriiprlrie⁴

460 3344 581 3405 6666666
607 3343 660 3406 ille
676 3342 836 3406 Henrr'cas
860 3346 1049 3423 troarn'n-atar,
1074 3346 1107 3407 in
1132 3345 1174 3408 iis
1190 3346 1403 3429 pomeriormn
1421 3344 1591 3406 editio-amn
1609 3343 1809 3408 Clrristianne
1825 3345 1967 3430 qnidam,
1992 3346 2030 3409 de
2053 3371 2114 3430 qao

462 3451 555 3536 *rinfrn
579 3452 792 3530 tractabimus,
819 3453 851 3514 in
876 3452 976 3514 locam
1001 3451 1140 3514 Hearici
1159 3452 1340 3514 meletinam
1363 3465 1414 3514 666.
1455 3450 1577 3514 Nornen
1600 3452 1739 3516 Hernici
1759 3479 1796 3516 66
1819 3466 1916 3517 666666
1932 3453 2114 3538 Mopantiae

458 3559 586 3642 saepiae
605 3559 769 3620 6666666666.
806 3557 950 3621 Attamen
967 3558 1137 3638 Hernicus,
1153 3559 1399 3622 archidiaconns
1415 3559 1562 3622 ecelem'ue
1578 3559 1828 3645 rilopmninensis
1838 3561 1860 3637 ⁵,
1885 3561 2020 3623 66666666
2036 3583 2112 3643 quo-

461 3663 556 3726 66666
581 3663 715 3742 6666666,
740 3667 799 3748 qai
819 3689 901 3726 6666
929 3666 1021 3726 1122.
1048 3667 1196 3750 6661666666
1220 3665 1367 3728 ecelesiae
1390 3667 1524 3756 creaioris
1534 3671 1556 3744 ⁰,
1587 3680 1677 3730 craten
1704 3669 1766 3729 iam
1792 3691 1874 3728 6666
1902 3667 1995 3728 1120.
2015 3690 2112 3750 prae-
2133 3699 2158 3736 30

451 3773 577 3856 positae
596 3795 620 3833 6.
644 3770 777 3834 Victoris
789 3774 809 3850 ⁷,
836 3770 907 3834 imle
928 3773 967 3832 ali
990 3796 1071 3834 anno
1091 3772 1184 3833 1128.
1204 3773 1408 3856 praepositae
1424 3797 1448 3834 6.
1463 3772 1603 3835 Martini
1623 3779 1919 3836 cornmemoratar⁸:
1943 3772 2111 3851 Hernicus,

457 3879 515 3961 qai
536 3877 682 3962 ‹leincepa
705 3878 962 3962 archiepiscopus
978 3877 1227 3963 Mopantineneia
1243 3879 1356 3963 factas
1380 3882 1452 3942 6669.

564 3983 675 4046 Ali-am
696 3984 811 4046 libram
830 3984 992 4047 Honorias
1011 3984 1202 4047 (iridcscnlco
1212 3987 1398 4069 praeposito
1423 3984 1598 4048 destinarit.
1640 3985 1742 4070 Aequi
1762 4010 1844 4049 66666
1864 3987 1990 4048 1123.10
2008 3985 2110 4050 (iode-

456 4090 579 4153 6666666
594 4115 617 4152 e.
637 4089 764 4153 Mariae
790 4092 822 4152 in
839 4093 970 4175 canipis,
995 4091 1142 4155 6666666666
1159 4092 1341 4178 callepiatae
1358 4091 1618 4176 Mopantiaensis,
1639 4095 1738 4172 666666,
1764 4095 1800 4156 ni
1806 4093 1926 4179 fallor,
1947 4093 2111 4156 Honor-ias

457 4198 625 4259 certaniinis
642 4198 725 4282 fait,
741 4199 947 4282 praepositas
963 4198 1077 4284 foretne
1100 4211 1151 4260 666.
2129 4231 2154 4270 35

562 4301 620 4365 Ad
636 4302 701 4380 6666,
720 4318 752 4365 at
766 4317 949 4388 arpumenta
965 4305 1099 4366 vnn'noria
1114 4305 1310 4367 auctorita-tie
1327 4305 1513 4384 onrittarnas,
1530 4306 1651 4391 fontes,
1675 4331 1714 4369 66
1728 4308 1841 4391 6667666
1858 4307 2021 4370 Honorias
2036 4307 2108 4370 alti·

456 4433 525 4472 6666
541 4411 832 4472 commentariorum
855 4433 983 4473 suornm
1006 4410 1225 4473 leratoricormn
1243 4449 1284 4456 —
1302 4409 1460 4474 ‘Sarrrmae
1476 4411 1582 4474 666666Ι
1599 4414 1728 4492 66666666,
1741 4412 1909 4500 ί6666696666
1926 4412 2050 4476 6666666
2068 4451 2109 4458 -

567 4557 595 4628 l)
622 4558 679 4628 En,
704 4578 777 4633 qaae
794 4558 939 4615 Honorias
963 4560 997 4615 de
1017 4559 1072 4628 illa,
1098 4558 1142 4614 cai
1163 4559 1272 4628 6666666,
1297 4559 1345 4634 qai
1368 4569 1407 4616 666
1433 4559 1489 4616 ‘De
1511 4581 1619 4617 666666
1639 4563 1753 4638 plorin’,
1778 4562 1860 4632 mint,
1884 4564 1988 4635 affert.-
2011 4563 2109 4618 Pusilli

456 4668 552 4740 gregis
569 4665 673 4720 Christi
690 4667 764 4734 duci,
781 4667 868 4721 verbo
886 4674 916 4721 ct
934 4671 1061 4737 exemplo
1078 4668 1191 4736 pracvio
1207 4708 1213 4720 .
1229 4708 1236 4720 .
1252 4708 1258 4720 .
1276 4667 1398 4738 pervigil
1414 4667 1493 4722 ovilis
1507 4667 1610 4722 Christi
1627 4671 1747 4725 ductor.
1763 4712 1770 4724 .
1786 4712 1792 4725 .
1811 4671 1877 4742 quia
1888 4672 2002 4726 videtur
2017 4675 2109 4726 scelus

456 4775 626 4846 ydolatriae,
657 4775 708 4829 tibi
739 4774 768 4826 in
798 4774 859 4828 ricc
889 4771 993 4827 Christi
1024 4774 1175 4846 imperanti
1206 4777 1279 4828 nolle
1304 4774 1420 4829 obedire
1452 4782 1502 4831 666.
1534 4777 1576 4831 acl
1602 4775 1843 4852 arehiepiscopum
1872 4784 2000 4852 spectare
2025 4797 2110 4852 posse
2127 4799 2154 4836 m

456 4901 512 4938 non
536 4880 659 4956 nepabis.
752 4879 782 4948 2)
810 4878 858 4951 Cf.
879 4879 1027 4954 prooemia
1050 4879 1202 4936 libellorum
1225 4879 1309 4951 infra
1333 4873 1516 4937 cderidrnnm.
1599 4881 1628 4950 3)
1654 4881 1688 4938 In
1710 4884 1856 4958 prooemio
1880 4883 2004 4958 ‘Spemli
2026 4886 2109 4940 eccle-

456 4988 525 5046 sine'
546 4986 648 5044 codicis
667 5005 693 5042 6.
713 4986 848 5043 Floriani
862 4986 916 5052 XI,
936 4985 997 5042 252
1023 4982 1058 5060 (c.
1077 4985 1163 5042 XIII.
1181 4985 1230 5041 XI
1234 4981 1278 5060 V.)
1296 4986 1415 5057 fratrer
1432 4985 1647 5045 Cantrmriensis
1670 4991 1800 5046 ecclesiae
1817 4991 1975 5048 Honoriurn
1997 4989 2111 5046 66666666

455 5104 536 5151 sant:
572 5095 687 5149 Fratres
712 5093 924 5149 Cautuariensia
950 5095 1069 5150 66616616
1094 5093 1218 5148 Honorio
1243 5094 1366 5148 solitario
1391 5100 1521 5151 salutem.
1555 5094 1626 5150 Cum
1649 5099 1772 5167 proximo
1796 5100 1824 5152 in
1848 5108 1989 5154 conventu
2012 5107 2108 5152 nostro

456 5203 597 5258 resideres
621 5209 671 5257 666.
718 5201 764 5257 An
787 5201 832 5256 ille
855 5199 986 5276 Anpliam
1011 5219 1118 5274 666666
1136 5199 1255 5274 petiuit?
1295 5199 1340 5256 An
1371 5199 1491 5257 Ihmnas
1514 5201 1546 5270 is,
1572 5201 2061 5262 6666666666(116666666666666
2085 5213 2110 5260 66

452 5308 563 5384 patrici
590 5304 657 5380 (Per
683 5310 700 5363 l.
720 5328 742 5364 6.
761 5310 811 5364 col.
831 5307 893 5362 228
907 5303 962 5382 sq.)
989 5315 1014 5363 66
1033 5306 1110 5362 ‘XII
1120 5305 1320 5380 quaestiommi’
1345 5301 1423 5378 (ibid.
1441 5310 1491 5365 col.
1511 5305 1586 5382 201)
1612 5310 1758 5379 (1666666666,
1784 5311 1955 5367 clarissimas
1971 5311 2016 5367 ille
2034 5309 2108 5368 Can·
2128 5332 2154 5369 66

457 5414 607 5470 mariensis
629 5414 857 5489 archiepiscopus
880 5414 964 5470 crat?
975 5471 976 5474 ,
994 5413 1069 5469 ‘Non
1093 5413 1188 5487 liquet’
1213 5412 1306 5468 adliac
1329 5413 1474 5470 diremtum
1495 5424 1543 5470 est.
1613 5415 1644 5485 4)
1664 5415 1712 5487 Cf.
1730 5436 1802 5491 qaae
1816 5438 1906 5492 capra
1923 5419 1957 5474 dc
1973 5417 2110 5475 codicibus

459 5520 545 5597 Corp.
565 5518 669 5578 Christi
686 5520 861 5598 0666666669,
889 5519 996 5578 6166666.
1021 5520 1148 5594 Venas,
1172 5517 1302 5592 Araplon.
1328 5520 1400 5591 Erf.
1418 5523 1508 5577 allata
1524 5530 1597 5577 66666.
1668 5522 1698 5590 5)
1725 5522 1774 5594 Cf.
1792 5523 2017 5593 Brilnner··ii'ill,
2043 5523 2108 5578 ‘He

454 5637 533 5704 peste
549 5628 694 5703 acrhiepp.
711 5628 852 5704 annnt!
866 5627 979 5695 XXIV,
998 5625 1049 5680 44.
1064 5625 1116 5680 45.
1187 5625 1217 5692 6)
1236 5625 1279 5681 lb.
1297 5626 1394 5695 XXV,
1415 5628 1486 5684 117.
1547 5627 1577 5698 7)
1595 5629 1639 5685 Ib.
1658 5629 1696 5684 91
1716 5631 1877 5706 ctsaepius.
1936 5630 1967 5700 8)
1985 5631 2029 5688 lb.
2047 5629 2105 5684 199

457 5743 484 5791 66
496 5735 618 5810 saepius.
688 5735 719 5804 9)
740 5733 967 5789 1042-1053.
1033 5732 1083 5801 10)
1101 5732 1318 5788 liilrmer-li'ill
1331 5736 1351 5789 l.
1369 5755 1392 5790 6.
1410 5735 1507 5803 XXV,
1525 5735 1584 5789 133
1603 5745 1629 5792 et
1643 5737 1756 5812 saepius
1771 5757 1856 5814 aspice
1871 5739 1913 5794 ad
1926 5757 1995 5794 666.
2012 5737 2106 5792 1151.
