<?xml version="1.0" encoding="UTF-8"?>
<!DOCTYPE html PUBLIC "-//W3C//DTD XHTML 1.0 Transitional//EN"
    "http://www.w3.org/TR/xhtml1/DTD/xhtml1-transitional.dtd">
<html xmlns="http://www.w3.org/1999/xhtml" xml:lang="en" lang="en">
 <head>
  <title>
</title>
<meta http-equiv="Content-Type" content="text/html;charset=utf-8" />
  <meta name='ocr-system' content='tesseract 3.04.00' />
  <meta name='ocr-capabilities' content='ocr_page ocr_carea ocr_par ocr_line ocrx_word'/>
</head>
<body>
  <div class='ocr_page' id='page_1' title='image "./monumentagerman00unkngoog_0288.png"; bbox 0 0 4410 6406; ppageno 0'>
   <div class='ocr_carea' id='block_1_1' title="bbox 461 375 1810 439">
    <p class='ocr_par' dir='ltr' id='par_1_1' title="bbox 461 375 1810 439">
     <span class='ocr_line' id='line_1_1' title="bbox 461 375 1810 439; baseline -0.002 -1"><span class='ocrx_word' id='word_1_1' title='bbox 461 375 528 438; x_wconf 81' lang='grc'><strong>282</strong></span> <span class='ocrx_word' id='word_1_2' title='bbox 753 381 933 439; x_wconf 85' lang='lat' dir='ltr'>GERHOHI</span> <span class='ocrx_word' id='word_1_3' title='bbox 957 379 1191 435; x_wconf 84' lang='lat' dir='ltr'>PRAEPOSITI</span> <span class='ocrx_word' id='word_1_4' title='bbox 1213 378 1620 438; x_wconf 82' lang='lat' dir='ltr'>REICHERSBERGENSIS</span> <span class='ocrx_word' id='word_1_5' title='bbox 1645 381 1810 436; x_wconf 88' lang='lat' dir='ltr'><strong>LIBELLI.</strong></span> 
     </span>
    </p>
   </div>
   <div class='ocr_carea' id='block_1_2' title="bbox 312 565 2197 2254">
    <p class='ocr_par' dir='ltr' id='par_1_2' title="bbox 460 565 2144 1187">
     <span class='ocr_line' id='line_1_2' title="bbox 460 565 2111 654; baseline -0.002 -21"><span class='ocrx_word' id='word_1_6' title='bbox 460 579 569 633; x_wconf 88' lang='lat' dir='ltr'><strong>tentus</strong></span> <span class='ocrx_word' id='word_1_7' title='bbox 585 569 716 632; x_wconf 86' lang='lat' dir='ltr'><strong>vineam</strong></span> <span class='ocrx_word' id='word_1_8' title='bbox 731 567 897 654; x_wconf 76' lang='lat' dir='ltr'>plantasse</span> <span class='ocrx_word' id='word_1_9' title='bbox 914 566 1067 652; x_wconf 89' lang='lat' dir='ltr'><strong>illamque</strong></span> <span class='ocrx_word' id='word_1_10' title='bbox 1085 565 1207 630; x_wconf 93' lang='lat' dir='ltr'><strong>colonis</strong></span> <span class='ocrx_word' id='word_1_11' title='bbox 1225 567 1480 650; x_wconf 81' lang='lat' dir='ltr'><strong>commendasse,</strong></span> <span class='ocrx_word' id='word_1_12' title='bbox 1505 566 1563 631; x_wconf 89' lang='lat' dir='ltr'><strong>sed</strong></span> <span class='ocrx_word' id='word_1_13' title='bbox 1587 591 1645 654; x_wconf 90' lang='lat' dir='ltr'><strong>pro</strong></span> <span class='ocrx_word' id='word_1_14' title='bbox 1668 567 1776 632; x_wconf 89' lang='lat' dir='ltr'><strong>fructu</strong></span> <span class='ocrx_word' id='word_1_15' title='bbox 1800 565 2006 653; x_wconf 85' lang='lat' dir='ltr'><strong>exquirendo</strong></span> <span class='ocrx_word' id='word_1_16' title='bbox 2030 567 2111 630; x_wconf 83' lang='lat' dir='ltr'><strong>misit</strong></span> 
     </span>
     <span class='ocr_line' id='line_1_3' title="bbox 460 671 2113 754; baseline -0.001 -16"><span class='ocrx_word' id='word_1_17' title='bbox 460 676 590 740; x_wconf 89' lang='lat' dir='ltr'><strong>nuntios</strong></span> <span class='ocrx_word' id='word_1_18' title='bbox 615 685 647 738; x_wconf 91' lang='lat' dir='ltr'><strong>et</strong></span> <span class='ocrx_word' id='word_1_19' title='bbox 670 675 846 738; x_wconf 90' lang='lat' dir='ltr'><strong>novissime</strong></span> <span class='ocrx_word' id='word_1_20' title='bbox 870 674 971 738; x_wconf 91' lang='lat' dir='ltr'><strong>lilium</strong></span> <span class='ocrx_word' id='word_1_21' title='bbox 996 696 1100 754; x_wconf 90' lang='lat' dir='ltr'><strong>suum,</strong></span> <span class='ocrx_word' id='word_1_22' title='bbox 1125 684 1158 737; x_wconf 89' lang='lat' dir='ltr'><strong>et</strong></span> <span class='ocrx_word' id='word_1_23' title='bbox 1181 695 1254 736; x_wconf 92' lang='lat' dir='ltr'><strong>cum</strong></span> <span class='ocrx_word' id='word_1_24' title='bbox 1277 674 1418 737; x_wconf 87' lang='lat' dir='ltr'><strong>fructum</strong></span> <span class='ocrx_word' id='word_1_25' title='bbox 1442 697 1507 738; x_wconf 92' lang='lat' dir='ltr'><strong>non</strong></span> <span class='ocrx_word' id='word_1_26' title='bbox 1530 672 1705 738; x_wconf 81' lang='lat' dir='ltr'><strong>redderent</strong></span> <span class='ocrx_word' id='word_1_27' title='bbox 1729 674 1845 754; x_wconf 90' lang='lat' dir='ltr'><strong>coloni,</strong></span> <span class='ocrx_word' id='word_1_28' title='bbox 1870 671 2005 737; x_wconf 87' lang='lat' dir='ltr'><strong>tandem</strong></span> <span class='ocrx_word' id='word_1_29' title='bbox 2029 674 2113 737; x_wconf 90' lang='lat' dir='ltr'><strong>venit</strong></span> 
     </span>
     <span class='ocr_line' id='line_1_4' title="bbox 462 778 2114 868; baseline 0 -24"><span class='ocrx_word' id='word_1_30' title='bbox 462 804 560 868; x_wconf 87' lang='lat' dir='ltr'><strong>super</strong></span> <span class='ocrx_word' id='word_1_31' title='bbox 590 803 645 846; x_wconf 91' lang='lat' dir='ltr'><strong>eos</strong></span> <span class='ocrx_word' id='word_1_32' title='bbox 675 779 845 862; x_wconf 90' lang='lat' dir='ltr'><strong>iudicium,</strong></span> <span class='ocrx_word' id='word_1_33' title='bbox 877 792 912 843; x_wconf 91' lang='lat' dir='ltr'><strong>ut</strong></span> <span class='ocrx_word' id='word_1_34' title='bbox 941 779 1043 843; x_wconf 89' lang='lat' dir='ltr'><strong>malos</strong></span> <span class='ocrx_word' id='word_1_35' title='bbox 1074 778 1159 843; x_wconf 89' lang='lat' dir='ltr'><strong>male</strong></span> <span class='ocrx_word' id='word_1_36' title='bbox 1190 779 1349 865; x_wconf 85' lang='lat' dir='ltr'><strong>perderet,</strong></span> <span class='ocrx_word' id='word_1_37' title='bbox 1381 792 1414 843; x_wconf 91' lang='lat' dir='ltr'><strong>et</strong></span> <span class='ocrx_word' id='word_1_38' title='bbox 1436 782 1565 844; x_wconf 91' lang='lat' dir='ltr'><strong>vineam</strong></span> <span class='ocrx_word' id='word_1_39' title='bbox 1597 803 1689 844; x_wconf 88' lang='lat' dir='ltr'><strong>suam</strong></span> <span class='ocrx_word' id='word_1_40' title='bbox 1720 779 1841 864; x_wconf 79' lang='lat' dir='ltr'><strong>locaret</strong></span> <span class='ocrx_word' id='word_1_41' title='bbox 1872 779 2037 865; x_wconf 86' lang='lat' dir='ltr'><strong>agricolis,</strong></span> <span class='ocrx_word' id='word_1_42' title='bbox 2062 781 2114 865; x_wconf 91' lang='lat' dir='ltr'><strong>qui</strong></span> 
     </span>
     <span class='ocr_line' id='line_1_5' title="bbox 461 885 2114 973; baseline -0.001 -21"><span class='ocrx_word' id='word_1_43' title='bbox 461 886 637 952; x_wconf 87' lang='lat' dir='ltr'><strong>redderent</strong></span> <span class='ocrx_word' id='word_1_44' title='bbox 662 888 692 951; x_wconf 91' lang='lat' dir='ltr'><strong>ei</strong></span> <span class='ocrx_word' id='word_1_45' title='bbox 715 887 856 951; x_wconf 85' lang='lat' dir='ltr'><strong>fructum</strong></span> <span class='ocrx_word' id='word_1_46' title='bbox 873 885 1073 972; x_wconf 85' lang='lat' dir='ltr'><strong>temporibus</strong></span> <span class='ocrx_word' id='word_1_47' title='bbox 1098 887 1174 949; x_wconf 90' lang='lat' dir='ltr'><strong>suis.</strong></span> <span class='ocrx_word' id='word_1_48' title='bbox 1212 886 1308 967; x_wconf 82' lang='lat' dir='ltr'><strong>Quod</strong></span> <span class='ocrx_word' id='word_1_49' title='bbox 1331 899 1440 950; x_wconf 90' lang='lat' dir='ltr'><strong>tamen</strong></span> <span class='ocrx_word' id='word_1_50' title='bbox 1457 887 1613 951; x_wconf 90' lang='lat' dir='ltr'><strong>iudicium</strong></span> <span class='ocrx_word' id='word_1_51' title='bbox 1637 887 1699 952; x_wconf 91' lang='lat' dir='ltr'><strong>hoc</strong></span> <span class='ocrx_word' id='word_1_52' title='bbox 1723 887 1954 973; x_wconf 84' lang='lat' dir='ltr'><strong>exequendum</strong></span> <span class='ocrx_word' id='word_1_53' title='bbox 1970 897 2114 971; x_wconf 91' lang='lat' dir='ltr'><strong>tempore</strong></span> 
     </span>
     <span class='ocr_line' id='line_1_6' title="bbox 462 992 2144 1079; baseline -0.002 -21"><span class='ocrx_word' id='word_1_54' title='bbox 462 1018 526 1059; x_wconf 90' lang='lat' dir='ltr'><strong>non</strong></span> <span class='ocrx_word' id='word_1_55' title='bbox 549 993 724 1058; x_wconf 88' lang='lat' dir='ltr'><strong>videbatur</strong></span> <span class='ocrx_word' id='word_1_56' title='bbox 753 992 997 1058; x_wconf 86' lang='lat' dir='ltr'><strong>mansuetudini</strong></span> <span class='ocrx_word' id='word_1_57' title='bbox 1026 992 1204 1078; x_wconf 88' lang='lat' dir='ltr'><strong>apostolice</strong></span> <span class='ocrx_word' id='word_1_58' title='bbox 1235 992 1450 1074; x_wconf 83' lang='lat' dir='ltr'><strong>discretionis,</strong></span> <span class='ocrx_word' id='word_1_59' title='bbox 1481 993 1616 1058; x_wconf 81' lang='lat' dir='ltr'><strong>forsitan</strong></span> <span class='ocrx_word' id='word_1_60' title='bbox 1648 994 1835 1079; x_wconf 80' lang='lat' dir='ltr'><strong>expectanti</strong></span> <span class='ocrx_word' id='word_1_61' title='bbox 1865 994 2144 1078; x_wconf 84' lang='lat' dir='ltr'><strong>oportunitatems</strong></span> 
     </span>
     <span class='ocr_line' id='line_1_7' title="bbox 463 1099 2117 1187; baseline -0.002 -22"><span class='ocrx_word' id='word_1_62' title='bbox 463 1102 597 1187; x_wconf 83' lang='lat' dir='ltr'><strong>aptioris</strong></span> <span class='ocrx_word' id='word_1_63' title='bbox 631 1101 797 1187; x_wconf 90' lang='lat' dir='ltr'><strong>temporis.</strong></span> <span class='ocrx_word' id='word_1_64' title='bbox 853 1099 1047 1164; x_wconf 86' lang='lat' dir='ltr'><strong>Induximus</strong></span> <span class='ocrx_word' id='word_1_65' title='bbox 1083 1101 1181 1163; x_wconf 91' lang='lat' dir='ltr'><strong>etiam</strong></span> <span class='ocrx_word' id='word_1_66' title='bbox 1215 1099 1459 1164; x_wconf 90' lang='lat' dir='ltr'><strong>similitudinem</strong></span> <span class='ocrx_word' id='word_1_67' title='bbox 1490 1100 1554 1164; x_wconf 89' lang='lat' dir='ltr'><strong>VH</strong></span> <span class='ocrx_word' id='word_1_68' title='bbox 1590 1099 1755 1180; x_wconf 91' lang='lat' dir='ltr'><strong>tubarum,</strong></span> <span class='ocrx_word' id='word_1_69' title='bbox 1792 1122 1876 1185; x_wconf 91' lang='lat' dir='ltr'><strong>quae</strong></span> <span class='ocrx_word' id='word_1_70' title='bbox 1912 1099 2010 1163; x_wconf 86' lang='lat' dir='ltr'><strong>datae</strong></span> <span class='ocrx_word' id='word_1_71' title='bbox 2046 1111 2117 1163; x_wconf 91' lang='lat' dir='ltr'><strong>sunt</strong></span> 
     </span>
    </p>

    <p class='ocr_par' dir='ltr' id='par_1_3' title="bbox 314 1204 2116 1293">
     <span class='ocr_line' id='line_1_8' title="bbox 314 1204 2116 1293; baseline -0.003 -17"><span class='ocrx_word' id='word_1_72' title='bbox 314 1235 443 1286; x_wconf 64' lang='lat' dir='ltr'><strong>assuas.</strong></span> <span class='ocrx_word' id='word_1_73' title='bbox 465 1207 528 1272; x_wconf 83' lang='lat' dir='ltr'><strong>Vll</strong></span> <span class='ocrx_word' id='word_1_74' title='bbox 552 1206 688 1293; x_wconf 87' lang='lat' dir='ltr'><strong>angelis,</strong></span> <span class='ocrx_word' id='word_1_75' title='bbox 714 1217 746 1270; x_wconf 90' lang='lat' dir='ltr'><strong>et</strong></span> <span class='ocrx_word' id='word_1_76' title='bbox 769 1206 800 1270; x_wconf 89' lang='lat' dir='ltr'>V</span> <span class='ocrx_word' id='word_1_77' title='bbox 815 1204 911 1270; x_wconf 90' lang='lat' dir='ltr'><strong>tubas</strong></span> <span class='ocrx_word' id='word_1_78' title='bbox 936 1205 1197 1270; x_wconf 89' lang='lat' dir='ltr'><strong>admovendam</strong></span> <span class='ocrx_word' id='word_1_79' title='bbox 1221 1229 1365 1292; x_wconf 87' lang='lat' dir='ltr'><strong>pugnam</strong></span> <span class='ocrx_word' id='word_1_80' title='bbox 1390 1219 1421 1270; x_wconf 89' lang='lat' dir='ltr'><strong>et</strong></span> <span class='ocrx_word' id='word_1_81' title='bbox 1443 1207 1665 1293; x_wconf 82' lang='lat' dir='ltr'><strong>peragendam</strong></span> <span class='ocrx_word' id='word_1_82' title='bbox 1690 1207 1861 1271; x_wconf 88' lang='lat' dir='ltr'><strong>victoriam</strong></span> <span class='ocrx_word' id='word_1_83' title='bbox 1885 1209 1952 1270; x_wconf 89' lang='lat' dir='ltr'><strong>iam</strong></span> <span class='ocrx_word' id='word_1_84' title='bbox 1976 1206 2116 1270; x_wconf 92' lang='lat' dir='ltr'><strong>ostendi·</strong></span> 
     </span>
    </p>

    <p class='ocr_par' dir='ltr' id='par_1_4' title="bbox 336 1313 2197 1720">
     <span class='ocr_line' id='line_1_9' title="bbox 336 1313 2117 1400; baseline -0.003 -19"><span class='ocrx_word' id='word_1_85' title='bbox 336 1341 444 1382; x_wconf 66' lang='lat' dir='ltr'><strong>suasa.</strong></span> <span class='ocrx_word' id='word_1_86' title='bbox 464 1337 535 1378; x_wconf 90' lang='lat' dir='ltr'><strong>mus</strong></span> <span class='ocrx_word' id='word_1_87' title='bbox 560 1315 727 1396; x_wconf 87' lang='lat' dir='ltr'><strong>cecinisse,</strong></span> <span class='ocrx_word' id='word_1_88' title='bbox 752 1336 838 1377; x_wconf 88' lang='lat' dir='ltr'><strong>nunc</strong></span> <span class='ocrx_word' id='word_1_89' title='bbox 863 1323 971 1377; x_wconf 89' lang='lat' dir='ltr'><strong>autem</strong></span> <span class='ocrx_word' id='word_1_90' title='bbox 996 1326 1090 1377; x_wconf 88' lang='lat' dir='ltr'><strong>sexta</strong></span> <span class='ocrx_word' id='word_1_91' title='bbox 1113 1325 1250 1377; x_wconf 89' lang='lat' dir='ltr'><strong>canente</strong></span> <span class='ocrx_word' id='word_1_92' title='bbox 1274 1325 1394 1377; x_wconf 89' lang='lat' dir='ltr'><strong>motam</strong></span> <span class='ocrx_word' id='word_1_93' title='bbox 1419 1335 1490 1377; x_wconf 87' lang='lat' dir='ltr'><strong>esse</strong></span> <span class='ocrx_word' id='word_1_94' title='bbox 1507 1336 1650 1400; x_wconf 87' lang='lat' dir='ltr'><strong>pugnam</strong></span> <span class='ocrx_word' id='word_1_95' title='bbox 1675 1315 1759 1376; x_wconf 90' lang='lat' dir='ltr'><strong>inter</strong></span> <span class='ocrx_word' id='word_1_96' title='bbox 1774 1313 1909 1377; x_wconf 84' lang='lat' dir='ltr'><strong>Balaam</strong></span> <span class='ocrx_word' id='word_1_97' title='bbox 1934 1325 2034 1399; x_wconf 85' lang='lat' dir='ltr'><strong>atque</strong></span> <span class='ocrx_word' id='word_1_98' title='bbox 2058 1314 2117 1376; x_wconf 83' lang='lat' dir='ltr'><strong>asi-</strong></span> 
     </span>
     <span class='ocr_line' id='line_1_10' title="bbox 464 1418 2118 1506; baseline -0.002 -21"><span class='ocrx_word' id='word_1_99' title='bbox 464 1444 540 1485; x_wconf 90' lang='lat' dir='ltr'><strong>nam</strong></span> <span class='ocrx_word' id='word_1_100' title='bbox 564 1419 624 1484; x_wconf 91' lang='lat' dir='ltr'><strong>sub</strong></span> <span class='ocrx_word' id='word_1_101' title='bbox 649 1443 688 1485; x_wconf 90' lang='lat' dir='ltr'><strong>eo</strong></span> <span class='ocrx_word' id='word_1_102' title='bbox 712 1443 868 1506; x_wconf 83' lang='lat' dir='ltr'><strong>pressam,</strong></span> <span class='ocrx_word' id='word_1_103' title='bbox 893 1419 951 1483; x_wconf 87' lang='lat' dir='ltr'><strong>sed</strong></span> <span class='ocrx_word' id='word_1_104' title='bbox 973 1419 1117 1483; x_wconf 90' lang='lat' dir='ltr'><strong>nondum</strong></span> <span class='ocrx_word' id='word_1_105' title='bbox 1141 1431 1308 1504; x_wconf 87' lang='lat' dir='ltr'><strong>peractam</strong></span> <span class='ocrx_word' id='word_1_106' title='bbox 1328 1421 1510 1484; x_wconf 87' lang='lat' dir='ltr'><strong>victoriam.</strong></span> <span class='ocrx_word' id='word_1_107' title='bbox 1549 1420 1592 1484; x_wconf 85' lang='lat' dir='ltr'><strong>Et</strong></span> <span class='ocrx_word' id='word_1_108' title='bbox 1615 1421 1693 1506; x_wconf 92' lang='lat' dir='ltr'><strong>quia</strong></span> <span class='ocrx_word' id='word_1_109' title='bbox 1715 1418 1811 1485; x_wconf 87' lang='lat' dir='ltr'><strong>tubas</strong></span> <span class='ocrx_word' id='word_1_110' title='bbox 1835 1421 1913 1483; x_wconf 88' lang='lat' dir='ltr'><strong>istas</strong></span> <span class='ocrx_word' id='word_1_111' title='bbox 1938 1419 2118 1484; x_wconf 87' lang='lat' dir='ltr'><strong>seeundum</strong></span> 
     </span>
     <span class='ocr_line' id='line_1_11' title="bbox 465 1524 2197 1613; baseline 0 -21"><span class='ocrx_word' id='word_1_112' title='bbox 465 1526 612 1592; x_wconf 89' lang='lat' dir='ltr'><strong>ordinem</strong></span> <span class='ocrx_word' id='word_1_113' title='bbox 644 1526 801 1592; x_wconf 89' lang='lat' dir='ltr'><strong>donorum</strong></span> <span class='ocrx_word' id='word_1_114' title='bbox 830 1528 934 1590; x_wconf 89' lang='lat' dir='ltr'><strong>sancti</strong></span> <span class='ocrx_word' id='word_1_115' title='bbox 959 1524 1099 1612; x_wconf 87' lang='lat' dir='ltr'><strong>Spiritus</strong></span> <span class='ocrx_word' id='word_1_116' title='bbox 1131 1525 1352 1590; x_wconf 88' lang='lat' dir='ltr'><strong>ordinavimus</strong></span> <span class='ocrx_word' id='word_1_117' title='bbox 1376 1548 1415 1590; x_wconf 86' lang='lat' dir='ltr'><strong>ac</strong></span> <span class='ocrx_word' id='word_1_118' title='bbox 1438 1528 1577 1611; x_wconf 89' lang='lat' dir='ltr'><strong>primam</strong></span> <span class='ocrx_word' id='word_1_119' title='bbox 1605 1528 1731 1613; x_wconf 89' lang='lat' dir='ltr'><strong>spiritui</strong></span> <span class='ocrx_word' id='word_1_120' title='bbox 1756 1528 1948 1613; x_wconf 89' lang='lat' dir='ltr'><strong>sapientiae,</strong></span> <span class='ocrx_word' id='word_1_121' title='bbox 1972 1526 2118 1589; x_wconf 90' lang='lat' dir='ltr'><strong>ultimam</strong></span> <span class='ocrx_word' id='word_1_122' title='bbox 2137 1553 2197 1592; x_wconf 73' lang='grc' dir='ltr'><strong>ιιι)</strong></span> 
     </span>
     <span class='ocr_line' id='line_1_12' title="bbox 465 1631 2119 1720; baseline -0.001 -23"><span class='ocrx_word' id='word_1_123' title='bbox 465 1635 592 1720; x_wconf 90' lang='lat' dir='ltr'><strong>spiritui</strong></span> <span class='ocrx_word' id='word_1_124' title='bbox 620 1635 744 1698; x_wconf 89' lang='lat' dir='ltr'><strong>timoris</strong></span> <span class='ocrx_word' id='word_1_125' title='bbox 768 1635 1016 1718; x_wconf 87' lang='lat' dir='ltr'><strong>assignavimus,</strong></span> <span class='ocrx_word' id='word_1_126' title='bbox 1042 1631 1200 1719; x_wconf 90' lang='lat' dir='ltr'><strong>quosdam</strong></span> <span class='ocrx_word' id='word_1_127' title='bbox 1224 1632 1428 1696; x_wconf 90' lang='lat' dir='ltr'><strong>dominorum</strong></span> <span class='ocrx_word' id='word_1_128' title='bbox 1452 1632 1666 1697; x_wconf 87' lang='lat' dir='ltr'><strong>cardinalium</strong></span> <span class='ocrx_word' id='word_1_129' title='bbox 1696 1644 1771 1719; x_wconf 90' lang='lat' dir='ltr'><strong>post</strong></span> <span class='ocrx_word' id='word_1_130' title='bbox 1799 1645 1968 1719; x_wconf 91' lang='lat' dir='ltr'><strong>peractum</strong></span> <span class='ocrx_word' id='word_1_131' title='bbox 2000 1655 2119 1696; x_wconf 91' lang='lat' dir='ltr'><strong>sermo-</strong></span> 
     </span>
    </p>

    <p class='ocr_par' dir='ltr' id='par_1_5' title="bbox 312 1739 2119 2040">
     <span class='ocr_line' id='line_1_13' title="bbox 312 1739 2118 1826; baseline -0.004 -17"><span class='ocrx_word' id='word_1_132' title='bbox 312 1769 445 1816; x_wconf 70' lang='lat' dir='ltr'><strong>muurs.</strong></span> <span class='ocrx_word' id='word_1_133' title='bbox 464 1764 539 1805; x_wconf 88' lang='lat' dir='ltr'><strong>nem</strong></span> <span class='ocrx_word' id='word_1_134' title='bbox 570 1751 715 1804; x_wconf 86' lang='lat' dir='ltr'><strong>nostrum</strong></span> <span class='ocrx_word' id='word_1_135' title='bbox 746 1741 965 1826; x_wconf 88' lang='lat' dir='ltr'><strong>persensimus</strong></span> <span class='ocrx_word' id='word_1_136' title='bbox 996 1740 1171 1820; x_wconf 89' lang='lat' dir='ltr'><strong>ammirari,</strong></span> <span class='ocrx_word' id='word_1_137' title='bbox 1203 1739 1291 1825; x_wconf 92' lang='lat' dir='ltr'><strong>quod</strong></span> <span class='ocrx_word' id='word_1_138' title='bbox 1323 1762 1396 1803; x_wconf 89' lang='lat' dir='ltr'><strong>cum</strong></span> <span class='ocrx_word' id='word_1_139' title='bbox 1427 1741 1555 1804; x_wconf 91' lang='lat' dir='ltr'><strong>initium</strong></span> <span class='ocrx_word' id='word_1_140' title='bbox 1586 1741 1765 1826; x_wconf 88' lang='lat' dir='ltr'><strong>sapientiae</strong></span> <span class='ocrx_word' id='word_1_141' title='bbox 1790 1741 1831 1804; x_wconf 92' lang='lat' dir='ltr'><strong>sit</strong></span> <span class='ocrx_word' id='word_1_142' title='bbox 1854 1741 1951 1804; x_wconf 89' lang='lat' dir='ltr'><strong>timor</strong></span> <span class='ocrx_word' id='word_1_143' title='bbox 1973 1739 2118 1816; x_wconf 92' lang='lat' dir='ltr'><strong>Domini,</strong></span> 
     </span>
     <span class='ocr_line' id='line_1_14' title="bbox 464 1845 2118 1934; baseline -0.001 -23"><span class='ocrx_word' id='word_1_144' title='bbox 464 1869 524 1912; x_wconf 92' lang='lat' dir='ltr'><strong>nos</strong></span> <span class='ocrx_word' id='word_1_145' title='bbox 554 1849 588 1911; x_wconf 88' lang='lat' dir='ltr'><strong>in</strong></span> <span class='ocrx_word' id='word_1_146' title='bbox 617 1849 780 1934; x_wconf 88' lang='lat' dir='ltr'><strong>principio</strong></span> <span class='ocrx_word' id='word_1_147' title='bbox 810 1845 922 1911; x_wconf 87' lang='lat' dir='ltr'><strong>tubam</strong></span> <span class='ocrx_word' id='word_1_148' title='bbox 953 1847 1142 1932; x_wconf 88' lang='lat' dir='ltr'><strong>sapientiae,</strong></span> <span class='ocrx_word' id='word_1_149' title='bbox 1174 1845 1286 1910; x_wconf 89' lang='lat' dir='ltr'><strong>tubam</strong></span> <span class='ocrx_word' id='word_1_150' title='bbox 1310 1869 1387 1910; x_wconf 90' lang='lat' dir='ltr'><strong>vero</strong></span> <span class='ocrx_word' id='word_1_151' title='bbox 1418 1848 1541 1911; x_wconf 89' lang='lat' dir='ltr'><strong>timoris</strong></span> <span class='ocrx_word' id='word_1_152' title='bbox 1565 1847 1698 1910; x_wconf 93' lang='lat' dir='ltr'><strong>Domini</strong></span> <span class='ocrx_word' id='word_1_153' title='bbox 1730 1846 1952 1911; x_wconf 81' lang='lat' dir='ltr'><strong>ordinavimus</strong></span> <span class='ocrx_word' id='word_1_154' title='bbox 1982 1848 2018 1910; x_wconf 93' lang='lat' dir='ltr'><strong>in</strong></span> <span class='ocrx_word' id='word_1_155' title='bbox 2045 1845 2118 1910; x_wconf 88' lang='lat' dir='ltr'><strong>fine.</strong></span> 
     </span>
     <span class='ocr_line' id='line_1_15' title="bbox 466 1952 2119 2040; baseline -0.002 -20"><span class='ocrx_word' id='word_1_156' title='bbox 466 1954 600 2020; x_wconf 90' lang='lat' dir='ltr'><strong>Ordinis</strong></span> <span class='ocrx_word' id='word_1_157' title='bbox 625 1977 703 2040; x_wconf 90' lang='lat' dir='ltr'><strong>ergo</strong></span> <span class='ocrx_word' id='word_1_158' title='bbox 727 1953 821 2018; x_wconf 91' lang='lat' dir='ltr'><strong>huius</strong></span> <span class='ocrx_word' id='word_1_159' title='bbox 846 1976 977 2018; x_wconf 88' lang='lat' dir='ltr'><strong>causam</strong></span> <span class='ocrx_word' id='word_1_160' title='bbox 1002 1952 1160 2018; x_wconf 86' lang='lat' dir='ltr'><strong>reddituri</strong></span> <span class='ocrx_word' id='word_1_161' title='bbox 1184 1954 1273 2018; x_wconf 89' lang='lat' dir='ltr'><strong>circa</strong></span> <span class='ocrx_word' id='word_1_162' title='bbox 1296 1953 1394 2017; x_wconf 89' lang='lat' dir='ltr'><strong>finem</strong></span> <span class='ocrx_word' id='word_1_163' title='bbox 1410 1953 1505 2016; x_wconf 90' lang='lat' dir='ltr'><strong>huius</strong></span> <span class='ocrx_word' id='word_1_164' title='bbox 1522 1953 1669 2039; x_wconf 88' lang='lat' dir='ltr'><strong>opusculi</strong></span> <span class='ocrx_word' id='word_1_165' title='bbox 1694 1977 1714 2018; x_wconf 87' lang='lat' dir='ltr'><strong>a</strong></span> <span class='ocrx_word' id='word_1_166' title='bbox 1737 1954 1832 2018; x_wconf 90' lang='lat' dir='ltr'><strong>dictis</strong></span> <span class='ocrx_word' id='word_1_167' title='bbox 1849 1953 1992 2018; x_wconf 88' lang='lat' dir='ltr'><strong>dicenda</strong></span> <span class='ocrx_word' id='word_1_168' title='bbox 2008 1953 2119 2017; x_wconf 90' lang='lat' dir='ltr'><strong>distin-</strong></span> 
     </span>
    </p>

    <p class='ocr_par' dir='ltr' id='par_1_6' title="bbox 354 2059 2197 2148">
     <span class='ocr_line' id='line_1_16' title="bbox 354 2059 2197 2148; baseline -0.001 -19"><span class='ocrx_word' id='word_1_169' title='bbox 354 2089 446 2129; x_wconf 75' lang='lat' dir='ltr'><strong>·srar.</strong></span> <span class='ocrx_word' id='word_1_170' title='bbox 466 2063 604 2148; x_wconf 81' lang='lat' dir='ltr'><strong>guimas,</strong></span> <span class='ocrx_word' id='word_1_171' title='bbox 629 2072 664 2126; x_wconf 93' lang='lat' dir='ltr'><strong>ut</strong></span> <span class='ocrx_word' id='word_1_172' title='bbox 690 2059 791 2146; x_wconf 77' lang='lat' dir='ltr'><strong>*quod</strong></span> <span class='ocrx_word' id='word_1_173' title='bbox 816 2059 855 2124; x_wconf 92' lang='lat' dir='ltr'><strong>de</strong></span> <span class='ocrx_word' id='word_1_174' title='bbox 880 2060 993 2124; x_wconf 88' lang='lat' dir='ltr'><strong>ordine</strong></span> <span class='ocrx_word' id='word_1_175' title='bbox 1010 2059 1169 2124; x_wconf 90' lang='lat' dir='ltr'><strong>donorum</strong></span> <span class='ocrx_word' id='word_1_176' title='bbox 1188 2061 1292 2122; x_wconf 87' lang='lat' dir='ltr'><strong>sancti</strong></span> <span class='ocrx_word' id='word_1_177' title='bbox 1309 2061 1440 2145; x_wconf 89' lang='lat' dir='ltr'><strong>spiritus</strong></span> <span class='ocrx_word' id='word_1_178' title='bbox 1457 2059 1576 2124; x_wconf 89' lang='lat' dir='ltr'><strong>dicturi</strong></span> <span class='ocrx_word' id='word_1_179' title='bbox 1600 2083 1720 2142; x_wconf 90' lang='lat' dir='ltr'><strong>sumus,</strong></span> <span class='ocrx_word' id='word_1_180' title='bbox 1745 2062 1815 2146; x_wconf 90' lang='lat' dir='ltr'><strong>ipso</strong></span> <span class='ocrx_word' id='word_1_181' title='bbox 1840 2059 1972 2124; x_wconf 87' lang='lat' dir='ltr'><strong>afflante</strong></span> <span class='ocrx_word' id='word_1_182' title='bbox 1997 2062 2041 2124; x_wconf 90' lang='lat' dir='ltr'><strong>sit</strong></span> <span class='ocrx_word' id='word_1_183' title='bbox 2063 2083 2119 2146; x_wconf 88' lang='lat' dir='ltr'><strong>per</strong></span> <span class='ocrx_word' id='word_1_184' title='bbox 2137 2087 2165 2122; x_wconf 74' lang='lat' dir='ltr'><strong>rs</strong></span> <span class='ocrx_word' id='word_1_185' title='bbox 2192 2113 2197 2128; x_wconf 46' lang='lat'>2</span> 
     </span>
    </p>

    <p class='ocr_par' dir='ltr' id='par_1_7' title="bbox 466 2166 1653 2254">
     <span class='ocr_line' id='line_1_17' title="bbox 466 2166 1653 2254; baseline -0.003 -21"><span class='ocrx_word' id='word_1_186' title='bbox 466 2191 500 2232; x_wconf 91' lang='lat' dir='ltr'><strong>se</strong></span> <span class='ocrx_word' id='word_1_187' title='bbox 525 2169 619 2254; x_wconf 90' lang='lat' dir='ltr'><strong>quasi</strong></span> <span class='ocrx_word' id='word_1_188' title='bbox 642 2166 770 2232; x_wconf 90' lang='lat' dir='ltr'><strong>libellus</strong></span> <span class='ocrx_word' id='word_1_189' title='bbox 795 2167 835 2230; x_wconf 92' lang='lat' dir='ltr'><strong>de</strong></span> <span class='ocrx_word' id='word_1_190' title='bbox 860 2166 973 2230; x_wconf 89' lang='lat' dir='ltr'><strong>ordine</strong></span> <span class='ocrx_word' id='word_1_191' title='bbox 999 2166 1155 2230; x_wconf 89' lang='lat' dir='ltr'><strong>donorum</strong></span> <span class='ocrx_word' id='word_1_192' title='bbox 1180 2167 1283 2230; x_wconf 91' lang='lat' dir='ltr'><strong>sancti</strong></span> <span class='ocrx_word' id='word_1_193' title='bbox 1308 2167 1439 2253; x_wconf 88' lang='lat' dir='ltr'><strong>spiritus</strong></span> <span class='ocrx_word' id='word_1_194' title='bbox 1462 2167 1653 2230; x_wconf 86' lang='lat' dir='ltr'><strong>intitulatus.</strong></span> 
     </span>
    </p>
   </div>
   <div class='ocr_carea' id='block_1_3' title="bbox 290 2396 2168 5578">
    <p class='ocr_par' dir='ltr' id='par_1_8' title="bbox 361 2396 2168 2912">
     <span class='ocr_line' id='line_1_18' title="bbox 361 2396 2116 2484; baseline -0.003 -17"><span class='ocrx_word' id='word_1_195' title='bbox 361 2427 446 2467; x_wconf 70' lang='lat' dir='ltr'><strong>*arsa</strong></span> <span class='ocrx_word' id='word_1_196' title='bbox 575 2399 647 2462; x_wconf 74' lang='lat' dir='ltr'><strong>*Da</strong></span> <span class='ocrx_word' id='word_1_197' title='bbox 670 2399 810 2478; x_wconf 90' lang='lat' dir='ltr'><strong>veniam,</strong></span> <span class='ocrx_word' id='word_1_198' title='bbox 835 2397 946 2478; x_wconf 87' lang='lat' dir='ltr'><strong>lector,</strong></span> <span class='ocrx_word' id='word_1_199' title='bbox 972 2399 997 2460; x_wconf 90' lang='lat' dir='ltr'><strong>si</strong></span> <span class='ocrx_word' id='word_1_200' title='bbox 1022 2396 1188 2483; x_wconf 88' lang='lat' dir='ltr'><strong>paulisper</strong></span> <span class='ocrx_word' id='word_1_201' title='bbox 1210 2396 1263 2462; x_wconf 92' lang='lat' dir='ltr'><strong>hic</strong></span> <span class='ocrx_word' id='word_1_202' title='bbox 1287 2398 1505 2479; x_wconf 90' lang='lat' dir='ltr'><strong>immoremur,</strong></span> <span class='ocrx_word' id='word_1_203' title='bbox 1526 2399 1689 2484; x_wconf 90' lang='lat' dir='ltr'><strong>quoniam,</strong></span> <span class='ocrx_word' id='word_1_204' title='bbox 1713 2419 1787 2462; x_wconf 87' lang='lat' dir='ltr'><strong>oum</strong></span> <span class='ocrx_word' id='word_1_205' title='bbox 1811 2397 1917 2462; x_wconf 88' lang='lat' dir='ltr'><strong>trahat</strong></span> <span class='ocrx_word' id='word_1_206' title='bbox 1934 2421 1993 2461; x_wconf 90' lang='lat' dir='ltr'><strong>sua</strong></span> <span class='ocrx_word' id='word_1_207' title='bbox 2010 2421 2116 2484; x_wconf 88' lang='lat' dir='ltr'><strong>quem·</strong></span> 
     </span>
     <span class='ocr_line' id='line_1_19' title="bbox 467 2503 2117 2592; baseline -0.001 -23"><span class='ocrx_word' id='word_1_208' title='bbox 467 2528 529 2592; x_wconf 90' lang='lat' dir='ltr'><strong>que</strong></span> <span class='ocrx_word' id='word_1_209' title='bbox 549 2505 699 2592; x_wconf 91' lang='lat' dir='ltr'><strong>voluptas</strong></span> <span class='ocrx_word' id='word_1_210' title='bbox 711 2510 731 2587; x_wconf 88' lang='lat'><strong>¹,</strong></span> <span class='ocrx_word' id='word_1_211' title='bbox 756 2527 814 2568; x_wconf 88' lang='lat' dir='ltr'><strong>nos</strong></span> <span class='ocrx_word' id='word_1_212' title='bbox 839 2527 967 2590; x_wconf 90' lang='lat' dir='ltr'><strong>quoque</strong></span> <span class='ocrx_word' id='word_1_213' title='bbox 992 2503 1035 2567; x_wconf 89' lang='lat' dir='ltr'><strong>ad</strong></span> <span class='ocrx_word' id='word_1_214' title='bbox 1058 2503 1119 2568; x_wconf 88' lang='lat' dir='ltr'><strong>hoc</strong></span> <span class='ocrx_word' id='word_1_215' title='bbox 1142 2503 1309 2586; x_wconf 87' lang='lat' dir='ltr'><strong>trahimur,</strong></span> <span class='ocrx_word' id='word_1_216' title='bbox 1334 2515 1369 2568; x_wconf 91' lang='lat' dir='ltr'><strong>ut</strong></span> <span class='ocrx_word' id='word_1_217' title='bbox 1393 2527 1435 2568; x_wconf 86' lang='lat' dir='ltr'><strong>ex</strong></span> <span class='ocrx_word' id='word_1_218' title='bbox 1459 2506 1630 2569; x_wconf 88' lang='lat' dir='ltr'><strong>occasione</strong></span> <span class='ocrx_word' id='word_1_219' title='bbox 1654 2505 1814 2590; x_wconf 88' lang='lat' dir='ltr'><strong>presentis</strong></span> <span class='ocrx_word' id='word_1_220' title='bbox 1839 2503 2031 2586; x_wconf 89' lang='lat' dir='ltr'><strong>collationis,</strong></span> <span class='ocrx_word' id='word_1_221' title='bbox 2055 2527 2117 2592; x_wconf 89' lang='lat' dir='ltr'><strong>qua</strong></span> 
     </span>
     <span class='ocr_line' id='line_1_20' title="bbox 468 2609 2168 2698; baseline 0.001 -23"><span class='ocrx_word' id='word_1_222' title='bbox 468 2612 553 2675; x_wconf 89' lang='lat' dir='ltr'><strong>diem</strong></span> <span class='ocrx_word' id='word_1_223' title='bbox 578 2625 725 2697; x_wconf 80' lang='lat' dir='ltr'><strong>quartam</strong></span> <span class='ocrx_word' id='word_1_224' title='bbox 750 2622 783 2675; x_wconf 92' lang='lat' dir='ltr'><strong>et</strong></span> <span class='ocrx_word' id='word_1_225' title='bbox 806 2620 925 2674; x_wconf 89' lang='lat' dir='ltr'><strong>etatem</strong></span> <span class='ocrx_word' id='word_1_226' title='bbox 949 2621 1097 2696; x_wconf 84' lang='lat' dir='ltr'><strong>quartam</strong></span> <span class='ocrx_word' id='word_1_227' title='bbox 1122 2609 1328 2692; x_wconf 88' lang='lat' dir='ltr'><strong>conferimus,</strong></span> <span class='ocrx_word' id='word_1_228' title='bbox 1360 2611 1484 2698; x_wconf 91' lang='lat' dir='ltr'><strong>aliquid</strong></span> <span class='ocrx_word' id='word_1_229' title='bbox 1508 2610 1548 2675; x_wconf 89' lang='lat' dir='ltr'><strong>de</strong></span> <span class='ocrx_word' id='word_1_230' title='bbox 1573 2611 1755 2676; x_wconf 90' lang='lat' dir='ltr'><strong>sacerdotio</strong></span> <span class='ocrx_word' id='word_1_231' title='bbox 1780 2623 1812 2674; x_wconf 91' lang='lat' dir='ltr'><strong>et</strong></span> <span class='ocrx_word' id='word_1_232' title='bbox 1836 2634 1935 2696; x_wconf 87' lang='lat' dir='ltr'><strong>regno</strong></span> <span class='ocrx_word' id='word_1_233' title='bbox 1961 2611 2115 2692; x_wconf 88' lang='lat' dir='ltr'><strong>dicamus,</strong></span> <span class='ocrx_word' id='word_1_234' title='bbox 2133 2638 2168 2677; x_wconf 77' lang='lat' dir='ltr'><strong>so</strong></span> 
     </span>
     <span class='ocr_line' id='line_1_21' title="bbox 468 2715 2116 2804; baseline 0.001 -23"><span class='ocrx_word' id='word_1_235' title='bbox 468 2719 604 2782; x_wconf 82' lang='lat' dir='ltr'><strong>fortasse</strong></span> <span class='ocrx_word' id='word_1_236' title='bbox 628 2729 754 2803; x_wconf 90' lang='lat' dir='ltr'><strong>gratum</strong></span> <span class='ocrx_word' id='word_1_237' title='bbox 779 2715 974 2803; x_wconf 87' lang='lat' dir='ltr'><strong>legentibus,</strong></span> <span class='ocrx_word' id='word_1_238' title='bbox 998 2718 1141 2780; x_wconf 84' lang='lat' dir='ltr'><strong>maxime</strong></span> <span class='ocrx_word' id='word_1_239' title='bbox 1166 2718 1222 2803; x_wconf 90' lang='lat' dir='ltr'><strong>qui</strong></span> <span class='ocrx_word' id='word_1_240' title='bbox 1245 2716 1419 2782; x_wconf 87' lang='lat' dir='ltr'><strong>sacerdotii</strong></span> <span class='ocrx_word' id='word_1_241' title='bbox 1436 2718 1574 2804; x_wconf 85' lang='lat' dir='ltr'><strong>diligunt</strong></span> <span class='ocrx_word' id='word_1_242' title='bbox 1597 2718 1763 2800; x_wconf 91' lang='lat' dir='ltr'><strong>honorem,</strong></span> <span class='ocrx_word' id='word_1_243' title='bbox 1788 2719 1840 2781; x_wconf 90' lang='lat' dir='ltr'><strong>cui</strong></span> <span class='ocrx_word' id='word_1_244' title='bbox 1865 2719 1912 2781; x_wconf 90' lang='lat' dir='ltr'><strong>sic</strong></span> <span class='ocrx_word' id='word_1_245' title='bbox 1936 2717 2116 2782; x_wconf 86' lang='lat' dir='ltr'><strong>iudicamus</strong></span> 
     </span>
     <span class='ocr_line' id='line_1_22' title="bbox 468 2823 2116 2912; baseline 0.001 -24"><span class='ocrx_word' id='word_1_246' title='bbox 468 2824 726 2912; x_wconf 87' lang='lat' dir='ltr'><strong>postponendam</strong></span> <span class='ocrx_word' id='word_1_247' title='bbox 758 2836 790 2889; x_wconf 90' lang='lat' dir='ltr'><strong>et</strong></span> <span class='ocrx_word' id='word_1_248' title='bbox 820 2823 1068 2911; x_wconf 87' lang='lat' dir='ltr'><strong>subponendam</strong></span> <span class='ocrx_word' id='word_1_249' title='bbox 1098 2823 1218 2909; x_wconf 91' lang='lat' dir='ltr'><strong>regalis</strong></span> <span class='ocrx_word' id='word_1_250' title='bbox 1254 2823 1384 2888; x_wconf 89' lang='lat' dir='ltr'><strong>honoris</strong></span> <span class='ocrx_word' id='word_1_251' title='bbox 1415 2823 1650 2911; x_wconf 88' lang='lat' dir='ltr'><strong>quantamlibet</strong></span> <span class='ocrx_word' id='word_1_252' title='bbox 1683 2823 1924 2906; x_wconf 88' lang='lat' dir='ltr'><strong>excellentiam,</strong></span> <span class='ocrx_word' id='word_1_253' title='bbox 1957 2825 2116 2911; x_wconf 90' lang='lat' dir='ltr'><strong>quomodo</strong></span> 
     </span>
    </p>

    <p class='ocr_par' dir='ltr' id='par_1_9' title="bbox 290 2927 2162 4406">
     <span class='ocr_line' id='line_1_23' title="bbox 391 2927 2116 3017; baseline 0.001 -23"><span class='ocrx_word' id='word_1_254' title='bbox 391 2927 394 2934; x_wconf 78' lang='grc'><strong>’</strong></span> <span class='ocrx_word' id='word_1_255' title='bbox 468 2931 576 2995; x_wconf 89' lang='lat' dir='ltr'><strong>lunam</strong></span> <span class='ocrx_word' id='word_1_256' title='bbox 608 2941 735 2996; x_wconf 88' lang='lat' dir='ltr'><strong>constat</strong></span> <span class='ocrx_word' id='word_1_257' title='bbox 765 2930 825 2996; x_wconf 92' lang='lat' dir='ltr'><strong>soli</strong></span> <span class='ocrx_word' id='word_1_258' title='bbox 855 2930 1057 3016; x_wconf 89' lang='lat' dir='ltr'><strong>subpositam</strong></span> <span class='ocrx_word' id='word_1_259' title='bbox 1081 2941 1112 2994; x_wconf 88' lang='lat' dir='ltr'><strong>et</strong></span> <span class='ocrx_word' id='word_1_260' title='bbox 1135 2954 1242 3017; x_wconf 87' lang='lat' dir='ltr'><strong>neque</strong></span> <span class='ocrx_word' id='word_1_261' title='bbox 1273 2932 1307 2994; x_wconf 91' lang='lat' dir='ltr'><strong>in</strong></span> <span class='ocrx_word' id='word_1_262' title='bbox 1337 2930 1509 3016; x_wconf 88' lang='lat' dir='ltr'><strong>splendore</strong></span> <span class='ocrx_word' id='word_1_263' title='bbox 1539 2953 1645 3017; x_wconf 91' lang='lat' dir='ltr'><strong>neque</strong></span> <span class='ocrx_word' id='word_1_264' title='bbox 1676 2931 1709 2994; x_wconf 90' lang='lat' dir='ltr'><strong>in</strong></span> <span class='ocrx_word' id='word_1_265' title='bbox 1738 2930 1926 2995; x_wconf 87' lang='lat' dir='ltr'><strong>fortitudine</strong></span> <span class='ocrx_word' id='word_1_266' title='bbox 1959 2931 2116 2995; x_wconf 90' lang='lat' dir='ltr'><strong>ullatenus</strong></span> 
     </span>
     <span class='ocr_line' id='line_1_24' title="bbox 290 3036 2118 3124; baseline -0.003 -17"><span class='ocrx_word' id='word_1_267' title='bbox 290 3067 449 3116; x_wconf 67' lang='lat' dir='ltr'><strong>aenan-19.</strong></span> <span class='ocrx_word' id='word_1_268' title='bbox 469 3038 710 3120; x_wconf 88' lang='lat' dir='ltr'><strong>conferendam,</strong></span> <span class='ocrx_word' id='word_1_269' title='bbox 742 3037 800 3102; x_wconf 90' lang='lat' dir='ltr'><strong>sed</strong></span> <span class='ocrx_word' id='word_1_270' title='bbox 830 3037 1022 3102; x_wconf 90' lang='lat' dir='ltr'><strong>omnimodis</strong></span> <span class='ocrx_word' id='word_1_271' title='bbox 1053 3036 1322 3124; x_wconf 89' lang='lat' dir='ltr'><strong>posthabendam.</strong></span> <span class='ocrx_word' id='word_1_272' title='bbox 1369 3037 1577 3102; x_wconf 87' lang='lat' dir='ltr'><strong>Pensandum</strong></span> <span class='ocrx_word' id='word_1_273' title='bbox 1601 3061 1690 3115; x_wconf 89' lang='lat' dir='ltr'><strong>vero,</strong></span> <span class='ocrx_word' id='word_1_274' title='bbox 1715 3038 1800 3124; x_wconf 92' lang='lat' dir='ltr'><strong>quod</strong></span> <span class='ocrx_word' id='word_1_275' title='bbox 1826 3061 1900 3102; x_wconf 91' lang='lat' dir='ltr'><strong>cum</strong></span> <span class='ocrx_word' id='word_1_276' title='bbox 1925 3037 2024 3102; x_wconf 90' lang='lat' dir='ltr'><strong>solius</strong></span> <span class='ocrx_word' id='word_1_277' title='bbox 2055 3039 2118 3103; x_wconf 90' lang='lat' dir='ltr'><strong>diei</strong></span> 
     </span>
     <span class='ocr_line' id='line_1_25' title="bbox 469 3143 2155 3232; baseline 0 -24"><span class='ocrx_word' id='word_1_278' title='bbox 469 3156 602 3232; x_wconf 85' lang='lat' dir='ltr'><strong>quartae</strong></span> <span class='ocrx_word' id='word_1_279' title='bbox 628 3167 728 3230; x_wconf 89' lang='lat' dir='ltr'><strong>opera</strong></span> <span class='ocrx_word' id='word_1_280' title='bbox 751 3146 816 3208; x_wconf 91' lang='lat' dir='ltr'><strong>sint</strong></span> <span class='ocrx_word' id='word_1_281' title='bbox 839 3144 886 3208; x_wconf 92' lang='lat' dir='ltr'><strong>sol</strong></span> <span class='ocrx_word' id='word_1_282' title='bbox 911 3155 942 3208; x_wconf 87' lang='lat' dir='ltr'><strong>ct</strong></span> <span class='ocrx_word' id='word_1_283' title='bbox 965 3144 1042 3208; x_wconf 90' lang='lat' dir='ltr'><strong>luna</strong></span> <span class='ocrx_word' id='word_1_284' title='bbox 1065 3155 1097 3208; x_wconf 90' lang='lat' dir='ltr'><strong>et</strong></span> <span class='ocrx_word' id='word_1_285' title='bbox 1120 3144 1242 3226; x_wconf 89' lang='lat' dir='ltr'><strong>stellae,</strong></span> <span class='ocrx_word' id='word_1_286' title='bbox 1273 3157 1382 3208; x_wconf 90' lang='lat' dir='ltr'><strong>tamen</strong></span> <span class='ocrx_word' id='word_1_287' title='bbox 1413 3146 1459 3208; x_wconf 90' lang='lat' dir='ltr'><strong>sic</strong></span> <span class='ocrx_word' id='word_1_288' title='bbox 1491 3143 1577 3208; x_wconf 87' lang='lat' dir='ltr'><strong>facta</strong></span> <span class='ocrx_word' id='word_1_289' title='bbox 1606 3144 1758 3229; x_wconf 90' lang='lat' dir='ltr'><strong>leguntur</strong></span> <span class='ocrx_word' id='word_1_290' title='bbox 1786 3144 1847 3208; x_wconf 86' lang='lat' dir='ltr'><strong>hec</strong></span> <span class='ocrx_word' id='word_1_291' title='bbox 1877 3144 2061 3228; x_wconf 90' lang='lat' dir='ltr'><strong>luminaria,</strong></span> <span class='ocrx_word' id='word_1_292' title='bbox 2085 3156 2117 3209; x_wconf 87' lang='lat' dir='ltr'><strong>ut</strong></span> <span class='ocrx_word' id='word_1_293' title='bbox 2134 3169 2155 3208; x_wconf 79' lang='lat' dir='ltr'><strong>a</strong></span> 
     </span>
     <span class='ocr_line' id='line_1_26' title="bbox 469 3250 2116 3336; baseline 0 -22"><span class='ocrx_word' id='word_1_294' title='bbox 469 3252 533 3315; x_wconf 89' lang='lat' dir='ltr'><strong>sint</strong></span> <span class='ocrx_word' id='word_1_295' title='bbox 562 3252 595 3314; x_wconf 90' lang='lat' dir='ltr'><strong>in</strong></span> <span class='ocrx_word' id='word_1_296' title='bbox 620 3253 762 3315; x_wconf 92' lang='lat' dir='ltr'><strong>omnium</strong></span> <span class='ocrx_word' id='word_1_297' title='bbox 787 3263 906 3314; x_wconf 91' lang='lat' dir='ltr'><strong>etatum</strong></span> <span class='ocrx_word' id='word_1_298' title='bbox 939 3263 1086 3336; x_wconf 91' lang='lat' dir='ltr'><strong>tempora</strong></span> <span class='ocrx_word' id='word_1_299' title='bbox 1116 3253 1210 3336; x_wconf 91' lang='lat' dir='ltr'><strong>signa</strong></span> <span class='ocrx_word' id='word_1_300' title='bbox 1240 3253 1420 3316; x_wconf 86' lang='lat' dir='ltr'><strong>certissima</strong></span> <span class='ocrx_word' id='word_1_301' title='bbox 1443 3251 1530 3316; x_wconf 90' lang='lat' dir='ltr'><strong>diem</strong></span> <span class='ocrx_word' id='word_1_302' title='bbox 1554 3275 1592 3315; x_wconf 89' lang='lat' dir='ltr'><strong>ac</strong></span> <span class='ocrx_word' id='word_1_303' title='bbox 1617 3261 1745 3315; x_wconf 91' lang='lat' dir='ltr'><strong>noctem</strong></span> <span class='ocrx_word' id='word_1_304' title='bbox 1770 3250 1959 3333; x_wconf 87' lang='lat' dir='ltr'><strong>dividentia,</strong></span> <span class='ocrx_word' id='word_1_305' title='bbox 1990 3274 2116 3317; x_wconf 91' lang='lat' dir='ltr'><strong>menses</strong></span> 
     </span>
     <span class='ocr_line' id='line_1_27' title="bbox 469 3358 2116 3444; baseline 0 -22"><span class='ocrx_word' id='word_1_306' title='bbox 469 3369 501 3422; x_wconf 90' lang='lat' dir='ltr'><strong>et</strong></span> <span class='ocrx_word' id='word_1_307' title='bbox 524 3381 626 3422; x_wconf 88' lang='lat' dir='ltr'><strong>annos</strong></span> <span class='ocrx_word' id='word_1_308' title='bbox 650 3358 822 3422; x_wconf 87' lang='lat' dir='ltr'><strong>limitantia</strong></span> <span class='ocrx_word' id='word_1_309' title='bbox 846 3369 878 3421; x_wconf 89' lang='lat' dir='ltr'><strong>et</strong></span> <span class='ocrx_word' id='word_1_310' title='bbox 901 3360 1031 3422; x_wconf 91' lang='lat' dir='ltr'><strong>omnino</strong></span> <span class='ocrx_word' id='word_1_311' title='bbox 1054 3369 1182 3444; x_wconf 90' lang='lat' dir='ltr'><strong>tempus</strong></span> <span class='ocrx_word' id='word_1_312' title='bbox 1207 3381 1300 3422; x_wconf 90' lang='lat' dir='ltr'><strong>omne</strong></span> <span class='ocrx_word' id='word_1_313' title='bbox 1325 3381 1382 3423; x_wconf 90' lang='lat' dir='ltr'><strong>suo</strong></span> <span class='ocrx_word' id='word_1_314' title='bbox 1408 3382 1503 3422; x_wconf 91' lang='lat' dir='ltr'><strong>cursu</strong></span> <span class='ocrx_word' id='word_1_315' title='bbox 1528 3370 1560 3422; x_wconf 91' lang='lat' dir='ltr'><strong>et</strong></span> <span class='ocrx_word' id='word_1_316' title='bbox 1584 3381 1716 3423; x_wconf 87' lang='lat' dir='ltr'><strong>recursu</strong></span> <span class='ocrx_word' id='word_1_317' title='bbox 1739 3358 1922 3439; x_wconf 87' lang='lat' dir='ltr'><strong>formantia,</strong></span> <span class='ocrx_word' id='word_1_318' title='bbox 1955 3360 2002 3424; x_wconf 92' lang='lat' dir='ltr'><strong>sic</strong></span> <span class='ocrx_word' id='word_1_319' title='bbox 2027 3360 2116 3422; x_wconf 90' lang='lat' dir='ltr'><strong>nimi-</strong></span> 
     </span>
     <span class='ocr_line' id='line_1_28' title="bbox 469 3463 2118 3551; baseline 0.001 -23"><span class='ocrx_word' id='word_1_320' title='bbox 469 3487 549 3547; x_wconf 91' lang='lat' dir='ltr'><strong>rum,</strong></span> <span class='ocrx_word' id='word_1_321' title='bbox 581 3464 658 3529; x_wconf 90' lang='lat' dir='ltr'><strong>licet</strong></span> <span class='ocrx_word' id='word_1_322' title='bbox 686 3466 719 3527; x_wconf 92' lang='lat' dir='ltr'><strong>in</strong></span> <span class='ocrx_word' id='word_1_323' title='bbox 744 3463 813 3528; x_wconf 92' lang='lat' dir='ltr'><strong>sola</strong></span> <span class='ocrx_word' id='word_1_324' title='bbox 837 3474 952 3550; x_wconf 89' lang='lat' dir='ltr'><strong>quarta</strong></span> <span class='ocrx_word' id='word_1_325' title='bbox 983 3464 1095 3528; x_wconf 89' lang='lat' dir='ltr'><strong>mundi</strong></span> <span class='ocrx_word' id='word_1_326' title='bbox 1125 3474 1210 3528; x_wconf 90' lang='lat' dir='ltr'><strong>etate</strong></span> <span class='ocrx_word' id='word_1_327' title='bbox 1241 3465 1390 3529; x_wconf 88' lang='lat' dir='ltr'><strong>fulserint</strong></span> <span class='ocrx_word' id='word_1_328' title='bbox 1419 3477 1450 3529; x_wconf 87' lang='lat' dir='ltr'><strong>et</strong></span> <span class='ocrx_word' id='word_1_329' title='bbox 1478 3465 1697 3530; x_wconf 87' lang='lat' dir='ltr'><strong>sacerdotium</strong></span> <span class='ocrx_word' id='word_1_330' title='bbox 1720 3465 1903 3530; x_wconf 89' lang='lat' dir='ltr'><strong>Levitieum</strong></span> <span class='ocrx_word' id='word_1_331' title='bbox 1927 3477 1960 3530; x_wconf 92' lang='lat' dir='ltr'><strong>et</strong></span> <span class='ocrx_word' id='word_1_332' title='bbox 1983 3488 2118 3551; x_wconf 88' lang='lat' dir='ltr'><strong>regnum</strong></span> 
     </span>
     <span class='ocr_line' id='line_1_29' title="bbox 469 3570 2119 3658; baseline 0.001 -24"><span class='ocrx_word' id='word_1_333' title='bbox 469 3570 678 3650; x_wconf 90' lang='lat' dir='ltr'><strong>Davidicum,</strong></span> <span class='ocrx_word' id='word_1_334' title='bbox 704 3572 856 3657; x_wconf 91' lang='lat' dir='ltr'><strong>quoniam</strong></span> <span class='ocrx_word' id='word_1_335' title='bbox 881 3582 956 3634; x_wconf 86' lang='lat' dir='ltr'><strong>ante</strong></span> <span class='ocrx_word' id='word_1_336' title='bbox 981 3571 1242 3636; x_wconf 87' lang='lat' dir='ltr'><strong>constitutionem</strong></span> <span class='ocrx_word' id='word_1_337' title='bbox 1273 3573 1365 3657; x_wconf 88' lang='lat' dir='ltr'><strong>regni</strong></span> <span class='ocrx_word' id='word_1_338' title='bbox 1391 3571 1565 3636; x_wconf 75' lang='lat' dir='ltr'><strong>‘Davidici</strong></span> <span class='ocrx_word' id='word_1_339' title='bbox 1589 3573 1682 3658; x_wconf 91' lang='lat' dir='ltr'><strong>quasi</strong></span> <span class='ocrx_word' id='word_1_340' title='bbox 1706 3571 1864 3636; x_wconf 87' lang='lat' dir='ltr'><strong>obscurus</strong></span> <span class='ocrx_word' id='word_1_341' title='bbox 1888 3573 1996 3636; x_wconf 89' lang='lat' dir='ltr'><strong>fuerat</strong></span> <span class='ocrx_word' id='word_1_342' title='bbox 2018 3573 2119 3636; x_wconf 91' lang='lat' dir='ltr'><strong>honor</strong></span> 
     </span>
     <span class='ocr_line' id='line_1_30' title="bbox 469 3676 2159 3765; baseline 0.001 -25"><span class='ocrx_word' id='word_1_343' title='bbox 469 3677 642 3742; x_wconf 90' lang='lat' dir='ltr'><strong>sacerdotii</strong></span> <span class='ocrx_word' id='word_1_344' title='bbox 659 3678 810 3760; x_wconf 91' lang='lat' dir='ltr'><strong>Levitici,</strong></span> <span class='ocrx_word' id='word_1_345' title='bbox 834 3687 943 3741; x_wconf 90' lang='lat' dir='ltr'><strong>tamen</strong></span> <span class='ocrx_word' id='word_1_346' title='bbox 968 3676 1009 3740; x_wconf 90' lang='lat' dir='ltr'><strong>ab</strong></span> <span class='ocrx_word' id='word_1_347' title='bbox 1025 3678 1117 3741; x_wconf 90' lang='lat' dir='ltr'><strong>initio</strong></span> <span class='ocrx_word' id='word_1_348' title='bbox 1134 3677 1247 3741; x_wconf 92' lang='lat' dir='ltr'><strong>mundi</strong></span> <span class='ocrx_word' id='word_1_349' title='bbox 1264 3680 1372 3742; x_wconf 89' lang='lat' dir='ltr'><strong>omnia</strong></span> <span class='ocrx_word' id='word_1_350' title='bbox 1391 3689 1537 3765; x_wconf 86' lang='lat' dir='ltr'><strong>tempora</strong></span> <span class='ocrx_word' id='word_1_351' title='bbox 1560 3678 1674 3742; x_wconf 88' lang='lat' dir='ltr'><strong>mundi</strong></span> <span class='ocrx_word' id='word_1_352' title='bbox 1697 3701 1799 3765; x_wconf 90' lang='lat' dir='ltr'><strong>usque</strong></span> <span class='ocrx_word' id='word_1_353' title='bbox 1824 3679 1857 3742; x_wconf 92' lang='lat' dir='ltr'><strong>in</strong></span> <span class='ocrx_word' id='word_1_354' title='bbox 1881 3679 1983 3764; x_wconf 90' lang='lat' dir='ltr'><strong>ipsius</strong></span> <span class='ocrx_word' id='word_1_355' title='bbox 2007 3679 2119 3743; x_wconf 92' lang='lat' dir='ltr'><strong>mundi</strong></span> <span class='ocrx_word' id='word_1_356' title='bbox 2136 3706 2159 3742; x_wconf 81' lang='lat' dir='ltr'><strong>so</strong></span> 
     </span>
     <span class='ocr_line' id='line_1_31' title="bbox 468 3783 2119 3870; baseline 0.001 -23"><span class='ocrx_word' id='word_1_357' title='bbox 468 3785 566 3848; x_wconf 89' lang='lat' dir='ltr'><strong>finem</strong></span> <span class='ocrx_word' id='word_1_358' title='bbox 597 3784 751 3849; x_wconf 88' lang='lat' dir='ltr'><strong>decorata</strong></span> <span class='ocrx_word' id='word_1_359' title='bbox 782 3797 814 3848; x_wconf 92' lang='lat' dir='ltr'><strong>et</strong></span> <span class='ocrx_word' id='word_1_360' title='bbox 844 3783 1017 3847; x_wconf 90' lang='lat' dir='ltr'><strong>informata</strong></span> <span class='ocrx_word' id='word_1_361' title='bbox 1048 3806 1106 3848; x_wconf 89' lang='lat' dir='ltr'><strong>seu</strong></span> <span class='ocrx_word' id='word_1_362' title='bbox 1136 3783 1323 3848; x_wconf 88' lang='lat' dir='ltr'><strong>decoranda</strong></span> <span class='ocrx_word' id='word_1_363' title='bbox 1353 3795 1386 3848; x_wconf 90' lang='lat' dir='ltr'><strong>et</strong></span> <span class='ocrx_word' id='word_1_364' title='bbox 1414 3784 1620 3849; x_wconf 89' lang='lat' dir='ltr'><strong>informanda</strong></span> <span class='ocrx_word' id='word_1_365' title='bbox 1651 3795 1725 3848; x_wconf 88' lang='lat' dir='ltr'><strong>sunt</strong></span> <span class='ocrx_word' id='word_1_366' title='bbox 1754 3808 1814 3870; x_wconf 88' lang='lat' dir='ltr'><strong>per</strong></span> <span class='ocrx_word' id='word_1_367' title='bbox 1841 3785 1925 3849; x_wconf 91' lang='lat' dir='ltr'><strong>hanc</strong></span> <span class='ocrx_word' id='word_1_368' title='bbox 1956 3787 2119 3870; x_wconf 90' lang='lat' dir='ltr'><strong>geminam</strong></span> 
     </span>
     <span class='ocr_line' id='line_1_32' title="bbox 470 3889 2118 3978; baseline 0.002 -24"><span class='ocrx_word' id='word_1_369' title='bbox 470 3903 672 3976; x_wconf 90' lang='lat' dir='ltr'><strong>potestatem,</strong></span> <span class='ocrx_word' id='word_1_370' title='bbox 697 3893 742 3955; x_wconf 91' lang='lat' dir='ltr'><strong>ita</strong></span> <span class='ocrx_word' id='word_1_371' title='bbox 758 3901 793 3955; x_wconf 92' lang='lat' dir='ltr'><strong>ut</strong></span> <span class='ocrx_word' id='word_1_372' title='bbox 809 3889 1081 3977; x_wconf 88' lang='lat' dir='ltr'><strong>quemadmodum</strong></span> <span class='ocrx_word' id='word_1_373' title='bbox 1107 3890 1153 3954; x_wconf 93' lang='lat' dir='ltr'><strong>sol</strong></span> <span class='ocrx_word' id='word_1_374' title='bbox 1177 3890 1296 3972; x_wconf 90' lang='lat' dir='ltr'><strong>lunam,</strong></span> <span class='ocrx_word' id='word_1_375' title='bbox 1321 3914 1386 3954; x_wconf 89' lang='lat' dir='ltr'><strong>non</strong></span> <span class='ocrx_word' id='word_1_376' title='bbox 1403 3890 1535 3976; x_wconf 91' lang='lat' dir='ltr'><strong>quidem</strong></span> <span class='ocrx_word' id='word_1_377' title='bbox 1558 3914 1578 3955; x_wconf 91' lang='lat' dir='ltr'><strong>a</strong></span> <span class='ocrx_word' id='word_1_378' title='bbox 1601 3892 1776 3978; x_wconf 89' lang='lat' dir='ltr'><strong>semetipsa</strong></span> <span class='ocrx_word' id='word_1_379' title='bbox 1799 3891 1971 3974; x_wconf 92' lang='lat' dir='ltr'><strong>lucentem,</strong></span> <span class='ocrx_word' id='word_1_380' title='bbox 1997 3892 2057 3957; x_wconf 90' lang='lat' dir='ltr'><strong>sed</strong></span> <span class='ocrx_word' id='word_1_381' title='bbox 2078 3891 2118 3956; x_wconf 92' lang='lat' dir='ltr'><strong>ab</strong></span> 
     </span>
     <span class='ocr_line' id='line_1_33' title="bbox 469 3997 2118 4086; baseline 0.001 -26"><span class='ocrx_word' id='word_1_382' title='bbox 469 3999 539 4083; x_wconf 85' lang='lat' dir='ltr'><strong>ipso</strong></span> <span class='ocrx_word' id='word_1_383' title='bbox 569 3998 679 4062; x_wconf 90' lang='lat' dir='ltr'><strong>lumen</strong></span> <span class='ocrx_word' id='word_1_384' title='bbox 709 4021 802 4061; x_wconf 89' lang='lat' dir='ltr'><strong>suum</strong></span> <span class='ocrx_word' id='word_1_385' title='bbox 833 4008 1043 4078; x_wconf 88' lang='lat' dir='ltr'><strong>mutuantem,</strong></span> <span class='ocrx_word' id='word_1_386' title='bbox 1075 3998 1122 4060; x_wconf 91' lang='lat' dir='ltr'><strong>sic</strong></span> <span class='ocrx_word' id='word_1_387' title='bbox 1154 3998 1365 4062; x_wconf 89' lang='lat' dir='ltr'><strong>sacerdotalis</strong></span> <span class='ocrx_word' id='word_1_388' title='bbox 1395 3997 1537 4083; x_wconf 87' lang='lat' dir='ltr'><strong>dignitas</strong></span> <span class='ocrx_word' id='word_1_389' title='bbox 1561 3998 1705 4083; x_wconf 89' lang='lat' dir='ltr'><strong>regalem</strong></span> <span class='ocrx_word' id='word_1_390' title='bbox 1729 3997 1903 4063; x_wconf 87' lang='lat' dir='ltr'><strong>antecellat</strong></span> <span class='ocrx_word' id='word_1_391' title='bbox 1927 4022 2118 4086; x_wconf 88' lang='lat' dir='ltr'><strong>semperque</strong></span> 
     </span>
     <span class='ocr_line' id='line_1_34' title="bbox 469 4103 2118 4191; baseline 0 -23"><span class='ocrx_word' id='word_1_392' title='bbox 469 4104 662 4168; x_wconf 88' lang='lat' dir='ltr'><strong>antecellere</strong></span> <span class='ocrx_word' id='word_1_393' title='bbox 695 4104 814 4169; x_wconf 89' lang='lat' dir='ltr'><strong>debeat</strong></span> <span class='ocrx_word' id='word_1_394' title='bbox 842 4103 1132 4184; x_wconf 86' lang='lat' dir='ltr'><strong>honorificentiam,</strong></span> <span class='ocrx_word' id='word_1_395' title='bbox 1163 4127 1227 4167; x_wconf 89' lang='lat' dir='ltr'><strong>non</strong></span> <span class='ocrx_word' id='word_1_396' title='bbox 1259 4104 1362 4185; x_wconf 85' lang='lat' dir='ltr'><strong>aliter,</strong></span> <span class='ocrx_word' id='word_1_397' title='bbox 1387 4127 1485 4190; x_wconf 90' lang='lat' dir='ltr'><strong>quam</strong></span> <span class='ocrx_word' id='word_1_398' title='bbox 1516 4104 1689 4168; x_wconf 87' lang='lat' dir='ltr'><strong>sacerdotii</strong></span> <span class='ocrx_word' id='word_1_399' title='bbox 1714 4106 1784 4168; x_wconf 90' lang='lat' dir='ltr'><strong>veri</strong></span> <span class='ocrx_word' id='word_1_400' title='bbox 1815 4104 2042 4191; x_wconf 85' lang='lat' dir='ltr'><strong>splendoribus</strong></span> <span class='ocrx_word' id='word_1_401' title='bbox 2072 4108 2118 4169; x_wconf 93' lang='lat' dir='ltr'><strong>in-</strong></span> 
     </span>
     <span class='ocr_line' id='line_1_35' title="bbox 469 4209 2162 4297; baseline 0.002 -23"><span class='ocrx_word' id='word_1_402' title='bbox 469 4210 654 4275; x_wconf 89' lang='lat' dir='ltr'><strong>tendentem</strong></span> <span class='ocrx_word' id='word_1_403' title='bbox 685 4210 842 4275; x_wconf 90' lang='lat' dir='ltr'><strong>illustrem</strong></span> <span class='ocrx_word' id='word_1_404' title='bbox 872 4209 1067 4274; x_wconf 89' lang='lat' dir='ltr'><strong>habendam.</strong></span> <span class='ocrx_word' id='word_1_405' title='bbox 1116 4210 1188 4290; x_wconf 81' lang='lat' dir='ltr'><strong>Que</strong></span> <span class='ocrx_word' id='word_1_406' title='bbox 1219 4212 1369 4274; x_wconf 91' lang='lat' dir='ltr'><strong>nimirum</strong></span> <span class='ocrx_word' id='word_1_407' title='bbox 1393 4211 1561 4296; x_wconf 87' lang='lat' dir='ltr'><strong>utriusque</strong></span> <span class='ocrx_word' id='word_1_408' title='bbox 1593 4213 1761 4296; x_wconf 88' lang='lat' dir='ltr'><strong>potestatis</strong></span> <span class='ocrx_word' id='word_1_409' title='bbox 1785 4211 1930 4297; x_wconf 90' lang='lat' dir='ltr'><strong>legitima</strong></span> <span class='ocrx_word' id='word_1_410' title='bbox 1955 4224 1988 4276; x_wconf 90' lang='lat' dir='ltr'><strong>et</strong></span> <span class='ocrx_word' id='word_1_411' title='bbox 2010 4215 2119 4276; x_wconf 92' lang='lat' dir='ltr'><strong>incon-</strong></span> <span class='ocrx_word' id='word_1_412' title='bbox 2137 4237 2162 4277; x_wconf 82' lang='lat' dir='ltr'><strong>ss</strong></span> 
     </span>
     <span class='ocr_line' id='line_1_36' title="bbox 468 4317 2119 4406; baseline 0.002 -26"><span class='ocrx_word' id='word_1_413' title='bbox 468 4318 561 4383; x_wconf 88' lang='lat' dir='ltr'><strong>vulsa</strong></span> <span class='ocrx_word' id='word_1_414' title='bbox 585 4317 749 4382; x_wconf 88' lang='lat' dir='ltr'><strong>distinctio</strong></span> <span class='ocrx_word' id='word_1_415' title='bbox 773 4341 838 4381; x_wconf 93' lang='lat' dir='ltr'><strong>non</strong></span> <span class='ocrx_word' id='word_1_416' title='bbox 860 4319 956 4381; x_wconf 87' lang='lat' dir='ltr'><strong>unius</strong></span> <span class='ocrx_word' id='word_1_417' title='bbox 981 4319 1086 4400; x_wconf 88' lang='lat' dir='ltr'><strong>etatis,</strong></span> <span class='ocrx_word' id='word_1_418' title='bbox 1119 4317 1221 4381; x_wconf 90' lang='lat' dir='ltr'><strong>solnm</strong></span> <span class='ocrx_word' id='word_1_419' title='bbox 1246 4329 1391 4403; x_wconf 89' lang='lat' dir='ltr'><strong>quartae,</strong></span> <span class='ocrx_word' id='word_1_420' title='bbox 1424 4317 1481 4380; x_wconf 91' lang='lat' dir='ltr'><strong>sed</strong></span> <span class='ocrx_word' id='word_1_421' title='bbox 1513 4319 1655 4381; x_wconf 91' lang='lat' dir='ltr'><strong>omnium</strong></span> <span class='ocrx_word' id='word_1_422' title='bbox 1684 4329 1805 4382; x_wconf 87' lang='lat' dir='ltr'><strong>etatum</strong></span> <span class='ocrx_word' id='word_1_423' title='bbox 1835 4319 1949 4382; x_wconf 92' lang='lat' dir='ltr'><strong>mundi</strong></span> <span class='ocrx_word' id='word_1_424' title='bbox 1974 4343 2119 4406; x_wconf 88' lang='lat' dir='ltr'><strong>compro-</strong></span> 
     </span>
    </p>

    <p class='ocr_par' dir='ltr' id='par_1_10' title="bbox 365 4422 2119 4722">
     <span class='ocr_line' id='line_1_37' title="bbox 365 4422 2119 4510; baseline -0.001 -18"><span class='ocrx_word' id='word_1_425' title='bbox 365 4423 564 4493; x_wconf 70' lang='lat' dir='ltr'><strong>*errabatur</strong></span> <span class='ocrx_word' id='word_1_426' title='bbox 586 4425 779 4488; x_wconf 90' lang='lat' dir='ltr'><strong>testimonio.</strong></span> <span class='ocrx_word' id='word_1_427' title='bbox 806 4473 812 4487; x_wconf 93' lang='lat'><em>.</em></span> <span class='ocrx_word' id='word_1_428' title='bbox 839 4473 845 4486; x_wconf 95' lang='lat'>.</span> <span class='ocrx_word' id='word_1_429' title='bbox 872 4473 879 4487; x_wconf 93' lang='lat'><strong>.</strong></span> <span class='ocrx_word' id='word_1_430' title='bbox 905 4422 1047 4503; x_wconf 77' lang='lat' dir='ltr'><strong>‘Quibus</strong></span> <span class='ocrx_word' id='word_1_431' title='bbox 1072 4424 1167 4487; x_wconf 87' lang='lat' dir='ltr'><strong>dictis</strong></span> <span class='ocrx_word' id='word_1_432' title='bbox 1192 4423 1361 4488; x_wconf 89' lang='lat' dir='ltr'><strong>evidenter</strong></span> <span class='ocrx_word' id='word_1_433' title='bbox 1387 4425 1540 4505; x_wconf 90' lang='lat' dir='ltr'><strong>innuitur,</strong></span> <span class='ocrx_word' id='word_1_434' title='bbox 1565 4423 1652 4510; x_wconf 93' lang='lat' dir='ltr'><strong>quod</strong></span> <span class='ocrx_word' id='word_1_435' title='bbox 1676 4447 1770 4510; x_wconf 89' lang='lat' dir='ltr'><strong>reges</strong></span> <span class='ocrx_word' id='word_1_436' title='bbox 1798 4424 1918 4510; x_wconf 86' lang='lat' dir='ltr'><strong>gladio,</strong></span> <span class='ocrx_word' id='word_1_437' title='bbox 1949 4426 1984 4490; x_wconf 95' lang='lat' dir='ltr'><strong>id</strong></span> <span class='ocrx_word' id='word_1_438' title='bbox 2008 4437 2057 4490; x_wconf 90' lang='lat' dir='ltr'><strong>est</strong></span> <span class='ocrx_word' id='word_1_439' title='bbox 2079 4426 2119 4491; x_wconf 90' lang='lat' dir='ltr'><strong>de</strong></span> 
     </span>
     <span class='ocr_line' id='line_1_38' title="bbox 468 4529 2119 4617; baseline 0.002 -23"><span class='ocrx_word' id='word_1_440' title='bbox 468 4530 568 4617; x_wconf 88' lang='lat' dir='ltr'><strong>gladii</strong></span> <span class='ocrx_word' id='word_1_441' title='bbox 599 4531 776 4593; x_wconf 90' lang='lat' dir='ltr'><strong>ministerio</strong></span> <span class='ocrx_word' id='word_1_442' title='bbox 801 4531 949 4594; x_wconf 87' lang='lat' dir='ltr'><strong>viventes</strong></span> <span class='ocrx_word' id='word_1_443' title='bbox 982 4529 1103 4594; x_wconf 89' lang='lat' dir='ltr'><strong>debent</strong></span> <span class='ocrx_word' id='word_1_444' title='bbox 1133 4532 1255 4594; x_wconf 86' lang='lat' dir='ltr'><strong>servire</strong></span> <span class='ocrx_word' id='word_1_445' title='bbox 1287 4529 1479 4612; x_wconf 86' lang='lat' dir='ltr'><strong>sacerdotia,</strong></span> <span class='ocrx_word' id='word_1_446' title='bbox 1511 4531 1588 4594; x_wconf 91' lang='lat' dir='ltr'><strong>licet</strong></span> <span class='ocrx_word' id='word_1_447' title='bbox 1612 4553 1699 4594; x_wconf 93' lang='lat' dir='ltr'><strong>nunc</strong></span> <span class='ocrx_word' id='word_1_448' title='bbox 1723 4531 1780 4595; x_wconf 90' lang='lat' dir='ltr'><strong>fiat</strong></span> <span class='ocrx_word' id='word_1_449' title='bbox 1804 4555 1821 4595; x_wconf 94' lang='lat' dir='ltr'><strong>e</strong></span> <span class='ocrx_word' id='word_1_450' title='bbox 1846 4535 2018 4616; x_wconf 90' lang='lat' dir='ltr'><strong>contrario,</strong></span> <span class='ocrx_word' id='word_1_451' title='bbox 2044 4532 2119 4598; x_wconf 93' lang='lat' dir='ltr'><strong>dum</strong></span> 
     </span>
     <span class='ocr_line' id='line_1_39' title="bbox 468 4635 2118 4722; baseline 0.002 -22"><span class='ocrx_word' id='word_1_452' title='bbox 468 4636 655 4702; x_wconf 81' lang='lat' dir='ltr'><strong>sacerdotes</strong></span> <span class='ocrx_word' id='word_1_453' title='bbox 679 4635 810 4722; x_wconf 90' lang='lat' dir='ltr'><strong>regibus</strong></span> <span class='ocrx_word' id='word_1_454' title='bbox 834 4637 976 4701; x_wconf 91' lang='lat' dir='ltr'><strong>hominio</strong></span> <span class='ocrx_word' id='word_1_455' title='bbox 1002 4636 1193 4719; x_wconf 88' lang='lat' dir='ltr'><strong>subduntur,</strong></span> <span class='ocrx_word' id='word_1_456' title='bbox 1218 4648 1250 4700; x_wconf 92' lang='lat' dir='ltr'><strong>et</strong></span> <span class='ocrx_word' id='word_1_457' title='bbox 1274 4635 1497 4700; x_wconf 89' lang='lat' dir='ltr'><strong>sacerdotibus</strong></span> <span class='ocrx_word' id='word_1_458' title='bbox 1521 4658 1615 4722; x_wconf 88' lang='lat' dir='ltr'><strong>reges</strong></span> <span class='ocrx_word' id='word_1_459' title='bbox 1639 4660 1698 4722; x_wconf 89' lang='lat' dir='ltr'><strong>pro</strong></span> <span class='ocrx_word' id='word_1_460' title='bbox 1722 4636 1813 4702; x_wconf 91' lang='lat' dir='ltr'><strong>libito</strong></span> <span class='ocrx_word' id='word_1_461' title='bbox 1838 4661 1896 4703; x_wconf 92' lang='lat' dir='ltr'><strong>suo</strong></span> <span class='ocrx_word' id='word_1_462' title='bbox 1913 4639 2118 4704; x_wconf 89' lang='lat' dir='ltr'><strong>damnantur.</strong></span> 
     </span>
    </p>

    <p class='ocr_par' dir='ltr' id='par_1_11' title="bbox 299 4738 2163 5578">
     <span class='ocr_line' id='line_1_40' title="bbox 299 4738 2163 4839; baseline 0.002 -33"><span class='ocrx_word' id='word_1_463' title='bbox 299 4738 449 4839; x_wconf 53' lang='lat' dir='ltr'><strong>,umffm</strong></span> <span class='ocrx_word' id='word_1_464' title='bbox 469 4744 540 4807; x_wconf 81' lang='lat' dir='ltr'><strong>Non</strong></span> <span class='ocrx_word' id='word_1_465' title='bbox 572 4745 618 4808; x_wconf 89' lang='lat' dir='ltr'><strong>sic</strong></span> <span class='ocrx_word' id='word_1_466' title='bbox 649 4744 710 4808; x_wconf 90' lang='lat' dir='ltr'><strong>fuit</strong></span> <span class='ocrx_word' id='word_1_467' title='bbox 740 4742 800 4807; x_wconf 90' lang='lat' dir='ltr'><strong>sub</strong></span> <span class='ocrx_word' id='word_1_468' title='bbox 824 4744 930 4829; x_wconf 88' lang='lat' dir='ltr'><strong>Moysi</strong></span> <span class='ocrx_word' id='word_1_469' title='bbox 961 4754 1116 4830; x_wconf 87' lang='lat' dir='ltr'><strong>tempore,</strong></span> <span class='ocrx_word' id='word_1_470' title='bbox 1149 4743 1279 4829; x_wconf 88' lang='lat' dir='ltr'><strong>quando</strong></span> <span class='ocrx_word' id='word_1_471' title='bbox 1307 4744 1402 4807; x_wconf 87' lang='lat' dir='ltr'><strong>losue</strong></span> <span class='ocrx_word' id='word_1_472' title='bbox 1434 4743 1526 4808; x_wconf 90' lang='lat' dir='ltr'><strong>ducis</strong></span> <span class='ocrx_word' id='word_1_473' title='bbox 1554 4744 1607 4806; x_wconf 92' lang='lat' dir='ltr'><strong>vel</strong></span> <span class='ocrx_word' id='word_1_474' title='bbox 1637 4746 1724 4830; x_wconf 88' lang='lat' dir='ltr'><strong>regis</strong></span> <span class='ocrx_word' id='word_1_475' title='bbox 1756 4745 1898 4809; x_wconf 88' lang='lat' dir='ltr'><strong>officium</strong></span> <span class='ocrx_word' id='word_1_476' title='bbox 1930 4769 2031 4832; x_wconf 89' lang='lat' dir='ltr'><strong>agens</strong></span> <span class='ocrx_word' id='word_1_477' title='bbox 2062 4769 2121 4834; x_wconf 88' lang='lat' dir='ltr'><strong>per</strong></span> <span class='ocrx_word' id='word_1_478' title='bbox 2138 4773 2163 4810; x_wconf 79' lang='lat' dir='ltr'><strong>ro</strong></span> 
     </span>
     <span class='ocr_line' id='line_1_41' title="bbox 470 4848 2119 4939; baseline 0.002 -26"><span class='ocrx_word' id='word_1_479' title='bbox 470 4851 605 4936; x_wconf 83' lang='lat' dir='ltr'><strong>lloysen</strong></span> <span class='ocrx_word' id='word_1_480' title='bbox 628 4851 734 4914; x_wconf 90' lang='lat' dir='ltr'><strong>iussus</strong></span> <span class='ocrx_word' id='word_1_481' title='bbox 759 4860 808 4914; x_wconf 89' lang='lat' dir='ltr'><strong>est</strong></span> <span class='ocrx_word' id='word_1_482' title='bbox 830 4850 988 4914; x_wconf 86' lang='lat' dir='ltr'><strong>Eleazaro</strong></span> <span class='ocrx_word' id='word_1_483' title='bbox 1018 4851 1178 4915; x_wconf 88' lang='lat' dir='ltr'><strong>sacerdoti</strong></span> <span class='ocrx_word' id='word_1_484' title='bbox 1209 4874 1268 4937; x_wconf 87' lang='lat' dir='ltr'><strong>per</strong></span> <span class='ocrx_word' id='word_1_485' title='bbox 1292 4851 1400 4915; x_wconf 91' lang='lat' dir='ltr'><strong>omnia</strong></span> <span class='ocrx_word' id='word_1_486' title='bbox 1424 4848 1557 4914; x_wconf 89' lang='lat' dir='ltr'><strong>obedire</strong></span> <span class='ocrx_word' id='word_1_487' title='bbox 1581 4861 1678 4937; x_wconf 91' lang='lat' dir='ltr'><strong>atque</strong></span> <span class='ocrx_word' id='word_1_488' title='bbox 1703 4851 1744 4915; x_wconf 93' lang='lat' dir='ltr'><strong>ad</strong></span> <span class='ocrx_word' id='word_1_489' title='bbox 1768 4851 1853 4915; x_wconf 89' lang='lat' dir='ltr'><strong>illius</strong></span> <span class='ocrx_word' id='word_1_490' title='bbox 1876 4853 2048 4939; x_wconf 91' lang='lat' dir='ltr'><strong>imperium</strong></span> <span class='ocrx_word' id='word_1_491' title='bbox 2072 4854 2119 4916; x_wconf 91' lang='lat' dir='ltr'><strong>in-</strong></span> 
     </span>
     <span class='ocr_line' id='line_1_42' title="bbox 468 4956 2118 5046; baseline 0.001 -26"><span class='ocrx_word' id='word_1_492' title='bbox 468 4957 560 5041; x_wconf 86' lang='lat' dir='ltr'><strong>gredi</strong></span> <span class='ocrx_word' id='word_1_493' title='bbox 591 4967 624 5020; x_wconf 89' lang='lat' dir='ltr'><strong>et</strong></span> <span class='ocrx_word' id='word_1_494' title='bbox 654 4957 776 5044; x_wconf 89' lang='lat' dir='ltr'><strong>egredi.</strong></span> <span class='ocrx_word' id='word_1_495' title='bbox 829 4957 903 5021; x_wconf 90' lang='lat' dir='ltr'><strong>Non</strong></span> <span class='ocrx_word' id='word_1_496' title='bbox 939 4959 985 5022; x_wconf 91' lang='lat' dir='ltr'><strong>sic</strong></span> <span class='ocrx_word' id='word_1_497' title='bbox 1020 4958 1081 5021; x_wconf 93' lang='lat' dir='ltr'><strong>fuit</strong></span> <span class='ocrx_word' id='word_1_498' title='bbox 1113 4959 1147 5020; x_wconf 92' lang='lat' dir='ltr'><strong>in</strong></span> <span class='ocrx_word' id='word_1_499' title='bbox 1179 4969 1323 5044; x_wconf 91' lang='lat' dir='ltr'><strong>tempore</strong></span> <span class='ocrx_word' id='word_1_500' title='bbox 1356 4956 1515 5023; x_wconf 83' lang='lat' dir='ltr'><strong>Samuelis</strong></span> <span class='ocrx_word' id='word_1_501' title='bbox 1547 4979 1641 5042; x_wconf 90' lang='lat' dir='ltr'><strong>reges</strong></span> <span class='ocrx_word' id='word_1_502' title='bbox 1671 4959 1821 5043; x_wconf 91' lang='lat' dir='ltr'><strong>ponentis</strong></span> <span class='ocrx_word' id='word_1_503' title='bbox 1853 4969 1885 5022; x_wconf 91' lang='lat' dir='ltr'><strong>et</strong></span> <span class='ocrx_word' id='word_1_504' title='bbox 1915 4959 2118 5046; x_wconf 89' lang='lat' dir='ltr'><strong>deponentis.</strong></span> 
     </span>
     <span class='ocr_line' id='line_1_43' title="bbox 468 5061 2119 5153; baseline 0.003 -27"><span class='ocrx_word' id='word_1_505' title='bbox 468 5061 661 5144; x_wconf 83' lang='lat' dir='ltr'><strong>Zorobabel,</strong></span> <span class='ocrx_word' id='word_1_506' title='bbox 685 5063 769 5127; x_wconf 90' lang='lat' dir='ltr'><strong>filius</strong></span> <span class='ocrx_word' id='word_1_507' title='bbox 788 5063 953 5144; x_wconf 86' lang='lat' dir='ltr'><strong>Salathiel,</strong></span> <span class='ocrx_word' id='word_1_508' title='bbox 978 5063 1020 5127; x_wconf 90' lang='lat' dir='ltr'><strong>de</strong></span> <span class='ocrx_word' id='word_1_509' title='bbox 1045 5066 1136 5149; x_wconf 92' lang='lat' dir='ltr'><strong>regia</strong></span> <span class='ocrx_word' id='word_1_510' title='bbox 1160 5064 1247 5128; x_wconf 91' lang='lat' dir='ltr'><strong>tribu</strong></span> <span class='ocrx_word' id='word_1_511' title='bbox 1263 5063 1465 5128; x_wconf 90' lang='lat' dir='ltr'><strong>descendens</strong></span> <span class='ocrx_word' id='word_1_512' title='bbox 1489 5064 1642 5149; x_wconf 89' lang='lat' dir='ltr'><strong>regisque</strong></span> <span class='ocrx_word' id='word_1_513' title='bbox 1663 5063 1717 5127; x_wconf 89' lang='lat' dir='ltr'><strong>vel</strong></span> <span class='ocrx_word' id='word_1_514' title='bbox 1741 5063 1833 5128; x_wconf 91' lang='lat' dir='ltr'><strong>ducis</strong></span> <span class='ocrx_word' id='word_1_515' title='bbox 1858 5065 2000 5130; x_wconf 88' lang='lat' dir='ltr'><strong>officium</strong></span> <span class='ocrx_word' id='word_1_516' title='bbox 2017 5089 2119 5153; x_wconf 87' lang='lat' dir='ltr'><strong>agens</strong></span> 
     </span>
     <span class='ocr_line' id='line_1_44' title="bbox 467 5169 2118 5260; baseline 0.003 -27"><span class='ocrx_word' id='word_1_517' title='bbox 467 5192 584 5256; x_wconf 91' lang='lat' dir='ltr'><strong>perse</strong></span> <span class='ocrx_word' id='word_1_518' title='bbox 609 5169 709 5234; x_wconf 93' lang='lat' dir='ltr'><strong>nichil</strong></span> <span class='ocrx_word' id='word_1_519' title='bbox 732 5172 939 5256; x_wconf 89' lang='lat' dir='ltr'><strong>presumpsit,</strong></span> <span class='ocrx_word' id='word_1_520' title='bbox 965 5170 1023 5234; x_wconf 90' lang='lat' dir='ltr'><strong>sed</strong></span> <span class='ocrx_word' id='word_1_521' title='bbox 1047 5171 1122 5234; x_wconf 90' lang='lat' dir='ltr'><strong>lesu</strong></span> <span class='ocrx_word' id='word_1_522' title='bbox 1146 5171 1255 5255; x_wconf 90' lang='lat' dir='ltr'><strong>magni</strong></span> <span class='ocrx_word' id='word_1_523' title='bbox 1280 5170 1457 5234; x_wconf 89' lang='lat' dir='ltr'><strong>sacerdotis</strong></span> <span class='ocrx_word' id='word_1_524' title='bbox 1481 5193 1520 5234; x_wconf 91' lang='lat' dir='ltr'><strong>ac</strong></span> <span class='ocrx_word' id='word_1_525' title='bbox 1540 5170 1771 5256; x_wconf 89' lang='lat' dir='ltr'><strong>prophetarum</strong></span> <span class='ocrx_word' id='word_1_526' title='bbox 1796 5195 1853 5236; x_wconf 92' lang='lat' dir='ltr'><strong>suo</strong></span> <span class='ocrx_word' id='word_1_527' title='bbox 1877 5183 2023 5259; x_wconf 91' lang='lat' dir='ltr'><strong>tempore</strong></span> <span class='ocrx_word' id='word_1_528' title='bbox 2047 5196 2118 5260; x_wconf 94' lang='lat' dir='ltr'><strong>pro-</strong></span> 
     </span>
     <span class='ocr_line' id='line_1_45' title="bbox 468 5274 2163 5364; baseline 0.002 -24"><span class='ocrx_word' id='word_1_529' title='bbox 468 5276 671 5362; x_wconf 91' lang='lat' dir='ltr'><strong>phetantium</strong></span> <span class='ocrx_word' id='word_1_530' title='bbox 701 5299 760 5362; x_wconf 91' lang='lat' dir='ltr'><strong>per</strong></span> <span class='ocrx_word' id='word_1_531' title='bbox 783 5278 892 5341; x_wconf 90' lang='lat' dir='ltr'><strong>omnia</strong></span> <span class='ocrx_word' id='word_1_532' title='bbox 915 5276 1158 5363; x_wconf 84' lang='lat' dir='ltr'><strong>exsequebatur</strong></span> <span class='ocrx_word' id='word_1_533' title='bbox 1180 5276 1379 5340; x_wconf 86' lang='lat' dir='ltr'><strong>mandatum.</strong></span> <span class='ocrx_word' id='word_1_534' title='bbox 1427 5274 1621 5340; x_wconf 82' lang='lat' dir='ltr'><strong>Christianis</strong></span> <span class='ocrx_word' id='word_1_535' title='bbox 1653 5278 1751 5341; x_wconf 88' lang='lat' dir='ltr'><strong>etiam</strong></span> <span class='ocrx_word' id='word_1_536' title='bbox 1781 5278 1980 5364; x_wconf 88' lang='lat' dir='ltr'><strong>temporibus</strong></span> <span class='ocrx_word' id='word_1_537' title='bbox 2011 5280 2118 5346; x_wconf 87' lang='lat' dir='ltr'><strong>adhuc</strong></span> <span class='ocrx_word' id='word_1_538' title='bbox 2136 5305 2163 5344; x_wconf 71' lang='lat' dir='ltr'><strong>ss</strong></span> 
     </span>
     <span class='ocr_line' id='line_1_46' title="bbox 468 5381 2117 5470; baseline 0.002 -24"><span class='ocrx_word' id='word_1_539' title='bbox 468 5381 528 5446; x_wconf 90' lang='lat' dir='ltr'><strong>sub</strong></span> <span class='ocrx_word' id='word_1_540' title='bbox 552 5381 684 5468; x_wconf 90' lang='lat' dir='ltr'><strong>regibus</strong></span> <span class='ocrx_word' id='word_1_541' title='bbox 708 5385 844 5470; x_wconf 90' lang='lat' dir='ltr'><strong>paganis</strong></span> <span class='ocrx_word' id='word_1_542' title='bbox 875 5383 1036 5448; x_wconf 89' lang='lat' dir='ltr'><strong>aecclesia</strong></span> <span class='ocrx_word' id='word_1_543' title='bbox 1066 5381 1280 5468; x_wconf 88' lang='lat' dir='ltr'><strong>periclitante,</strong></span> <span class='ocrx_word' id='word_1_544' title='bbox 1311 5395 1419 5447; x_wconf 90' lang='lat' dir='ltr'><strong>tamen</strong></span> <span class='ocrx_word' id='word_1_545' title='bbox 1451 5383 1636 5447; x_wconf 89' lang='lat' dir='ltr'><strong>sacerdotes</strong></span> <span class='ocrx_word' id='word_1_546' title='bbox 1667 5395 1757 5448; x_wconf 87' lang='lat' dir='ltr'><strong>tanta</strong></span> <span class='ocrx_word' id='word_1_547' title='bbox 1780 5384 2000 5470; x_wconf 87' lang='lat' dir='ltr'><strong>fungebantur</strong></span> <span class='ocrx_word' id='word_1_548' title='bbox 2023 5385 2117 5451; x_wconf 90' lang='lat' dir='ltr'><strong>liber-</strong></span> 
     </span>
     <span class='ocr_line' id='line_1_47' title="bbox 468 5488 2118 5578; baseline 0.003 -25"><span class='ocrx_word' id='word_1_549' title='bbox 468 5499 544 5570; x_wconf 87' lang='lat' dir='ltr'><strong>tate,</strong></span> <span class='ocrx_word' id='word_1_550' title='bbox 569 5500 605 5554; x_wconf 88' lang='lat' dir='ltr'><strong>ut</strong></span> <span class='ocrx_word' id='word_1_551' title='bbox 627 5489 745 5554; x_wconf 88' lang='lat' dir='ltr'><strong>nullius</strong></span> <span class='ocrx_word' id='word_1_552' title='bbox 776 5514 918 5577; x_wconf 90' lang='lat' dir='ltr'><strong>unquam</strong></span> <span class='ocrx_word' id='word_1_553' title='bbox 949 5491 1079 5576; x_wconf 85' lang='lat' dir='ltr'><strong>tyranni</strong></span> <span class='ocrx_word' id='word_1_554' title='bbox 1110 5489 1253 5554; x_wconf 87' lang='lat' dir='ltr'><strong>edictum</strong></span> <span class='ocrx_word' id='word_1_555' title='bbox 1284 5489 1469 5554; x_wconf 89' lang='lat' dir='ltr'><strong>sacerdotes</strong></span> <span class='ocrx_word' id='word_1_556' title='bbox 1494 5488 1616 5555; x_wconf 81' lang='lat' dir='ltr'><strong>Christi</strong></span> <span class='ocrx_word' id='word_1_557' title='bbox 1648 5491 1857 5578; x_wconf 89' lang='lat' dir='ltr'><strong>compelleret</strong></span> <span class='ocrx_word' id='word_1_558' title='bbox 1887 5491 1928 5556; x_wconf 89' lang='lat' dir='ltr'><strong>ad</strong></span> <span class='ocrx_word' id='word_1_559' title='bbox 1959 5492 2118 5558; x_wconf 91' lang='lat' dir='ltr'><strong>militandi</strong></span> 
     </span>
    </p>
   </div>
   <div class='ocr_carea' id='block_1_4' title="bbox 578 5729 1469 5806">
    <p class='ocr_par' dir='ltr' id='par_1_12' title="bbox 578 5729 1469 5806">
     <span class='ocr_line' id='line_1_48' title="bbox 578 5729 1469 5806; baseline 0.003 -21"><span class='ocrx_word' id='word_1_560' title='bbox 578 5729 607 5800; x_wconf 88' lang='lat'><strong>1)</strong></span> <span class='ocrx_word' id='word_1_561' title='bbox 632 5730 713 5806; x_wconf 75' lang='lat' dir='ltr'><strong>Verp.</strong></span> <span class='ocrx_word' id='word_1_562' title='bbox 741 5729 802 5787; x_wconf 85' lang='lat' dir='ltr'><strong>Ecl.</strong></span> <span class='ocrx_word' id='word_1_563' title='bbox 828 5729 868 5800; x_wconf 89' lang='lat' dir='ltr'><strong>II,</strong></span> <span class='ocrx_word' id='word_1_564' title='bbox 895 5729 952 5785; x_wconf 83' lang='lat'><strong>65:</strong></span> <span class='ocrx_word' id='word_1_565' title='bbox 977 5731 1065 5785; x_wconf 86' lang='lat' dir='ltr'><strong>trahit</strong></span> <span class='ocrx_word' id='word_1_566' title='bbox 1089 5750 1140 5786; x_wconf 91' lang='lat' dir='ltr'><strong>sua</strong></span> <span class='ocrx_word' id='word_1_567' title='bbox 1163 5750 1303 5803; x_wconf 90' lang='lat' dir='ltr'><strong>quemque</strong></span> <span class='ocrx_word' id='word_1_568' title='bbox 1328 5733 1469 5804; x_wconf 88' lang='lat' dir='ltr'><strong>voluptas.</strong></span> 
     </span>
    </p>
   </div>
   <div class='ocr_carea' id='block_1_5' title="bbox 0 0 2210 6404">
    <p class='ocr_par' dir='ltr' id='par_1_13' title="bbox 0 0 2210 6404">
     <span class='ocr_line' id='line_1_49' title="bbox 0 0 2210 6404; baseline 0 0"><span class='ocrx_word' id='word_1_569' title='bbox 0 0 2210 6404; x_wconf 95' lang='lat' dir='ltr'><strong> </strong></span> 
     </span>
    </p>
   </div>
  </div>
 </body>
</html>
