4426 6398
442 417 506 480 692
722 425 904 482 MARBODI
926 427 1103 482 EPISCOPI
1127 427 1372 484 REDONENSIS
1398 427 1605 486 OPUSCULA
1629 427 1818 493 ALIQUOT.

442 613 605 678 detestatus
635 629 679 678 est
708 629 736 678 et
765 629 827 678 tani
857 629 978 678 austere
1007 639 1039 679 se
1066 619 1172 702 pessit,
1202 630 1235 680 nt
1252 641 1314 702 per
1335 631 1448 703 septeni
1472 640 1571 680 annos
1594 618 1662 680 cibo
1679 631 1820 702 potuque
1849 640 1884 680 se
1908 617 2084 682 abstinuisse

441 721 618 786 diceretur¹
647 735 675 786 et
698 747 799 807 paene
828 725 932 786 sancti
959 726 1138 810 capnornine
1168 738 1333 788 ornaretur
1342 727 1363 786 ².
1410 723 1518 787 Huius
1548 725 1760 788 conversionis
1790 737 1879 787 testes
1909 747 1944 786 ca
1976 747 2086 808 piisque

440 831 560 914 scripta
582 843 663 906 sunt,
687 852 767 913 quae
791 831 850 892 etsi
870 832 1090 893 sententiarum
1114 833 1247 894 rioia'tnn
1263 855 1324 894 non
1341 831 1503 908 acclinat,
1526 831 1599 894 huic
1615 843 1694 894 torno
1711 830 1880 894 inserenda
1900 832 2086 915 putarimus,

442 935 523 1000 duae
553 935 702 1020 epistolae
732 935 778 999 ad
804 950 1000 999 sacramenta
1029 936 1224 1000 sicutenim
1255 939 1490 1024 coniupatorum
1519 951 1700 1023 spectantes,
1728 937 1774 1000 ad
1801 935 2018 1024 Inpclperiurn
2047 939 2090 1001 cel

441 1041 665 1130 Inpunperiuni
696 1043 822 1126 eiusque
845 1041 970 1106 sodales
1000 1042 1103 1122 datae,
1130 1057 1158 1106 et
1186 1044 1320 1131 dapium
1344 1043 1489 1124 Milonis,
1513 1035 1692 1108 cardinalis
1719 1045 1865 1130 episcopi
1884 1042 2113 1123 Praenestinis

442 1173 502 1232 quo
534 1148 572 1212 de
602 1149 732 1212 assiduo
763 1149 853 1212 illius
888 1163 994 1212 canan
1029 1151 1219 1214 simoniacos
1253 1153 1420 1215 certamine
1454 1153 1569 1236 apitiir.
1623 1150 1672 1214 De
1705 1150 1885 1238 Inpelperia
1923 1151 1981 1214 illo
2015 1151 2090 1214 nihil

443 1268 574 1334 constat,
604 1257 673 1320 nisi
693 1255 778 1340 qnod
800 1255 933 1320 Roberti
954 1255 991 1320 de
1015 1255 1206 1335 Arbrisselo,
1232 1259 1402 1344 praeclari
1429 1257 1554 1321 ordinis
1576 1259 1792 1322 coenobiorum
1817 1257 1932 1320 Fontis
1956 1255 2091 1320 Ebraldi

441 1363 589 1441 arietaria,
613 1363 872 1449 relipiosissinrus
895 1363 1014 1426 assecla
1039 1387 1107 1427 cuin
1130 1367 1226 1428 sociis
1250 1367 1283 1428 in
1302 1365 1385 1428 silua
1409 1378 1497 1428 casta
1520 1363 1567 1428 ad
1581 1364 1773 1450 Falacrias³
1798 1363 2001 1450 (‘Fouperes,
2025 1363 2086 1448 dep.

442 1467 794 1550 d’Ille-et·Vilaine'),
819 1471 852 1532 in
876 1468 1014 1532 confinio
1035 1466 1319 1534 Oennomannicas
1336 1470 1610 1555 Britannicaeque
1634 1470 1776 1556 regionis
1799 1473 1874 1549 siai,
1897 1493 1980 1555 quae
2004 1471 2089 1554 quasi

442 1573 544 1638 altera
558 1573 730 1660 Aegyptus
753 1573 956 1638 multitudine
974 1575 1180 1640 eremitarum
1202 1599 1262 1662 per
1277 1577 1423 1641 diversas
1440 1576 1573 1641 cellulas
1588 1575 1806 1640 habitantium
1829 1591 1902 1640 tanc
1923 1574 2060 1639 florebat
2069 1580 2088 1656 ⁴,
2105 1599 2125 1636 u

440 1683 618 1746 solitariam
644 1684 739 1746 ritant
761 1685 857 1768 sperit
879 1683 985 1768 ibique
1001 1683 1169 1748 Bobcrtinn
1192 1699 1313 1748 secutus
1336 1699 1442 1749 contra
1459 1687 1538 1749 sitia
1554 1685 1738 1749 clericorum
1755 1684 1988 1748 studiosissime
2000 1708 2089 1769 prae-

442 1789 604 1854 dicaverit.
640 1789 689 1851 Ac
712 1791 892 1874 coniupatos
915 1789 1041 1874 quidem
1065 1792 1195 1854 clericos
1218 1792 1349 1877 epi'stola
1373 1791 1510 1878 quadarn
1535 1805 1642 1855 carina
1658 1794 1802 1878 priorem
1821 1789 1980 1855 Murbodi
1999 1790 2089 1870 celita,

441 1920 520 1981 quiae
543 1898 576 1960 si
596 1919 656 1958 reon
676 1899 786 1982 periit,
810 1899 986 1960 etiamnunc
1010 1897 1092 1976 latet,
1120 1897 1300 1975 haereticos,
1325 1921 1396 1982 erpo
1421 1897 1565 1962 citandos
1589 1922 1652 1962 esse
1668 1897 1784 1984 fusius
1807 1899 1953 1982 esposuit
1959 1921 1970 1977 3
2000 1921 2089 1982 quarn

439 2004 620 2068 sententiam
637 2003 813 2066 Morbodas
837 2004 870 2067 in
880 2005 1056 2090 posteriore
1078 2005 1210 2089 epistola
1226 2027 1286 2068 non
1303 2007 1504 2090 improbavit,
1527 2019 1561 2068 at
1581 2029 1619 2068 ne
1642 2007 1787 2070 eremita-e
1805 2004 1924 2068 iudicis
1948 2005 2088 2091 officium

439 2111 506 2174 sibi
530 2124 716 2194 arroparent
745 2109 1020 2196 iurisdictioniqne
1051 2111 1237 2175 ordinariae
1267 2113 1411 2196 episcopi
1437 2111 1517 2176 hanc
1547 2135 1674 2175 cainam
1705 2111 1911 2188 detraherent,
1936 2112 2125 2196 poposcitis

444 2217 510 2293 Quo
534 2231 668 2303 ternpore
685 2241 826 2302 parrone
842 2217 921 2280 hanc
937 2219 1179 2282 controversiam
1196 2219 1349 2298 habuerit,
1372 2243 1435 2282 non
1457 2220 1535 2282 satis
1558 2231 1676 2282 constat
1697 2199 1794 2303 nequi
1817 2219 1997 2281 coniectura
2016 2241 2087 2302 pro

441 2325 544 2388 babili
564 2327 693 2409 assequi
707 2348 802 2410 preesse
826 2323 909 2388 inihi
929 2323 1046 2388 uideor.

547 2431 651 2494 Mihrf¹
676 2432 729 2494 ille
753 2433 939 2495 rnorrasterii
958 2455 982 2494 s.
1000 2431 1117 2495 rttttni
1133 2431 1371 2518 Andepauensis
1393 2431 1540 2496 alternans
1562 2445 1637 2496 erat.
1674 2430 1766 2494 Anna
1785 2431 1880 2494 1093.
1905 2456 1926 2494 a
1946 2429 2089 2494 Gerardo

440 2540 549 2602 abbate
565 2537 698 2601 Romane
723 2540 837 2602 ini'ssns
860 2538 899 2602 ab
919 2537 1043 2602 Urbana
1061 2537 1105 2600 [Ι.
1126 2563 1217 2626 papa
1244 2540 1274 2602 in
1297 2541 1418 2602 auriane
1443 2552 1582 2624 receptus
1606 2551 1634 2601 et
1655 2563 1684 2601 a.
1701 2539 1795 2600 1098.
1821 2537 2004 2602 cardinalis
2027 2539 2088 2622 epi·

439 2669 551 2732 scapus
581 2645 802 2709 Praenestinus
829 2645 943 2731 factus
977 2659 1028 2708 est.
1082 2645 1176 2708 ritino
1206 2647 1299 2709 1095.
1340 2643 1498 2709 Urbanum
1532 2647 1564 2708 in
1597 2643 1726 2708 Gallias
1755 2646 1919 2708 comitatus
1950 2658 2008 2724 cst,
2039 2645 2092 2706 nbi
2104 2665 2126 2704 n

440 2754 521 2816 inter
545 2751 692 2816 Britones
716 2764 744 2814 et
765 2753 943 2836 Aquitanos
974 2753 1072 2837 hepati
1097 2775 1223 2816 retinere
1239 2752 1376 2839 functirs
1405 2765 1512 2816 contra
1539 2753 1751 2816 sinioniacas⁶
1772 2765 1894 2814 sacrius
1923 2751 2089 2814 dimicasse

439 2859 554 2942 fertur.
594 2857 687 2922 Arina
707 2858 817 2921 llO2.³
839 2858 973 2922 secundo
991 2861 1136 2944 patriani
1156 2860 1258 2944 petiit,
1283 2872 1316 2922 nt
1338 2859 1421 2922 litem
1446 2861 1590 2944 episcopi
1605 2858 1896 2945 Anpustadunensis
1920 2872 1949 2922 et
1970 2859 2089 2921 abbatis

444 2965 662 3028 (lisiniacensis
685 2965 887 3030 diiudicaret.
934 2965 1049 3029 Paullo
1065 2979 1142 3051 past
1162 2979 1301 3029 mortuus
1324 2990 1388 3030 esse
1412 2965 1543 3029 ridetur.
1591 2965 1684 3028 lirino
1708 2967 1789 3029 enim
1815 2965 1910 3027 1105.
1943 2963 2020 3027 Dec.
2038 2965 2087 3026 27.

444 3071 620 3152 C'onradus,
644 3073 711 3135 eius
734 3097 902 3152 successor,
925 3072 1027 3136 sedern
1045 3071 1282 3136 Praenestinam
1307 3074 1371 3136 iani
1395 3075 1528 3136 wnui'sse
1548 3071 1697 3136 dicitur⁸.
1744 3071 1831 3134 Unde
1854 3097 1883 3134 a.
1897 3072 1976 3158 fere
1995 3071 2086 3133 1105.

440 3178 496 3242 hac
520 3177 674 3242 Marbodi
694 3179 828 3262 elopi'uni
852 3181 1053 3264 conipositum
1077 3204 1141 3243 esse
1165 3180 1286 3268 callipo.

551 3285 691 3362 Codices,
716 3310 792 3371 qiios
808 3285 1037 3372 Beanpendre⁰
1053 3287 1201 3372 epistolas
1218 3300 1246 3350 et
1260 3286 1417 3350 Mobillan
1429 3289 1454 3327 ¹⁰
1471 3285 1575 3368 (inser.
1592 3310 1617 3349 s.
1635 3285 1752 3349 Albini
1764 3284 1944 3371 Anilepau.)
1967 3309 2089 3348 carmen
2179 3292 2181 3301 ¹

440 3393 561 3456 edituri
586 3392 805 3470 adhibuerant,
835 3395 1025 3480 ineestipari
1052 3395 1117 3456 iarn
1148 3417 1206 3457 non
1236 3407 1388 3478 poterant.
1438 3391 1637 3478 Quapropter
1660 3416 1765 3456 carreni
1789 3391 1955 3455 editione-in
1977 3392 2090 3476 paucis

441 3501 587 3563 correctis
611 3513 746 3584 repetere
769 3499 858 3562 nabis
882 3523 960 3584 opus
975 3501 1057 3587 fuit.
1255 3487 1256 3490 Ἴ

569 3623 768 3688 Besrolini
794 3649 823 3688 a.
844 3625 939 3688 1896.
965 3623 1045 3687 Noc
1067 3625 1115 3686 12.
1671 3623 1714 3686 Η.
1741 3622 1982 3686 BOEHMER.

1249 3785 1275 3848 Ι.
1638 3782 1642 3792 ’
2106 3804 2128 3842 n

549 3901 577 3961 l.
610 3897 834 3963 Marbodus
858 3899 1049 3964 minimus
1074 3901 1368 3986 episcoporum
1392 3897 1627 3984 ingilgerio
1653 3898 1868 3968 servoDsi
1893 3897 2088 3963 solitario

440 4015 479 4068 et
507 4004 716 4069 iratribus
748 4003 983 4070 solitariam
1007 4007 1134 4070 vitam
1166 4029 1301 4070 secum
1333 4004 1552 4092 agentibus
1582 4007 1810 4092 Appellare
1834 4007 1960 4070 lucem
1986 4008 2088 4071 diem

304 4138 419 4187 cenna
439 4127 473 4176 ct
502 4115 690 4177 tenebras
719 4129 877 4178 noctem.

545 4217 635 4282 inter
657 4218 758 4283 multe
787 4218 874 4284 bona
898 4242 981 4306 quaa
1006 4219 1046 4286 da
1071 4230 1180 4284 vestra
1203 4221 1373 4284 sanctitate
1398 4219 1629 4306 praedicantur
1652 4217 1846 4300 audivimus
1871 4217 1960 4305 quod
1983 4219 2088 4283 zelum

259 4352 419 4400 unsarai.
438 4323 503 4388 Dei
532 4321 661 4388 habetis
693 4336 805 4390 contra
830 4325 981 4412 indignos
1005 4327 1202 4409 sacerdotes,
1233 4326 1292 4390 sed
1318 4350 1384 4391 nan
1407 4324 1585 4391 secundum
1610 4327 1789 4390 scientiam.
1834 4325 1967 4390 Dicitur
1992 4328 2087 4407 enim,
2106 4354 2129 4393 a

548 4493 576 4562 1)
603 4492 651 4566 Cf.
677 4494 735 4552 eius
758 4494 938 4570 epitaphium,
964 4497 1092 4557 Ernaalt
1113 4499 1131 4553 l.
1149 4499 1166 4554 l.
1186 4517 1219 4572 p.
1239 4496 1313 4552 239.
1414 4495 1444 4564 2)
1468 4495 1545 4552 ibid.
1644 4493 1675 4569 3)
1698 4494 1796 4552 Alexis
1820 4492 1975 4565 Lobineau,
2002 4495 2087 4552 ‘H'nr

438 4600 473 4655 de
496 4601 524 4656 la
543 4599 702 4676 Breta'pne’
727 4595 810 4676 (liene
825 4591 953 4677 IV'W)
978 4602 1003 4672 I,
1022 4623 1055 4678 p.
1076 4604 1147 4660 117.
1239 4600 1271 4678 4)
1293 4603 1427 4660 Baldrici
1447 4603 1510 4660 Vita
1534 4602 1650 4660 Rabsrti
1664 4601 1788 4660 Arbriss.
1813 4621 1836 4658 c.
1856 4601 1892 4657 17
1900 4622 1911 4670 ,·
1935 4600 2010 4658 Acta
2034 4600 2088 4658 SS.

438 4705 526 4772 Febr.
546 4705 585 4761 25
610 4703 676 4780 (VI,
697 4727 729 4783 p.
748 4703 834 4783 604).
905 4706 936 4783 5)
961 4708 1010 4780 Os.
1030 4711 1065 4766 de
1085 4730 1116 4767 eo
1137 4709 1221 4768 ‘Hist
1239 4709 1332 4767 litter!
1349 4711 1387 4780 X,
1406 4730 1440 4784 p.
1458 4709 1495 4765 19
1512 4730 1554 4786 sq.
1624 4708 1654 4778 6)
1678 4709 1725 4766 De
1747 4709 1922 4765 sacerdotem
1937 4706 2090 4765 Britanni-in

438 4811 558 4869 nirionia
582 4814 622 4883 cs.
647 4813 789 4888 epistulam
813 4815 930 4872 Robcrti
952 4817 986 4873 dc
1009 4816 1166 4874 Arbrnsela
1188 4818 1230 4873 ad
1253 4809 1668 4892 Ernrenparderucamitissanr
1693 4816 1798 4884 datanu
1824 4813 1906 4870 ‘Bibh
1932 4815 1967 4870 dc
1990 4815 2090 4872 t’e'cale

440 4920 488 4976 des
511 4919 635 4976 chartes'
660 4915 777 4996 (1854)
798 4941 830 4996 p.
849 4921 910 4978 208
928 4943 970 4998 sq.
1006 4921 1071 4980 Non
1096 4925 1216 4980 deuant
1237 4923 1359 4999 episcopi
1381 4923 1429 4998 qui
1450 4921 1584 4980 uxoribus
1606 4930 1749 4979 uterennir
1764 4921 1889 4998 filiisque
1912 4921 2090 4996 qrncopatus
2106 4941 2131 4979 ro

439 5033 574 5100 tanquam
598 5026 733 5083 haeredia
756 5028 961 5104 relinque-ean
992 5030 1032 5100 cs.
1051 5029 1196 5086 Lobineau
1218 5031 1271 5087 ll.
1296 5029 1321 5099 I,
1342 5031 1368 5098 l,
1387 5049 1420 5104 p.
1439 5031 1468 5086 3.
1583 5028 1613 5098 7)
1641 5028 1739 5086 Mansi
1762 5037 1779 5084 t.
1798 5027 1865 5096 XX,
1889 5028 2090 5084 6011161-

444 5131 536 5187 1164.
562 5133 663 5188 charta
678 5135 713 5194 de
729 5135 844 5192 canalio
862 5135 1036 5196 Massiliensi
1059 5156 1094 5192 err
1110 5137 1285 5193 chartulario
1303 5135 1484 5195 Oluniacensi
1499 5137 1577 5194 data.
1614 5135 1701 5200 Quod
1721 5134 1865 5192 concilium
1888 5133 1926 5190 ibi
1946 5154 1975 5191 a.
1994 5133 2087 5190 1103.

440 5237 562 5294 habiturn
585 5258 643 5295 csse
666 5240 776 5296 dicitur.
825 5242 884 5298 Sed
909 5241 1074 5313 interfuisse
1097 5242 1227 5300 rlicuritin
1252 5241 1403 5300 Gerardiis
1429 5242 1656 5318 archiepiscopus
1680 5243 1714 5298 de
1737 5241 1851 5310 Euroia
1875 5239 2032 5298 Herbertus
2055 5242 2090 5297 de

448 5343 570 5414 litsard,
594 5345 733 5404 liebertus
756 5348 900 5422 episcopus
925 5347 1088 5418 Castrensis,
1116 5367 1185 5424 qaas
1207 5369 1236 5406 a.
1256 5349 1350 5406 1102.
1375 5349 1485 5406 incurrite
1508 5349 1629 5406 Itonrani
1647 5368 1703 5424 per
1727 5346 1841 5406 Gallias
1858 5347 2008 5422 profectos
2030 5367 2090 5404 csse

441 5457 492 5505 aut
507 5469 565 5524 per
590 5449 703 5509 Gallias
726 5454 819 5510 Roma
842 5455 989 5516 revertisse
1013 5463 1137 5523 caristat;
1166 5455 1205 5526 cs.
1228 5457 1312 5514 Man
1330 5455 1461 5524 Schneitz,
1486 5454 1560 5512 ‘Der
1583 5457 1655 5532 enpl.
1673 5453 1915 5512 Inuesbturstreit'
1934 5473 1967 5528 p.
1988 5453 2027 5520 30
2045 5473 2088 5529 sq.
2106 5474 2131 5513 ri

440 5555 471 5623 8)
498 5554 596 5626 Garris,
622 5558 716 5617 Series
739 5561 930 5636 epucrporuni
949 5581 981 5637 p.
999 5568 1073 5618 XVI.
1139 5561 1170 5632 9)
1197 5561 1496 5619 0011395-1398
1522 5558 1644 5638 (Mipne,
1669 5561 1778 5618 Patrol.
1800 5568 1819 5616 t.
1835 5559 1906 5628 171,
1931 5562 1981 5616 col.
2003 5559 2086 5616 1472

440 5659 593 5736 «1474).
677 5666 727 5734 10)
753 5667 879 5724 Annales
904 5667 974 5724 Orci.
999 5689 1021 5726 s.
1039 5669 1146 5726 Beried.
1171 5670 1202 5739 V,
1221 5689 1254 5744 p.
1274 5669 1346 5724 670.
1393 5669 1473 5726 Unde
1495 5669 1631 5743 repetitur
1653 5687 1672 5724 a
1698 5667 1815 5744 Mipnia,
1840 5665 1949 5723 Patrai.
1975 5667 2087 5734 1171,

441 5771 490 5824 col.
512 5770 741 5829 lass—1686.
