4386 6390
454 391 518 454 554
736 397 915 454 CARMINA
939 397 993 454 AD
1018 397 1186 454 SCHISMA
1209 395 1529 456 ALEXANDRINUM
1552 390 1829 454 PERTINENTLA.

774 585 838 649 Pro
863 583 1018 650 cathedra
1040 585 1130 649 Petri
1154 585 1231 650 dum
1255 595 1358 650 certat
1380 595 1516 672 uterque
1540 585 1686 668 duorum,

827 691 917 756 Dum
941 713 999 756 sua
1021 689 1094 778 plus
1119 701 1243 774 curant,
1267 691 1308 756 de
1331 713 1431 778 grege
1456 715 1535 758 cura
1556 693 1663 757 minor
1673 697 1693 758 ¹.

715 815 747 864 15
777 797 936 884 Corrupto
960 799 1061 884 partis
1085 799 1175 863 virus
1198 809 1364 884 grassatur
1386 800 1421 862 in
1444 821 1565 882 omnes,

828 905 871 970 Et
894 905 1011 992 capitis
1034 904 1171 991 languor
1193 904 1347 990 languida
1370 904 1517 970 membra
1538 907 1627 971 facit.

775 1011 820 1077 Ut
843 1011 984 1076 trabium
1006 1034 1112 1076 nexus
1135 1012 1226 1098 viget
1248 1014 1446 1098 astringente
1470 1012 1598 1095 cavilla,

828 1119 911 1184 Hac·
926 1119 1024 1183 etiam
1047 1129 1143 1206 rupta
1164 1119 1327 1205 rumpitur
1348 1118 1402 1184 ille
1426 1119 1537 1184 simul:

777 1225 831 1290 Sic
855 1227 911 1291 uni
934 1226 1035 1312 capiti
1058 1224 1135 1290 dum
1159 1224 1251 1312 plebs
1275 1225 1395 1290 devota
1418 1225 1550 1308 cohesit,

714 1349 749 1398 20
829 1332 905 1398 Una
926 1333 1004 1416 fuit,
1029 1331 1192 1419 duplicem
1216 1331 1373 1418 compulit
1396 1355 1467 1396 esse
1491 1332 1622 1420 duplex.

778 1439 872 1504 Unde
897 1438 978 1504 solet
1000 1437 1178 1503 membris⁸
1201 1461 1277 1525 pax,
1302 1439 1416 1526 glorie,
1440 1441 1509 1504 vita
1531 1441 1653 1522 venire,

829 1546 915 1611 Hinc
938 1545 1040 1628 dolor,
1064 1546 1139 1610 hinc
1162 1545 1278 1628 luctus,
1302 1545 1379 1611 hinc
1402 1547 1493 1611 necis
1516 1548 1585 1612 exit
1608 1545 1697 1612 odor.

291 1637 435 1744 „wilm
777 1653 841 1734 Qui
865 1653 932 1718 sals
957 1652 1102 1718 doctrine
1126 1653 1232 1718 fatuos
1256 1652 1389 1720 condire
1412 1652 1574 1736 iubentur,

831 1759 886 1824 Sal
909 1759 1034 1824 fatuum
1058 1759 1138 1824 facti
1160 1759 1323 1846 quaslibet
1346 1760 1517 1825 infatuant.

715 1882 748 1930 25
777 1866 941 1931 lrradians
964 1865 1041 1932 olim
1064 1876 1178 1932 cuntot
1202 1877 1313 1932 erecta
1336 1866 1470 1932 lucerna

829 1973 923 2038 Nunc
946 1975 1089 2038 moriens
1111 1974 1224 2056 fumat,
1247 1997 1334 2040 nunc
1357 1972 1520 2039 labefacta
1542 1975 1637 2039 iacet.

776 2080 845 2145 Iam
871 2081 1017 2167 sequitur
1038 2103 1144 2167 reges,
1169 2082 1234 2145 iam
1257 2081 1359 2144 servit
1380 2079 1513 2166 regibus
1536 2081 1624 2162 illul,

831 2185 902 2268 Que
927 2187 1073 2251 residens
1096 2186 1228 2274 regnisb
1251 2188 1344 2274 regia
1366 2188 1437 2252 iura
1460 2187 1568 2253 dabat.

776 2292 897 2358 Libera
920 2295 1061 2380 captiva,
1085 2293 1166 2359 felix
1188 2293 1384 2376 miseranda,
1408 2295 1556 2360 modesta

715 2418 748 2466 30
830 2401 1006 2488 Preceps0,
1030 2399 1176 2465 sublimis
1200 2400 1321 2483 infima,
1346 2401 1438 2467 dives
1462 2425 1571 2487 egens,

777 2507 904 2594 Sponsa
926 2507 993 2572 Dei
1014 2519 1203 2590 monstrum,
1226 2506 1328 2573 iudex
1350 2531 1417 2592 rea,
1441 2519 1544 2574 mater
1566 2507 1696 2592 acerba,

830 2613 905 2679 Una
928 2614 1061 2701 duplex,
1085 2614 1215 2680 fervens
1238 2615 1369 2702 frigida,
1392 2615 1508 2702 pulcra
1530 2613 1655 2702 biceps.

778 2721 868 2803 Quas
892 2720 993 2786 semel
1016 2723 1130 2804 evasit,
1154 2745 1265 2786 rursus
1289 2732 1462 2786 revocatur
1485 2721 1527 2786 ad
1549 2721 1668 2805 undas;

829 2829 873 2893 Et
896 2850 1012 2893 secura
1034 2829 1140 2893 minus
1163 2828 1299 2894 fluctuat
1322 2851 1399 2894 arca
1421 2828 1503 2894 Noe.

714 2953 748 3000 35
775 2935 971 3000 Nsviculam
994 2936 1093 3018 Petri,
1118 2957 1215 3022 quam
1239 2956 1323 3022 pene
1346 2935 1492 3021 pericula
1514 2935 1664 3021 perdunt,

830 3042 934 3129 Urget
956 3042 1069 3130 prede,
1093 3055 1225 3106 manent
1248 3065 1340 3124 saxa,
1364 3041 1509 3128 procella
1531 3043 1624 3128 rapit,

776 3149 911 3215 Fluctus
935 3159 1143 3236 consurgunt,
1167 3149 1244 3214 furit
1267 3160 1385 3231 auster,
1410 3149 1570 3235 frangitur
1592 3148 1698 3232 arbor,

832 3255 915 3321 Vela
936 3255 1050 3337 fluunt,
1074 3257 1192 3344 puppis
1217 3255 1361 3338 solvitur,
1385 3256 1474 3321 unda
1498 3254 1593 3320 subit.

564 3455 592 3518 a)
613 3456 650 3508 ita
669 3457 742 3507 Watt.
761 3467 784 3506 et
803 3457 896 3519 Haar„
916 3458 1040 3508 menibus
1058 3457 1131 3508 Rern.
1204 3453 1232 3519 b)
1253 3460 1364 3524 rengnis
1381 3476 1402 3510 c.
1474 3456 1500 3520 c)
1522 3473 1620 3524 propes
1639 3457 1712 3508 Watt.
1725 3465 1749 3506 et
1767 3457 1851 3506 Hartr.

569 3633 597 3716 1)
617 3639 665 3711 Of.
683 3639 762 3696 Dial.
788 3640 823 3696 de
833 3639 942 3714 pontis.
959 3639 1041 3698 Rom.
1059 3642 1122 3696 eccl.
1140 3659 1230 3715 supro
1247 3659 1281 3716 p.
1300 3637 1373 3696 530.
1444 3631 1474 3715 2)
1497 3638 1590 3694 Victor
1606 3637 1659 3695 IV.
1677 3638 1719 3694 od
1734 3637 1912 3694 Fridericum
1929 3637 1954 3692 I.
1972 3635 2092 3712 consopit.
