4386 6390
407 397 585 454 CARMINA
606 398 661 452 AD
686 395 854 452 SCHISMA
877 391 1197 450 ALEXANDRINUM
1220 392 1495 450 PERTINENTIA.

404 595 440 649 45
469 583 511 648 Se
535 584 720 670 quicunque
744 584 837 669 regit,
861 605 921 646 rex
945 593 1003 646 est.
1051 581 1116 662 Qui
1139 581 1209 646 vult
1232 603 1402 668 superesse

521 689 680 755 Omnibus
703 691 858 776 imperiis,
882 690 1020 775 imperet
1042 690 1113 775 ipse
1137 687 1209 754 sibi.

470 797 505 864 Si
529 807 653 861 mentes
677 797 852 883 sequimur,
877 819 897 860 a
919 794 1013 860 nobis
1036 795 1187 860 fallimur.
1234 783 1346 860 Hostis

521 903 581 968 Est
605 902 677 986 sibi,
702 903 850 989 quisquis
873 913 960 967 emat
983 902 1139 989 quioquid
1163 925 1273 966 amare
1297 903 1397 966 iuvat.

466 1011 592 1076 Forsan
615 1032 688 1074 emo
711 1009 868 1074 mnndum
890 1032 952 1073 nec
976 1021 1063 1074 amat
1085 1031 1136 1074 me
1161 1009 1300 1074 mundus
1323 1020 1496 1090 amantem,

388 1129 423 1182 50
501 1117 599 1182 Ridet
622 1119 709 1181 etin
733 1117 801 1180 risu
823 1115 941 1180 flebilis
964 1117 1014 1180 ira
1035 1115 1123 1180 latet.

466 1223 520 1288 Nil
543 1225 589 1288 ita
611 1247 670 1288 nos
694 1222 786 1305 fallit,
811 1224 888 1309 quia
911 1245 991 1309 quos
1014 1224 1131 1287 invitat
1153 1223 1195 1287 ad
1219 1245 1290 1288 esso

518 1329 571 1394 Ad
595 1353 659 1394 uon
683 1353 754 1394 esse
778 1329 885 1394 trabit.
933 1329 1026 1410 Quae
1051 1332 1137 1411 serit,
1163 1331 1232 1416 ipse
1256 1325 1357 1394 metit.

467 1435 597 1501 Riserst
619 1435 673 1501 ille
698 1435 754 1501 diu
777 1434 846 1500 tibi.
895 1435 994 1523 Spem
1019 1436 1154 1500 dederat
1177 1436 1235 1500 tibi
1259 1438 1352 1500 risus.

519 1544 569 1607 Ve
593 1543 669 1608 tibil
694 1565 751 1630 spe
775 1553 912 1608 steteras
936 1553 1051 1626 stante,
1076 1553 1189 1608 ruente
1214 1545 1290 1608 ruis.

403 1662 438 1716 55
465 1651 515 1714 Ve
539 1648 615 1714 tibi!
640 1660 779 1736 quantus
803 1652 891 1714 eras!
915 1673 977 1737 par
998 1652 1084 1737 patri
1106 1673 1190 1736 pene
1214 1649 1267 1714 vel
1290 1649 1372 1714 alter

517 1755 548 1820 A
571 1768 680 1844 patre;
705 1779 780 1820 nam
803 1757 926 1843 primus
950 1755 1014 1839 ille,
1039 1757 1200 1822 secundus
1224 1779 1307 1821 eras,

465 1863 627 1950 Splendor
650 1885 757 1950 opum,
782 1865 912 1949 generis
936 1865 1100 1944 maiestas,
1124 1864 1210 1928 utilis
1235 1867 1346 1928 set21s1

517 1969 722 2035 Pretulerant
746 1971 869 2035 cunctis
892 1981 925 2034 te
948 1971 1011 2034 tris
1033 1970 1130 2035 laude
1153 1972 1261 2052 trium,

462 2077 565 2141 Fama
587 2100 726 2162 magnus
751 2099 823 2140 eras
847 2088 879 2142 et
902 2078 1029 2163 magnis
1052 2079 1164 2160 maior,
1189 2089 1225 2142 ut
1248 2100 1336 2142 esses

403 2195 438 2249 60
519 2184 693 2264 Maximus,
718 2183 779 2248 hoc
804 2183 907 2248 solum
932 2184 1049 2249 defuit:
1075 2207 1146 2248 esse
1171 2207 1300 2272 papam.

464 2291 534 2355 Nec
557 2313 695 2376 magnus
718 2313 779 2355 nec
803 2293 907 2355 maior
930 2293 993 2356 eris
1016 2314 1077 2355 nec
1100 2293 1276 2356 maximus:
1301 2293 1336 2355 in
1359 2301 1390 2355 te

518 2398 686 2484 Dsmpnat
709 2408 880 2484 utrumque
904 2397 1042 2482 gradum
1066 2400 1180 2462 tertius
1203 2397 1257 2462 ille
1281 2397 1413 2484 gradus.

464 2505 535 2568 Iam
558 2503 616 2569 tibi
641 2504 792 2570 diffidens
816 2503 931 2592 opibus
955 2504 1108 2588 confidis3
1133 2526 1296 2592 opumque

518 2610 566 2674 Te
590 2610 674 2676 male
699 2611 921 2676 Theutonicus
944 2609 1032 2675 orbis
1056 2612 1171 2676 adorat
1193 2633 1265 2698 ope.

403 2727 438 2780 65
465 2717 574 2803 Erigit
595 2719 630 2781 in
653 2727 791 2782 statuam
816 2727 848 2782 te
872 2740 986 2782 cursus
1010 2730 1042 2782 et
1065 2719 1113 2782 ira
1136 2719 1277 2784 furoris²

517 2824 743 2889 Theutonicil.
790 2823 862 2890 Sibi
885 2847 945 2910 par
968 2835 1070 2890 certat
1093 2824 1215 2890 habere
1238 2848 1361 2913 parem.

464 2930 602 2995 Nonnisi
625 2930 693 2996 solo
717 2930 776 2995 tibi
799 2930 965 2996 blanditur
988 2931 1118 2997 Cessris
1142 2932 1226 3015 aula,

518 3038 695 3124 Errorique
719 3048 792 3103 tuus
817 3038 955 3103 consulit
977 3039 1030 3102 ille
1053 3050 1118 3104 tuo.

464 3144 508 3208 Et
530 3145 616 3230 regit
639 3167 781 3210 errorem
804 3168 873 3227 rex,
898 3155 930 3210 et
953 3168 1064 3232 regem
1087 3147 1171 3233 regit
1194 3169 1293 3228 error,

404 3263 438 3316 to
518 3252 616 3315 Errat
637 3273 699 3316 neo
722 3253 846 3337 regitur
867 3275 929 3317 nec
953 3254 1037 3338 regit
1060 3252 1140 3317 orba
1162 3253 1254 3318 fides.

465 3358 553 3444 Ergo
577 3368 671 3442 regat
693 3381 752 3422 rex
776 3381 919 3423 summus
943 3382 1017 3423 eum
1040 3361 1194 3446 Petrique
1219 3361 1361 3424 carinam

518 3464 659 3550 Dirigat,
683 3475 719 3529 ut
741 3475 868 3551 mergat
890 3464 978 3529 nulla
1001 3465 1143 3530 caribdis
1169 3489 1250 3531 eum.

467 3571 573 3656 Mergi
596 3593 661 3635 non
684 3573 823 3658 poterit⁸
847 3571 975 3636 Christo
1000 3570 1062 3636 sibi
1085 3574 1218 3659 remige,
1244 3575 1392 3659 quamvis

517 3678 652 3741 Heresis
675 3678 815 3764 impulsu
838 3678 972 3743 fluctuet
994 3678 1049 3742 illa
1072 3689 1157 3743 tuae.

731 3873 820 3962 (111.)
855 3874 915 3938 De
939 3874 1199 3960 apostolicis.

464 3997 613 4061 Ecclesie
639 3996 767 4062 culmen
790 3998 887 4063 velud
910 4000 944 4062 in
968 3998 1032 4062 duo
1057 4022 1177 4064 comus
1201 4001 1307 4082 cessit,

518 4104 562 4168 Et
585 4115 683 4191 capnt
706 4127 726 4169 a
748 4103 902 4171 membris
926 4116 1056 4192 separat
1079 4105 1178 4170 hostis
1203 4117 1306 4170 atrox.

463 4210 535 4275 Iam
557 4210 714 4297 reprobus
736 4213 836 4298 piscis
859 4212 1015 4299 dirumpit
1036 4213 1140 4276 retiab
1164 4214 1263 4295 Petri,

518 4318 589 4382 Iam
612 4319 673 4400 fur,
697 4340 762 4382 nou
785 4329 896 4403 pastor
918 4320 1016 4382 intrat
1039 4318 1123 4384 ovile
1146 4319 1222 4383 Dei.

419 4440 435 4488 5
467 4425 531 4489 Pro
554 4434 682 4511 pastore
707 4422 794 4488 subit
816 4436 936 4512 raptor,
961 4448 1019 4511 pro
1043 4435 1135 4512 patre
1159 4428 1316 4508 tirannus,

518 4531 581 4595 Pro
605 4532 724 4616 pietate
749 4532 847 4613 ferus,
870 4553 929 4618 pro
953 4533 1078 4597 ratione
1101 4533 1199 4597 furor.

465 4637 643 4724 Vipereum
665 4659 798 4723 germen
822 4637 984 4702 corrodit⁰
1008 4641 1135 4702 viscera
1157 4641 1299 4722 matrisl,

518 4743 561 4807 Et
586 4745 654 4807 sine
678 4743 859 4808 visceribus
883 4744 952 4808 vult
975 4754 1068 4831 pater
1091 4768 1162 4810 esse
1185 4747 1376 4832 patrones

467 4849 636 4936 Usurpsns
660 4852 787 4937 apicem
811 4874 971 4916 summum
994 4851 1179 4916 discrimino
1204 4875 1338 4936 summo,

404 4973 436 5020 10
521 4956 661 5020 Pestifer
684 4967 733 5020 est
756 4957 838 5040 aliis,
863 4958 996 5044 pestifer
1018 4959 1089 5044 ipse
1113 4957 1185 5023 sibi.

467 5061 563 5128 Sedis
587 5063 764 5149 apostolice
789 5074 952 5128 certamen
976 5063 1094 5129 dividit
1117 5063 1238 5148 orbem,

520 5169 618 5234 Urbis
643 5180 675 5234 et
698 5168 784 5235 orbis
808 5170 910 5234 honor
925 5169 1015 5235 Urbe
1039 5172 1092 5236 vel
1116 5170 1194 5237 orbe
1219 5184 1318 5238 caret.

255 5369 282 5432 a)
303 5371 404 5436 poteris
423 5389 443 5421 c.
516 5367 545 5430 b)
567 5373 641 5421 recia
667 5372 702 5421 W.
774 5370 800 5433 c)
822 5371 930 5423 eorodit
948 5371 1046 5422 Beuum.
1119 5371 1147 5436 d)
1168 5380 1272 5439 patrem
1290 5381 1342 5425 a·

99 5549 128 5588 is
258 5525 288 5611 l)
313 5532 407 5590 Carisa
434 5553 459 5590 v.
485 5532 536 5590 97.
562 5533 613 5590 98.
729 5526 758 5610 2)
784 5535 818 5590 L.
836 5536 854 5590 l,
879 5554 904 5591 v.
923 5533 974 5590 24.
1089 5525 1119 5613 3)
1145 5536 1214 5592 Luc.
1239 5537 1273 5593 de
1296 5537 1363 5594 ballo
1387 5538 1437 5594 civ.
1463 5539 1487 5606 I,
1514 5538 1594 5595 255:
1626 5558 1793 5612 cursumque

150 5641 251 5696 furoris
272 5629 276 5718 Ι
297 5639 457 5696 Teutonici.
549 5633 579 5717 4)
605 5640 653 5713 Cf.
678 5640 747 5698 Isid.
767 5641 861 5714 Elpia.
885 5641 955 5710 XII,
981 5642 1010 5712 4,
1038 5641 1095 5710 10;
1121 5641 1195 5719 opp.
1212 5644 1254 5700 ed.
1273 5645 1411 5702 Arevolus
1434 5645 1481 5715 VI,
1504 5665 1533 5720 p.
1553 5646 1603 5702 65.
1696 5639 1726 5724 5)
1745 5645 1793 5719 Cf.

150 5746 230 5803 Dias.
255 5747 289 5802 de
306 5747 415 5821 ponb’j'.
440 5747 521 5803 Rom.
547 5749 612 5804 eccl.
635 5766 725 5823 sopra
743 5766 776 5823 p.
795 5745 868 5817 530,
893 5749 911 5804 l.
930 5746 980 5803 20.

220 5866 320 5918 Libelli
339 5867 373 5917 de
393 5866 449 5918 lite.
481 5869 535 5918 III.
1061 5884 1062 5888 ’
1548 5875 1581 5925 70
