4478 6396
615 391 808 448 eruerem
832 393 887 447 sn
910 391 1355 448 rnnocsnrrunrnrnn.
1753 381 1818 451 '229

273 580 307 646 S.
344 579 379 646 Si
402 581 458 662 ita,
483 590 518 644 ut
542 579 634 662 dicis,
666 590 826 664 ageretur,
858 578 954 643 facile
979 576 1141 643 occultum
1165 579 1289 642 crimen
1313 578 1515 666 proderetur,
1547 579 1624 644 dum
1647 582 1818 668 unusquis-

159 708 227 772 que
253 686 389 751 fratrum
412 686 601 751 diuturnum
625 684 808 772 presbyteri
832 684 1043 771 suspendium
1067 684 1155 772 apud
1179 708 1213 748 sc
1237 686 1419 750 miraretur.

272 793 311 858 R.
346 793 421 858 Non
445 805 494 857 est
516 795 550 856 in
566 793 716 857 claustris
732 791 816 856 bene
833 791 992 877 religiosis
1010 792 1221 872 consuetudo,
1238 802 1274 855 ut
1289 791 1528 877 quantumlibet
1550 806 1669 876 castus,
1692 797 1821 860 noviter

162 923 343 965 conversus
374 910 440 964 tam
471 901 536 964 cito
566 901 737 980 ministret,
769 913 805 963 ut
835 899 988 964 diuturna
1018 900 1188 984 suspensio
1221 922 1284 962 non
1315 909 1441 964 castum
1469 911 1568 964 notet.
1615 899 1665 965 Ibi
1689 925 1819 989 quoque

128 1009 362 1072 ssanctissimi
392 1019 424 1071 et
454 1008 627 1071 castissimi
658 1008 692 1070 in
722 1019 847 1071 tantum
877 1005 1088 1070 humiliantur
1118 1018 1151 1069 et
1180 1005 1315 1091 vigiliis,
1351 1007 1481 1070 ieiuniis
1512 1010 1694 1094 ceterisque
1725 1008 1819 1073 bonis

164 1115 332 1178 exercitiis
356 1114 538 1178 voluntarie
563 1115 773 1199 castigantur,
798 1125 834 1178 ut
856 1111 898 1177 ab
922 1112 972 1176 his
995 1111 1193 1192 nullatcnus
1211 1111 1353 1176 discerni
1376 1113 1508 1177 valcant
1537 1116 1592 1199 qui
1617 1137 1651 1178 se
1677 1139 1734 1200 pro
1760 1118 1818 1180 cri-

164 1221 308 1284 minibus
332 1220 467 1285 occultis
485 1222 669 1306 'castigant
717 1221 810 1284 Haec
834 1219 923 1284 dicta
946 1231 1021 1283 sunt
1044 1218 1085 1283 de
1109 1219 1244 1283 occultis
1268 1222 1353 1283 inter
1377 1220 1551 1286 monachos
1576 1221 1627 1286 vel
1652 1223 1819 1308 regulares
1839 1246 1905 1290 *rsa

165 1329 341 1392 canonicos
372 1326 581 1392 absumendis
613 1326 814 1408 criminibus,
846 1339 1001 1413 tanquam
1026 1328 1052 1389 si
1077 1339 1286 1390 consumatur
1315 1328 1348 1390 in
1377 1329 1560 1392 sanctuario
1591 1329 1711 1406 hircus,
1743 1329 1819 1394 dum
1839 1354 1996 1404 ananan.

164 1436 291 1499 viveret
323 1434 454 1516 fetidus,
485 1444 627 1498 attamen
658 1434 743 1498 infra
773 1434 845 1498 loca
874 1445 987 1497 sancta
1018 1433 1144 1497 occisus
1175 1444 1208 1496 et
1238 1445 1374 1497 assatus.
1422 1433 1487 1514 Qui
1518 1437 1668 1499 nimirum
1701 1437 1820 1522 hyrcus

119 1566 147 1605 ro
165 1541 275 1604 Aaron
301 1554 334 1605 et
357 1541 431 1604 filiis
457 1541 526 1604 eius
550 1542 785 1627 incorporatur,
817 1540 947 1626 quando
978 1539 1019 1603 ab
1044 1539 1173 1602 homine
1204 1539 1261 1603 tali
1290 1540 1363 1603 talis
1395 1540 1553 1626 professio
1585 1541 1690 1624 datur,
1723 1555 1757 1607 ut
1786 1546 1819 1607 in

165 1649 329 1713 communi
344 1649 415 1712 vita
429 1649 569 1729 vivatur,
594 1649 626 1710 in
652 1670 717 1734 qua
739 1649 870 1734 proprie
894 1646 1033 1710 militant
1056 1645 1167 1710 Aaron
1192 1658 1224 1709 et
1247 1645 1304 1709 filii
1329 1649 1408 1726 eius,
1433 1646 1551 1732 quibus
1575 1671 1640 1712 non
1663 1651 1821 1736 permittit

166 1754 219 1818 lex
241 1755 458 1819 hereditatem
481 1756 516 1818 in
533 1753 673 1819 sortibus
697 1753 833 1818 aliarum
858 1752 1010 1834 tribuum,
1035 1754 1113 1839 qnia
1127 1753 1289 1817 Dominus
1307 1765 1356 1816 est
1379 1755 1483 1839 portio
1508 1777 1630 1836 eornm,
1653 1754 1819 1821 iubentur·

166 1885 228 1948 que
258 1863 292 1926 in
317 1861 389 1947 lege
421 1861 501 1925 nihil
531 1861 699 1947 possidere
730 1871 840 1946 preter
863 1861 1050 1924 Dominum.
1098 1859 1173 1922 Alio
1197 1882 1274 1923 vero
1302 1860 1406 1924 forma
1431 1861 1518 1924 circa
1541 1861 1613 1926 illos
1637 1875 1687 1926 est
1710 1862 1819 1928 obser·

165 1967 283 2050 sanda,
309 1991 446 2054 quorum
471 1969 702 2032 fornicationes
727 1979 900 2053 ceteraque
925 1968 1063 2030 crimina
1085 1966 1204 2053 populo
1234 1980 1315 2030 sunt
1338 1967 1521 2049 manifesta,
1552 1970 1707 2055 precipue
1730 1969 1818 2052 talia,

119 2101 146 2139 rs
165 2075 275 2162 qualia
298 2074 494 2140 facientibus
518 2074 693 2139 interdicta
715 2085 790 2138 sunt
814 2073 923 2138 altaris
940 2074 1129 2137 ministeria.
1167 2073 1210 2136 Hi
1225 2074 1379 2158 nimirum
1395 2073 1540 2137 volentes
1556 2077 1703 2160 penitere
1719 2077 1819 2142 multo

164 2183 286 2246 rectius
310 2192 425 2269 petunt
446 2183 644 2247 monasteria
666 2181 907 2256 monachorum,
933 2203 1029 2266 qnam
1053 2180 1250 2266 regularium
1276 2180 1506 2244 canonicorum
1529 2192 1662 2268 propter
1686 2185 1819 2247 austeri·

164 2303 265 2354 tatern
288 2289 370 2374 legis
395 2311 523 2354 omnem
546 2288 711 2375 publicam
735 2287 896 2352 maculam
922 2311 942 2350 a
965 2287 1130 2350 functione
1155 2309 1322 2350 sacrorum
1347 2287 1496 2351 ordinum
1519 2288 1724 2374 repellentis,
1756 2291 1818 2355 cle-

164 2398 243 2460 ricis
272 2419 413 2482 namque
442 2396 594 2461 associati
626 2394 806 2460 secundum
830 2417 971 2458 canones
1003 2404 1097 2458 erunt
1128 2394 1159 2458 lri
1191 2393 1273 2457 tales
1303 2394 1464 2458 tractandi
1495 2416 1723 2481 necunquam
1749 2399 1818 2461 sine

164 2505 358 2567 auctoritate
389 2503 551 2589 pontificis
582 2502 690 2567 officio
721 2501 929 2582 restituendi3
960 2502 1112 2564 nimirum
1144 2523 1296 2586 congrue,
1326 2497 1403 2586 quib
1427 2523 1487 2564 nec
1512 2501 1619 2566 officio
1645 2515 1819 2568 caruerunt

119 2637 146 2675 ao
164 2611 235 2673 sine
259 2611 451 2674 auctoritate
475 2610 664 2696 pontificum
688 2610 742 2695 qui
768 2610 800 2672 in
817 2608 924 2672 multis
944 2606 1090 2672 conciliis
1112 2607 1348 2671 fornicantibus
1366 2619 1398 2672 et
1413 2608 1672 2693 negociantibns,
1691 2610 1817 2676 Nicolai

164 2716 320 2781 videlicet
343 2729 376 2780 et
399 2716 551 2803 Symonis
573 2716 755 2780 manifestis
779 2714 1002 2800 complicibus,
1028 2714 1173 2778 divinum
1200 2715 1356 2778 *officium
1383 2715 1632 2796 interdixennrt,
1663 2718 1818 2803 populum
1836 2739 1915 2785 uae.

163 2823 231 2888 Dei
262 2833 451 2887 averterunt
481 2822 522 2886 ab
553 2822 666 2887 auditu
697 2822 878 2887 officiorum
908 2821 1164 2885 interdictorum.
1212 2821 1301 2884 Talis
1329 2843 1406 2906 ergo
1430 2821 1542 2886 volens
1567 2825 1712 2909 penitere
1736 2826 1820 2888 inter

165 2931 342 2994 canonicos
372 2930 539 3016 regulares
566 2929 732 3015 cogendus
757 2939 806 2992 cst
830 2927 1004 2991 observare
1029 2950 1180 3010 cationes,
1207 2941 1238 2991 et
1261 2927 1374 2992 audire
1400 2927 1602 2994 Clementem
1627 2945 1818 3018 ceterosque

164 3037 329 3101 Romanos
352 3036 522 3125 pontifices
546 3038 604 3100 vix
627 3035 841 3121 psalmodiam
866 3034 1117 3098 cumfratribus
1142 3045 1174 3098 et
1197 3037 1323 3098 minora
1354 3035 1461 3100 officia
1490 3038 1725 3122 pennittentes,
1756 3040 1818 3102 nisi

119 3170 145 3210 as
165 3143 248 3208 forte
271 3154 405 3231 peracto
421 3155 567 3229 tempore
592 3143 815 3228 castigationis
832 3142 996 3226 legitimae
1013 3141 1149 3206 fratrum
1166 3144 1349 3206 testimonio
1366 3142 1465 3206 fultus
1490 3143 1531 3206 ab
1549 3146 1703 3230 episcopo
1722 3145 1820 3209 fuerit

165 3251 404 3332 reconciliatus,
428 3263 524 3336 prout
540 3251 697 3336 permittit
712 3272 799 3335 papa
816 3247 964 3312 Calixtus
989 3261 1020 3312 et
1043 3248 1158 3313 beatus
1177 3248 1355 3334 Gregorius
1379 3250 1601 3314 tantummodo
1623 3251 1818 3337 condignam

166 3360 378 3445 penitentiam
409 3355 596 3442 agentibus,
628 3379 667 3420 ac
698 3355 853 3442 deinceps
883 3355 967 3418 bene
993 3355 1188 3420 viventibus.
1243 3356 1331 3418 Ecce
1362 3355 1463 3420 habes
1494 3380 1575 3442 quos
1606 3359 1819 3443 penitentium
1908 3421 1909 3424 ,

165 3487 232 3529 non
257 3466 326 3528 sine
350 3465 543 3528 auctoritate
567 3463 729 3550 pontificis
754 3484 905 3526 censeam
929 3462 1181 3549 reapplicandos
1205 3461 1340 3548 perditis
1365 3463 1492 3526 officiis.

276 3571 308 3636 S.
342 3571 422 3635 Post
446 3581 602 3656 quantum
626 3569 756 3634 videtur
779 3568 838 3633 tibi
862 3570 1011 3656 penitens
1037 3591 1131 3655 posse
1155 3569 1359 3633 reconciliari
1384 3568 1424 3632 dc
1448 3569 1544 3634 factis
1569 3568 1734 3657 publicis?

120 3707 148 3746 so
274 3678 312 3742 R.
348 3678 394 3743 Ut
416 3701 503 3742 nunc
527 3699 622 3762 agam
647 3677 687 3741 de
712 3676 779 3740 sola
804 3677 1017 3740 fornicatione
1045 3675 1188 3762 publica,
1219 3675 1295 3740 lieet
1327 3679 1429 3740 sancti
1461 3688 1569 3763 patres
1593 3680 1683 3742 varie
1708 3678 1818 3741 distin-

166 3797 269 3872 guant
298 3797 454 3871 tempora,
486 3786 532 3848 ita
562 3795 597 3848 ut
620 3784 675 3847 alii
699 3783 764 3847 VII
788 3784 891 3864 annis,
923 3783 977 3847 alii
1009 3782 1104 3868 panlo
1136 3782 1344 3869 paucioribus
1375 3783 1591 3847 determinent
1621 3786 1819 3870 penitentiae

166 3905 295 3979 tempus
319 3903 452 3978 propter
474 3890 563 3973 illud,
588 3890 644 3955 ubi
669 3888 710 3954 ob
735 3890 864 3976 culpam
881 3889 995 3968 Maria,
1021 3911 1112 3954 soror
1127 3891 1249 3970 Aaron,
1275 3889 1404 3953 iubetur
1422 3889 1482 3953 Vll
1502 3889 1571 3953 dies
1596 3903 1689 3954 extra
1713 3903 1821 3956 castra
1839 3919 1973 3966 sunan.

166 4021 317 4064 manere:
348 4009 457 4063 tamen
488 3998 567 4062 mihi
590 3997 707 4084 placet,
734 3997 820 4083 quod
845 4019 943 4083 supra
973 3997 1121 4060 novimus
1153 3996 1325 4060 diffinitum
1351 4019 1370 4059 a
1393 3997 1549 4082 patribus,
1575 4011 1610 4062 ut
1633 4013 1764 4062 maneat
1785 4001 1819 4062 in

167 4117 329 4193 potestate
352 4106 514 4194 pontificis
538 4105 590 4168 vel
614 4107 775 4169 veraciter
799 4104 936 4168 afflictos
968 4127 1032 4168 non
1060 4102 1115 4166 diu
1148 4102 1346 4189 suspendere
1371 4104 1423 4167 vel
1447 4102 1627 4168 desidiosos
1652 4105 1820 4191 prolixiori

122 4243 149 4282 ss
166 4225 313 4299 tempore
336 4212 379 4277 ab
404 4213 584 4278 aecclesiae
609 4234 745 4298 corpore
769 4234 932 4298 separare.
970 4209 1065 4291 Quod
1083 4233 1160 4274 vero
1184 4211 1333 4275 monachi
1354 4211 1487 4297 quidam
1510 4213 1695 4297 spirituales
1719 4215 1819 4277 mani-

168 4321 267 4384 festos
290 4320 503 4385 fornicatores
531 4319 573 4383 ad
598 4320 840 4384 'monachatum
864 4319 1033 4382 venientes
1058 4317 1247 4381 inconsultis
1271 4319 1433 4403 episcopis
1456 4318 1581 4382 faciunt
1604 4321 1720 4383 missas
1745 4343 1819 4384 can·
1838 4346 1908 4389 *esa

168 4441 249 4508 tare,
273 4451 338 4492 non
362 4450 494 4514 possum
517 4425 710 4513 approbare,
736 4427 814 4512 quia
836 4426 948 4489 nescio
973 4447 1037 4510 qua
1060 4425 1121 4488 hoc
1146 4437 1244 4509 agant
1268 4427 1470 4489 anctoritate.
1517 4425 1602 4490 lllud
1626 4449 1705 4490 vero
1722 4427 1819 4491 vehe-

168 4547 294 4599 menter
317 4533 544 4598 detestandum
567 4533 686 4614 iudicO,
712 4532 799 4619 quod
823 4531 987 4596 seculares
1012 4531 1121 4595 clerici
1146 4554 1187 4595 ex
1211 4530 1446 4596 deliberatione
1471 4533 1689 4616 fonticantur3
1720 4533 1819 4598 multo

168 4664 246 4706 vero
271 4641 408 4728 amplius
433 4641 584 4722 detestor,
609 4639 696 4726 quod
719 4641 766 4703 ita
789 4639 985 4703 fornicantes
1009 4641 1202 4718 ministrant,
1227 4651 1282 4702 aut
1306 4638 1456 4723 neglecta
1478 4641 1658 4725 penitentia
1681 4653 1737 4705 aut
1760 4638 1820 4703 sub

123 4777 150 4815 ao
169 4749 246 4812 ficta
269 4760 325 4812 aut
347 4748 428 4812 falsa
452 4749 641 4833 penitentia.

277 4854 310 4920 S.
348 4855 454 4935 Quam
478 4854 559 4918 dicis
583 4854 697 4917 falsam
722 4852 960 4938 penitentiam?

276 4962 313 5025 R.
349 4961 438 5025 Audi
461 4963 599 5047 primurn
624 4960 703 5047 quid
727 4961 767 5023 sit
792 4983 879 5040 vera,
903 4971 939 5023 nt
965 4958 1042 5023 inde
1066 4958 1200 5044 colligas
1225 4982 1308 5045 quae
1332 4961 1373 5024 sit
1397 4947 1488 5023 falsa.
1536 4960 1657 5023 Beatus
1682 4959 1819 5025 Ambro-

169 5070 236 5132 sius
266 5071 299 5133 in
323 5069 424 5133 tercio
448 5067 530 5132 libro
559 5069 796 5153 penitentiacl:
831 5068 986 5140 Ir'aeiltns,
1018 5067 1132 5152 inquit,
1164 5070 1274 5131 invem·
1301 5071 1360 5152 qni
1384 5071 1593 5132 latescentia-m
1615 5071 1819 5150 seruauerint,

170 5202 264 5262 qnam
288 5179 347 5262 qai
367 5201 500 5262 ccaprnc
523 5189 649 5262 sperent
663 5177 880 5260 penitentiam.
929 5173 972 5236 Et
1002 5175 1094 5259 qnasi
1125 5184 1158 5237 tu
1191 5196 1344 5259 quereres
1374 5172 1505 5237 modum
1538 5197 1701 5260 congruae
1729 5175 1818 5260 peni-

123 5283 301 5363 oetentiae,
326 5294 563 5367 consequenter
586 5278 768 5366 subiungit:
797 5280 1059 5366 Rerzrrnciondnm
1084 5284 1284 5356 esturmenta,
1308 5307 1414 5344 somno
1438 5284 1506 5367 nasi
1526 5285 1631 5346 ananus
1654 5283 1818 5370 s'ndnlpen-

171 5391 259 5470 dum,
290 5415 384 5476 qnam
414 5403 529 5453 notura
552 5390 708 5473 postolat,
741 5387 1028 5473 interrumpendum
1059 5391 1224 5474 suspiriis,
1255 5389 1511 5474 sequestrandam
1542 5404 1586 5452 est
1615 5391 1819 5468 orationibus,

171 5497 337 5562 uiuendum
360 5511 403 5561 est
428 5499 481 5576 ita,
513 5511 546 5559 nt
567 5497 663 5559 vindi
683 5495 756 5558 baie
778 5497 933 5558 moriatur
956 5497 1039 5564 catti.
1069 5499 1205 5581 scipsum
1234 5497 1300 5559 sibi
1327 5497 1416 5559 dromo
1439 5497 1566 5582 abneget
1588 5511 1616 5560 et
1638 5509 1716 5560 totus
1740 5521 1818 5560 corn-

280 5755 308 5809 u
333 5753 379 5809 ne
397 5752 572 5829 martana
595 5754 612 5809 1.
638 5752 678 5822 n,
704 5773 726 5808 c.
748 5751 796 5822 10,
821 5747 841 5825 s
865 5750 916 5822 os,
943 5749 1016 5826 opp.
1042 5751 1095 5807 m
1113 5747 1167 5826 (aa.
1194 5751 1301 5808 caea.
1322 5749 1428 5822 1751),
1454 5755 1504 5809 σοι.
1531 5753 1604 5810 552.
