4396 6390
444 351 509 414 482
736 355 917 412 GERHOHI
939 354 1174 412 PRAEPOSITI
1197 354 1607 412 REICHERSBERGENSIS
1630 355 1796 410 LIBELLI.

445 546 629 630 girovagos,
653 565 767 628 vagos,
792 541 974 624 dissolutos,
1004 541 1193 607 oberrantes
1224 553 1288 624 aut,
1320 541 1408 629 quod
1431 543 1524 628 peius
1548 553 1607 624 est,
1638 541 1862 628 irregulariter
1886 551 2095 625 congregatos

446 651 582 715 clericos
612 648 749 736 prelium
775 648 899 734 grande
929 649 963 712 in
986 659 1132 736 tempore
1155 648 1232 713 VII.
1257 648 1410 735 Gregorii
1439 671 1524 735 pape
1554 647 1739 713 habuerunt
1769 659 1802 712 et
1831 646 1944 712 adhuc
1976 644 2095 729 habent,

445 757 511 821 VII
535 753 702 842 spiritibus
732 777 874 841 nequam
904 756 938 818 in
962 765 1074 842 aperte
1097 755 1201 838 malis,
1226 765 1258 820 et
1281 756 1346 820 VH
1370 756 1442 821 aliis
1471 755 1683 842 nequioribus
1712 756 1746 819 in
1769 755 1845 820 ficte
1871 753 1969 818 bonis
1994 763 2096 818 contra

446 885 522 928 vere
539 861 642 927 bonos
659 859 899 941 dimicantibus,
922 875 953 926 et
976 862 1161 948 importuna
1175 861 1373 948 loquacitate
1390 862 1461 928 illos
1478 860 1717 927 infestantibus.
1748 860 1856 943 Unde,
1874 883 1951 925 cum
1969 859 2096 925 dixisset

446 970 608 1035 Iohannes
624 968 746 1032 vidisse
770 967 810 1032 de
832 990 887 1032 ore
905 967 1055 1032 draconis
1079 967 1175 1033 etde
1199 991 1255 1034 ore
1279 967 1427 1034 bestiae·
1450 978 1483 1033 et
1505 969 1546 1034 de
1570 991 1626 1033 ore
1642 967 1949 1055 pseudoprophetae
1974 967 2118 1053 spirituas

278 1101 428 1150 amarent.
446 1075 618 1140 inmundos
643 1075 761 1156 exisse,
786 1073 912 1138 addidit
936 1078 968 1139 ia
993 1075 1119 1140 modum
1143 1101 1296 1140 renarrem
1320 1085 1352 1139 et
1375 1075 1511 1140 adiecit:
1538 1075 1714 1140 Sententia
1729 1078 1865 1162 spiritus
1886 1075 2095 1139 demoniorum

440 1186 601 1273 facientes
623 1185 725 1269 sepau,
750 1197 778 1246 et
793 1182 973 1268 procedunt
994 1182 1039 1246 cd
1061 1207 1147 1269 repes
1170 1185 1263 1247 totius
1286 1197 1386 1248 terrae
1410 1207 1597 1270 coaprcyare
1628 1183 1701 1246 illos
1733 1184 1928 1268 depretiem
1954 1181 2002 1244 ad
2022 1181 2095 1246 diem

447 1315 593 1378 moysem
620 1289 854 1374 (losrsipoteutis.
897 1287 994 1369 Vere,
1017 1289 1132 1373 inquit,
1156 1287 1227 1352 illos
1250 1288 1423 1353 inmundos
1446 1288 1602 1352 dixerim:
1627 1299 1702 1352 sunt
1725 1289 1811 1351 enim
1835 1287 1972 1374 spiritus
1996 1285 2096 1350 demo·

447 1397 584 1459 nicrum.
631 1394 716 1458 Nam
740 1415 855 1458 revera
880 1417 953 1459 cum
976 1394 1106 1458 veritati
1131 1395 1314 1460 contrariab
1339 1395 1402 1458 sint
1426 1395 1578 1480 dogmata
1601 1417 1723 1475 eorum,
1748 1393 1826 1458 nulli
1850 1391 2002 1472 dubium,
2027 1395 2097 1479 quin

448 1524 559 1567 omnes
584 1500 834 1586 magnitudines,
858 1501 956 1564 immo
980 1499 1164 1564 inflationes
1188 1500 1346 1565 eiusmodi
1370 1501 1434 1565 sint
1456 1502 1669 1587 aspirationes
1694 1500 1929 1565 demoniorum.
1966 1500 2013 1564 Et
2027 1526 2097 1586 pro·
2114 1531 2129 1568 u

366 1633 429 1682 (ue).
448 1609 569 1688 cedunt,
592 1608 707 1693 inquit,
732 1608 778 1672 od
800 1633 886 1694 repes
909 1610 1002 1671 totius
1024 1623 1136 1687 terroe,
1161 1632 1348 1696 conpreqare
1372 1609 1445 1673 illos
1470 1611 1503 1672 ia
1520 1609 1682 1694 prelium·
1708 1607 1810 1670 Primi
1833 1606 1907 1688 hoc,
1931 1619 1969 1671 ut
1993 1619 2098 1671 sancta

270 1739 429 1786 uenimus.
448 1723 558 1779 namet
588 1714 757 1800 scriptura,
789 1715 854 1777 iarn
879 1713 957 1777 dicti
987 1712 1126 1777 malefici
1150 1712 1196 1776 illi
1220 1714 1349 1778 Iamnes
1374 1725 1405 1777 et
1429 1712 1593 1778 Mambres
1623 1713 1781 1778 fecerunt.
1827 1714 1998 1777 Processit
2021 1715 2099 1776 enim

359 1845 428 1885 ets.
449 1823 506 1908 qui
528 1822 561 1884 in
585 1820 647 1884 illis
672 1831 741 1884 erat
764 1821 896 1906 spiritus
920 1819 1119 1884 seductionis
1144 1819 1186 1883 ad
1202 1843 1313 1905 regem
1331 1819 1481 1906 ‘Egyprt
1506 1831 1537 1884 et
1560 1819 1681 1884 fiducia
1703 1820 1870 1905 signorum
1895 1841 1982 1906 quae
2007 1819 2098 1883 sacie-

448 1926 529 1992 bant
551 1929 644 2014 quasi
668 1926 786 1990 similia
810 1927 910 2012 signis
927 1927 1054 1990 virtutis
1070 1925 1146 2006 Dei,
1170 1937 1332 1991 auxerunt
1355 1927 1528 1991 stulticiam
1545 1926 1625 2007 eius,
1641 1935 1678 1991 ut
1693 1937 1806 1991 contra
1821 1926 1932 1990 Deum
1957 1949 2100 2012 pugnan-

449 2047 513 2099 tem
537 2057 596 2120 pro
620 2032 722 2098 lsrael
752 2032 910 2097 auderent
939 2033 1081 2119 preliari.
1129 2033 1200 2096 Tali
1224 2033 1276 2096 vel
1301 2033 1397 2096 simili
1420 2032 1517 2097 modo
1541 2034 1642 2097 ceteri
1672 2032 1821 2114 malefici,
1853 2043 1961 2118 poete,
1993 2032 2101 2118 phylo·
2119 2061 2137 2100 u

449 2141 542 2227 sophi
567 2149 851 2226 congregaverunt
873 2162 966 2224 reges
991 2141 1088 2203 totius
1118 2151 1241 2222 te'rrae3
1272 2163 1336 2204 uon
1360 2139 1492 2226 quidem
1522 2141 1556 2203 in
1579 2163 1678 2204 unum
1708 2139 1825 2220 locum,
1858 2138 1984 2202 sedin
2008 2162 2102 2204 unum

449 2247 653 2332 eundemque
684 2247 847 2332 pessimae
871 2245 1045 2310 voluntatis
1077 2256 1206 2325 statum,
1235 2255 1271 2310 ut
1301 2246 1518 2332 preliarentur
1547 2257 1660 2311 contra
1682 2244 1871 2326 Dominum,
1896 2256 1932 2310 ut
1954 2247 2103 2331 preventi

449 2377 569 2439 magna
593 2354 795 2417 estimatione
819 2351 946 2416 illorum
969 2375 1064 2437 reges
1089 2363 1194 2416 terrae
1219 2352 1474 2438 dedignarentur
1497 2363 1553 2416 eut
1574 2351 1778 2438 negligerent
1808 2374 1929 2438 magna
1952 2353 2104 2416 estimare

449 2460 615 2542 miracula,
640 2482 703 2545 que
728 2461 815 2523 servi
829 2459 965 2523 Domini
989 2458 1144 2540 facerent,
1166 2459 1219 2523 vel
1242 2459 1354 2523 mirari
1377 2460 1568 2546 sapientiam
1585 2481 1683 2545 quam
1699 2459 1925 2545 predicarent,
1950 2459 2105 2545 quoniam

450 2579 482 2632 et
505 2567 551 2631 illi
575 2578 707 2630 econtra
730 2567 814 2630 mira
837 2565 945 2629 facere
970 2577 1002 2629 et
1025 2565 1199 2651 magnifice
1224 2577 1259 2629 ut
1283 2567 1446 2652 sapientes
1469 2565 1559 2651 loqui
1582 2566 1837 2630 consuevissent.
2122 2595 2144 2632 so

221 2645 430 2767 [Delerobldilli
557 2673 710 2737 Omnium
733 2671 861 2736 illorum
885 2673 942 2757 qui
965 2673 1011 2736 sic
1028 2673 1199 2737 veritatem
1216 2672 1292 2754 Dei,
1316 2682 1352 2736 ut
1374 2671 1537 2758 apostolus
1561 2673 1781 2757 conqueritur,
1806 2673 1839 2734 in
1862 2673 2031 2736 iniusticia
2053 2671 2105 2736 de-

228 2767 425 2878 rflsrnffltflil,
450 2782 563 2860 tinent,
588 2778 763 2842 similitudo
787 2779 946 2864 processit
969 2780 1002 2842 in
1026 2801 1127 2864 regno
1152 2781 1252 2843 scisso
1277 2777 1441 2865 quondam
1465 2800 1485 2841 a
1508 2777 1603 2842 domo
1618 2777 1747 2842 David:
1772 2776 1828 2842 ubi
1852 2801 1913 2842 rex
1933 2778 2106 2844 Ieroboam

274 2867 432 2942 &Res-stiffi:
451 2885 568 2950 vitulos
592 2907 708 2949 aureos
732 2887 918 2970 excogitato
942 2884 1076 2950 consilio
1100 2885 1284 2966 fabricavit,
1309 2882 1427 2971 quibus
1452 2895 1484 2947 et
1506 2885 1699 2948 festivitates
1722 2883 1956 2949 festivitatibus
1976 2885 2045 2949 Dei
2067 2888 2105 2948 si-

450 2991 544 3056 miles
568 2992 749 3075 constituit,
778 3003 814 3057 ut
840 2991 1025 3057 huiusmodi
1049 2993 1143 3078 quasi
1168 2992 1280 3056 divina
1303 2992 1487 3055 reverentia
1509 2990 1619 3054 vitulis
1644 2992 1750 3054 aurcis
1775 2991 1923 3055 exhibita
1946 2991 2106 3056 detineret

452 3099 608 3185 populum
630 3098 687 3162 tali
711 3099 800 3164 cultu
823 3099 1027 3181 fascinatum,
1051 3121 1092 3163 nc
1116 3100 1149 3163 in
1165 3098 1343 3163 Ierusalem
1366 3099 1546 3184 requireret
1561 3098 1669 3161 Deum
1685 3120 1799 3162 verum
1815 3097 1869 3161 vel
1888 3109 2107 3162 reverteretur
2124 3127 2146 3166 a

451 3205 494 3269 ad
517 3204 631 3270 domus
655 3204 766 3269 David
796 3227 933 3291 regnum
962 3205 1153 3290 legitimum.
1199 3204 1367 3290 Deceptor
1390 3205 1449 3268 iste
1475 3205 1521 3268 sic
1545 3227 1686 3290 peccans
1718 3206 1750 3268 in
1776 3204 1933 3291 Spiritum
1958 3216 2107 3270 sanctum

452 3323 564 3377 contra
587 3314 752 3398 propriam
777 3313 1008 3377 conscientiam
1032 3313 1228 3398 proprioque
1253 3311 1373 3375 iudicio
1398 3311 1666 3397 condempnatus,
1690 3311 1779 3376 nulla
1794 3313 1892 3376 venia
1916 3311 2036 3397 dignus
2060 3325 2108 3375 est

451 3417 591 3483 habitus.
638 3419 762 3483 Verum
785 3419 941 3505 deceptum
965 3417 1006 3482 ab
1031 3441 1069 3482 eo
1093 3418 1232 3504 populus
1255 3439 1374 3503 magna
1397 3440 1438 3481 ex
1463 3428 1555 3504 parte
1586 3417 1629 3482 ad
1652 3419 1863 3504 penitentiam
1893 3441 1953 3504 per
1976 3430 2107 3482 sanctos

452 3525 627 3613 prophetas
651 3537 700 3588 est
723 3535 910 3590 revocatus:
942 3547 1079 3610 quorum
1109 3524 1163 3588 ille
1193 3525 1253 3588 fuit
1281 3525 1465 3610 precipuus
1490 3546 1554 3611 quo
1577 3525 1792 3610 prophetante
1824 3535 1921 3610 atque
1946 3524 2106 3589 clamante

336 3657 433 3706 sauss
453 3643 564 3697 contra
579 3631 762 3718 predictum
778 3629 948 3695 Ieroboam
972 3653 1070 3716 super
1093 3631 1194 3695 altare
1219 3641 1357 3695 stantem
1382 3641 1414 3694 et
1437 3631 1672 3695 sacrificantem
1697 3633 1832 3696 scissum
1849 3643 1899 3696 est
1922 3631 2026 3696 altare
2050 3655 2108 3717 per
2123 3661 2147 3699 so

453 3738 606 3819 medium,
631 3748 662 3801 ct
686 3737 806 3801 effusus
830 3749 879 3800 cst
903 3738 984 3800 cinis
1009 3738 1090 3801 eius.
1135 3738 1377 3824 Propemodum
1401 3737 1504 3802 simile
1530 3749 1578 3801 est
1601 3737 1687 3820 huic,
1713 3737 1799 3825 quod
1822 3720 2031 3802 heresiarche
2054 3737 2106 3802 vel

453 3844 637 3924 scismatici,
666 3845 797 3929 proprio
821 3867 906 3908 nunc
930 3843 1051 3907 iudicio
1076 3844 1315 3929 condempnati,
1344 3855 1518 3930 peccantes
1542 3867 1608 3908 non
1630 3867 1691 3930 per
1714 3845 1941 3929 ignorantiam,
1967 3844 2026 3909 sed
2049 3867 2106 3932 per

453 3950 614 4014 maliciam
639 3952 671 4013 in
696 3950 851 4036 Spiritum
877 3961 1034 4032 sanctum,
1064 3973 1130 4014 non
1160 3949 1281 4014 habent
1311 3950 1409 4015 ullum
1441 3951 1638 4036 penitentiae
1670 3949 1866 4032 remedium;
1898 3951 1957 4015 sed
1987 3950 2029 4016 ab
2060 3953 2105 4016 eis

453 4056 582 4143 decepti
606 4057 800 4142 aliquotiens
825 4056 1046 4136 emendantur,
1071 4058 1213 4120 maxime
1231 4080 1303 4120 cum
1320 4055 1480 4120 sacrificia
1504 4056 1686 4121 huiusmodi
1711 4056 1927 4122 hereticorum
1952 4058 2006 4122 vel
2030 4059 2104 4122 scis-

453 4164 645 4227 maticorum
668 4163 763 4248 quasi
787 4164 889 4227 cineri
913 4162 1090 4227 assimilata
1114 4162 1328 4226 exsufflantur
1351 4185 1389 4226 ac
1414 4163 1486 4226 Deo
1510 4163 1646 4226 molesta
1670 4185 1741 4227 esse
1765 4163 2025 4228 manifestantur.
2122 4192 2145 4231 ss

368 4296 434 4344 (reo).
561 4269 661 4334 Cuius
678 4271 824 4333 veritatis
849 4279 946 4332 testes
970 4291 1068 4354 quam
1084 4279 1178 4333 caute
1202 4291 1237 4332 se
1261 4267 1302 4333 ab
1327 4267 1507 4332 interdictis
1524 4268 1687 4334 abstinere
1704 4269 1856 4350 debeant,
1881 4293 1920 4334 ne
1942 4270 2104 4354 videlicet,

277 4403 435 4452 theglat&
454 4399 528 4440 cum
551 4375 735 4439 huiusmodi
765 4386 839 4462 post
867 4375 1075 4439 interdictum
1099 4374 1152 4438 vel
1176 4374 1284 4440 cibum
1309 4386 1446 4456 sumant,
1477 4375 1562 4438 illius
1586 4375 1742 4462 prophete
1767 4375 1922 4440 docemur
1946 4377 2105 4464 exemplo,

454 4484 511 4568 qui
533 4481 575 4546 ab
599 4481 662 4546 alio
681 4483 840 4568 propheta
857 4481 1012 4568 deceptus
1036 4492 1069 4545 et
1092 4479 1265 4546 comedens
1289 4480 1463 4546 interdicta
1486 4481 1572 4545 leoni
1595 4481 1794 4546 occidendus
1817 4483 1937 4568 legitur
1960 4484 2105 4548 traditus.

455 4588 602 4652 Cavendi
626 4611 703 4673 ergo
728 4599 803 4652 sunt
824 4589 911 4652 veris
935 4588 1100 4674 prophetis
1131 4587 1204 4651 falsi
1233 4588 1402 4674 prophete,
1433 4611 1474 4652 nc
1498 4611 1557 4674 per
1579 4587 1707 4652 illorum
1730 4588 1954 4654 seductionem
1979 4589 2106 4676 decepti

294 4722 435 4770 russas
456 4696 695 4760 communicent
724 4694 905 4759 interdictis
936 4705 968 4758 et
996 4693 1144 4758 incidant
1173 4695 1207 4757 in
1235 4717 1270 4758 os
1300 4694 1403 4759 leonis
1434 4697 1489 4781 qui
1520 4695 1635 4760 circuit
1665 4718 1804 4781 querens
1835 4719 1931 4781 quem
1963 4695 2148 4776 devoretis

456 4825 529 4866 cum
554 4812 662 4866 tamen
687 4800 867 4866 devorandi
894 4811 1089 4887 potestatem
1112 4822 1178 4863 non
1200 4798 1321 4864 habeat
1344 4823 1439 4864 veros
1463 4812 1495 4865 et
1519 4800 1621 4866 bonos
1645 4801 1830 4888 prophetas,
1855 4803 1953 4865 etiam
1978 4801 2107 4889 quando

456 4931 512 4972 eos
543 4908 713 4973 mordendi
736 4908 788 4972 vel
813 4907 984 4972 occidendi
1012 4906 1139 4971 occulto
1168 4905 1310 4992 quidem,
1342 4906 1400 4971 scd
1429 4929 1495 4971 non
1524 4909 1643 4972 iniusto
1674 4907 1794 4973 iudicio
1818 4909 1883 4972 Dei
1914 4909 2109 4994 permittitur

456 5015 502 5079 illi
525 5025 679 5101 potestas.
726 5015 856 5078 Etenim
881 5013 1039 5100 propheta
1062 5022 1261 5099 prenotatus,
1286 5014 1363 5098 quia
1386 5012 1613 5100 deceptionem
1641 5014 1818 5100 prophetae
1847 5013 2014 5079 mendacis
2045 5037 2109 5078 non

457 5120 584 5207 repulit,
614 5120 700 5184 leoni
732 5121 826 5184 datus
855 5131 904 5183 est
932 5118 1141 5200 occidendus,
1171 5141 1237 5183 uon
1267 5130 1374 5182 tamen
1406 5119 1612 5184 devorandus
1637 5131 1678 5203 et,
1701 5131 1738 5184 ut
1761 5120 1914 5203 creditur,
1945 5120 2009 5186 hac
2039 5123 2110 5207 ipsa

315 5216 437 5312 iffi?
458 5237 559 5292 morte
583 5228 644 5291 fuit
667 5228 827 5312 expiatus.
874 5225 971 5291 Unde
1000 5224 1063 5307 leo,
1094 5226 1150 5311 qui
1180 5247 1254 5289 eum
1282 5225 1355 5290 Deo
1386 5227 1547 5290 irascente
1578 5225 1752 5308 occiderat,
1783 5229 1848 5291 iam
1875 5227 1950 5292 Deo
1981 5228 2108 5315 placeto
2127 5255 2151 5296 a

459 5334 601 5398 cadaver
624 5335 723 5398 occisi
748 5343 779 5396 et
802 5333 928 5396 asinum
945 5354 1074 5418 quoque
1098 5331 1183 5395 illius
1206 5355 1272 5396 non
1295 5342 1432 5417 tangens
1457 5331 1670 5397 custodiebat.
1709 5333 1952 5420 Nonnunquam
1975 5336 2009 5398 in
2033 5334 2109 5399 sede

361 5464 439 5505 rrus.
459 5439 637 5526 apostolica
660 5441 728 5503 sive
753 5439 818 5503 alia
833 5439 940 5525 Moysi
957 5437 1123 5520 cathedra,
1148 5436 1290 5502 exaltato
1314 5460 1373 5524 per
1388 5438 1577 5503 violentiam
1592 5440 1708 5504 laicam
1727 5439 1887 5527 ‘quolibet
1910 5443 2109 5527 symoniaco,

459 5545 643 5610 subintruso
674 5547 727 5609 vel
757 5546 960 5632 superposito
991 5544 1089 5608 alicui
1119 5543 1278 5609 catholico
1308 5544 1502 5630 regulariter
1533 5546 1635 5610 electo
1667 5558 1698 5610 et
1728 5557 1893 5633 provecto,
1925 5547 2109 5613 huiusmodi

566 5712 592 5768 a)
615 5712 718 5762 bestiae
740 5713 818 5761 etde
839 5729 885 5761 ore
905 5711 955 5760 des.
975 5710 1000 5759 B
1007 5729 1016 5770 ,·
1035 5711 1068 5759 de
1088 5727 1134 5761 ore
1153 5726 1208 5772 scr,
1228 5711 1387 5775 culparetis
1404 5710 1453 5761 del.
1527 5707 1555 5773 b)
1576 5712 1630 5760 sint
1650 5717 1735 5761 contr.
1755 5711 1787 5761 B.
