4396 6390
625 403 935 462 COMMENTARIUS
958 407 999 462 IN
1022 406 1211 464 PSALMUM
1234 408 1339 464 LXIV.
1742 405 1806 468 467

138 591 260 653 ueniet
306 587 380 653 Non
404 589 491 654 enim
515 588 669 654 deficient
691 590 724 653 in
748 590 910 655 aecclesia
933 601 1046 656 sancta
1061 591 1220 656 Ieremias
1244 603 1276 656 et
1292 593 1407 679 Aggeo
1432 594 1563 676 similes,
1587 595 1664 661 licet
1686 596 1806 662 infirmi

139 714 190 758 ac
214 715 387 780 pauperes,
417 717 477 780 per
499 717 580 781 quos
605 695 844 760 confundantur
866 696 961 761 huius
984 697 1096 762 mundi
1123 696 1229 779 fortia,
1260 697 1340 763 illud
1363 698 1569 786 prohibentia
1592 712 1749 787 quantum
1771 705 1806 767 in
1825 727 1984 777 sarmatas.

142 821 186 864 se
212 809 270 882 est,
294 822 336 865 ne
359 799 402 865 ad
424 811 456 864 te
480 802 584 865 omnis
608 823 684 865 caro
707 802 828 883 veniat,
859 824 941 866 neve
966 805 1070 866 omnis
1095 825 1169 868 caro
1193 803 1286 868 salva
1308 804 1374 888 fiat,
1406 805 1585 870 secundum
1609 807 1697 893 quod
1719 808 1806 873 Iere-

142 907 235 971 mias
258 917 290 970 et
312 905 448 992 Aggeus
478 908 512 970 in
534 907 596 972 hoe
623 929 721 994 ymno
745 908 956 994 prophetant:
988 907 1106 995 quibus
1136 911 1170 972 in
1201 911 1343 974 antistite
1374 911 1460 976 sedis
1491 911 1689 998 apostolicae
1713 913 1805 978 Iesus

102 1034 290 1099 smagnns
320 1011 473 1077 sacerdos
496 1012 629 1096 orando,
654 1013 867 1096 exhortando,
892 1013 1046 1100 epistolas
1068 1015 1237 1097 mittendo,
1268 1015 1439 1103 synodalia
1467 1017 1600 1083 decreta
1623 1018 1805 1102 condendo,

146 1119 264 1184 favere
288 1117 476 1200 dinoscitur,
501 1118 577 1183 dum
601 1120 708 1206 quivis
733 1119 911 1185 catholicus
935 1133 967 1185 et
990 1120 1170 1206 religiosus,
1201 1120 1278 1186 licet
1308 1145 1434 1210 pauper
1456 1135 1488 1188 et
1510 1124 1668 1206 modicus,
1693 1137 1806 1190 contra

148 1226 280 1312 iniquos
304 1223 541 1311 quantumlibet
563 1248 698 1312 magnos
721 1228 885 1292 animatur
899 1228 1091 1291 auctoritate
1107 1227 1206 1308 Petri,
1224 1229 1277 1292 oui
1292 1229 1462 1314 prevalere
1485 1251 1550 1294 non
1566 1241 1701 1316 possunt
1723 1232 1805 1296 istae
1824 1255 1983 1304 nauatam.

150 1343 264 1417 portae
288 1331 394 1396 inferi.
431 1331 587 1398 Similiter
609 1333 644 1395 in
659 1331 805 1418 quolibet
828 1332 987 1397 catholico
1010 1334 1159 1420 principe
1175 1355 1195 1397 a
1210 1333 1284 1398 Deo
1307 1335 1416 1416 misso,
1442 1345 1473 1399 et
1496 1336 1695 1421 apostolicae
1719 1337 1805 1402 sedis

150 1438 342 1502 auctoritate
373 1437 499 1502 firmato
530 1437 572 1502 ad
595 1438 774 1503 vindictam
804 1438 1059 1520 malefactorum,
1089 1438 1219 1503 laudem
1242 1462 1321 1504 vero
1344 1435 1512 1522 bonorum,
1537 1443 1732 1528 conspicuus
1757 1454 1807 1508 est
1825 1415 1983 1517 arufiam

93 1569 128 1607 io
149 1543 207 1608 ille
223 1542 406 1608 Zorobabel
423 1544 491 1608 dux
506 1543 618 1630 populi
635 1567 654 1607 a
670 1545 932 1630 peregrinatione
949 1546 1142 1609 revertentis
1166 1547 1259 1610 iuxta
1274 1543 1411 1610 verbum
1428 1546 1572 1630 Domini,
1598 1549 1682 1613 sicut
1705 1551 1805 1636 scrip·
1827 1539 1880 1606 [⁰⁰
1900 1545 1982 1593 Zoro-

149 1659 219 1713 tnm
237 1661 301 1714 est:
325 1651 370 1715 Et
384 1651 512 1739 foetum
537 1665 581 1716 est
602 1653 728 1716 uerbum
744 1651 881 1716 Domini
900 1653 1035 1717 secundo
1058 1652 1103 1716 ud
1116 1651 1257 1740 Aqqeum
1282 1655 1316 1717 in
1331 1655 1480 1718 uicesimo
1504 1669 1533 1718 ct
1554 1670 1668 1740 quartu
1690 1659 1806 1722 mensr‘s
1824 1610 1983 1731 &giiii-ba
2041 1683 2043 1690 ⁴

151 1757 279 1821 dicens:
302 1757 444 1842 Loquere
466 1757 512 1822 ud
532 1757 709 1821 Zorobubel
730 1757 839 1821 ducem
855 1757 939 1822 Iuda
963 1758 1089 1823 dicens:
1110 1758 1180 1846 qu
1203 1760 1328 1823 monebo
1351 1760 1470 1824 coelum
1489 1764 1617 1846 puriter
1640 1775 1668 1826 ct
1690 1775 1805 1826 terram

150 1878 181 1927 et
202 1865 375 1928 subvertam
403 1864 517 1928 solium
546 1887 713 1950 reynerum
736 1878 764 1927 et
786 1878 924 1927 cunctum
942 1863 1170 1952 fortitudinem
1201 1867 1294 1952 requi
1318 1867 1456 1952 qentium
1479 1880 1508 1930 et
1528 1869 1704 1931 subvertam
1728 1891 1805 1952 qua-

151 1970 278 2056 driqom
302 1983 330 2033 et
352 1993 543 2034 ascensorem
569 1972 646 2048 cius,
670 1983 699 2033 et
721 1969 905 2034 descendent
927 1972 1002 2054 equi
1022 1984 1051 2034 et
1072 1993 1250 2034 ascensores
1279 1994 1396 2051 eorum,
1423 1973 1474 2035 uir
1498 1974 1532 2036 in
1553 1972 1664 2059 plodio
1680 1975 1806 2061 fratris

101 2099 131 2138 ro
150 2079 213 2139 arri.
259 2075 299 2139 In
323 2075 375 2139 die
399 2076 469 2154 illu,
493 2076 573 2140 dicit
594 2075 751 2139 Doncinus
775 2077 974 2156 exercituum,
998 2100 1156 2140 assumam
1180 2090 1217 2156 ts,
1241 2076 1425 2157 Zorobabel,
1442 2078 1502 2163 flu·
1523 2077 1689 2159 salamiel,
1718 2103 1805 2143 seruc

151 2206 247 2261 meus,
264 2182 344 2245 dicit
359 2181 525 2261 Dominus,
542 2196 570 2245 et
579 2205 699 2268 ponem
716 2196 742 2245 te
758 2183 855 2266 quusi
867 2183 1075 2268 sipunculum,
1094 2185 1171 2267 quia
1188 2196 1214 2245 te
1230 2183 1320 2269 eleqi,
1337 2183 1417 2247 dicit
1431 2182 1588 2248 Dominus
1604 2187 1803 2248 exercituum.

257 2286 455 2368 Notandum,
480 2287 567 2373 quod
590 2285 846 2351 subvertendum
869 2286 1041 2372 prophetat
1064 2286 1180 2351 solium
1207 2309 1391 2372 regnorum,
1419 2288 1608 2375 priusquam
1632 2287 1806 2353 substituat
1823 2315 1876 2365 (es).

151 2392 268 2457 ducem
292 2391 355 2482 sibi
379 2392 533 2458 dilectum
557 2405 590 2457 et
612 2393 761 2458 electum.
796 2391 922 2456 Eodem
939 2392 1044 2474 modo,
1070 2394 1186 2479 siquis
1209 2415 1270 2458 rex
1292 2404 1348 2457 aut
1364 2395 1516 2480 princeps
1539 2395 1674 2479 imperio
1698 2416 1804 2459 sacer·

151 2498 251 2563 dotali
279 2500 373 2586 quasi
402 2521 461 2584 per
485 2497 671 2564 Samuelem
694 2500 907 2564 commonitus
938 2499 1035 2563 ferire
1065 2500 1192 2584 impios,
1216 2510 1345 2563 vastare
1369 2497 1603 2581 Amalechitas,
1633 2509 1804 2586 percutere
1824 2525 1984 2575 stimans.

104 2630 132 2670 so
149 2604 248 2690 Agag
274 2627 387 2690 regem
409 2604 528 2691 populo
552 2603 656 2670 Israel
685 2605 863 2687 inimicum,
894 2602 1012 2669 talibus
1037 2613 1150 2668 contra
1172 2602 1361 2668 mandatum
1384 2603 1586 2669 sacerdotale
1610 2607 1804 2692 pepercerit,

151 2723 207 2775 aut
229 2711 319 2796 quod
341 2712 432 2796 peius
457 2721 515 2794 est,
540 2712 688 2775 inimicos
705 2711 770 2775 Dei
793 2710 904 2775 fovere
929 2720 1026 2797 atque
1051 2711 1172 2774 amicos
1196 2710 1283 2774 Dei·
1307 2712 1459 2796 persequi
1483 2733 1581 2775 ausus
1604 2710 1711 2794 fuerit,
1735 2713 1805 2776 inre

151 2817 202 2882 hic
226 2817 301 2881 talis
324 2828 483 2903 potestate
508 2839 573 2904 qua
595 2817 679 2881 male
703 2817 813 2898 utitur,
844 2817 1001 2902 priratur,
1032 2816 1079 2878 ita
1101 2826 1138 2880 ut
1160 2837 1296 2902 regnum
1320 2814 1361 2880 ab
1386 2838 1424 2880 eo
1449 2816 1632 2882 scindatur:
1663 2819 1805 2882 maxime

151 2925 178 2987 si
200 2933 233 2987 et
256 2924 327 3009 ipse
352 2923 500 2988 scindere
532 2922 632 2987 audet
660 2922 795 3009 pallium
823 2921 1023 2987 sacerdotale
1047 2920 1101 2984 vel
1124 2921 1324 3007 prophetale,
1355 2922 1531 2988 minuendo
1562 2925 1612 2986 ius
1643 2933 1675 2990 et
1706 2923 1805 2988 decus

151 3029 349 3110 aecclesiam
381 3029 469 3115 quod
492 3041 542 3094 est
570 3031 605 3093 in
629 3039 744 3094 ornatu
768 3027 977 3093 sacerdotalis
1001 3026 1227 3109 excellentiae,
1252 3050 1336 3114 quae
1361 3028 1448 3092 clare
1472 3028 1671 3114 splendescit
1693 3030 1728 3093 in
1750 3029 1806 3093 illa

104 3160 132 3200 se
150 3136 338 3200 reversione
355 3135 395 3199 de
413 3136 601 3221 captivitate
618 3134 809 3200 Babilonica
825 3135 859 3199 in
874 3132 1061 3216 Ierusalem,
1086 3132 1268 3198 secundum
1291 3134 1377 3198 hunc
1400 3157 1544 3220 ymnum,
1565 3137 1620 3221 qui
1643 3145 1676 3200 te
1701 3134 1804 3216 decet,

150 3241 254 3322 Deus,
277 3243 312 3304 in
337 3241 436 3328 Syon.
471 3240 542 3305 Iam
566 3242 686 3327 quippe
712 3241 791 3305 solio
815 3261 988 3326 regnorum
1012 3238 1168 3304 subverso
1192 3240 1226 3302 in
1242 3237 1377 3304 Iudaico
1400 3239 1520 3325 populo
1544 3242 1648 3325 primo
1672 3240 1805 3326 regibus

149 3347 252 3412 Israel
276 3346 453 3412 cultoribus
476 3346 650 3412 vitulorum
680 3368 854 3412 aureorum
884 3357 1016 3432 propter
1045 3346 1220 3409 scissuram
1251 3346 1302 3408 sui
1325 3367 1344 3408 a
1368 3344 1463 3410 domo
1487 3345 1598 3410 David
1620 3346 1674 3411 vel
1697 3347 1805 3432 potius

150 3453 192 3519 ob
216 3452 400 3518 idolatriam
417 3453 531 3518 deletis
556 3464 587 3517 et
610 3476 630 3517 a
653 3475 754 3538 regno
769 3453 836 3516 Dei
853 3452 1085 3531 exterminatis,
1110 3449 1229 3515 deinde
1253 3448 1385 3535 regibus
1401 3472 1530 3538 quoque
1546 3450 1629 3515 Iuda
1652 3453 1686 3514 in
1702 3462 1805 3515 trans

149 3561 345 3646 migratione
368 3557 536 3623 Babilonis
567 3560 747 3623 terminatis
778 3569 810 3622 et
840 3556 1035 3644 quibusdam
1065 3578 1177 3620 eorum
1207 3554 1415 3621 laudabiliter
1445 3557 1479 3620 in
1509 3578 1610 3642 regno
1641 3555 1805 3620 caelorum

106 3691 133 3731 so
151 3667 323 3748 coronatis,
349 3670 499 3752 'qnorum
523 3665 645 3746 David,
669 3664 830 3729 Ezechias
855 3674 887 3728 et
908 3663 1012 3728 Iosias
1042 3673 1135 3727 erant
1163 3663 1322 3748 precipui,
1347 3649 1500 3744 extunc,
1530 3673 1565 3727 ut
1593 3664 1659 3727 iam
1683 3661 1805 3726 dictum
1824 3685 1902 3728 uer.

151 3783 214 3854 est,
250 3795 424 3858 regnorum
460 3772 540 3836 solio
574 3770 730 3836 subverso
761 3780 794 3836 et
823 3771 914 3855 regio
944 3770 1074 3834 nomine
1104 3770 1234 3855 penitus
1265 3767 1373 3833 ablato
1404 3767 1587 3834 Zorobabel
1618 3789 1805 3855 quanquam

150 3881 280 3966 genitus
305 3879 345 3944 de
369 3877 456 3943 tribu
479 3879 579 3964 regia,
604 3900 669 3942 non
685 3887 793 3941 tamen
810 3878 844 3940 in
859 3897 980 3961 regem,
1005 3875 1064 3939 sed
1086 3874 1254 3940 inducam
1270 3884 1446 3961 promotus,
1471 3873 1584 3939 habuit
1608 3873 1671 3939 sibi
1694 3896 1805 3939 sncce-

150 3985 267 4050 dentes
290 4007 355 4050 non
378 4007 483 4070 reges,
508 3983 566 4048 sed
583 3982 682 4048 duces
699 4005 801 4069 usque
826 3982 869 4046 ad
890 3981 970 4046 illud
994 3993 1131 4067 tempus,
1148 4003 1212 4067 quo
1228 3991 1302 4067 post
1325 3978 1468 4044 ablatum
1484 3991 1649 4067 sceptrum
1665 3980 1706 4045 de
1722 3979 1806 4045 Iuda
1824 4005 1984 4054 crossum

151 4093 295 4178 oportuit
318 4092 417 4156 etiam
440 4091 557 4155 ducem
580 4090 621 4156 de
645 4087 822 4154 femoribus
853 4089 922 4152 eius
953 4087 1083 4168 auferrI,
1115 4085 1316 4151 subintrante
1347 4108 1424 4172 rege
1455 4085 1639 4172 alienigena
1661 4085 1805 4168 Herode,

106 4221 132 4262 aa
152 4199 210 4285 qni
233 4220 276 4262 ex
300 4207 391 4284 patre
408 4195 543 4262 Idumeo
568 4207 600 4260 ct
622 4206 725 4260 matre
742 4192 887 4259 Arabica
910 4203 1004 4257 natus
1028 4194 1126 4276 fuit13
1152 4215 1191 4257 ac
1214 4191 1351 4279 proinde
1375 4191 1429 4256 illo
1453 4202 1610 4277 regnante
1626 4192 1679 4256 vel
1697 4192 1805 4278 potius

151 4305 379 4390 tyrannizante
402 4301 492 4367 illurn
514 4303 607 4367 nasci
629 4323 741 4386 regem
765 4301 883 4382 decuit,
907 4299 1034 4385 dequo
1057 4298 1243 4384 patriarcha
1259 4296 1358 4362 Iacob
1382 4297 1477 4383 longe
1501 4308 1576 4363 ante
1600 4297 1803 4384 predixerat:

151 4411 225 4476 Non
256 4411 422 4498 auferent-r
445 4424 582 4495 ceptrum
607 4409 644 4472 de
668 4408 752 4472 Iuda
775 4422 804 4472 ct
826 4408 892 4471 duro
918 4407 956 4471 de
972 4407 1100 4493 femore
1130 4408 1208 4485 eius,
1239 4404 1335 4469 donec
1365 4407 1470 4470 ueniat
1498 4407 1553 4468 cui
1579 4408 1748 4491 repositum
1779 4419 1807 4470 ct
1824 4429 1964 4479 cessare.

153 4521 221 4603 ipse
244 4519 306 4581 erit
328 4518 498 4602 wartono
519 4517 666 4602 qentium.
706 4511 898 4577 Diminutab
921 4512 1021 4597 igitur
1044 4508 1278 4596 aliquantulum
1301 4510 1367 4573 iam
1390 4521 1467 4574 tunc
1491 4508 1631 4574 seculari
1647 4509 1805 4596 dignitate
1826 4501 1965 4568 [ablatum

152 4644 268 4707 regum
290 4620 497 4686 Iudaicorum
521 4621 556 4683 in
580 4619 690 4700 duces,
715 4618 845 4704 quando
869 4614 1070 4702 incipiebant
1092 4614 1256 4701 proficisci
1283 4615 1324 4679 de
1347 4615 1609 4701 peregrinatione
1633 4637 1694 4680 sua
1716 4617 1805 4681 cives
1825 4582 1963 4708 {cequrffi

102 4753 135 4792 so
153 4726 348 4792 Ierusalem:
380 4726 603 4791 sacerdocium
633 4726 723 4811 prius
754 4723 886 4810 quidem
916 4722 1114 4808 religiosum,
1146 4720 1205 4784 sub
1229 4719 1361 4806 regibus
1385 4731 1493 4786 tamen
1523 4721 1727 4808 aliquatenus
1751 4721 1806 4786 de-

152 4855 312 4920 pressum,
344 4833 428 4897 sicut
457 4831 581 4897 indicat
607 4829 692 4895 liber
719 4851 850 4915 regum3
878 4827 972 4892 verbi
1001 4828 1116 4914 gratia,
1140 4826 1197 4891 nbi
1219 4826 1338 4912 legitur
1359 4826 1484 4913 Helyas
1508 4828 1595 4913 regis
1618 4838 1651 4892 et
1673 4828 1806 4913 reginae

152 4941 414 5025 persecutionem
434 4961 550 5025 passus
573 4939 607 5002 in
623 4935 725 5000 Israel
743 4946 775 4999 et
793 4936 827 4999 in
842 4934 925 4999 Inda
940 4933 1118 4998 Zacharias
1141 4934 1227 4998 inter
1248 4932 1404 5018 templum
1427 4943 1460 4997 et
1482 4932 1583 4997 altare
1606 4935 1697 4997 iussu
1719 4934 1806 5018 regis
1825 4959 1962 5006 necnon.

152 5044 328 5132 lapidatus,
352 5046 417 5109 iam
440 5043 654 5131 superduces
679 5063 855 5127 eorumque
871 5041 1090 5126 principatum
1114 5039 1232 5124 legitur
1254 5039 1360 5124 magis
1383 5061 1422 5103 ac
1445 5039 1550 5124 magis
1574 5037 1752 5103 exaltatum
1774 5049 1808 5103 et

153 5150 369 5237 glorificatum
398 5151 591 5236 coronisque
621 5147 786 5234 regalibus
816 5146 1078 5228 honorificatum,
1108 5145 1201 5209 iuxta
1229 5142 1310 5208 illud
1339 5145 1374 5207 in
1403 5144 1578 5231 propheta:
1611 5144 1731 5226 Sumus,
1761 5148 1962 5218 uitiasse.

103 5281 136 5322 ae
154 5258 322 5339 Dominus,
353 5272 514 5345 arpentum
545 5271 573 5321 ct
601 5281 725 5336 currum,
749 5269 777 5319 et
793 5277 894 5340 pones
923 5256 956 5318 in
985 5254 1087 5338 cupite
1109 5251 1192 5330 Iesu,
1215 5252 1291 5338 filii
1311 5249 1468 5331 Iosedech,
1499 5250 1658 5315 secerdoti
1683 5275 1805 5338 moqno.

154 5362 262 5449 Super
284 5363 346 5428 hoc
368 5363 420 5426 vir
442 5361 574 5426 illustris
597 5361 777 5426 Ieronimus
806 5360 889 5423 ait²z
920 5357 1128 5445 Imponuutur
1157 5371 1257 5421 autem
1289 5380 1421 5421 coronae
1443 5355 1527 5437 Iesu,
1550 5358 1625 5443 fllio
1649 5355 1807 5436 Iosedech,

262 5523 289 5588 a)
310 5527 376 5578 deest
394 5527 426 5576 B.
500 5525 528 5588 b)
551 5527 682 5576 dimInuta
700 5523 771 5574 codd.

265 5651 295 5727 1)
319 5653 421 5712 Euseb.
446 5653 508 5711 laist.
533 5653 597 5709 eccl.
622 5653 640 5707 l.
666 5651 690 5721 I,
715 5670 738 5707 c.
757 5650 786 5706 6.
879 5648 910 5718 2)
937 5646 1086 5706 Comrucnt.
1111 5645 1140 5703 in
1160 5646 1288 5704 Zucbur.
1313 5646 1331 5702 l.
1356 5644 1397 5718 II,
1423 5643 1497 5721 opp.
1522 5645 1564 5703 ed.
1580 5644 1738 5702 Vallursim
1760 5645 1806 5716 VI,

155 5761 207 5817 col.
225 5759 299 5817 829.
318 5759 422 5836 paucis
444 5758 560 5818 omissis.
1543 5837 1594 5888 59,
