4396 6390
398 339 463 402 474
691 345 871 402 GERHOHI
893 343 1128 400 PRAEPOSITI
1150 341 1562 399 REICHERSBERGENSIS
1586 342 1751 397 LIBELLI.

401 558 489 620 opas,
517 533 563 598 ad
584 532 670 619 quod
691 533 852 616 assumpsi
873 555 931 595 eos.
974 527 1116 594 Proinde
1140 529 1245 593 omnis
1268 529 1417 593 doctrina
1441 529 1641 614 coniungens
1666 527 1753 615 quod
1776 527 1876 591 Deus
1901 523 2076 610 separavit

401 649 457 703 aut
480 659 636 724 separans
661 635 748 723 quod
771 637 841 723 ipse
866 636 1045 717 coniunxit,
1068 645 1104 699 ut
1126 635 1255 721 prefata
1277 635 1364 720 regis
1394 635 1552 699 institutio
1577 657 1731 721 separans
1756 657 1776 698 a
1798 630 1983 697 monachis
2009 628 2071 694 cle·

401 746 486 809 ricos
516 746 550 808 in
574 743 753 808 sanctitatis
777 743 953 829 proposito,
978 764 1059 827 quos
1082 741 1175 806 Deus
1198 741 1323 805 eisdem
1353 740 1512 822 adiunxit,
1541 753 1574 806 et
1597 752 1755 828 quantum
1787 739 1831 804 ad
1857 735 2074 802 sacerdotale

401 852 542 937 pertinet
565 849 707 914 officium
732 847 956 935 superextulit,
981 849 1182 932 coniungens
1207 847 1342 912 clericos
1365 847 1496 934 populo,
1521 870 1602 934 quos
1627 845 1668 912 ab
1692 870 1731 913 eo
1755 847 1936 931 distinguit
1962 865 2070 908 sermo

402 956 542 1038 divinus,
562 965 598 1020 ut
621 965 768 1042 pastores
791 953 927 1040 bipedes
952 963 1060 1018 erecto
1077 953 1169 1046 vultu
1193 955 1327 1040 supinos
1351 977 1370 1018 a
1393 977 1492 1040 grege
1510 952 1721 1040 quadrupede
1745 955 1779 1017 in
1795 954 1937 1019 humum
1955 973 2104 1037 prono,s

402 1073 438 1127 ut
453 1061 557 1126 nubes
572 1063 605 1126 in
622 1061 686 1126 alto
702 1061 848 1126 volantes
873 1084 892 1124 a
915 1072 1002 1126 terra
1018 1060 1169 1124 deorsum
1192 1061 1330 1140 iacente,
1355 1082 1393 1124 ac
1418 1060 1458 1124 de
1483 1059 1555 1124 altis
1579 1058 1720 1125 nubibus
1743 1059 1885 1126 imbrem
1909 1059 2071 1122 siciente:

273 1194 383 1244 rursu.
403 1170 517 1251 omnis,
548 1169 691 1254 inquam,
723 1167 796 1232 talis
821 1166 968 1231 doctrina
992 1165 1106 1230 similis
1131 1177 1180 1230 est
1206 1189 1273 1230 non
1295 1164 1431 1248 flumini,
1456 1168 1548 1231 cuius
1572 1168 1712 1252 impetus
1736 1165 1871 1230 letificat
1896 1165 2071 1230 civitatem

225 1301 382 1352 amaran.
403 1274 525 1356 David,
550 1274 608 1338 sed
631 1296 736 1360 aquae
760 1271 918 1352 turbidae,
944 1296 1051 1358 quam,
1076 1273 1161 1336 sicut
1182 1272 1302 1357 legitur
1324 1274 1359 1336 in
1380 1272 1591 1360 Apocalypsi,
1623 1274 1710 1337 misit
1733 1272 1832 1336 draco
1857 1271 1899 1336 de
1926 1293 1988 1336 ore
2012 1293 2070 1334 suo

403 1391 559 1466 tanquam
581 1379 701 1444 flumen
724 1391 798 1465 post
820 1379 998 1460 mulierem,
1023 1401 1107 1465 quae
1131 1381 1259 1465 peperit
1281 1379 1459 1444 masculam
1484 1390 1598 1464 gentes
1615 1401 1727 1443 omnes
1743 1391 1921 1459 recturum,
1940 1389 1980 1442 ut
1996 1399 2069 1442 eam

311 1515 384 1553 mre.
404 1487 527 1552 faceret
544 1486 627 1550 uehi
644 1509 664 1548 a
679 1485 822 1549 flumine.
848 1483 914 1550 Sed
930 1488 1057 1572 aperuit
1072 1502 1155 1550 terra
1172 1511 1206 1549 os
1221 1511 1322 1566 aarum,
1339 1501 1367 1550 et
1381 1488 1542 1550 obsorbuit
1549 1488 1669 1574 flrirnen
1687 1485 1873 1550 autmundo
1887 1487 2067 1550 mulierem.
2088 1509 2113 1547 ιο

405 1593 460 1659 Sic
479 1617 545 1658 non
565 1591 667 1656 solum
687 1593 720 1655 in
738 1590 944 1656 absorbenda
963 1591 1109 1655 heretica
1128 1591 1276 1658 doctrina
1295 1613 1331 1655 os
1351 1602 1499 1677 apertum
1515 1601 1565 1655 est
1587 1613 1700 1655 veram
1723 1591 1821 1655 fidem
1846 1592 2067 1655 astruentium

404 1700 583 1780 doctorum,
601 1697 658 1762 sed
676 1699 773 1762 etiam
790 1699 823 1761 in
841 1696 1047 1762 absorbenda
1063 1696 1190 1783 prefata
1205 1697 1318 1783 regula
1333 1696 1483 1762 turbidae
1497 1719 1601 1784 aquae
1619 1697 1796 1762 assimilata
1813 1721 1849 1762 os
1870 1708 1982 1762 terrae
2001 1721 2068 1762 non

405 1806 505 1871 semel
530 1815 677 1891 apertum
702 1815 759 1893 est.
808 1803 874 1868 Sed
904 1803 1010 1868 adhuc
1041 1802 1161 1867 flumen
1192 1805 1262 1866 eius
1286 1826 1350 1868 non
1374 1805 1503 1890 penitus
1528 1816 1577 1867 est
1600 1803 1788 1890 absorptum
1812 1805 1865 1868 vel
1889 1804 2069 1868 manifesta

406 1913 636 1999 dampnatione
654 1911 877 1991 cauteriatum,
901 1933 962 1974 nec
979 1908 1196 1995 repudiatum,
1221 1919 1317 1996 prout
1333 1921 1461 1996 oportet
1476 1909 1642 1996 repudiari
1659 1909 1866 1992 sacrificium,
1892 1911 1957 1975 etsi
1977 1921 2067 1976 recte

406 2018 560 2100 oblatum,
581 2021 649 2082 ¹non
673 2028 782 2081 tamen
806 2026 893 2081 recte
918 2017 1069 2098 divisum,
1094 2015 1153 2080 sed
1175 2017 1271 2081 nimis
1296 2017 1482 2080 confusum:
1508 2016 1584 2080 dum
1604 2018 1638 2080 in
1655 2019 1835 2081 sanctitatis
1852 2015 2068 2082 observantia
2087 2043 2111 2080 a

321 2187 386 2234 (m).
406 2126 517 2190 alerici
542 2147 562 2188 a
584 2123 751 2188 monachis
777 2122 998 2208 distinguntur
1022 2134 1054 2186 et
1077 2121 1195 2208 populo
1220 2121 1262 2186 ab
1286 2123 1332 2186 eis
1357 2123 1500 2207 regendo
1524 2123 1619 2186 nimis
1645 2123 1776 2188 confirse
1801 2124 1994 2210 iunguntur.

213 2241 351 2310 [Urbanus
512 2229 613 2294 Multo
642 2231 762 2294 rectius
791 2228 920 2312 obtulit,
955 2229 1140 2314 rectiusque
1169 2227 1280 2293 divisit
1307 2227 1458 2293 Urbanus
1486 2251 1573 2316 papa
1599 2228 1643 2293 Il.
1678 2230 1719 2294 de
1755 2229 1868 2294 ordine
1904 2232 2067 2294 canonico

166 2315 386 2448 vriiilnhiiuli]
407 2336 553 2402 scribens
583 2334 788 2421 regularibus
820 2335 948 2400 clericis
978 2337 1012 2398 in
1043 2335 1128 2399 hunc
1159 2333 1326 2398 motum1:
1366 2335 1492 2422 Oportet
1525 2361 1591 2418 nos,
1626 2339 1685 2422 qui
1718 2339 1789 2401 licet
1819 2339 1952 2426 indepni
1978 2337 2072 2402 Petri

407 2445 580 2509 residemus
612 2447 642 2507 in
669 2444 745 2522 loco,
769 2468 876 2528 praua
900 2445 1067 2529 corripere,
1098 2456 1181 2506 recta
1198 2445 1334 2529 firmo-re
1358 2457 1386 2506 et
1408 2445 1441 2506 iu
1466 2446 1554 2506 omni
1574 2444 1663 2507 loco*
1686 2443 1731 2507 ad
1755 2446 1874 2508 insterni
1893 2445 2068 2508 arbitrium

408 2551 526 2615 indicis
556 2552 602 2614 sic
634 2549 831 2634 disponenda
863 2549 1039 2634 disponere,
1070 2563 1103 2612 ut
1133 2548 1171 2613 de
1202 2549 1288 2612 cultu
1318 2551 1384 2613 eius
1408 2549 1565 2612 iudicium
1588 2563 1725 2612 nostrum
1742 2551 1891 2636 prodent,
1921 2566 1953 2615 et
1982 2553 2072 2615 oculi
2086 2576 2113 2614 ro

278 2681 387 2729 aaran.
407 2659 509 2720 nostri
530 2656 658 2720 ut'deant
680 2658 852 2740 equitatem.
904 2655 1118 2741 Omnipotenti
1138 2679 1211 2742 erpo
1234 2654 1383 2734 Domino,
1408 2658 1497 2718 cuins
1520 2656 1632 2718 rrielior
1655 2671 1699 2719 est
1722 2657 1945 2721 misericordia
1970 2682 2068 2744 snper

290 2765 498 2842 arsenoitas,
531 2764 655 2849 pretias
681 2765 814 2848 opiinus,
850 2762 936 2846 qnod
968 2786 1021 2825 cos
1056 2763 1128 2825 estis
1162 2763 1221 2846 qui
1252 2776 1429 2826 sanctornm
1457 2776 1586 2847 patrum
1618 2764 1713 2826 vitam
1741 2764 1940 2848 prohabilem
1976 2789 2067 2828 reno-

409 2871 489 2934 uatis
525 2883 553 2932 et
586 2869 775 2954 apostolicae
811 2871 951 2932 instituta
988 2868 1179 2954 dasct‘prlinae
1210 2870 1242 2932 in
1266 2868 1463 2953 primordiis
1497 2868 1666 2932 aecclesiae
1695 2883 1820 2932 sanctae
1855 2884 1975 2949 exorta,
2010 2870 2070 2934 sed

408 2990 557 3040 crescente
588 2975 740 3038 aecclesia
772 2977 836 3038 iam
858 2999 941 3060 pene
971 2975 1081 3052 delent,
1113 2977 1260 3038 instincta
1289 2977 1393 3038 sancti
1414 2973 1556 3060 Spiritus
1585 2977 1752 3038 suscitatis.
1800 2975 1894 3039 Duae
1917 2979 2001 3040 enirn
2025 2978 2066 3041 ab

407 3082 576 3146 aecclesiae
599 3096 723 3144 sanctae
737 3081 934 3167 primordiis
959 3084 1039 3144 citae
1056 3083 1122 3144 eius
1137 3080 1229 3144 sunub
1239 3082 1327 3167 filiis
1343 3083 1519 3145 institutae:
1542 3105 1605 3145 una
1622 3105 1684 3166 qua
1700 3084 1899 3168 infirmorum
1916 3083 2068 3148 debilitas
2086 3107 2111 3146 ss

230 3211 388 3260 namnam.
407 3191 566 3267 retinetur,
591 3188 691 3252 altera
715 3213 777 3272 qun
794 3189 972 3276 fortiorum
1005 3191 1104 3252 uirtus
1127 3189 1215 3252 beate
1234 3189 1420 3274 perficitur5
1451 3213 1513 3251 uria
1543 3212 1706 3252 remaneres
1735 3190 1770 3252 in
1793 3186 1892 3276 Sopor
1912 3191 2066 3274 paruula,

408 3295 508 3364 altera
532 3293 578 3356 ad
599 3296 711 3357 nectitis
734 3295 850 3358 altiora
875 3295 1098 3375 corisceudens5
1126 3319 1189 3356 etna
1213 3295 1357 3358 lacrimis
1381 3309 1408 3357 et
1430 3295 1608 3358 elemosinis
1631 3295 1803 3358 cottidiana
1819 3310 1956 3381 peecata
1979 3297 2065 3361 redi-

409 3425 502 3479 mens,
526 3400 627 3464 altero
651 3401 823 3464 cottidiano
850 3403 999 3465 instantia
1023 3403 1135 3464 rnerita
1157 3415 1284 3464 aeterna
1308 3403 1502 3485 conquirens.
1551 3400 1693 3464 Alteram
1718 3415 1849 3466 terrentes
1873 3404 2065 3489 inferiorem

408 3508 540 3571 terrenis
563 3507 652 3570 bonis
676 3521 812 3585 utuntur,
836 3507 968 3570 alterurn
983 3521 1140 3590 sequentes
1155 3510 1349 3592 superiorem
1365 3508 1463 3570 bona⁰
1481 3522 1603 3570 terrena
1621 3507 1798 3592 despiciunt
1820 3523 1849 3572 et
1870 3510 2063 3594 relinquunt.

317 3637 388 3678 mss.
408 3612 497 3676 Haec
527 3625 627 3676 aretem
659 3637 738 3697 qnae
761 3639 779 3676 o
804 3615 936 3676 terrenis
961 3613 1152 3692 ‘disertitum
1183 3615 1217 3676 in
1242 3613 1323 3676 eluas
1339 3637 1422 3698 pene
1446 3616 1539 3676 sanius
1563 3614 1707 3677 eiusdem
1721 3617 1884 3700 propositi
1905 3616 2067 3681 dividitur
2085 3641 2110 3678 so

402 3721 576 3804 portiones,
601 3721 822 3782 canonicorum
845 3720 1025 3782 scilicetne
1048 3720 1277 3782 monachorum.
1326 3719 1452 3783 Harum
1475 3720 1612 3784 secrunda
1631 3745 1692 3805 per
1716 3721 1860 3785 dia-inam
1884 3725 2065 3787 mesericor-

409 3825 497 3888 diam
513 3825 720 3912 frequentata
744 3828 822 3889 satis
846 3828 910 3888 iarn
932 3825 1035 3888 secutio
1062 3828 1205 3890 uriioerso
1229 3826 1332 3889 elucet.
1372 3825 1485 3889 Prima
1509 3850 1580 3890 uero
1605 3827 1810 3891 decalescente
1826 3828 1964 3915 feruore
1980 3830 2065 3916 fiale

409 3930 485 3995 lium
511 3933 575 3994 inm
595 3956 676 4016 pierre
699 3933 824 3994 ofrrrnino
848 3931 987 4016 detinuit.
1035 3931 1130 3994 Hanc
1154 3947 1273 4018 martpr
1297 3946 1324 3995 et
1339 3933 1493 4020 pontifea¹
1514 3932 1659 3996 Urbanam
1682 3936 1826 4014 instituit,
1850 3935 1932 3999 hanc
1954 3935 2064 4023 liupu-

408 4039 508 4100 stinns
537 4039 604 4100 siris
634 4038 753 4124 repulia
782 4037 954 4116 ordinauit,
985 4037 1065 4100 hanc
1088 4036 1265 4100 Iororu'rnus
1292 4040 1359 4100 suis
1387 4039 1528 4123 epistolis
1553 4041 1752 4125 informavit,
1782 4041 1863 4104 lanc
1888 4041 2066 4130 Greporius

408 4143 584 4230 Augustino
607 4144 784 4231 Anplornm
812 4144 1050 4228 archiepiscopo
1082 4143 1302 4208 instituendum
1320 4147 1473 4228 precepit.
1523 4143 1632 4229 Itaque
1661 4170 1723 4210 non
1753 4149 1887 4211 minoris
1918 4151 2063 4213 mtinsan-
2082 4171 2106 4211 st

409 4249 483 4312 altem
499 4264 544 4314 est
559 4251 665 4314 meriti
686 4250 766 4312 harto
791 4251 885 4313 citam
910 4250 1078 4313 aecclesiae
1097 4252 1310 4334 pn'ntu'uom,
1331 4253 1492 4336 aspirante
1508 4275 1546 4314 ne
1557 4267 1761 4336 prosequente
1778 4253 1915 4317 Domini
1935 4258 2063 4340 spriritu,

408 4357 570 4435 suscitare,
594 4381 687 4440 quum
697 4357 861 4442 florentem
885 4356 1106 4419 monachorum
1131 4357 1313 4442 relipionern
1337 4357 1474 4419 eiusdem
1498 4360 1632 4442 spiritus
1642 4361 1880 4443 perseuerantia
1896 4361 2061 4425 custodire.

324 4487 388 4534 (rso).
409 4458 492 4524 Cum
515 4461 549 4523 in
573 4460 622 4523 his
647 4460 742 4524 dictis
766 4460 903 4524 Romani
934 4460 1096 4546 pontificis
1127 4461 1288 4525 aecclesia
1318 4471 1386 4525 tota
1417 4463 1482 4524 suis
1507 4461 1674 4527 ordinibus
1698 4463 1851 4528 distincta
1875 4468 2063 4530 cautissime

410 4565 621 4646 describatur,
652 4589 812 4652 nusquam
842 4568 877 4630 in
901 4589 940 4630 ea
968 4567 1252 4652 comprehenditur
1276 4569 1343 4631 vita
1367 4567 1558 4632 clericorum
1590 4569 1768 4633 secundum
1797 4570 1945 4656 regulam
1976 4574 2062 4657 regis

408 4671 576 4736 Ludewioi
602 4673 863 4736 conversantium
879 4672 932 4736 vel
956 4674 1062 4758 potius
1087 4673 1225 4737 eandem
1249 4673 1395 4758 regulam
1419 4675 1452 4737 in
1475 4674 1654 4760 potioribus
1677 4677 1831 4740 institutis
1854 4680 2063 4763 prevaricari·
2080 4703 2105 4740 ιο

274 4805 392 4856 ranas
409 4779 499 4842 tium.
536 4777 591 4843 Sic
616 4777 760 4864 absorpti
784 4789 858 4843 sunt
881 4780 983 4842 iuncti
1007 4791 1098 4865 petre
1122 4779 1247 4844 iudices
1272 4781 1384 4866 iniqui,
1410 4779 1627 4846 deformantes
1652 4781 1797 4846 ordinem
1821 4783 1900 4847 cleri
1925 4786 2063 4872 antiqui-

409 4893 460 4947 tus
495 4884 579 4949 bene
610 4885 817 4949 informatum
846 4895 878 4948 et
906 4907 1005 4970 supra
1034 4895 1128 4970 petra
1158 4885 1292 4949 firmiter
1321 4885 1501 4950 fundatum.
1555 4887 1713 4952 Bibamus
1744 4911 1822 4974 ergo
1854 4889 1895 4953 de
1926 4891 2064 4976 spiritali

410 5002 629 5076 consequente
658 5013 717 5054 nos
746 5002 839 5076 petra
869 4992 902 5054 in
925 4992 1014 5055 Petri
1044 4992 1180 5077 apostoli
1212 4993 1346 5079 eiusque
1377 5015 1601 5058 successorum
1631 4996 1805 5080 purissima
1835 4994 2001 5060 doctrina:
2033 5008 2064 5062 et

240 5124 391 5173 optaram.
410 5118 584 5160 caveamus
608 5095 721 5160 bibere
746 5096 786 5160 de
810 5096 942 5161 flumine
966 5096 1106 5179 turbido,
1131 5097 1219 5183 quod
1242 5100 1330 5162 misit
1353 5098 1451 5163 draco
1476 5099 1517 5163 de
1542 5122 1596 5164 ore
1621 5123 1679 5164 suo
1703 5103 1737 5165 iu
1761 5103 1848 5166 omni
1872 5103 2063 5168 seductione

410 5202 583 5288 pestiferae
607 5203 784 5286 doctrinae,
810 5202 913 5289 qualis
938 5205 1102 5268 invenitur
1124 5226 1190 5267 non
1214 5204 1316 5268 solum
1343 5206 1377 5268 in
1402 5204 1565 5269 erroribus
1589 5205 1805 5271 hereticorum
1829 5207 1906 5272 fidei
1931 5210 2063 5274 sinceri·
2079 5233 2106 5272 a

410 5319 508 5372 tatem
533 5309 846 5390 commaculantium,
879 5309 937 5372 sed
968 5311 1065 5374 etiam
1095 5311 1129 5374 in
1152 5309 1307 5374 doctrinis
1337 5309 1503 5375 hominum
1534 5313 1729 5377 secularium
1760 5313 1957 5380 christianae
1989 5339 2063 5381 con-

409 5415 601 5479 versationis
626 5417 798 5500 puritatem
822 5438 924 5501 prava
948 5416 1137 5480 confusione
1161 5414 1430 5502 perturbantium,
1452 5429 1583 5504 atquae
1600 5419 1692 5483 Deus
1717 5422 1886 5485 coniunxit
1909 5443 2062 5508 separan-

517 5559 542 5622 s)
566 5562 683 5612 ecclesia
704 5561 736 5612 B.
810 5559 837 5622 b)
859 5563 877 5611 f.
898 5579 918 5612 s.
939 5562 971 5612 B.
1046 5558 1071 5622 cl
1093 5569 1111 5612 t.
1132 5565 1156 5613 b.
1177 5563 1210 5612 B.

520 5687 548 5762 1)
571 5689 652 5746 Alias
675 5709 730 5746 non
755 5698 863 5758 casim,-
887 5710 922 5746 ea·
947 5689 1080 5747 Gelono
1103 5691 1184 5764 aprici
1206 5691 1305 5747 lionsi
1327 5691 1395 5761 XX,
1421 5693 1470 5748 col.
1490 5693 1562 5749 712.
1579 5694 1660 5762 713,·
1683 5693 1771 5767 Jaffi
1790 5715 1835 5752 nr.
1855 5695 1951 5752 5761.
