4478 6396
470 320 535 382 236
763 327 943 382 GERHOHI
967 326 1199 381 PRAEPOSITI
1223 324 1630 380 REICHERSBERGENSIS
1654 324 1818 379 LIBELLI.

470 536 582 577 ornnes
612 535 697 599 pene
727 513 920 599 parrochiae
951 535 1029 577 suae
1060 513 1330 599 congregationes
1360 513 1439 576 fecit
1468 511 1644 598 regulares·
1692 510 1759 577 Sed
1782 512 1815 574 in
1839 511 2055 596 suffraganeis
2079 511 2125 575 illi

470 617 636 700 subiectis,
657 642 794 706 quarum
819 643 885 683 una
902 632 951 684 est
973 619 1134 684 aecclesia
1150 620 1406 706 Ratisponensis,
1431 618 1537 683 adhuc
1560 629 1676 704 regnat
1698 618 1783 682 filius
1807 618 1955 698 ancillae,
1981 629 2014 682 et
2038 617 2127 704 qnod

470 727 608 812 nequius
633 737 691 809 est,
719 727 926 813 persequitur
948 726 1050 790 filium
1072 725 1212 808 liberae,
1244 727 1271 789 si
1294 737 1404 790 tamen
1427 737 1462 790 tu
1486 725 1629 812 dignaris
1652 749 1704 790 me
1728 747 1907 811 agnoscere
1930 725 2044 807 filium,
2069 725 2128 810 qui

470 831 530 896 tibi
554 854 649 897 servo
672 832 803 897 filialem
827 833 989 914 affectum,
1013 833 1201 919 frequenter
1224 844 1340 918 optans
1363 831 1423 896 tibi
1446 831 1528 896 tales
1552 843 1705 913 rectoreS,
1729 832 1834 918 qualis
1858 833 1919 896 fuit
1943 831 2128 918 Gregorius

470 941 604 1026 primus,
629 949 663 1004 ut
686 963 750 1004 non
775 939 893 1021 dicam,
918 939 1023 1027 qualis
1046 939 1107 1004 fuit
1129 939 1246 1003 Petrus
1270 938 1446 1025 apostolus,
1464 960 1598 1024 quorum
1619 961 1712 1021 unus,
1738 937 1862 1003 scilicet
1878 939 2005 1020 Petrus,
2023 939 2160 1002 vitame

470 1047 559 1111 inte
584 1047 796 1133 apostolicam
826 1047 995 1132 plantavit,
1026 1046 1118 1127 alter,
1143 1045 1297 1110 videlicet
1321 1043 1510 1130 Gregorius,
1538 1045 1676 1108 eandem
1706 1045 1795 1109 inte
1820 1046 1865 1108 ita
1888 1046 2067 1131 reparavit,
2092 1056 2130 1108 ut

470 1153 573 1217 Rome
603 1155 637 1216 in
668 1155 740 1239 ipsa
763 1152 947 1240 Babylonia
974 1153 1047 1216 talis
1077 1163 1164 1217 esset
1194 1152 1385 1217 clericorum
1416 1161 1449 1215 et
1478 1152 1711 1215 monachorum
1740 1153 1818 1232 vita,
1850 1152 1954 1237 qualis
1983 1175 2004 1216 a
2030 1151 2129 1216 beato

470 1259 569 1324 Petro
594 1260 737 1324 ereditur
759 1260 916 1346 plantata,
941 1271 973 1324 et
996 1259 1101 1346 qualis
1126 1258 1186 1323 sub
1210 1259 1321 1322 Marco
1346 1257 1506 1344 discipulo
1531 1258 1600 1322 eius
1624 1257 1712 1345 apud
1735 1257 1970 1322 Alexandriam
1994 1271 2047 1322 est
2070 1257 2129 1322 ob·

472 1379 611 1430 servata.
660 1365 788 1432 Scimus
813 1377 846 1430 et
870 1365 1015 1431 dolemus
1039 1375 1070 1429 te
1094 1367 1128 1430 in
1145 1367 1251 1452 eapite
1271 1377 1468 1451 quassatam,
1491 1366 1538 1428 ita
1560 1373 1683 1428 utnon
1706 1366 1812 1451 possis
1836 1365 1985 1430 ordinare
2011 1377 2131 1430 contra

472 1474 643 1537 seientiam
667 1472 788 1538 Christi
813 1472 927 1537 crebro
951 1472 1199 1536 tumultuantem
1224 1472 1370 1535 Romam.
1418 1471 1454 1536 Si
1477 1493 1555 1556 ergo
1582 1493 1647 1535 non
1670 1471 1782 1535 valeas
1807 1473 1952 1536 eominus
1976 1494 2175 1558 pugnarem

472 1581 505 1644 in
529 1580 649 1666 gladio,
680 1603 791 1666 pugna
821 1580 934 1644 saltem
964 1581 997 1643 in
1020 1601 1099 1643 aren
1124 1590 1265 1642 extento.
1313 1577 1460 1663 Sagittae
1484 1578 1625 1662 potentis
1649 1588 1765 1642 acutae
1789 1577 1920 1642 fuerunt
1942 1578 2018 1642 illae
2044 1577 2129 1643 Gre-

472 1688 627 1773 gorianae
652 1685 819 1773 epistolae,
845 1709 925 1772 quas
950 1686 1205 1772 archiepiscopis
1229 1695 1262 1749 et
1285 1685 1448 1770 episcopis
1471 1683 1555 1748 ultro
1582 1685 1718 1770 ingessit
1748 1695 1780 1748 et
1808 1685 1916 1749 omnia
1939 1707 2051 1748 eorum
2077 1708 2130 1749 re·

472 1793 705 1880 prehensibilia
728 1794 834 1878 tetigit
858 1795 1023 1879 vitamque
1047 1791 1258 1878 apostolicam
1283 1791 1381 1856 edam
1409 1792 1443 1854 in
1466 1789 1647 1876 Anglorum
1675 1791 1853 1878 longinqua
1876 1791 2038 1856 aecclesia
2063 1792 2129 1855 dis-

382 1924 452 1966 an.
472 1902 590 1988 posuit.
645 1899 733 1964 Illius
770 1901 890 1964 etenim
924 1910 1069 1985 tempore
1103 1897 1183 1962 nulli
1219 1921 1299 1984 opus
1335 1907 1405 1961 erat
1438 1897 1562 1962 litteras
1593 1898 1788 1984 apostolicas
1820 1903 2041 1985 'extorquere
2074 1898 2129 1962 vel

474 2006 648 2072 difficulter
683 2007 840 2093 optinere.
898 2005 991 2070 Ultro
1025 2005 1260 2092 ingerebantur
1293 2015 1325 2068 et
1360 2005 1522 2091 episcopis
1557 2027 1622 2069 non
1657 2003 1867 2091 querentibus
1902 2005 2128 2070 mittebantur.
2149 2027 2174 2068 n

472 2115 593 2179 Postea
616 2137 693 2178 vero
724 2114 913 2199 frequenter
936 2113 1055 2194 evenit,
1079 2122 1115 2176 ut
1138 2113 1238 2176 etiam
1268 2111 1328 2175 snb
1359 2111 1486 2176 devotis
1512 2123 1545 2174 et
1568 2111 1777 2197 epistolarum
1808 2110 1907 2198 largis
1938 2113 2128 2198 apostolicis

474 2231 560 2285 esset
590 2219 723 2307 querela
753 2219 793 2283 de
825 2218 1027 2284 cancellariis
1059 2229 1091 2283 et
1120 2219 1254 2282 notariis
1285 2219 1419 2282 nimium
1450 2219 1557 2303 parcis
1589 2229 1621 2282 et
1651 2217 1694 2282 ad
1722 2216 1911 2282 scribendas
1936 2241 1975 2282 ac
2000 2219 2128 2283 dandas

474 2327 627 2414 epistolas
658 2327 770 2408 tardis,
801 2327 970 2412 ignorante
1000 2335 1111 2389 tamen
1134 2324 1186 2389 vel
1215 2349 1279 2388 non
1309 2335 1466 2410 pensante
1497 2324 1558 2389 hoe
1581 2324 1670 2388 Petri
1694 2325 1829 2406 vicario,
1854 2326 1909 2411 qui
1933 2327 2046 2411 utique
2071 2326 2127 2390 de·

473 2446 567 2499 votus
592 2435 717 2498 eratin
742 2435 926 2518 semetipso.
961 2431 1127 2496 Devotum
1151 2454 1280 2518 quoque
1303 2443 1346 2513 te,
1370 2455 1457 2516 papa
1473 2431 1652 2512 Innocenti,
1678 2431 1850 2512 credimus,
1874 2431 2070 2517 prudentem
2095 2447 2127 2496 te

473 2542 539 2605 iam
563 2553 659 2604 antea
682 2541 810 2626 experti
834 2561 954 2620 sumus,
986 2549 1019 2602 et
1048 2538 1122 2602 ideo
1154 2537 1194 2602 de
1219 2561 1319 2602 causa
1341 2539 1427 2602 iusta
1450 2549 1482 2602 et
1504 2537 1564 2601 tibi
1587 2548 1665 2602 nota
1687 2539 1801 2624 paucis
1825 2539 1990 2624 agendum
2014 2561 2127 2604 cense—
2145 2563 2170 2602 ao

473 2671 556 2711 mus.
587 2647 715 2732 igitur,
747 2649 765 2710 ό
796 2669 883 2732 papa
913 2645 1097 2727 innocenti,
1128 2644 1328 2709 Antichristo
1364 2667 1499 2730 regnum
1534 2645 1599 2708 iam
1634 2645 1817 2726 affectante,
1848 2655 1883 2709 ut
1916 2668 1982 2710 non
2017 2645 2126 2710 dicam

474 2764 641 2840 regnante,
667 2755 904 2817 communicato
929 2752 1063 2816 consilio
1088 2775 1162 2816 cum
1186 2750 1401 2816 sanctioribus
1427 2763 1459 2814 ct
1481 2750 1755 2836 prudentioribus,
1777 2775 1857 2838 quos
1873 2763 1909 2816 tu
1923 2754 2019 2834 nosti,
2037 2753 2127 2839 quod

475 2863 539 2925 sint
562 2883 666 2942 aenea,
695 2859 816 2923 adiuva
840 2883 908 2923 nos.
955 2859 1070 2922 Preter
1093 2859 1228 2923 domnos
1253 2851 1445 2938 cardinales,
1470 2880 1550 2943 quos
1578 2856 1681 2921 habes
1711 2868 1866 2944 tanquam
1888 2859 1953 2923 Dei
1985 2883 2126 2945 sponsae

475 2967 705 3054 paranimphos
729 2966 851 3048 fideles,
876 2965 973 3030 audio
998 2977 1105 3030 tecum
1130 2988 1201 3028 esse
1226 2964 1379 3029 domnum
1403 2965 1703 3028 'l‘erraeonensem1
1727 2975 1760 3028 et
1783 2964 1935 3030 abbatem
1959 2965 2125 3031 Clareval-

474 3075 630 3154 lensemss,
653 3073 741 3137 viros
765 3072 915 3136 illustres.
962 3073 1023 3136 His
1052 3072 1093 3136 ad
1117 3072 1287 3136 consilium
1311 3070 1474 3153 adhibitis,
1499 3093 1595 3157 surge
1618 3081 1652 3134 et
1674 3072 1788 3135 metire
1812 3071 1967 3158 templum
1992 3085 2024 3136 et
2048 3074 2125 3138 ado·
2144 3097 2169 3134 a

475 3191 585 3244 rantes
602 3169 643 3243 in
667 3203 715 3244 eo.
762 3179 891 3243 Atrium
914 3191 1032 3262 autern,
1057 3179 1144 3265 quod
1168 3190 1217 3242 est
1240 3179 1317 3242 foris
1341 3177 1506 3263 templum,
1530 3179 1600 3241 eice
1624 3177 1722 3258 foras,
1747 3188 1779 3242 et
1803 3201 1842 3242 ne
1866 3181 2010 3243 metiaris
2035 3180 2124 3262 illud,

476 3289 629 3374 qnoniam
660 3287 769 3351 datum
802 3297 851 3350 est
880 3285 1042 3372 gentibus.
1089 3286 1263 3371 Distingue
1294 3285 1423 3370 scriptis
1454 3283 1681 3366 decretalibus,
1707 3285 1764 3371 qui
1786 3286 1850 3348 sint
1879 3285 1926 3348 illi
1949 3287 2124 3351 mendaces

299 3417 456 3467 areana.
475 3395 632 3480 magistri,
657 3393 768 3458 oculos
791 3392 948 3457 habentes
979 3392 1092 3479 plenos
1116 3392 1276 3473 adulterii,
1301 3403 1334 3455 et
1356 3388 1557 3455 incessabilis
1581 3391 1702 3472 delicti,
1730 3414 1811 3477 quos
1841 3393 1874 3455 in
1899 3393 2036 3478 epistola
2066 3417 2125 3458 sua

379 3525 456 3564 aas.
475 3511 567 3565 notat
589 3499 752 3587 apostolus
767 3500 895 3580 Petrus,
921 3498 1040 3564 docens
1065 3499 1248 3564 cavendum
1272 3520 1292 3561 a
1315 3496 1444 3579 talibus,
1469 3520 1606 3583 quorum
1630 3500 1727 3562 etiam
1751 3511 1954 3563 sacramenta
1971 3505 2044 3586 *per
2063 3501 2125 3565 hoe

298 3633 456 3681 aenean.
476 3607 618 3672 ostendit
641 3608 739 3689 sicca,
764 3608 841 3693 quia
865 3606 944 3670 dicit
968 3629 1023 3670 eos
1053 3607 1158 3670 fontes
1190 3627 1261 3668 esse
1292 3605 1361 3667 sine
1389 3627 1484 3690 aqua,
1515 3626 1575 3690 per
1597 3604 1659 3670 hoc
1684 3606 1839 3687 extincta,
1864 3607 1942 3691 quia
1965 3606 2046 3671 dicit
2069 3631 2124 3672 eos
2143 3630 2167 3668 ao

476 3737 548 3779 esse
572 3712 718 3794 nebulas,
743 3712 926 3777 turbinibus
951 3715 1142 3799 exagitatas,
1167 3711 1285 3797 quibus
1310 3710 1415 3796 caligo
1439 3709 1647 3774 tenebrarum
1663 3723 1856 3776 reservatur.
1902 3713 2025 3777 Beatus
2043 3713 2124 3780 Gre-

310 3846 414 3894 nnaa,
424 3847 456 3887 rs.
476 3822 586 3908 gorius
598 3820 735 3884 iohanni
748 3818 1107 3904 Constantinopolitano
1124 3817 1270 3882 scribens
1287 3817 1363 3881 olim
1379 3819 1518 3904 inquit³:
1540 3817 1703 3884 Clamantr
1712 3843 1775 3904 per
1790 3821 1980 3905 apostolum:
1997 3822 2124 3903 Fittott,

475 3931 648 3993 novissima
669 3929 746 3992 bora
763 3941 815 4008 est,
839 3928 1008 3990 secandune
1031 3927 1117 4011 qaod
1131 3929 1248 3989 ueritas
1264 3927 1360 3989 dicit:
1382 3925 1566 3990 Pestilentia
1590 3940 1618 3989 et
1636 3925 1768 4012 pladins
1784 3928 2012 4012 permundans
2036 3933 2124 4008 sevit,

473 4051 577 4122 pentes
600 4038 766 4122 inserpunt
785 4036 937 4122 pentibus,
968 4049 1047 4098 terre
1078 4036 1250 4097 cartennae
1273 4034 1358 4097 erbis
1388 4058 1458 4095 crint
1481 4033 1708 4096 habitatoribus
1737 4036 1814 4112 seres,
1846 4047 1930 4098 terra
1954 4035 2124 4122 deficiente,

475 4145 637 4206 solarentur
660 4145 776 4220 omnia,
808 4167 887 4226 qnae
903 4141 1052 4227 predicta
1076 4155 1156 4218 sarit,
1179 4141 1274 4224 finnt,
1305 4153 1361 4202 ren
1389 4140 1556 4225 superbiae
1572 4163 1676 4224 prope
1700 4155 1752 4220 est,
1783 4155 1812 4204 et
1833 4141 1919 4225 quod
1940 4142 2011 4205 dici
2030 4146 2125 4231 nefas
2143 4165 2168 4204 aa

476 4264 529 4328 est,
552 4248 746 4312 sacerdotnm
771 4251 803 4311 ei
809 4262 1006 4333 preparatur
1030 4249 1192 4326 accercitus,
1217 4250 1293 4331 qnia
1317 4249 1435 4310 cervice
1458 4247 1598 4309 militant
1619 4247 1775 4326 elationes,
1800 4250 1859 4332 qni
1865 4250 1971 4334 positi
1975 4250 2123 4337 fueram,

476 4370 510 4418 ut
532 4356 677 4418 ducatum
695 4357 863 4440 preberent
885 4355 1081 4418 berme'litatis.
1131 4351 1218 4432 Quid
1249 4363 1354 4436 putas,
1385 4353 1445 4415 iste
1476 4349 1591 4414 beatus
1623 4350 1756 4434 diceret,
1787 4354 1947 4417 sinestra
1978 4364 2124 4441 tempore

475 4461 602 4524 viveret
626 4470 657 4523 et
681 4461 859 4524 exercitum
884 4459 1099 4541 sacerdotum,
1125 4481 1221 4545 quem
1245 4460 1337 4543 regni
1362 4457 1534 4543 superbiae
1558 4460 1728 4544 preparari
1750 4459 1842 4541 dixit,
1867 4461 1932 4523 iam
1955 4463 2124 4547 preparari

475 4566 627 4631 videret?
673 4567 767 4648 Puto,
793 4565 969 4653 quodiam
991 4589 1056 4629 non
1080 4565 1204 4629 diceret
1233 4587 1344 4651 regern
1374 4563 1547 4650 superbiae
1577 4588 1679 4651 prope
1703 4587 1785 4648 esse,
1816 4565 1874 4630 sed
1903 4567 1970 4630 iam
1997 4568 2122 4632 adesse.

474 4672 545 4736 Iam
575 4673 712 4737 fortasse
743 4672 867 4736 diceret
897 4695 935 4736 ac
966 4672 1146 4758 plangeret,
1178 4670 1219 4735 ab
1251 4671 1364 4735 eodem
1395 4693 1473 4757 rege
1504 4670 1677 4758 superbiae
1708 4672 1788 4736 duos
1815 4683 1914 4736 testes
1938 4672 2069 4738 Heliam
2093 4686 2125 4740 et
2142 4700 2168 4738 n

474 4780 600 4862 Enoch,
632 4780 756 4844 scilicet
786 4804 860 4844 curn
890 4779 988 4843 Helia
1017 4778 1170 4860 fervidos,
1203 4801 1276 4842 cum
1301 4778 1418 4842 Enoch
1447 4789 1632 4842 mansuetos
1664 4779 1813 4843 doctores
1844 4781 2015 4863 extinctos,
2048 4783 2124 4868 quia

475 4887 622 4950 videmus
646 4889 814 4973 utriusque
838 4887 994 4950 materiae
1019 4886 1168 4950 doctores
1193 4908 1212 4948 a
1234 4884 1356 4948 mundo
1379 4885 1573 4971 prefocatos,
1597 4886 1644 4949 ita
1662 4896 1698 4949 ut
1721 4886 1870 4971 exemplo
1886 4886 2002 4951 Enoch
2026 4890 2123 4973 pauci

475 4993 641 5058 ambident
664 5018 737 5058 cum
761 4994 844 5074 Deo,
870 4993 1018 5079 exemplo
1043 4991 1159 5056 Heliae
1191 4993 1288 5078 pauci
1319 4992 1455 5055 ardeant
1485 4993 1518 5055 in
1549 5002 1638 5056 tanto
1669 4992 1784 5057 domus
1808 4993 1872 5057 Dei
1896 4993 1977 5074 zelo,
2002 5005 2123 5080 quanto

384 5126 455 5167 aso.
474 5101 528 5165 ille
546 5103 649 5182 *arsit
675 5102 731 5187 qui
754 5099 960 5164 sacerdotum
982 5099 1136 5162 falsorum
1157 5100 1261 5184 primo
1286 5100 1447 5163 sacrificia
1470 5100 1612 5163 cassavit
1635 5122 1674 5164 ac
1698 5100 1817 5164 deinde
1841 5101 1928 5186 ipsos
1952 5101 2122 5186 iugulavit.

474 5207 696 5272 Veruntamen
726 5204 913 5271 doctoribus
945 5207 1061 5269 occisis
1085 5205 1192 5269 occidi
1219 5228 1285 5269 non
1308 5193 1415 5292 potest
1439 5228 1543 5270 senno
1568 5206 1708 5270 divinus.
1756 5205 1883 5271 Clamat
1907 5209 1993 5271 enim
2017 5231 2122 5273 sermo
2141 5235 2168 5274 a

311 5338 456 5382 nun-rs.
475 5314 604 5378 divinus
627 5337 687 5400 per
709 5312 890 5401 apostolum
907 5311 1033 5393 Iudam,
1058 5313 1114 5397 qui
1139 5312 1200 5376 alio
1225 5313 1354 5376 nomine
1379 5311 1497 5376 dicitur
1513 5312 1673 5377 Tatheus:
1700 5315 1740 5378 Ve
1764 5316 1843 5395 illas,
1867 5319 1944 5400 qnia
1968 5318 2021 5381 oia
2042 5315 2121 5381 Cain

475 5425 619 5487 abierant
641 5437 669 5487 et
691 5446 796 5486 errore
819 5421 960 5484 Balaam
983 5421 1123 5483 mercede
1146 5421 1242 5505 effusi
1262 5435 1334 5482 sant
1356 5435 1383 5484 et
1408 5423 1440 5484 in
1464 5421 1708 5485 contradictione
1736 5421 1835 5486 Ubere
1852 5426 2027 5508 perierant.
2075 5423 2127 5487 Hi

585 5677 612 5746 l)
639 5676 819 5753 Oldepart'unr
847 5676 1074 5732 1118—1137.
1168 5673 1198 5748 2)
1222 5675 1414 5734 Bernardunr.
1508 5675 1538 5746 3)
1564 5677 1656 5752 Epist.
1679 5679 1710 5748 V,
1737 5677 1787 5748 44,
1815 5679 1881 5735 EE.
1907 5679 1931 5748 I,
1951 5700 1984 5754 p.
2004 5680 2076 5736 341.
