4568 6428
460 392 502 453 28
704 397 890 452 Hessoms
915 396 1168 452 scflolmsvlcl
1193 373 1361 449 RELATIO
1391 381 1448 450 DE
1473 395 1658 452 (triscolo
1684 397 1863 452 uxoremst.

347 589 439 680 Ocfflg:
567 583 663 647 Feria
690 586 803 670 quinta
833 583 875 647 ad
905 582 1078 647 concilimn
1107 584 1212 666 venit3
1244 603 1329 669 quae
1360 593 1576 668 proposuerat
1606 595 1812 663 executurus,
1844 607 1978 670 ymnum
2008 585 2114 648 sancti

459 690 597 776 Spiritus
629 690 745 754 devote
777 691 933 776 incepitt.
986 691 1052 772 Qui
1083 714 1155 754 cum
1187 689 1228 754 ab
1260 685 1410 754 omnibus
1443 689 1619 754 affectuose
1652 688 1767 752 luisset
1800 689 2001 772 decantatus,
2033 714 2114 756 vere

458 797 629 861 invisibilis
652 799 737 882 ignis
761 796 893 860 flamma
916 819 1102 878 succensus,
1127 797 1159 860 in
1183 797 1281 882 ignea
1304 795 1417 880 lingua
1442 795 1482 859 de
1501 794 1625 880 Spiritu
1641 805 1753 859 sancto
1769 817 1906 860 exorsus
1923 796 2116 861 mirabiliter

457 905 637 989 peroravit3
669 903 790 968 docens
821 927 895 968 eum
926 926 1087 967 summum
1116 902 1238 966 bonum
1273 925 1356 983 esse,
1389 903 1511 966 fontem
1542 902 1722 987 sapientiae
1754 913 1786 966 et
1816 902 2049 989 intelligentiae
2073 928 2113 968 ac

456 1011 553 1074 totius
577 1009 779 1096 disciplinae,
804 1008 970 1074 vinculum
987 1010 1141 1090 caritatis,
1165 1010 1299 1073 unitatis
1324 1021 1356 1073 et
1380 1007 1590 1073 concordiae.
1624 1007 1772 1094 Cumque
1796 1031 1855 1094 per
1879 1009 1959 1074 haec
1984 1010 2114 1096 singula
2135 1037 2149 1076 s

457 1117 577 1182 diutius
602 1115 662 1180 sub
686 1119 828 1180 omnium
852 1117 1076 1180 ammiratione
1101 1116 1306 1193 discurreret,
1332 1115 1464 1179 tandem
1490 1115 1532 1178 ad
1556 1137 1689 1179 eausam
1714 1116 1863 1196 accessit,
1888 1115 2018 1180 dicens:

564 1223 712 1304 ‘Scimus
744 1224 860 1287 fratres
884 1222 1060 1303 karissimi,
1092 1225 1169 1309 quia
1198 1221 1292 1286 labor
1321 1233 1439 1304 vester,
1472 1244 1535 1308 quo
1567 1221 1608 1285 de
1639 1233 1704 1286 tam
1736 1224 1868 1286 remotis
1899 1223 2109 1309 regionibus¹¹

457 1355 514 1416 pro
545 1332 707 1395 communi
738 1328 888 1394 libertate
919 1330 1030 1394 matris
1063 1341 1192 1393 nostrae
1224 1340 1357 1394 sanctae
1389 1328 1549 1414 ecclesiae
1580 1327 1674 1392 nobis
1706 1351 1877 1394 occurrere
1909 1331 2113 1412 studuistisss,

458 1437 578 1523 placuit
593 1438 667 1501 Deo
692 1448 723 1500 et
740 1437 874 1522 Spiritui
899 1448 1022 1518 sancto,
1047 1437 1080 1499 in
1097 1437 1189 1500 cuius
1206 1438 1325 1500 virtute
1344 1447 1375 1499 et
1392 1435 1647 1500 sanctificatione
1664 1459 1764 1499 unum
1788 1459 1898 1500 sumus
1921 1438 1955 1500 in
1972 1436 2112 1502 Christo.

458 1545 499 1609 Et
535 1546 611 1630 quia
644 1544 767 1630 placuit
800 1543 934 1629 Spiritui
970 1555 1082 1607 sancto
1118 1554 1149 1607 et
1184 1542 1288 1624 nobis,
1325 1542 1494 1628 displicuit
1529 1543 1655 1628 spiritui
1680 1543 1879 1624 adversario,
1917 1544 1971 1630 qui
2007 1544 2113 1609 modis
2134 1571 2162 1608 ro

456 1649 605 1716 omnibus
629 1650 672 1714 ad
695 1648 948 1735 perturbandam
972 1649 1183 1713 fraternitatis
1207 1663 1336 1714 vestrae
1362 1648 1572 1712 concordiam
1596 1661 1826 1734 cooperatores
1857 1650 2006 1714 maliciae
2031 1673 2110 1715 suae

456 1757 618 1843 quaesivit
642 1769 674 1820 et
697 1757 830 1820 invenit.
879 1755 967 1836 Quid
991 1756 1077 1820 enim
1102 1755 1248 1838 dicimus,
1274 1756 1402 1838 fratres,
1435 1758 1560 1819 sicum
1584 1767 1674 1819 tanto
1698 1754 1810 1820 labore
1835 1769 1868 1820 et
1892 1759 2044 1844 expensis
2069 1758 2113 1822 ad

456 1864 629 1929 concilium
652 1865 759 1928 vocati
783 1864 927 1944 venistis,
955 1873 986 1925 et
1009 1874 1210 1926 revertentes
1235 1861 1278 1926 ad
1301 1863 1452 1947 regiones
1477 1875 1612 1944 vestras,
1637 1862 1737 1926 nichil
1761 1869 1928 1949 reportare
1952 1866 2110 1950 poteritis,

456 1973 533 2057 quia
556 1993 615 2034 rios
639 1970 751 2034 audire
775 1993 839 2034 non
863 1969 985 2032 vultis?
1022 1969 1087 2050 Qui
1112 1971 1197 2032 enim
1223 1980 1338 2056 peccat
1362 1970 1395 2032 iu
1413 1969 1569 2054 Spiritum
1594 1980 1751 2050 sanctum,
1777 1969 1865 2055 quod
1888 1983 2059 2057 peccatum
2083 1973 2110 2048 si

455 2078 716 2164 perseveraverit
738 2099 802 2140 non
827 2078 1008 2140 remittetur
1031 2077 1061 2138 ei
1085 2099 1190 2162 neque
1214 2077 1248 2139 in
1269 2075 1331 2140 hoc
1356 2074 1486 2139 saeculo
1507 2097 1613 2161 neque
1638 2077 1672 2138 in
1696 2075 1804 2140 futuro
1817 2081 1836 2159 ¹,
1861 2087 1943 2141 teste
1960 2078 2109 2160 veritate,
2132 2105 2157 2142 rs

297 2214 434 2262 suenum.
455 2208 539 2271 quae
564 2184 659 2248 dicit:
699 2183 764 2261 Qui
793 2209 844 2246 sos
867 2184 967 2263 crudit,
999 2209 1044 2246 aaa
1068 2183 1169 2262 eradit,
1201 2198 1228 2246 et
1258 2185 1317 2268 qui
1339 2209 1391 2245 eos
1421 2186 1552 2268 aperuit,
1584 2209 1632 2246 ute
1662 2187 1790 2268 sprerait.
1840 2184 1968 2248 Scimus
2000 2186 2109 2266 etiam,

314 2321 431 2360 roseas.
456 2294 542 2378 quia,
574 2291 723 2354 dominus
755 2289 864 2352 lesus‘¹
893 2313 967 2353 cum
998 2291 1220 2376 proposuisset
1250 2289 1454 2375 discipulisfl:
1493 2289 1573 2354 Νιζςί
1601 2291 1868 2355 raauducarem'trs
1897 2317 2023 2356 caruem
2039 2293 2114 2379 Jib'r'

455 2400 591 2464 doarim's
614 2413 642 2462 et
664 2399 806 2462 biberitis
825 2401 892 2461 eius
907 2399 1100 2484 sarspuiaem,
1126 2421 1186 2461 auo
1210 2397 1363 2462 debebitis
1390 2399 1484 2461 m‘tam
1514 2399 1547 2460 ia
1566 2399 1660 2476 armis,
1686 2395 1897 2461 scandalizati
1920 2410 1995 2462 sunt
2018 2398 2109 2461 multi

456 2517 488 2569 et
511 2503 662 2568 abierunt
684 2515 860 2567 retrorsum
885 2526 944 2566 uec
969 2515 1083 2588 postea
1107 2501 1328 2589 sequebantur
1354 2526 1439 2567 eunt.
1473 2503 1527 2568 Sic
1559 2515 1590 2568 et
1614 2527 1672 2568 nos
1697 2527 1771 2567 cum
1795 2503 1864 2566 heri
1888 2505 2109 2592 proposuisse-

455 2635 526 2676 mus
551 2609 711 2698 quaedam
735 2633 793 2695 pro
817 2608 966 2673 libertate
992 2609 1161 2698 ecclcsiae,
1187 2609 1399 2673 scandalizati
1424 2621 1498 2673 sunt
1522 2610 1653 2696 quidam
1677 2609 1835 2674 infideles.
1874 2610 1970 2675 Unde
1996 2623 2027 2676 et
2050 2635 2109 2676 nos
2130 2639 2157 2676 so

456 2715 550 2782 cums
578 2717 769 2781 auctoritate
793 2716 973 2803 apostolica
988 2716 1142 2780 dicimus:
1179 2715 1244 2796 Qui
1269 2715 1409 2780 infidelis
1427 2729 1486 2796 est,
1511 2716 1682 2780 discedatl
1705 2729 1737 2780 et
1754 2729 1859 2799 exeat,
1884 2729 1917 2780 ct
1933 2718 1988 2782 det
2003 2718 2110 2783 locum

455 2823 615 2906 fidelibus,
647 2845 731 2910 quae
763 2822 985 2910 ecclesiastica
1009 2833 1083 2886 sunt
1113 2834 1145 2887 et
1168 2821 1310 2886 libertati
1342 2823 1500 2910 ecclesiae
1525 2825 1721 2906 necessaria,
1749 2835 1959 2910 pertractare.
2006 2825 2109 2889 Vobis

456 2943 574 3012 autem,
592 2931 647 3016 qui
662 2930 768 2994 locum
786 2943 818 2994 et
834 2929 977 2993 officium
994 2929 1212 3016 aprrstolorum
1229 2931 1262 2993 in
1280 2929 1421 3018 qcclesia
1437 2931 1501 2994 llei
1518 2932 1645 3012 tenetis,
1670 2931 1819 3013 dicimus,
1844 2931 1932 3018 quod
1948 2932 2110 2997 Dominus

456 3036 539 3100 dixit
563 3036 605 3100 ad
628 3037 816 3101 duodecim:
842 3037 1010 3122 Numqud
1033 3053 1060 3101 et
1085 3063 1136 3102 ros
1162 3038 1254 3102 sultis
1278 3040 1393 3102 redire?
1403 3038 1409 3062 ⁹
1591 3105 1592 3108 ,

564 3143 660 3224 Quod
685 3167 758 3207 cum
790 3142 980 3206 mirabiliter
1003 3155 1196 3228 perorasset,
1231 3145 1276 3206 ita
1300 3145 1443 3207 omnium
1468 3144 1568 3208 corda
1598 3146 1764 3208 concussit
1793 3168 1832 3209 ac
1862 3145 2109 3211 reclamantium
2129 3171 2155 3210 as

457 3273 555 3314 voces
579 3251 779 3336 compressit,
804 3261 840 3313 ut
855 3273 916 3312 nec
940 3273 1022 3313 unus
1047 3249 1179 3336 quidem
1203 3260 1315 3314 contra
1340 3250 1471 3314 decreta
1495 3251 1662 3336 synodica,
1688 3275 1771 3338 quae
1794 3265 1908 3338 postea
1924 3253 2008 3318 lecta
2024 3265 2108 3332 sunt,

457 3379 492 3420 os
516 3359 643 3443 aperire
674 3369 905 3442 praesumeret.
959 3356 1109 3419 Domnus
1140 3369 1247 3419 tamen
1279 3379 1365 3442 papa
1396 3355 1562 3421 decretum
1593 3358 1682 3440 illud,
1713 3358 1799 3422 unde
1830 3383 1975 3425 mumrur
2004 3373 2109 3425 ortum

456 3463 571 3545 fuerat,
596 3464 716 3527 saniori
740 3462 874 3527 consilio
899 3464 1092 3548 temperavit
1115 3475 1147 3526 et
1171 3465 1204 3526 in
1228 3463 1311 3527 hanc
1336 3464 1473 3527 formam
1498 3464 1635 3528 concilio
1659 3465 1725 3550 legi
1757 3467 1850 3530 fecit:
1887 3469 2109 3534 rasurarum

457 3574 690 3658 episcopatuum
714 3586 743 3634 et
764 3573 963 3634 abbatiarum
980 3596 1042 3656 per
1060 3597 1184 3634 utauum
1209 3572 1324 3634 laicam
1341 3574 1423 3659 fieri
1443 3573 1654 3636 outaimodtsss
1673 3576 1889 3660 prolude-mus.
1923 3575 2019 3656 Quod
2036 3599 2108 3641 curn

456 3677 632 3763 placuisset
655 3676 814 3758 omnibus,
839 3678 946 3763 ipsum
970 3700 1042 3740 cum
1068 3678 1184 3740 ceteris
1210 3677 1369 3758 omuibus,
1394 3701 1478 3763 (quae
1495 3678 1580 3742 lecta
1596 3693 1679 3760 srmt,
1704 3681 1825 3744 iudicio
1849 3683 1950 3746 sancti
1970 3682 2109 3768 Spiritus
2129 3705 2155 3743 ao

458 3793 490 3847 et
514 3785 705 3848 alletoritate
730 3783 952 3872 ecclesiastiea
975 3782 1194 3847 firmaverunt.

564 3889 693 3954 Allatas
723 3901 798 3954 sunt
827 3889 967 3975 denique
999 3890 1155 3953 candelae
1187 3890 1445 3976 quadringentae
1477 3893 1592 3978 viginti
1617 3905 1741 3979 septem
1773 3905 1806 3957 et
1829 3918 1988 3960 accensae
2013 3896 2108 3961 datae

459 3997 605 4082 singrdae
629 3996 774 4082 singulis,
799 3994 984 4060 tenentibus
1007 3994 1151 4078 baculos,
1177 3998 1339 4083 episcopis
1364 4010 1396 4062 et
1419 3997 1625 4082 abbatibus³‚
1651 4001 1895 4088 iniunctumque
1921 4014 1970 4066 est
1994 4004 2050 4084 eis,
2074 4014 2111 4067 ut

459 4127 569 4166 ramnes
594 4103 747 4166 candelas
771 4115 917 4166 tenentes
934 4113 1150 4188 assurgerent.
1183 4102 1331 4191 Cumque
1348 4117 1501 4188 astarent,
1526 4108 1663 4170 recitata
1686 4117 1760 4172 sunt
1778 4109 1951 4173 multorum
1968 4111 2109 4192 nomina,

459 4232 539 4296 quos
563 4211 738 4295 praecipue
764 4210 1049 4273 excormrmnicare
1073 4221 1287 4295 proposuerat
1311 4211 1447 4275 domnus
1472 4236 1567 4298 papa.
1615 4214 1705 4278 lnter
1729 4239 1809 4302 quos
1833 4216 1930 4302 primi
1953 4217 2108 4280 nominati
2130 4237 2155 4276 ss

459 4326 533 4379 sunt
563 4339 622 4378 rex
645 4316 820 4380 Heinricus
851 4315 903 4378 et‘l
931 4317 1095 4380 Romanae
1128 4316 1287 4404 ecclesiae
1317 4319 1450 4382 invasor
1472 4320 1647 4402 Burdiuus,
1679 4334 1711 4386 et
1734 4345 1813 4409 prae
1839 4325 1956 4387 ceteris
1981 4335 2108 4388 etcum

459 4424 576 4486 ceteris
608 4421 716 4485 multis
749 4421 935 4486 solemniter
967 4423 1250 4488 excommunicati.
1307 4424 1459 4490 Absolvit
1492 4428 1589 4491 etiam
1624 4428 1761 4492 domnus
1796 4453 1884 4517 papa
1916 4432 2108 4494 auctoritate

459 4528 638 4614 apostoliea
662 4553 681 4592 a
703 4528 858 4592 fidelitate
888 4531 975 4614 regis
999 4551 1121 4613 omnes,
1153 4542 1310 4617 quotquot
1333 4531 1384 4595 ei‘l
1411 4533 1610 4617 iuraverant,
1641 4535 1702 4598 nisi
1733 4535 1817 4600 forte
1847 4537 2053 4622 resipisceret
2078 4547 2109 4598 et

459 4636 618 4724 ecclesiae
642 4636 706 4699 Dei
732 4636 944 4701 satisfaceret.

565 4743 625 4806 His
638 4743 779 4828 denique
792 4744 852 4806 rite
866 4743 1046 4830 completis,
1063 4745 1255 4809 auctoritate
1269 4744 1375 4809 Patris
1389 4757 1421 4810 et
1433 4746 1509 4810 Filii
1527 4759 1558 4812 et
1571 4747 1711 4835 Spiritus
1725 4751 1830 4814 sancti
1846 4772 1957 4814 omnes
1970 4747 2108 4813 absolvit
2126 4766 2152 4802 ⁴0

458 4862 555 4936 atque
580 4850 730 4935 signavit,
755 4860 788 4912 et
812 4850 858 4914 sic
882 4849 925 4914 ad
940 4851 1072 4936 propria
1088 4873 1354 4939 unumquemque
1378 4853 1486 4918 redire
1510 4856 1658 4941 permisit
1682 4853 1733 4919 eth
1754 4857 1883 4921 concilii
1899 4856 1995 4920 finem
2020 4855 2107 4919 fecit.

566 4956 663 5037 Quod
685 4957 754 5021 vidi
778 4967 810 5020 et
833 4957 954 5038 audivi,
978 4957 1127 5040 fideliter,
1153 4973 1272 5044 quanto
1297 4958 1430 5024 brevius
1454 4963 1554 5048 potui,
1585 4960 1730 5047 pedestri
1761 4985 1908 5027 sermone
1940 4962 2107 5048 descripsi.

566 5153 593 5217 a)
621 5159 717 5222 incipit
737 5157 763 5206 l'.
774 5158 803 5206 Z.
885 5154 913 5216 b)
942 5159 1061 5223 regionis
1082 5159 1111 5208 Ζ.
1203 5159 1228 5220 c)
1256 5161 1386 5211 studuisti
1407 5162 1436 5210 Z.
1538 5159 1566 5222 d)
1593 5181 1640 5212 om.
1657 5163 1684 5212 V.
1696 5163 1725 5212 Z.
1825 5159 1851 5223 e)
1880 5164 1937 5213 siris
1963 5163 2023 5213 acici.
2041 5162 2108 5212 Va.

458 5243 479 5306 s)
499 5246 517 5295 i.
530 5263 550 5296 c.
569 5246 641 5296 araba
659 5246 764 5311 apostoli
781 5247 923 5306 imitanter;
942 5249 981 5297 eis
1001 5247 1069 5296 ΚΖ.
1141 5245 1170 5313 g)
1193 5251 1369 5302 omnimodo
1390 5250 1458 5300 V.Z.
1532 5249 1559 5312 h)
1582 5258 1609 5302 et
1628 5254 1669 5302 sic
1691 5255 1713 5303 1.
1734 5254 1758 5302 2.

568 5391 597 5460 1)
623 5391 725 5448 Mattlt.
746 5391 795 5461 12,
811 5392 850 5447 32
859 5415 869 5462 ,·
894 5393 963 5448 Lae.
984 5392 1099 5463 12,10.
1197 5394 1227 5464 2)
1254 5393 1303 5468 Cf.
1325 5398 1351 5452 1.
1374 5394 1499 5453 Coriutlr.
1519 5398 1548 5467 l,
1566 5397 1614 5468 15,
1640 5417 1693 5474 quo
1717 5401 1776 5456 loco
1798 5397 1876 5454 ribus
1906 5397 2154 5475 Teupaapeliusu

459 5506 559 5554 contra
581 5499 687 5554 codices
708 5499 838 5573 scripsit:
862 5498 891 5554 Si
915 5499 1037 5556 infidelis
1062 5502 1193 5569 discedit,
1220 5504 1360 5558 discedat.
1442 5503 1472 5572 3)
1499 5503 1691 5562 Personarum
1710 5504 1901 5580 pastoralium
1925 5503 2020 5581 uirgas
2045 5503 2107 5559 424

459 5612 622 5660 arcracratas
645 5625 703 5661 esse
725 5606 827 5662 asserit
850 5605 960 5663 Sirueou
985 5607 1190 5664 Diraelmemis.

1125 5762 1443 5772 ——.--.-—.-.-—-....
