4386 6390
474 393 668 452 DEFENSIO
692 394 769 451 PRO
795 394 907 452 FILIIS
930 384 1289 457 PRESBYTERORUM.

429 583 544 648 Plures
568 586 615 649 sic
638 595 730 650 natos
754 586 787 650 in
812 586 896 652 celi·
920 585 998 650 sede
1028 585 1162 670 locatos,

376 689 459 776 Legi
482 701 576 776 terga
598 692 693 756 dares
718 692 839 775 divine,
865 694 891 756 si
916 692 1093 758 dubitaret.

315 813 348 862 25
377 796 448 861 Hos
471 821 557 862 nunc
580 798 719 862 infames
743 798 784 863 ob
808 809 936 886 patrum
959 801 1096 865 crimina
1121 801 1250 884 clames,

377 903 467 984 Quos
491 901 590 968 habet
612 905 687 969 aula
709 905 801 992 poli?
825 929 1013 993 presumere
1037 906 1115 972 talia
1138 906 1220 971 noli!

376 1010 450 1074 Non
473 1023 522 1074 est
544 1009 671 1076 illorum
694 1013 797 1098 turpis
821 1015 999 1098 generatio,
1023 1036 1160 1100 quorum

376 1117 437 1181 Est
459 1117 552 1182 Deus
575 1119 645 1205 ipse
669 1129 772 1204 pater,
797 1121 925 1206 peperit
948 1143 1028 1206 quos
1052 1123 1158 1206 gratia
1180 1132 1295 1185 mater.

375 1224 447 1288 Neb
471 1247 565 1289 cures
590 1225 690 1310 patris
713 1225 793 1290 mihi
816 1225 970 1290 delictum
993 1249 1099 1314 neque
1124 1228 1236 1291 matris

313 1348 347 1398 30
374 1331 622 1417 Improperarec
646 1331 774 1396 thorum
783 1332 806 1414 ἀ,
831 1332 890 1397 sed
913 1333 1071 1398 ἲοιιιιιιιιιθ
1095 1335 1222 1420 respice
1246 1356 1382 1416 morum,

375 1438 419 1502 Et
442 1461 505 1524 que
530 1439 571 1502 sit
593 1439 659 1502 vite
683 1438 761 1502 mihi
784 1439 887 1504 linea!
911 1440 1011 1504 tunes
1036 1441 1105 1504 sine
1128 1440 1183 1505 lite

375 1544 492 1608 ludicii
517 1543 653 1608 verbum
676 1544 823 1611 tolerabo
848 1547 916 1610 tuig
939 1546 992 1610 vel
1016 1547 1181 1630 acerbum,

376 1650 473 1732 Quod
496 1651 537 1715 de
561 1651 721 1716 factorum
743 1651 921 1739 procedeth
944 1651 1018 1718 labe
1042 1676 1197 1718 meorum.

375 1758 471 1823 Nunc
494 1758 640 1822 homines
664 1759 731 1823 vite
753 1761 867 1846 turpis,
891 1761 1008 1842 mechi,
1033 1761 1201 1842 sodomite,

313 1881 346 1930 35
374 1865 419 1929 Et
442 1866 498 1951 qui
521 1865 607 1930 furta
629 1876 769 1952 patrant,
793 1867 827 1930 in
851 1889 910 1930 nos
933 1865 1109 1953 obprobria
1130 1867 1250 1932 latrant

374 1971 456 2036 Vel¹
482 1970 566 2036 bene
591 1983 742 2054 moratos,
767 1983 799 2037 et
823 1972 1007 2059 despiciunt
1028 1973 1113 2038 male
1137 1985 1247 2038 natos:

373 2079 446 2143 Lex
469 2080 587 2164 premit
608 2080 671 2143 ista
693 2078 796 2144 bonos
821 2090 853 2144 et
875 2078 1048 2144 sublevatk
1071 2080 1113 2144 ad
1136 2081 1222 2145 male
1244 2103 1375 2167 pronos.

375 2185 442 2250 Cur
465 2185 560 2250 homo
585 2185 760 2252 dedecorat
784 2209 880 2273 quem
903 2209 962 2250 rex
987 2188 1175 2273 supremus¹
1202 2187 1363 2253 honorat?

375 2291 442 2358 Our
464 2291 670 2379 reprobando
693 2294 811 2379 premit
835 2315 932 2380 quem
956 2292 1103 2358 Christus
1127 2304 1229 2359 morte
1253 2295 1401 2378 redemit,

312 2416 346 2464 40
373 2399 481 2486 Atque
505 2399 729 2465 coheredemm
752 2401 877 2486 patrisn
900 2401 1067 2464 revocavit
1090 2401 1132 2465 ad
1156 2400 1273 2466 edem?

375 2506 439 2586 Qui
462 2504 550 2570 bona
572 2506 662 2571 nulla
684 2517 811 2592 gerunt,
836 2506 935 2571 adimi
959 2507 1128 2594 nunquid⁰
1151 2519 1340 2572 meruerunt

373 2613 534 2700 Perpetue
557 2615 663 2696 morti,
689 2614 766 2700 quia
789 2623 884 2678 suntp
909 2613 1056 2699 legaliter
1080 2613 1164 2678 orti?

373 2719 461 2806 Ergo
485 2742 622 2785 censure
645 2720 719 2784 talis
743 2743 807 2806 quo
830 2720 945 2806 regula
966 2722 1036 2786 iure

375 2827 468 2892 Sorte
492 2849 552 2891 sua
574 2829 683 2914 privat
705 2826 790 2892 male
813 2837 935 2910 natum,
960 2829 987 2892 si
1010 2826 1094 2892 bene
1118 2827 1233 2893 vivat?

311 2949 344 2998 45
375 2933 471 3014 Quod
495 2935 523 2997 si
546 2934 704 3020 perduras
727 2956 789 2998 nec
812 2934 863 2997 ius
887 2933 1054 2998 attendere
1079 2957 1184 3017 curas,

375 3041 440 3121 Qui
463 3063 550 3106 nova
571 3043 644 3105 iura
667 3063 764 3127 paras
789 3052 821 3104 et
843 3041 932 3128 leges
955 3043 1049 3127 ponis
1073 3063 1210 3124 amarae,

373 3148 416 3213 Et
439 3149 509 3213 sieq
532 3170 590 3212 nos
614 3147 754 3228 mordes,
778 3149 868 3234 prius
892 3147 963 3211 illas
987 3147 1139 3212 destruer
1165 3147 1286 3230 sordes,

374 3255 467 3336 Que⁸
492 3256 623 3342 gravius
646 3253 759 3318 ledunt
783 3265 815 3318 et
838 3254 909 3341 plus
933 3276 953 3318 a
975 3254 1047 3340 lege
1071 3254 1244 3319 recedunt!

375 3362 463 3443 Quid
485 3384 571 3449 pena
594 3363 678 3425 vites
702 3383 819 3446 urgere
843 3362 936 3446 gravi
960 3360 1159 3425 sodomitas?

311 3485 346 3534 50
373 3470 446 3534 Hea
469 3470 596 3555 species
620 3466 734 3548 morbi,
760 3490 825 3554 qua
848 3463 934 3532 mors
957 3469 1067 3554 gravis
1090 3468 1236 3533 imminet
1260 3468 1341 3551 orbi,

374 3575 429 3641 Si²
455 3575 539 3640 bene
563 3597 615 3640 res
638 3576 749 3656 issetu,
773 3575 863 3661 prius
888 3574 1120 3660 exstirpandav
1144 3574 1268 3640 fuisset.

375 3683 481 3764 Quem
505 3682 609 3746 scelus
634 3681 783 3763 obdurat,
809 3683 864 3768 qui
887 3682 932 3746 nil
957 3681 1194 3746 rrnathemataw
1217 3694 1319 3764 curat,

376 3790 464 3870 Qui¹
487 3791 579 3854 siney
603 3811 742 3853 censura
766 3787 852 3853 clerc
876 3788 958 3853 tollit
981 3811 1040 3852 sua
1062 3790 1143 3872 iura,

374 3897 480 3984 Tangi
504 3895 648 3976 deberet,
673 3897 699 3959 si
724 3895 802 3982 quid
825 3917 919 3959 sacer
942 3894 1020 3961 ordo
1044 3895 1176 3960 valeret.

312 4019 345 4069 55
375 4003 503 4083 Quomz
527 4003 639 4066 mundi
662 4014 799 4090 partem,
824 4001 966 4067 Simonis
990 4013 1076 4089 que*
1098 4004 1224 4068 nesciat
1246 4013 1360 4086 artem,

373 4111 477 4174 Fama
498 4108 560 4173 tibi
581 4108 705 4174 tradit?
741 4109 813 4190 Quo
837 4131 889 4174 res
913 4109 995 4174 becb
1020 4109 1131 4174 ordine
1155 4109 1270 4174 vadit?

374 4218 426 4281 De
450 4218 591 4281 minimis
614 4227 745 4298 tractas,
769 4226 844 4302 post
866 4227 992 4301 tergum
1016 4217 1160 4280 maxima
1182 4217 1295 4281 iactas.

374 4323 409 4389 Si
432 4324 483 4388 vis
506 4324 588 4387 rite⁰
613 4324 704 4409 sequi
728 4333 845 4386 natura
868 4322 954 4409 quod
978 4322 1124 4408 expetitd
1148 4324 1234 4409 equi,

374 4429 509 4516 Corrige
533 4430 673 4494 maiores
697 4428 810 4515 culpas
834 4431 933 4516 prius,
958 4427 1033 4493 inde
1058 4430 1209 4510 minores,

312 4553 345 4602 60
372 4536 475 4624 quue
499 4547 627 4601 teneto⁰
651 4547 766 4617 ratum,
791 4535 900 4622 quods
923 4547 955 4600 tc
978 4559 1052 4600 reor
1075 4536 1333 4601 immoderatum.

373 4645 604 4730 Decretoqueg
626 4655 735 4707 tamen
759 4642 818 4706 das
841 4642 904 4707 tale
927 4655 982 4707 tuo
1007 4642 1231 4708 moderamen:

374 4750 420 4816 ‘si
445 4751 516 4837 quis
541 4773 575 4814 se
598 4749 685 4814 velet
707 4748 913 4815 monachalih
935 4751 1088 4835 tegmine,
1113 4749 1200 4814 delet

376 4856 572 4943 Obprobrii¹
597 4855 694 4920 talisl
716 4856 861 4920 maculas
885 4855 1013 4920 habitus
1037 4857 1286 4921 monachalis1’.

375 4963 501 5046 Quidm,
526 4962 701 5028 vehemens
725 4963 835 5048 pestis,
859 4963 980 5027 facietn
1004 4964 1136 5028 mutatio
1161 4965 1271 5046 vestis,

161 5145 188 5210 a)
210 5147 259 5198 teli
278 5147 312 5198 D.
384 5143 431 5208 'b)
453 5147 511 5197 Nee
533 5147 559 5197 Ο.
651 5143 676 5208 c)
699 5147 840 5212 Inproper.
860 5144 893 5194 L.
983 5143 1011 5204 d)
1033 5153 1122 5197 torum
1142 5146 1169 5197 V.
1254 5143 1279 5210 e)
1301 5147 1401 5198 formas
1421 5147 1455 5196 D.
1543 5143 1565 5209 f)
1587 5161 1648 5196 cum
1668 5147 1703 5196 D.

54 5235 82 5303 g)
103 5245 178 5288 tunm
198 5235 236 5297 L;
265 5235 367 5287 malum
386 5236 421 5286 D.
503 5232 531 5297 h)
552 5234 741 5301 procedatL;
769 5235 937 5301 procedito.
1019 5233 1039 5298 i)
1062 5235 1116 5285 Sed
1134 5235 1166 5285 L.
1180 5235 1214 5286 D.
1298 5234 1326 5297 k)
1348 5234 1466 5287 sullevat
1484 5235 1516 5286 L.
1600 5233 1619 5296 Ι)
1640 5251 1703 5301 sup-

55 5343 162 5392 premus
177 5325 209 5388 03
229 5341 348 5376 summus
368 5325 402 5376 D.
484 5323 521 5386 ιιι)
542 5341 639 5391 parens
659 5325 751 5375 sedem
766 5341 816 5390 pro
835 5325 925 5375 coher.
943 5323 969 5374 V.
1051 5321 1080 5387 ιι)
1102 5325 1235 5390 patrioL
1277 5327 1366 5392 patrie
1385 5325 1412 5374 V.
1426 5325 1453 5376 O.
1467 5326 1501 5376 D.
1584 5321 1612 5386 ο)
1633 5340 1702 5375 ιιιιιι-

55 5415 120 5479 quid
146 5415 174 5464 in
197 5432 247 5466 ras.
269 5415 296 5466 0.
396 5413 424 5480 p)
452 5417 507 5466 sint
525 5414 556 5464 L.
654 5411 682 5478 q)
711 5429 760 5464 nos
779 5415 818 5464 sie
841 5413 867 5464 Ο.
967 5409 991 5474 r)
1020 5415 1126 5477 corrige
1152 5412 1184 5464 L.
1203 5413 1244 5476 D;
1273 5415 1378 5479 respice
1398 5413 1425 5464 V.
1522 5411 1546 5476 s)
1569 5414 1648 5476 Quod
1668 5413 1703 5463 D.

55 5502 76 5564 t)
97 5521 119 5554 v.
134 5505 252 5554 51-53.
271 5521 318 5553 om.
335 5503 361 5554 V.
433 5502 462 5565 u)
484 5504 554 5554 bene
566 5505 679 5554 vixisset
694 5503 721 5554 0.
789 5499 816 5564 v)
839 5501 1001 5567 extirpanda
1018 5501 1050 5551 L.
1065 5502 1099 5552 D.
1171 5499 1206 5564 w)
1229 5503 1401 5554 anathemate
1420 5503 1452 5554 L.
1466 5503 1500 5554 D.
1573 5501 1602 5564 x)
1623 5521 1645 5553 υ.
1660 5505 1702 5553 53.

54 5609 101 5642 om.
120 5591 151 5641 L.
233 5589 262 5657 y)
283 5594 371 5642 sancti
391 5593 424 5642 D.
506 5589 532 5654 z)
555 5593 634 5653 Quod
653 5592 688 5642 D.
769 5587 796 5652 a)
818 5607 900 5658 quam
919 5591 953 5653 V;
982 5593 1005 5641 si
1025 5591 1059 5642 D.
1131 5587 1160 5652 b)
1181 5591 1234 5643 hoc
1254 5591 1285 5641 L.
1358 5589 1384 5654 c)
1406 5597 1482 5642 recta
1501 5591 1535 5641 D.
1608 5589 1636 5652 d)
1659 5608 1703 5642 ex·

54 5680 177 5747 peditV.
242 5678 267 5744 e)
289 5683 388 5733 tenebo
406 5681 440 5742 V;
459 5681 722 5732 teneto-immod.
741 5698 789 5731 om.
803 5681 837 5732 D.
900 5679 922 5742 f)
943 5681 1008 5745 quia
1026 5679 1058 5730 L.
1125 5677 1154 5745 g)
1176 5697 1294 5745 queem.
1314 5679 1341 5731 V.
1405 5677 1434 5743 h)
1456 5679 1603 5731 monachili
1623 5680 1654 5731 L.
1668 5681 1702 5730 D.

54 5768 75 5834 i)
97 5770 180 5837 Oppr.
198 5769 223 5820 V.
297 5768 326 5830 k)
348 5769 418 5821 tales
437 5771 472 5820 D.
547 5767 566 5831 Ι)
588 5768 758 5821 monochalis
777 5769 816 5833 L;
842 5768 1004 5821 monachilis
1024 5769 1058 5818 D.
1132 5765 1168 5830 ιιι)
1191 5769 1279 5831 Quom
1299 5768 1331 5819 L.
1351 5769 1385 5820 D.
1458 5767 1487 5830 ιι)
1508 5769 1576 5820 facit
1596 5769 1630 5819 D.
