4544 6420
682 388 920 446 OPUSCULUIII
944 391 995 445 DE
1020 390 1193 446 EDIEICIO
1218 393 1295 446 DEI.
1756 386 1816 448 139

270 577 389 642 Multas
420 577 462 640 ab
492 577 676 642 huiusmodi
708 576 891 642 hominibus
916 576 1154 663 derogationes,
1186 578 1431 643 maledictiones
1456 597 1488 644 et
1511 582 1703 645 vexationes
1726 581 1816 666 passi

162 707 283 749 sumus
320 683 448 765 Quibus
464 694 499 748 ut
514 684 661 769 perfecta
684 685 885 769 paenitentia
908 694 940 748 et
963 684 1144 770 largissima
1168 685 1371 770 indulgentia
1387 685 1548 751 tribuatur
1568 711 1588 751 a
1603 688 1687 770 Deo,
1713 687 1815 773 ipsius

161 790 406 856 misericordem
430 791 699 876 omnipotentiam
722 802 755 854 et
779 792 1032 877 omnipotentem
1063 792 1320 856 misericordiam
1352 790 1562 858 obsecramus
1593 817 1653 880 per
1675 793 1815 858 hostiam

162 919 239 961 vero
264 897 445 984 pacificam,
478 920 576 983 quam
599 897 676 961 licet
700 897 835 983 indigni,
867 921 933 962 non
956 897 1058 962 solum
1083 921 1141 984 pro
1166 899 1289 980 amicis,
1314 923 1429 964 verum
1453 911 1485 964 et
1509 923 1566 986 pro
1591 902 1731 965 inimicis
1756 901 1815 965 im-

128 1004 330 1085 smolamus,
355 1005 504 1090 quotiens
527 1005 629 1090 ipsius
653 1004 765 1090 gracia
789 1004 918 1068 favente
944 1004 1054 1068 altaris
1078 1007 1269 1091 mysterium
1293 1005 1506 1071 celebramus.

165 1269 354 1346 INCIPIT
391 1270 703 1348 OPUSCULUM
741 1271 810 1390 DE
844 1271 1074 1346 EDIFICIO
1111 1271 1199 1345 DEI
1232 1270 1498 1348 CUIUSDAM
1533 1272 1714 1348 IDIOTE
1750 1272 1814 1348 AC

231 1389 549 1466 PECCATORIS
577 1391 646 1463 AD
676 1389 960 1465 CHONONEM
986 1391 1410 1466 RATISPONENSEM
1438 1390 1737 1468 EPISCOPUM.

268 1527 394 1614 Rogata
413 1537 444 1591 et
460 1530 549 1592 iussu
566 1539 631 1610 tuo,
656 1539 767 1592 sancte
784 1528 1031 1613 Ratisponensis
1048 1527 1207 1592 ecclesiae
1224 1528 1411 1592 venerande
1435 1529 1546 1614 presul
1562 1527 1686 1610 Chdno,
1711 1530 1834 1594 fateorv

164 1657 215 1697 me
239 1633 364 1698 adhoc
389 1635 536 1714 animari,
561 1646 597 1698 ut
619 1646 650 1698 te
676 1646 812 1720 cogente
837 1657 1161 1720 opusque'magnum
1185 1658 1204 1698 a
1227 1636 1388 1720 parvitate
1419 1658 1492 1699 mea
1520 1647 1718 1722 exposcente
1749 1659 1815 1702 non

119 1764 144 1801 ιο
164 1739 310 1804 dubitem
334 1742 455 1824 conari,
480 1742 632 1827 quatinus
649 1764 688 1804 ea
705 1764 789 1827 quae
807 1742 944 1827 requiris
969 1742 1164 1827 persolvam.
1206 1741 1364 1821 Quamvis
1381 1741 1469 1828 apud
1485 1765 1536 1806 me
1553 1743 1653 1807 nichil
1677 1743 1741 1808 tale
1765 1766 1814 1808 re-

163 1849 303 1932 positum
327 1849 440 1930 sciam,
464 1847 551 1912 unde
575 1847 634 1911 tibi
658 1846 889 1912 delicatissimo
914 1859 1099 1912 sanctarum
1124 1849 1357 1934 scripturamm
1375 1851 1547 1913 scrutatori
1569 1849 1697 1914 valeam
1721 1851 1813 1914 satis-

164 1955 271 2018 facere
295 1969 453 2040 aptasque
478 1953 612 2018 deficias
643 1977 830 2040 preparare,
862 1978 936 2020 cum
960 1967 992 2018 et
1015 1978 1075 2040 ego
1100 1956 1169 2042 ipse
1194 1956 1227 2018 in
1251 1956 1359 2019 anima
1382 1978 1457 2019 mea
1479 1956 1574 2020 famis
1598 1956 1742 2042 periculo
1767 1969 1813 2021 ta·

165 2059 306 2142 besuam,
339 2071 371 2124 et
401 2061 565 2147 paululum
598 2061 660 2125 olei
693 2062 726 2126 in
757 2061 853 2126 lecito
885 2063 1104 2127 conscientiae
1135 2062 1363 2148 modicumque
1395 2062 1520 2126 farinae
1550 2063 1584 2126 in
1615 2064 1812 2148 operationis
1832 2084 1990 2132 amaran.

165 2167 285 2252 pugillo
310 2167 443 2248 habens,
474 2168 643 2253 proximus
666 2169 761 2232 morti
786 2170 940 2250 existam3
972 2170 1035 2232 nisi
1058 2192 1137 2232 vero
1161 2168 1275 2232 Helias
1299 2170 1419 2250 veniat,
1444 2170 1500 2254 qui
1524 2169 1565 2233 de
1588 2169 1716 2234 modico
1740 2192 1812 2234 meo

121 2298 144 2335 rs
164 2297 283 2359 magna
305 2274 439 2356 faciens,
471 2275 547 2338 dum
580 2286 673 2360 rogat
699 2277 800 2361 pasci,
831 2277 901 2361 ipse
925 2277 1029 2361 magis
1053 2286 1167 2362 pascat
1191 2297 1333 2361 suaeque
1357 2276 1591 2340 incamatiouis
1614 2278 1812 2362 presentiam

163 2403 328 2466 nunquam
353 2381 445 2445 cordi
467 2404 539 2444 meo
564 2380 742 2460 subtrahat,
768 2382 871 2446 donec
896 2384 928 2446 in
950 2383 1044 2446 famis
1068 2393 1213 2468 tempore
1238 2393 1397 2467 oportuno
1413 2393 1577 2447 transacto
1596 2382 1721 2446 caelum
1738 2405 1813 2468 ape·

164 2487 264 2550 riatur
287 2500 320 2551 et
342 2487 523 2574 indigentia
554 2511 626 2551 mea
651 2490 805 2552 sacietate
836 2489 973 2553 mirifica
1003 2489 1177 2568 reficiatur,
1209 2489 1300 2552 iuxta
1330 2488 1410 2552 illud
1442 2488 1615 2574 prophete:
1649 2489 1813 2572 Saoiabor,
1832 2511 1953 2560 ranas.

164 2620 231 2658 cum
255 2599 444 2682 apparuerit
463 2597 569 2683 pior-ia
594 2611 654 2660 trra.
703 2595 838 2658 Interim
862 2618 940 2659 vero
964 2597 991 2658 si
1015 2606 1151 2680 peccato
1176 2595 1370 2680 surripiente
1394 2593 1489 2676 filius,
1517 2595 1579 2659 hoc
1608 2607 1657 2659 est
1687 2596 1813 2660 animus

163 2723 253 2764 meus
278 2699 450 2764 subitanea
472 2711 575 2765 morte
599 2713 775 2787 preventus
799 2701 905 2782 fuerit,
931 2703 1032 2786 ipsius
1049 2701 1166 2765 Heliae
1183 2702 1397 2787 presentiam
1414 2701 1620 2787 receptaculo
1637 2703 1813 2766 memoriae

119 2833 145 2870 so
164 2829 255 2871 meae
279 2830 415 2872 manens
439 2808 568 2872 assidue
593 2810 710 2894 poterit
733 2807 819 2872 hunc
844 2832 863 2872 a
887 2819 987 2872 morte
1012 2831 1168 2872 revocare
1193 2819 1289 2893 atque
1315 2806 1494 2872 aecclesiae
1518 2809 1615 2872 matri
1640 2809 1685 2872 sic
1702 2811 1813 2874 vivum

162 2925 360 2999 presentare,
386 2925 420 2978 ut
444 2926 476 2978 et
498 2915 570 3000 ipsa
593 2924 697 2979 mater
720 2937 818 3000 super
841 2915 902 2979 hoe
926 2914 1043 2978 letetur
1067 2927 1098 2978 et
1122 2915 1307 2980 suscitantis
1331 2913 1424 2977 verbi
1448 2914 1570 2978 veritas
1593 2915 1627 2978 in
1651 2937 1724 2978 mea
1746 2917 1814 2980 vita

162 3021 397 3107 magnificetur.
433 3021 538 3106 Igitur
553 3022 705 3107 quoniam
723 3020 836 3085 Helias
853 3023 1084 3108 interpretatur
1100 3021 1271 3086 ‘Dominus
1287 3021 1389 3086 Deus'
1402 3027 1423 3102 ¹,
1444 3020 1571 3085 confido
1587 3023 1710 3107 utique,
1727 3021 1813 3108 quod

162 3151 204 3190 ex
228 3139 258 3192 te
283 3140 394 3214 aperte
418 3128 497 3192 mihi
521 3127 673 3214 loquatur
688 3129 780 3192 Deus
796 3129 968 3193 Dominus.
1004 3129 1098 3210 Nam,
1122 3140 1295 3214 postquam
1319 3151 1370 3192 me
1396 3127 1459 3192 duo
1484 3129 1588 3192 crucis
1612 3126 1702 3214 ligna
1726 3127 1813 3192 colli-

162 3246 302 3320 gentem,
326 3234 388 3299 hoc
412 3235 517 3298 estin
541 3235 605 3298 fide
629 3237 790 3320 passionis
814 3235 997 3300 dominicae
1014 3259 1106 3321 spem
1121 3234 1296 3298 habentem
1313 3235 1512 3320 persensisti,
1538 3235 1691 3300 continuo
1714 3235 1813 3299 michi

117 3366 143 3404 ss
162 3342 347 3426 precepisti,
372 3352 407 3405 ut
430 3353 584 3428 tanquam
609 3340 649 3406 de
675 3343 753 3428 ipsis
777 3341 903 3406 duobus
934 3342 1030 3428 lignis
1062 3341 1226 3405 edificium
1257 3340 1422 3426 quoddam
1452 3351 1683 3423 construerem,
1714 3341 1812 3406 immo

161 3449 227 3511 iam
252 3458 471 3513 constructum
495 3448 761 3530 demonstrarem,
787 3453 876 3514 caiae
899 3450 990 3512 iuxta
1014 3448 1194 3534 apostolum
1219 3450 1343 3536 artifar
1365 3462 1393 3512 et
1415 3449 1557 3512 conditor
1581 3447 1668 3512 Deus
1692 3463 1752 3526 erm
1782 3460 1814 3510 et
1833 3470 1984 3518 neaeram.

164 3554 237 3618 ideo
260 3554 347 3619 nullo
371 3564 541 3619 ventorum
567 3555 705 3640 inpulsu,
730 3555 816 3618 nullo
841 3554 1013 3618 fluviorum
1037 3556 1169 3618 incursu
1193 3556 1318 3619 moveri
1342 3576 1380 3617 ac
1405 3553 1597 3618 labefactari
1620 3564 1736 3640 potest.

269 3662 471 3746 Opusculum
495 3684 572 3746 ergo
597 3662 693 3744 istud,
718 3673 814 3747 prout
836 3674 871 3726 tu
895 3663 965 3747 ipse
990 3661 1175 3741 decrevisti,
1203 3662 1250 3726 De
1274 3662 1400 3748 edificio
1426 3661 1490 3725 Dei
1510 3660 1638 3724 titulum
1662 3661 1812 3746 accipiat,

162 3781 280 3855 tueque
313 3770 499 3854 paternitati
528 3768 614 3832 hunc
645 3759 788 3833 libellum
820 3768 975 3832 destinari
1005 3780 1071 3832 tarn
1102 3790 1144 3831 ex
1168 3767 1301 3853 prologo
1326 3789 1424 3852 quam
1449 3789 1491 3830 ex
1514 3766 1605 3831 titulo
1630 3765 1813 3852 legentibus

117 3901 143 3939 ro
162 3878 352 3940 innotescat.
400 3875 526 3939 Nomen
542 3897 621 3938 vero
645 3897 752 3938 meum
776 3877 905 3960 penitus
929 3877 1104 3960 ignoretur.
1142 3874 1228 3954 Quia
1252 3875 1280 3938 si
1304 3872 1483 3960 quidboni
1507 3896 1566 3958 per
1588 3895 1639 3936 me
1663 3871 1716 3937 hic
1740 3896 1812 3959 pro-

162 3982 261 4047 latum
285 3981 391 4064 fuerit,
417 4007 477 4046 non
494 3985 593 4062 trebia
617 4007 677 4046 noa
696 3985 796 4062 nobis,
819 3983 876 4046 sal
890 3986 1014 4046 nornine?
1030 3983 1164 4047 Dorrrim'
1185 4004 1282 4067 super
1305 3981 1366 4046 hoe
1390 3980 1471 4062 laus,
1495 3981 1610 4065 gratia,
1636 3981 1812 4064 gratiarum
1831 4004 1868 4042 1³1.
1878 4005 1923 4052 11³,
1932 4005 1953 4043 s.

163 4091 247 4153 actio
272 4087 420 4153 debetur.
457 4088 532 4152 Tibi
557 4111 685 4174 quoque
709 4089 877 4175 impulsori
902 4099 933 4153 et
957 4090 1128 4152 excitatori
1145 4089 1314 4174 parvitatis
1331 4109 1424 4151 meae
1441 4088 1579 4173 gratiam
1596 4085 1730 4150 debebit
1747 4089 1812 4152 cni-

163 4218 291 4281 cunque
315 4197 348 4259 in
373 4219 411 4260 eo
436 4194 523 4282 quod
547 4206 579 4259 te
603 4195 793 4258 exhortante
818 4218 878 4281 per
901 4195 966 4258 Dei
989 4197 1127 4280 gratiam
1152 4195 1265 4258 dixero
1290 4193 1413 4281 aliquid
1437 4205 1524 4258 recte
1549 4192 1700 4280 placebit.

705 4318 947 4394 EXPLICIT
975 4318 1258 4395 PROLOGUS.

272 4621 299 4680 I.
326 4666 385 4681 ...
411 4617 504 4698 Quae
529 4627 578 4680 est
601 4618 687 4680 enim
711 4618 830 4698 tunica,
856 4640 920 4703 qua
944 4617 1142 4680 dominicum
1168 4639 1283 4702 corpus
1299 4617 1447 4698 vestitur,
1471 4617 1533 4679 nisi
1552 4618 1656 4680 virtus
1673 4615 1811 4703 Spiritus
1831 4636 1872 4678 aa

164 4725 277 4806 sancti,
307 4747 371 4810 qua
395 4724 556 4788 aecclesia
579 4723 788 4788 invisibilitur
812 4723 968 4788 ematur?
1016 4725 1075 4788 Vos
1098 4739 1209 4802 autern,
1234 4723 1278 4786 ait
1301 4723 1472 4804 Dominus,
1496 4724 1595 4788 sedete
1620 4727 1654 4787 in
1678 4726 1812 4804 ciuitate,
1831 4743 1967 4790 Luc-m-

163 4832 259 4896 donae
282 4831 467 4896 induamini
488 4835 599 4895 crrmte
623 4857 661 4895 er
683 4833 754 4896 alta.
802 4830 881 4894 ldeo
907 4835 960 4894 ‘ex
983 4830 1069 4910 alto',
1095 4831 1171 4915 quia
1194 4829 1335 4915 desuper
1358 4840 1511 4893 contexta
1534 4839 1583 4893 est
1606 4830 1726 4910 tunica,
1750 4852 1811 4892 nec
1832 4849 1964 4898 rostram.

167 5029 173 5040 '
269 5037 311 5091 Ex
328 5037 444 5091 concilio
460 5036 657 5107 Aquilcgiensi
681 5032 835 5107 eap.III²:
861 5034 996 5090 Decimae
1018 5054 1091 5110 quae
1114 5055 1132 5090 a
1143 5033 1226 5112 fideli
1234 5036 1342 5108 populo
1366 5035 1480 5103 dantur,
1505 5065 1549 5072 —
1564 5065 1608 5072 —
1630 5033 1677 5090 ahi
1698 5042 1812 5109 quarta,
1831 5045 1876 5085 tt.

116 5164 143 5201 so
162 5163 245 5218 quarn
265 5142 441 5218 pauperibus
464 5143 538 5212 clari,
563 5141 693 5211 diuinitas,
718 5142 873 5212 inserena.

269 5252 311 5306 Ex
342 5251 458 5306 concilio
485 5251 653 5305 Anteoceno
684 5269 746 5320 cap.
770 5245 921 5322 XXIIIIj‘l:
956 5247 1039 5311 Quae
1067 5255 1133 5304 sarit
1162 5246 1305 5316 ecclesiae,
1338 5246 1474 5316 corruenit,
1500 5277 1544 5286 --
1567 5277 1610 5285 —-
1640 5266 1713 5321 qnae
1736 5247 1813 5304 intra

163 5357 325 5414 aecclesiam
342 5365 538 5433 conprcpatur.
587 5358 628 5410 Ex
645 5358 744 5412 eodem
762 5357 878 5410 concilio
895 5375 957 5428 cap.
974 5351 1096 5410 xxvt:
1126 5353 1283 5428 Episcopus
1301 5353 1570 5410 aecclesiasticarum
1594 5373 1690 5409 rernm
1714 5353 1815 5411 lrabeat

157 5473 321 5540 potestatem
346 5494 390 5503 -
413 5495 456 5502 —
479 5464 585 5537 synoda
604 5461 767 5537 provintiae
785 5481 880 5537 penas
903 5461 952 5518 iste
970 5463 1125 5536 persoluat.

272 5639 300 5715 1)
323 5641 392 5698 Isid.
419 5641 540 5714 Etyrnol.
561 5640 625 5708 VII,
651 5639 679 5708 8,
699 5640 727 5707 4,
753 5639 795 5695 ed.
820 5640 961 5696 Arcualas
984 5639 1041 5706 III,
1061 5659 1094 5714 p.
1115 5639 1187 5694 328.
1283 5636 1313 5712 2)
1340 5639 1465 5694 Frustra
1488 5637 1621 5713 quaesivi.
1708 5637 1737 5708 3)
1764 5637 1813 5694 Ea·

117 5767 143 5806 re
162 5749 307 5823 interpret.
332 5747 466 5821 Dionaprii
488 5747 606 5824 Eaerpai,
634 5745 733 5802 Iliensi
755 5745 795 5816 II,
821 5747 870 5803 eol.
892 5745 984 5801 1327.
1078 5747 1107 5814 4)
1134 5745 1207 5801 [bia.

1549 5865 1598 5914 18*
