4386 6390
634 359 688 414 DE
713 358 876 424 QUARTA
898 359 1051 416 VIGILIA
1073 358 1226 416 NOCTIS.
1692 351 1757 415 523

101 545 168 608 iam
191 553 270 610 tunc
293 567 431 631 magnus
455 543 553 610 draco
576 543 683 610 factus
706 543 870 610 crudelius
894 569 993 633 quam
1016 556 1114 612 antea
1136 545 1302 634 populum,
1326 545 1367 611 de
1392 567 1456 632 quo
1480 543 1629 610 Christus
1652 546 1757 610 nasci·

102 661 195 716 turus
219 650 465 738 expectabam,
488 652 624 716 vexavit
646 674 685 717 ac
708 651 875 738 templum,
903 654 937 718 in
962 675 1025 740 quo
1050 663 1120 718 erat
1142 675 1217 718 curn
1239 653 1352 719 hostiis
1374 650 1623 739 presentandus,
1654 653 1757 738 magis

104 777 203 844 quam
227 768 324 824 antas
345 757 479 841 fedavit,
503 756 666 844 spoliavit,
689 758 885 844 profanavit,
909 781 951 825 ne
975 759 1208 848 adimpleretur
1229 759 1412 846 promissio,
1437 781 1502 846 qua
1525 757 1648 824 dictum
1662 737 1757 824 Ὃ(111113

106 863 219 931 Statim
248 868 349 932 verriot
376 866 422 931 od
449 867 596 952 templum
624 890 713 931 coam
743 866 954 949 dominator⁸,
985 891 1075 954 quern
1105 891 1159 932 vos
1187 869 1331 954 queritis,
1362 887 1436 930 cum
1466 865 1573 952 ipsum
1602 863 1759 952 templum
1777 887 1884 940 natan.

76 972 277 1057 sspurciciis
300 971 458 1058 pollutum
480 973 545 1036 iam
568 993 635 1036 non
657 994 760 1054 snum,
785 970 844 1037 sed
859 971 982 1037 diaboli
1002 972 1169 1038 videretur
1191 995 1264 1037 esse
1287 970 1454 1058 templum,
1479 972 1526 1036 sic
1550 972 1649 1036 etiam
1670 993 1758 1036 nunc

107 1080 387 1165 appropinquante
410 1076 463 1142 vel
492 1079 558 1142 iam
582 1079 646 1142 cito
669 1078 857 1142 imminente
881 1080 1024 1144 secundo
1052 1059 1209 1145 adventu¹
1223 1079 1326 1166 ipsius
1350 1077 1482 1161 Christi,
1507 1099 1570 1164 quo
1594 1077 1681 1142 idem
1704 1077 1759 1142 ille

107 1183 206 1250 draco
233 1184 409 1249 mittendus
437 1194 487 1249 est
516 1185 550 1248 in
573 1182 729 1270 abyssum
759 1185 792 1248 in
815 1183 928 1250 ultimo
950 1185 1151 1250 Antichristo
1175 1184 1397 1250 crudelissime
1422 1183 1623 1250 debachatur
1647 1193 1760 1248 contra
1778 1205 1937 1258 uramara.

107 1303 253 1356 sanctam
277 1290 460 1374 ecclesiam,
485 1313 547 1378 qne
571 1290 684 1354 vivum
706 1289 773 1354 Dei
801 1290 957 1378 templum
981 1302 1040 1374 est,
1070 1292 1105 1355 in
1128 1315 1193 1379 qua
1216 1302 1249 1357 et
1276 1293 1346 1379 ipse
1371 1289 1519 1356 Christus
1544 1289 1677 1356 cottidie
1700 1291 1939 1364 inconcessi.

106 1397 244 1463 molatur
266 1420 305 1462 ac
321 1398 419 1462 'Patri
442 1420 499 1462 suo
523 1395 743 1462 misterialiter
766 1397 908 1462 offertur.
954 1398 994 1462 ln
1017 1420 1080 1485 quo
1103 1399 1257 1463 nimimm
1272 1398 1338 1462 Dei
1360 1397 1482 1484 templo
1505 1419 1565 1483 per
1586 1396 1761 1462 interdicta

67 1528 90 1567 ro
106 1504 268 1570 sacrificia
289 1505 550 1591 symoniacorum
575 1513 607 1568 et
629 1503 874 1590 Nycolsitarum
897 1503 1020 1592 polluto
1050 1506 1143 1570 iuxta
1172 1504 1268 1570 illud:
1300 1505 1398 1587 Deus,
1426 1519 1574 1570 venerunt
1593 1519 1696 1591 peotes
1726 1507 1761 1570 ira
1779 1529 1816 1572 r..
1824 1528 1857 1578 rs,
1866 1528 1885 1571 1.

106 1611 348 1677 frobr'tutr'orurmb
369 1626 464 1692 tuam,
480 1612 667 1698 polluerunt
684 1612 831 1698 ternplum
851 1626 991 1677 sanctum
1012 1626 1108 1693 tuum,
1131 1633 1207 1676 cum
1226 1634 1261 1676 se
1280 1611 1315 1676 in
1333 1610 1445 1676 ultimo
1463 1609 1664 1676 Antichristo
1687 1609 1760 1696 plus

105 1715 256 1782 omnibus
287 1715 556 1781 antecedentibus
578 1714 788 1782 Antichristis
819 1739 929 1800 avaro,
959 1729 1126 1804 tamquam
1154 1719 1196 1782 sit
1219 1717 1321 1800 Deus,
1352 1727 1501 1799 ostentat,
1533 1717 1631 1781 immo
1662 1717 1762 1781 etiam

106 1823 272 1888 extollitur
301 1845 401 1910 super
429 1845 524 1888 omne
555 1821 643 1910 quod
673 1823 792 1888 dicitur
813 1823 906 1888 Deus
937 1834 993 1889 aut
1021 1823 1108 1912 quod
1132 1824 1257 1907 colitur,
1281 1825 1394 1912 utique
1425 1822 1552 1889 adhoc
1580 1823 1701 1906 nititur,
1726 1832 1763 1888 ut
1780 1847 1940 1896 eremas.

106 1930 200 1995 Deus
221 1953 283 2017 per
305 1930 486 2016 symoniam
510 1940 542 1994 st
564 1929 631 1994 Dei
659 1930 880 1996 ministrorum
910 1930 1154 2018 impudiciciam
1178 1930 1321 1996 offensus
1345 1929 1433 1995 dicat
1455 1929 1580 1995 eisdem
1605 1929 1761 1994 ministris

37 2061 88 2101 ιε
105 2037 261 2102 neniam
285 2035 356 2119 sibi,
388 2035 445 2100 sed
469 2057 652 2101 mammone
676 2045 733 2101 aut
755 2036 963 2123 Beelphegor
992 2039 1026 2101 in
1050 2036 1145 2103 domo
1169 2037 1304 2103 Domini
1327 2034 1577 2101 famulantibus:
1608 2036 1691 2102 Ecce
1714 2060 1761 2102 re·
1780 2059 1940 2111 assenaco.

107 2145 267 2231 linquetur
296 2145 384 2209 ochra
413 2142 524 2208 domus
553 2157 656 2210 resae
686 2143 818 2225 deserto,
849 2144 933 2208 sicut
960 2153 1118 2230 regnante
1141 2142 1304 2210 Antiocho
1329 2145 1398 2208 eius
1420 2141 1612 2229 preambulo
1634 2144 1762 2206 inmun-

107 2249 240 2316 dissime
265 2259 298 2315 et
320 2250 510 2314 avarissimo
534 2247 649 2315 domus
673 2249 739 2314 Dei
763 2249 892 2314 deserta
914 2249 976 2315 fuit
997 2251 1032 2314 in
1055 2250 1188 2316 civitate
1211 2249 1389 2314 Iemsalem
1413 2259 1491 2314 tunc
1513 2258 1651 2313 vastata.
1695 2247 1763 2314 Sed

107 2356 300 2422 confidimus
322 2357 357 2421 in
371 2355 437 2420 Dei
454 2355 636 2438 clementia,
661 2355 758 2442 quod,
783 2358 867 2421 sicut
883 2379 943 2442 per
962 2367 1091 2422 sanctos
1109 2356 1326 2422 'Machabeos
1350 2366 1382 2421 et
1405 2378 1517 2422 eorum
1532 2355 1645 2420 fideles
1666 2355 1762 2420 coad-
1780 2379 1810 2422 ·r.
1819 2381 1873 2422 nr.

108 2464 227 2528 iutores
247 2462 361 2529 domus
376 2462 443 2528 Dei
466 2485 486 2527 a
506 2463 676 2550 spurciciis
699 2461 858 2528 idolorum
882 2473 960 2528 tunc
982 2463 1044 2528 fuit
1057 2463 1240 2549 purificata,
1263 2465 1310 2528 ita
1331 2472 1368 2528 ut
1389 2463 1491 2528 facies
1506 2461 1619 2549 templi
1635 2463 1762 2527 coronis
1781 2485 1942 2537 rammam.

59 2595 92 2634 ao
108 2571 215 2635 aureis
245 2579 415 2635 ornaretur
444 2578 478 2633 et
507 2568 601 2634 altari
632 2568 805 2650 destructe,
834 2570 923 2657 quod
945 2593 965 2634 a
987 2568 1139 2656 gentibus
1169 2568 1328 2658 pollutum
1356 2569 1479 2652 fuerat,
1510 2567 1612 2633 altare
1641 2590 1762 2633 novum

109 2676 324 2760 dedicaretur,
341 2698 404 2763 quo
421 2675 572 2741 dedicato
594 2675 683 2740 facta
699 2685 748 2740 est
770 2675 881 2741 leticia
902 2699 1023 2763 magna
1045 2677 1080 2740 in
1094 2676 1231 2764 populo:
1256 2677 1302 2741 ita
1323 2697 1421 2758 nunc,
1444 2676 1636 2762 priusquam
1651 2676 1764 2740 veniat

107 2783 268 2849 Dominus
286 2783 458 2848 manifesto
474 2781 628 2866 adventu,
646 2782 785 2848 ecclesia
799 2782 865 2847 Dei
884 2805 905 2847 a
927 2784 1096 2870 spurciciis
1119 2782 1340 2848 inmundiciae
1364 2803 1403 2846 ac
1426 2781 1595 2868 symoniae
1612 2782 1660 2846 sic
1674 2782 1762 2868 puri·

107 2890 223 2954 ficetur
246 2899 278 2954 et
301 2891 396 2976 quasi
418 2891 546 2955 coronis
570 2890 676 2954 aureis
700 2897 842 2972 ornetur,
864 2899 901 2954 ut
923 2888 980 2954 fiat
1001 2889 1112 2955 leticia
1134 2911 1255 2976 magna
1276 2891 1311 2953 in
1333 2888 1454 2976 populo
1477 2887 1653 2953 christiano
1669 2887 1762 2952 Anti-

108 2996 227 3061 christo
254 2995 367 3061 nltimo
398 2995 562 3062 decuncto
592 3018 652 3083 per
680 2995 836 3061 dominici
865 2995 1024 3061 advenum
1054 2995 1313 3079 illustrationem,
1343 3017 1406 3083 que
1430 2996 1515 3060 siout
1545 3016 1663 3060 aurora
1685 2993 1762 3059 solis

61 3113 213 3168 scortum
236 3103 283 3168 sic
306 3104 478 3190 prevenire
501 3101 666 3168 credenda
688 3113 738 3167 est
760 3103 867 3189 ipsum
882 3102 1059 3167 Dominum
1080 3101 1309 3166 iudicaturum.
1345 3101 1411 3183 Qui
1434 3101 1521 3166 enim
1543 3111 1621 3166 tunc
1643 3124 1764 3187 magna

106 3209 186 3274 fecit
212 3210 246 3274 in
268 3208 371 3274 Israel
395 3209 475 3274 dans
499 3211 669 3274 victoriam
691 3209 811 3296 populo
835 3231 904 3292 suo,
934 3209 1004 3294 ipse
1029 3230 1158 3294 quoque
1181 3229 1269 3274 nunc
1291 3220 1407 3294 potens
1431 3216 1482 3272 est
1509 3230 1630 3293 magna
1652 3207 1762 3272 facere

106 3317 141 3380 in
163 3315 283 3403 populo
307 3338 365 3381 suo
384 3326 497 3381 contra
514 3315 670 3403 populum
685 3314 888 3397 Antichristi,
913 3316 997 3380 sicut
1018 3337 1123 3402 nuper
1145 3314 1351 3380 audivimus¹
1373 3315 1476 3379 Rome
1500 3313 1671 3396 accidisse,
1694 3312 1761 3396 ubi,

107 3445 182 3488 cum
205 3424 239 3486 in
255 3445 355 3487 unum
370 3423 601 3488 convenissent
622 3422 780 3487 adversus
799 3421 976 3487 Dominum
1000 3432 1034 3486 et
1055 3421 1213 3486 adversus
1233 3421 1388 3486 christum
1405 3422 1474 3486 eius
1490 3421 1654 3509 principes
1670 3419 1763 3484 multi

108 3552 182 3595 cum
198 3529 316 3594 domno
331 3530 527 3617 imperatore
543 3530 801 3594 scismaticorum
819 3528 944 3593 fautore
968 3538 1067 3616 atque
1089 3539 1166 3593 tunc
1191 3529 1338 3615 episcopi
1361 3527 1540 3593 scismatici
1563 3549 1638 3592 cum
1659 3527 1762 3613 ipsius

54 3659 89 3701 so
108 3637 268 3701 scismatis
287 3637 458 3722 capitaneo
476 3634 646 3718 Gwidonc,
665 3635 839 3702 Octaviani
858 3656 1057 3717 successore,
1080 3635 1295 3722 perfecissent
1317 3656 1401 3722 quae
1417 3634 1599 3717 voluerunt,
1622 3633 1762 3719 impera-

108 3744 244 3808 tricem²
265 3753 417 3830 presente
440 3743 634 3828 imperatore
658 3740 844 3807 coronando
869 3741 994 3806 eteius
1017 3743 1159 3806 intrusos
1183 3739 1415 3825 consecrando,
1440 3743 1538 3806 immo
1554 3740 1662 3828 potius
1686 3761 1762 3805 exe·

108 3848 239 3932 orando,
259 3860 393 3936 repente
413 3850 464 3914 ira
478 3848 544 3913 Dei
567 3870 666 3935 super
688 3849 776 3934 ipsos
799 3846 987 3913 terribiliter
1001 3849 1137 3913 veniens
1161 3846 1282 3913 occidit
1303 3849 1441 3934 pingues
1465 3869 1577 3913 eorum
1593 3856 1626 3911 et
1641 3845 1761 3911 electos
1780 3872 1899 3922 raum.

109 3977 219 4022 eorum
243 3955 424 4042 impedivit.
461 3955 547 4020 Nam
569 3955 723 4042 plurimi⁸
746 3977 858 4019 eorum
881 3953 1053 4019 subitanea
1075 3964 1178 4019 morte
1201 3955 1395 4019 interierunt
1417 3963 1450 4020 et
1472 3953 1590 4040 rehqui
1614 3974 1687 4018 cum
1711 3953 1762 4018 sui

109 4062 298 4128 confusione
321 4061 482 4144 abierimt,
505 4062 676 4126 manifeste
701 4061 891 4127 ostendente
907 4061 992 4143 Deo,
1017 4059 1104 4147 quod
1126 4062 1161 4126 in
1184 4061 1325 4149 predicti
1341 4058 1509 4126 Gwidonis
1532 4058 1760 4136 benedictione

63 4194 91 4235 rs
108 4168 324 4234 maledixerat
352 4168 415 4234 illis
438 4168 542 4251 Deus,
566 4169 622 4255 qui
650 4168 690 4233 de
713 4167 834 4233 talibus
858 4168 953 4233 dicit:
984 4169 1178 4234 Maledicere
1210 4169 1475 4234 benedictionibus
1504 4170 1624 4233 aarum
1671 4165 1760 4232 Ecce
1779 4191 1888 4243 aaran.

109 4277 156 4342 sic
178 4275 391 4340 maledicetur
412 4275 551 4362 populus
575 4273 768 4339 Antichristi
789 4274 1008 4360 triumphante
1031 4275 1162 4339 iusticia
1184 4275 1218 4338 in
1240 4274 1362 4360 populo
1386 4274 1461 4338 Dei.

214 4385 268 4447 20.
303 4382 347 4446 D.
381 4381 568 4468 Distingue,
593 4403 704 4467 queso,
728 4379 868 4446 lucidius
891 4380 1046 4468 populum
1070 4381 1135 4446 Dei
1158 4403 1179 4444 a
1201 4380 1320 4468 populo
1343 4379 1546 4447 Antichristi.

214 4489 260 4553 M.
293 4487 365 4553 Iam
389 4487 511 4554 dudum
533 4487 702 4574 psalmista
723 4487 782 4553 hos
806 4486 888 4552 duos
912 4486 1048 4574 populos
1071 4486 1220 4552 distinxit
1250 4487 1379 4552 dicens:
1407 4487 1546 4566 Quorum
1569 4511 1603 4563 os
1626 4489 1760 4552 locutum
1778 4513 1938 4563 ransart.

108 4612 153 4663 est
174 4599 352 4678 vaniorem,
382 4595 430 4660 illi
458 4593 592 4660 beaurm
622 4592 776 4659 dixerunt
803 4593 970 4681 populum,
999 4594 1052 4658 cui
1081 4592 1143 4658 hec
1173 4602 1249 4658 sunt
1277 4594 1424 4659 videlicet
1440 4595 1643 4680 promerearis
1658 4595 1760 4682 pleno
1778 4619 1889 4670 ruram

63 4727 91 4767 so
108 4705 282 4769 eructareta‘o
304 4728 344 4769 err
365 4704 422 4768 boc
451 4705 487 4768 r'rr
509 4701 603 4783 illud,
627 4725 699 4767 oves
713 4703 850 4790 fetosae,
881 4702 971 4766 boves
999 4724 1124 4766 crassae
1154 4722 1194 4764 ac
1218 4709 1329 4764 cetera
1351 4698 1469 4786 quibus
1493 4701 1689 4766 enumeratis
1711 4701 1758 4763 in·

109 4810 256 4874 sinuatur
285 4809 424 4875 felicitas
454 4791 642 4895 temporalis
671 4807 706 4871 iu
729 4806 858 4872 diviciis
881 4805 935 4871 vel
963 4805 1048 4871 male
1078 4804 1198 4871 habitis
1225 4804 1280 4870 vel
1308 4805 1393 4870 male
1424 4807 1615 4893 concupitis.
1660 4806 1759 4871 Hunc

107 4915 264 5004 populum
294 4915 425 4981 beatum
456 4913 623 4996 dixerunt,
654 4913 687 4978 hi
711 4935 848 4999 quorum
871 4935 907 4977 os
930 4912 1073 4978 locutum
1097 4923 1147 4977 est
1169 4913 1357 4977 vanitatem.
1406 4911 1472 4977 Sed
1495 4913 1538 4996 hi,
1563 4934 1700 5000 quorum
1723 4933 1759 4976 os

107 5023 250 5110 loquitur
272 5024 454 5105 veritatem,
485 5021 569 5086 siout
593 5042 653 5106 ego
676 5019 799 5102 David,
829 5040 939 5084 meum
968 5019 1111 5083 sentiunt
1134 5027 1166 5083 et
1196 5017 1325 5083 dicunt:
1356 5019 1476 5085 Beotas
1491 5021 1642 5107 populos,
1670 5021 1760 5084 cuius
1778 5046 1847 5089 nn.

109 5131 255 5196 dominus
278 5129 464 5195 Danaeius.
510 5129 610 5193 Beati
629 5151 701 5216 cryc
719 5149 879 5214 pauperes
900 5129 1028 5214 spiritu,
1059 5128 1207 5212 quoniam
1230 5128 1373 5213 macrum
1396 5140 1440 5191 eat
1460 5150 1591 5215 reynero
1612 5127 1759 5206 celorum,
1778 5151 1909 5203 mensa.

63 5339 90 5379 tt
215 5327 242 5394 a)
259 5337 347 5396 postca
364 5337 394 5380 ut
410 5329 509 5381 oidcurr
525 5328 554 5379 irs
572 5345 651 5394 orory.
670 5327 753 5393 suppl.
771 5344 792 5378 c.
865 5323 893 5389 b)
915 5327 941 5377 h.
960 5332 980 5377 t.
999 5343 1025 5392 p.
1044 5331 1063 5376 t.
1082 5341 1104 5376 s.
1123 5331 1142 5376 t.
1160 5324 1255 5376 abdeca
1274 5342 1295 5375 c.

219 5490 248 5568 1)
270 5494 355 5550 Anno
373 5492 467 5562 1167,
499 5491 552 5548 Iul.
578 5499 605 5548 et
625 5491 717 5568 Au9.,·
752 5489 793 5562 cs.
824 5489 900 5546 Ano.
931 5485 1143 5565 Reichersbery.
1174 5487 1217 5544 ad
1243 5507 1271 5544 α.
1295 5487 1388 5559 1167,
1421 5487 1475 5546 SS.
1501 5487 1600 5560 XVII,
1629 5507 1659 5564 p.
1684 5486 1758 5544 489.

112 5597 143 5676 2)
165 5599 336 5658 Bactriccm.
407 5595 438 5674 3)
461 5597 621 5656 Bainoldrs
643 5596 769 5673 archiep.
785 5595 892 5666 Goion,
919 5594 1106 5652 Eberhardas
1129 5595 1229 5652 electus
1243 5593 1401 5665 Ratisdorr,
1426 5594 1535 5653 Daniel
1556 5594 1638 5671 episc.
1656 5593 1758 5673 Pray„

108 5707 239 5784 multique
260 5707 373 5765 nobiles.

1492 5820 1544 5872 66*
