4410 6406
456 389 520 450 310
748 395 928 452 GERHOHI
952 396 1184 452 PRAEPOSITI
1209 395 1616 452 REICHERSBERGENSIS
1640 397 1806 451 LIBELLI.

454 581 564 668 phetia
587 593 644 664 est,
670 605 733 668 que
757 583 868 670 utique
893 585 1024 670 propria
1048 583 1245 648 obscuritate
1270 583 1442 669 obtegitur,
1467 605 1561 648 nemo
1585 605 1644 670 per
1660 583 1721 647 hoc
1747 585 1884 668 cogitur,
1909 595 2037 647 utnon
2053 585 2112 647 nisi

453 689 493 752 11
516 688 717 754 Antichristo
743 689 864 754 dictum
890 689 1098 776 intelligatur,
1129 692 1271 755 maxime
1297 713 1369 754 cum
1394 689 1448 754 alii
1473 689 1610 754 eandem
1634 689 1839 776 prophetiam
1869 691 1904 753 in
1929 690 2112 776 Sampsone

452 795 616 882 impletam
641 807 839 860 asseverent.
886 797 961 882 Ipse
987 797 1073 860 enim
1097 797 1237 861 inimicis
1261 797 1367 882 gentis
1391 818 1469 860 11111
1485 796 1650 861 Philisteis
1674 798 1707 860 in
1724 810 1811 861 terra
1827 797 1932 862 Saraa
1949 809 1984 860 et
2000 796 2113 860 Estaol

451 913 522 965 erat
544 903 637 988 quasi
662 901 795 966 coluber
824 904 859 966 in
882 904 937 967 via
967 926 1030 966 non
1061 905 1170 968 sinens
1200 903 1307 968 illesos
1331 904 1469 967 transire
1493 903 1569 966 hinc
1593 903 1669 966 inde
1693 905 1872 984 venientes,
1899 926 1982 990 quos
2007 904 2113 989 inopi·

450 1019 535 1089 1111,
557 1019 629 1072 1111
651 1011 714 1095 ipsi
731 1010 859 1074 causari
876 1019 1034 1096 poterant,
1058 1032 1148 1074 more
1173 1009 1298 1075 colubri
1321 1008 1374 1073 vel
1398 1011 1524 1074 cornuti
1548 1011 1706 1097 serpentis
1730 1033 1794 1073 uon
1819 1010 1930 1091 semel,
1956 1009 2020 1074 sed
2044 1033 2113 1073 111·
2132 1036 2144 1073 1

451 1115 523 1200 pius
547 1116 671 1200 ingenti
695 1115 794 1203 plaga
815 1117 986 1202 percussit,
1011 1128 1047 1180 ut
1070 1116 1111 1180 de
1135 1139 1214 1182 casu
1238 1139 1367 1203 quoque
1395 1115 1521 1181 illorum
1547 1127 1722 1181 retrorsum
1745 1117 1832 1180 facto
1857 1118 2025 1203 scriptura
2049 1139 2114 1180 non

274 1211 431 1312 ,ausilii
450 1223 588 1286 tacuerit
612 1221 735 1302 dicens,
761 1224 852 1309 'quia
882 1237 1036 1310 stupentes
1067 1235 1099 1287 11
1128 1234 1258 1310 stupore
1291 1223 1444 1287 cadentes
1474 1249 1566 1288 saras
1583 1224 1711 1310 femori
1739 1227 1941 1311 imponerem.
1991 1223 2037 1286 Et
2067 1223 2115 1286 illi

451 1327 583 1414 quidem
599 1330 745 1414 potentia
768 1339 800 1393 et
824 1352 958 1393 numero
975 1331 1158 1415 superiores
1174 1330 1263 1394 velut
1287 1331 1320 1393 in
1337 1331 1439 1416 equis,
1464 1329 1562 1392 immo
1582 1341 1614 1393 et
1629 1352 1707 1393 vere
1732 1331 1765 1393 in
1782 1331 1874 1416 equis
1899 1341 1933 1394 et
1955 1332 1992 1393 in
2011 1331 2114 1393 curri·

450 1433 510 1498 bus
534 1433 758 1500 vectabantur.
805 1436 868 1499 Hic
893 1459 971 1500 vero
1002 1436 1162 1501 interdum
1195 1435 1355 1500 solitarius
1386 1435 1541 1500 incedens
1572 1459 1692 1521 equum
1723 1447 1756 1500 et
1785 1459 1996 1501 ascensorem
2022 1459 2113 1501 more

451 1540 570 1605 deiecit
594 1543 752 1628 serpentis
776 1543 952 1629 improviso
976 1542 1163 1608 mordentis.
1199 1543 1236 1607 Iu
1254 1567 1318 1630 quo
1342 1554 1374 1607 et
1398 1542 1431 1606 id
1455 1545 1661 1628 serpentinae
1686 1543 1823 1607 astutiae
1840 1543 1894 1607 vel
1911 1543 2112 1628 prudentiae
2134 1570 2157 1608 11

359 1673 430 1713 1111.
450 1649 567 1729 extitit,
593 1649 680 1734 quod
703 1648 878 1736 aliquando
907 1672 941 1712 sc
970 1649 1101 1712 funibus
1124 1651 1241 1714 vinciri
1266 1661 1298 1714 et
1321 1651 1466 1714 vinctum
1498 1649 1657 1736 allophilis
1688 1649 1773 1713 tradi
1803 1651 1961 1735 permisit,
1989 1648 2113 1736 quibus

371 1779 430 1820 111.
450 1753 587 1818 traditus
611 1754 719 1818 hostes
744 1754 875 1819 funibus
900 1756 1037 1842 diruptis
1062 1755 1192 1838 delevit,
1217 1756 1305 1843 quod
1329 1757 1432 1842 captis
1457 1778 1586 1842 quoque
1602 1755 1754 1842 vulpibus
1779 1755 1917 1842 alligans
1940 1755 2036 1820 faces
2061 1779 2112 1820 sc-

449 1870 541 1946 getes
572 1884 683 1925 comm
715 1862 861 1926 incendit
891 1863 1003 1948 sicque
1034 1862 1171 1926 diversis
1202 1863 1306 1927 modis
1338 1863 1487 1927 laedendi
1522 1863 1671 1927 inimicos
1704 1864 1891 1950 serpentina
1927 1863 2112 1927 calliditate

450 1968 655 2032 occasionem
677 1979 792 2033 nactus
816 1980 875 2033 est.
923 1967 999 2033 Sive
1024 1980 1132 2033 autem
1157 1970 1229 2056 quis
1253 1970 1294 2034 de
1310 1967 1511 2034 Antichristo
1536 1970 1605 2032 sive
1630 1969 1670 2034 de
1688 1969 1868 2055 Sampsone
1892 1968 1979 2033 hanc
2006 1971 2111 2056 scrip-

449 2083 554 2138 turam
579 2075 818 2160 interpretctur,
842 2099 907 2139 non
932 2077 1078 2162 cogimur
1101 2099 1160 2163 per
1182 2076 1254 2157 hoc,
1277 2087 1313 2141 ut
1337 2075 1377 2140 11
1402 2099 1521 2162 genere
1546 2077 1623 2140 Dan
1648 2087 1679 2140 et
1702 2099 1767 2140 non
1791 2075 1922 2140 aliunde
1938 2076 2110 2141 Antichri-
2133 2102 2156 2140 rs

450 2191 516 2244 stus
540 2183 723 2246 nasciturus
748 2183 946 2246 aestimetur.
992 2183 1134 2247 Possunt
1156 2185 1252 2265 enim,
1277 2205 1340 2269 quc
1364 2182 1405 2248 de
1429 2181 1515 2246 tribu
1531 2183 1607 2247 Dan
1630 2182 1801 2269 prophetia
1824 2182 1981 2268 predixit,
2008 2185 2111 2248 etiam

448 2309 509 2372 per
536 2297 665 2374 tropum
696 2288 915 2353 similitudinis
938 2288 1139 2354 Antichristo
1163 2292 1348 2372 convenire,
1377 2291 1525 2376 quamvis
1557 2289 1596 2353 de
1621 2289 1677 2354 illa
1707 2288 1794 2354 tribu
1823 2291 2011 2354 nasciturus
2043 2314 2111 2354 non

449 2395 500 2474 sit,
526 2395 609 2458 sicut
633 2406 766 2459 econtra
789 2397 944 2482 mysteria
960 2395 1081 2461 Christi
1104 2419 1164 2483 per
1187 2397 1326 2461 eundem
1342 2395 1442 2460 Iacob
1466 2419 1526 2482 per
1549 2396 1792 2460 similitudinem
1815 2397 1849 2460 iu
1872 2395 1959 2460 tribu
1985 2397 2110 2484 Ioseph

449 2500 641 2588 prophetata
665 2514 748 2584 sunt,
774 2502 814 2566 de
839 2526 904 2589 qua
933 2514 1043 2568 tamen
1067 2502 1163 2584 tribu,
1188 2513 1223 2567 ut
1245 2513 1356 2567 notum
1380 2514 1439 2582 est,
1464 2503 1613 2567 dominus
1637 2503 1728 2567 Iesus
1760 2503 1939 2568 secundum
1970 2527 2110 2568 carnem

287 2633 429 2682 1111111.
448 2609 512 2671 111
544 2607 722 2673 descendit.
771 2609 825 2674 Sic
856 2611 942 2674 enim
973 2611 1019 2674 ait
1046 2612 1132 2674 inter
1163 2620 1272 2675 cetera
1301 2609 1388 2674 idem
1415 2610 1516 2675 Iacob
1547 2608 1745 2675 benedicens
1768 2610 1903 2696 Ioseph:
1937 2611 2110 2676 Dr'ssoluta
2130 2638 2155 2674 so

448 2730 520 2779 aaut
544 2717 668 2780 rrr'ucula
692 2718 893 2782 brachiorum
916 2733 1115 2782 1111111111
1138 2721 1205 2783 11111
1221 2743 1285 2804 per
1307 2743 1433 2782 manum
1454 2721 1589 2804 potentia
1605 2718 1710 2798 Iacob,
1735 2719 1808 2782 iude
1824 2732 1939 2806 pastor
1962 2743 2112 2806 opressus

449 2837 493 2886 est
515 2823 600 2908 lapis
616 2822 727 2888 Israel.
776 2823 868 2887 Haec
893 2823 1055 2910 siquidem
1070 2822 1183 2906 verba,
1208 2847 1281 2888 cum
1306 2823 1347 2888 ad
1371 2847 1501 2888 sensum
1518 2823 1571 2887 vel
1594 2824 1801 2911 superficiem
1825 2823 1930 2890 littere
1954 2823 2004 2888 illi
2028 2835 2110 2889 tunc

448 2928 481 2990 in
512 2950 610 2992 carne
641 2928 774 3014 degenti
805 2931 1017 2995 convenirent
1040 2931 1169 3018 Ioseph,
1195 2933 1287 2996 cuius
1309 2930 1442 2995 vincula
1472 2929 1679 2995 brachiorum
1709 2943 1742 2995 et
1771 2942 1958 3013 manuum·,
1984 2930 2110 3017 quibus

448 3056 522 3098 eum
547 3033 695 3099 dominus
719 3058 796 3099 suus
821 3036 988 3101 eunuchus
1011 3038 1099 3122 regis
1115 3037 1238 3124 Egypti
1261 3039 1413 3102 vinxerat
1437 3036 1593 3101 dissoluta
1616 3048 1690 3102 sunt
1713 3059 1773 3123 per
1795 3060 1926 3102 manum
1949 3039 2108 3123 potentis,

448 3140 602 3206 videlicet
624 3142 699 3224 Dei,
725 3144 780 3230 qui
805 3154 854 3206 111
883 3154 998 3230 potens
1027 3154 1060 3208 et
1088 3144 1237 3209 dominus
1261 3143 1371 3226 Iacob,
1396 3144 1481 3208 unde
1505 3143 1602 3225 idem,
1628 3143 1668 3207 de
1693 3166 1758 3230 qua
1781 3143 1987 3208 vinculorum
2019 3145 2108 3208 solu·
2128 3171 2154 3209 11

448 3247 536 3312 tione
568 3271 718 3334 egressus
749 3261 799 3314 est
829 3263 941 3336 pastor
969 3252 1039 3338 ipse
1063 3251 1183 3337 Ioseph
1213 3273 1351 3337 pascens
1374 3251 1541 3336 Egyptum
1569 3249 1664 3313 simul
1688 3260 1720 3314 et
1743 3249 1870 3332 fratres,
1895 3249 2017 3336 quibus
2041 3253 2107 3314 ait:

314 3381 428 3430 11111.
449 3353 556 3421 Nolite
579 3359 696 3436 timere,
716 3382 770 3446 epo
781 3383 914 3445 pascam
931 3383 985 3422 cos
1001 3373 1028 3422 11
1037 3359 1194 3445 paruulos
1218 3373 1333 3422 rasaos
1356 3358 1491 3442 ipseque
1515 3355 1599 3443 lapis
1623 3356 1723 3421 idest
1745 3356 1969 3420 fulcimentum
1994 3368 2028 3421 et
2050 3359 2106 3421 fir·

448 3472 646 3526 momentum
669 3463 804 3528 fratrum
828 3487 959 3528 suorum
982 3463 1121 3529 filiorum
1145 3463 1257 3546 Israel,
1288 3486 1362 3528 cum
1392 3462 1464 3544 hoc,
1495 3464 1638 3549 iuquam,
1670 3486 1766 3527 seusu
1797 3464 1861 3526 iam
1886 3463 1975 3527 dicta
1997 3463 2107 3529 verba

448 3569 557 3654 typico
582 3571 778 3634 conveniant
801 3571 929 3656 Ioseph,
960 3572 1105 3634 misteria
1132 3582 1240 3635 tamen
1269 3569 1390 3634 domini
1413 3571 1514 3634 nostri
1538 3570 1613 3633 Iesu
1638 3569 1759 3634 Christi
1789 3571 1868 3656 ipsis
1893 3569 2004 3634 verbis
2028 3594 2103 3658 pro-

312 3674 578 3760 11111111111111
608 3689 692 3741 sunt.
738 3677 813 3763 Ipse
845 3688 894 3742 cst
924 3679 1010 3742 enim
1034 3701 1131 3742 verus
1154 3677 1273 3763 Ioseph
1299 3676 1384 3740 filius
1408 3699 1610 3758 accrescens,
1635 3678 1691 3763 qui
1715 3700 1734 3740 1
1757 3676 1921 3758 fratribus,
1946 3677 2105 3742 videlicet
2124 3705 2149 3743 ro

370 3860 373 3865 Ι
446 3781 567 3864 111111,
592 3782 742 3847 venditus
767 3807 806 3848 11
830 3784 967 3848 traditus
992 3795 1041 3848 est
1067 3783 1218 3869 gentihus
1242 3783 1294 3846 vel
1318 3783 1469 3869 Egyptiis
1501 3783 1544 3846 ad
1574 3783 1775 3847 illudendum
1806 3794 1838 3848 et
1866 3783 2102 3870 flagellandum

446 3899 479 3951 et
502 3889 767 3974 crucifigendum,
792 3891 883 3955 cuius
907 3889 1042 3955 brachia
1059 3901 1091 3954 et
1106 3913 1220 3954 manus
1237 3913 1338 3976 usque
1363 3889 1406 3955 ad
1422 3889 1587 3955 clavorum
1602 3889 1757 3954 fixionem
1781 3890 1879 3976 ligate
1904 3890 1948 3955 ad
1971 3901 2102 3978 tempus

445 3994 582 4077 fuerant,
608 3995 667 4060 111
690 3996 794 4060 soluta
817 4009 892 4061 sunt
905 3997 1037 4061 vincula
1051 3996 1258 4062 brachiomm
1283 4008 1315 4060 11
1337 4020 1490 4061 manuum
1515 3998 1583 4060 eius
1607 4020 1667 4084 per
1680 4020 1813 4061 manum
1829 3999 1970 4089 potentis
1986 3997 2100 4080 Iacob,

445 4101 479 4165 id
503 4112 553 4166 est
582 4125 641 4188 per
664 4126 794 4168 manum
824 4105 975 4190 propriae
1003 4127 1061 4168 seu
1083 4115 1238 4190 paternae
1263 4104 1442 4190 potestatis,
1468 4104 1522 4190 qui
1547 4113 1596 4168 est
1618 4103 1711 4168 Deus
1734 4114 1849 4190 potens
1873 4126 1912 4168 11
1936 4103 2099 4168 Dominus

294 4235 426 4284 ros.1o‚1a.
446 4207 555 4292 Iacob.
602 4209 698 4273 Unde
723 4211 783 4274 ait:
815 4210 997 4276 Potestotem
1023 4211 1118 4275 habeo
1136 4212 1282 4298 ponendi
1308 4214 1449 4275 animaru
1479 4236 1577 4276 meam
1602 4226 1631 4276 et
1645 4226 1827 4298 potestatem
1858 4212 1954 4276 111111
1986 4215 2097 4276 iterum
2118 4236 2142 4276 so

445 4316 592 4380 sumendi
612 4342 689 4381 eam.
1533 4397 1534 4400 Ἴ

532 4417 596 4485 'Et
625 4423 701 4487 inde
731 4423 771 4487 de
796 4423 953 4489 solutione
976 4423 1179 4489 vinculorum
1203 4425 1271 4487 eius
1296 4446 1446 4509 egressus
1470 4431 1519 4488 est
1542 4435 1662 4511 pastor,
1692 4425 1763 4511 ipse
1786 4424 1951 4506 videlicet,
1977 4425 2097 4512 quide

312 4554 426 4603 n.n‚n.
446 4550 480 4591 11
505 4527 643 4593 fidenter
666 4531 726 4594 ait:
760 4531 829 4619 Epo
852 4557 921 4596 aum
941 4547 1051 4618 pastor
1075 4534 1182 4612 11111,
1210 4541 1241 4594 11
1270 4529 1357 4594 idem
1387 4532 1458 4617 ipse
1487 4530 1582 4617 lapis,
1612 4530 1851 4596 firmamentum
1882 4533 2036 4596 nimirum
2066 4545 2098 4596 11

446 4633 692 4700 tundamentum
715 4659 793 4701 vero
817 4637 954 4702 Israheli
977 4636 1096 4724 populo
1120 4635 1274 4701 videlicet
1300 4638 1391 4701 inse
1417 4637 1572 4702 credenti.
1618 4637 1671 4701 De
1696 4638 1781 4724 quob
1805 4637 1914 4724 lapide
1939 4641 2096 4725 scriptum

268 4727 425 4834 aarum,
446 4751 510 4804 est:
543 4743 702 4829 Lapidem
732 4769 821 4830 quem
845 4746 1113 4839 *reprobaverant
1145 4745 1196 4809 tic
1211 4747 1325 4832 factas
1348 4759 1392 4808 111
1422 4747 1453 4809 in
1482 4760 1576 4832 caput
1604 4747 1723 4831 cupali.
1772 4744 1864 4809 Sicut
1893 4745 2004 4833 itaque
2035 4746 2139 4811 111111
2178 4797 2179 4800 ,

445 4848 617 4936 prophetia
647 4848 707 4913 sub
737 4851 867 4914 nomine
898 4850 1015 4937 Ioseph
1045 4851 1079 4914 in
1110 4849 1273 4915 Christum
1305 4849 1441 4914 tendens
1470 4872 1537 4914 non
1568 4851 1691 4935 exegit,
1723 4861 1758 4914 ut
1788 4851 1829 4916 de
1859 4850 1947 4916 tribu
1977 4852 2096 4941 Ioseph

337 4962 340 4969 ’
446 4951 593 5019 Christus
616 4965 814 5037 nasceretur,
839 4957 885 5021 sic
908 4957 943 5020 in
958 4955 1193 5022 Antichristum
1209 4956 1380 5043 prophetia
1403 4955 1463 5021 sub
1486 4959 1615 5021 nomine
1632 4957 1709 5021 Dan
1731 4957 1869 5022 tendens
1892 4981 1958 5024 non
1982 4961 2094 5046 exigit,

445 5071 480 5124 ut
503 5061 544 5125 11
568 5060 656 5126 tribu
679 5063 755 5126 Dan
777 5063 996 5127 Antichristus
1019 5065 1201 5128 nasciturus
1225 5064 1276 5127 sit.

739 5205 769 5286 3.
806 5222 922 5302 Quod
946 5222 992 5286 de
1017 5221 1243 5287 Babilonia
1265 5221 1515 5310 perhibetur
1537 5226 1789 5288 nasciturus.

551 5345 646 5410 Nunc
671 5346 711 5410 de
736 5369 784 5430 eo,
809 5347 897 5433 quod
920 5346 961 5411 de
984 5346 1177 5411 Babilonia¹
1200 5349 1383 5412 nasciturus
1414 5371 1472 5412 111
1495 5359 1651 5413 venturus
1673 5349 1892 5414 Antichristus
1916 5352 2093 5434 estimatur,
2112 5377 2138 5416 a

446 5450 525 5539 quid
548 5452 708 5518 firmitatis
731 5454 785 5518 vel
809 5455 989 5518 constantie
1013 5452 1132 5518 babeat
1154 5454 1332 5518 videndum
1356 5464 1388 5518 et
1411 5455 1463 5519 cui
1487 5457 1572 5542 parti
1596 5456 1828 5542 scripturarum
1851 5457 2015 5522 innitatur.
2052 5459 2095 5522 Et

552 5615 579 5679 a)
599 5563 710 5684 eeqhttor
729 5619 797 5678 eius,
816 5618 864 5669 dcl.
883 5637 903 5668 c.
976 5617 1003 5681 h)
1025 5637 1079 5684 qua
1097 5636 1117 5669 c.

554 5741 584 5818 1)
607 5744 685 5803 Adeo
707 5748 725 5803 l.
742 5749 778 5803 t.-
802 5748 947 5804 ciritatem
971 5748 1161 5820 Babyloniae:
1186 5750 1215 5803 iu
1238 5749 1290 5803 hac
1314 5749 1387 5804 enim
1411 5749 1527 5805 civitate
1553 5791 1559 5804 .
1586 5790 1593 5804 .
1619 5789 1627 5806 .
1650 5750 1842 5808 Antichristus
1864 5757 2009 5816 nascetur.
