4410 6406
418 395 483 458 330
708 400 888 458 GERHOHI
911 400 1145 458 PRAEPOSITI
1167 397 1578 456 auchuRsuuRuuNsls
1602 398 1768 453 LIBELLI.

418 589 505 654 ricus
524 610 589 653 non
609 588 676 652 iam
695 609 765 670 rex,
789 587 847 653 sed
867 589 1014 654 tirannus
1035 589 1137 676 copiis
1158 587 1323 653 instructis
1344 596 1457 652 contra
1477 585 1617 650 eundem
1637 585 1835 651 Ruodolfum
1855 607 1969 671 regem
1988 583 2066 650 bello

306 683 399 778 0232]
419 717 453 761 se
474 705 579 782 parat,
602 695 655 758 cui
677 704 710 758 et
728 693 887 760 Rudolfus
910 717 970 760 rex
991 697 1116 761 occurit
1138 697 1171 760 in
1193 717 1292 760 manu
1311 691 1432 775 valida,
1455 691 1624 758 Saxonum
1643 693 1786 757 maxime
1807 691 1911 756 fretus
1933 691 2068 774 auxiliis,
2171 709 2172 712 ’

419 802 656 887 commissaque
679 823 791 888 pugna
813 823 915 888 prope
939 801 1074 867 fluvium
1090 801 1270 866 Unstrdth¹
1293 801 1327 864 iu
1351 798 1432 882 loco,
1462 800 1518 886 qui
1538 798 1739 864 Welfesholz
1763 798 1893 881 dieitur,
1919 796 1977 862 ubi
1999 797 2070 863 hino

419 907 496 972 inde
519 907 694 972 multorum
716 906 805 972 facta
828 918 936 993 strage
960 909 1105 994 contigit,
1130 929 1194 994 quo
1217 908 1310 972 Deus
1332 907 1424 972 norit
1447 905 1579 988 iudicio,
1606 904 1696 970 illum
1720 906 1755 970 in
1777 904 1864 970 bello
1888 926 1996 986 mere,
2020 906 2073 990 qui

419 1037 478 1101 pro
503 1013 643 1079 ecclesia
666 1011 786 1079 Christi
818 1024 915 1101 atque
945 1014 1075 1079 iusticia
1103 1012 1225 1078 bellum
1248 1015 1374 1078 inierat.
1425 1013 1470 1077 At
1492 1012 1632 1091 tholfo
1656 1013 1764 1078 occiso
1788 1035 1854 1078 non
1877 1010 1981 1076 multo
2003 1023 2102 1097 posto

342 1145 402 1187 seer.
421 1131 565 1207 tempore
587 1119 701 1185 fideles
721 1119 881 1185 ecclesiae
902 1119 1000 1184 alium
1021 1141 1064 1183 ex
1084 1119 1298 1206 principibus,
1322 1120 1566 1186 Heremannum
1587 1120 1727 1200 nomine,
1751 1120 1786 1182 in
1806 1140 1920 1204 regem
1943 1117 2075 1203 eligrmt,

421 1229 477 1314 qui
501 1237 534 1291 et
556 1228 626 1314 ipse
649 1249 715 1291 non
736 1227 853 1292 unius²
874 1227 991 1312 integri
1014 1227 1090 1290 anni
1112 1227 1224 1312 spacio
1246 1248 1346 1313 regno
1367 1228 1488 1313 potitus
1510 1225 1551 1291 ab
1573 1224 1754 1291 fautoribus
1775 1226 1928 1290 Heinrici
1951 1247 2011 1312 per
2031 1227 2077 1288 in-

422 1333 522 1400 sidias
546 1334 673 1398 occisus
698 1343 756 1414 est,
780 1342 816 1397 ut
839 1332 1015 1397 similitudo
1032 1355 1161 1419 quoque
1186 1334 1381 1416 certaminis,
1406 1356 1504 1420 quarn
1528 1356 1628 1420 supra
1647 1333 1689 1398 de
1710 1333 1845 1398 muliere
1866 1343 2081 1419 constuprata

422 1440 588 1506 intulimus
610 1441 646 1505 in
669 1439 828 1504 ecclesiae
852 1441 1030 1506 certamine
1052 1462 1118 1504 non
1142 1439 1280 1506 deesset.
1328 1439 1420 1506 Sicut
1444 1441 1529 1505 enim
1553 1439 1619 1504 illic
1643 1440 1823 1505 adversarii
1848 1440 2006 1527 equitatis
2030 1438 2081 1502 bis

422 1549 606 1634 superiores
631 1546 738 1611 effecti
761 1556 845 1628 sunt,
876 1547 922 1610 ita
945 1557 977 1610 et
1002 1547 1037 1611 in
1060 1547 1121 1612 hoc
1144 1548 1321 1612 certamine
1345 1545 1472 1612 duobus
1494 1545 1627 1634 regibus
1657 1548 1692 1611 in
1715 1546 1903 1612 defensione
1929 1547 2083 1611 iusticiae
2101 1572 2125 1610 ro

424 1655 541 1719 occisis
563 1651 615 1718 bis
638 1651 819 1718 adversarii
833 1653 971 1718 victoria
993 1654 1087 1740 potiti
1110 1663 1194 1718 sunt.
1241 1653 1277 1719 Si
1292 1677 1370 1719 vero
1395 1665 1427 1718 et
1449 1654 1594 1719 mulieris
1616 1655 1651 1718 in
1666 1655 1770 1719 frusta
1793 1656 1925 1720 concise
1950 1655 1986 1717 in
2009 1675 2083 1740 pre-

425 1762 509 1826 senti
532 1782 632 1825 causa
655 1759 829 1824 similitudo
854 1760 1009 1846 queritur,
1032 1760 1094 1824 hoe
1117 1760 1215 1825 fuerit
1237 1760 1382 1846 legitimo
1405 1763 1476 1826 viro
1501 1759 1631 1826 Christo
1654 1760 1708 1826 vel
1732 1763 1802 1826 eins
1824 1762 1963 1843 vicarie,
1987 1758 2086 1824 verbi

425 1889 525 1934 causa
549 1865 709 1952 Gregorio
726 1865 801 1930 VH.
826 1865 994 1930 mulierem
1018 1888 1060 1930 ex
1083 1866 1168 1931 bono
1192 1866 1262 1932 uelo
1292 1869 1326 1933 in
1350 1867 1453 1932 inusta
1476 1868 1668 1950 concidisse,
1694 1869 1894 1933 conscissam
1917 1889 1981 1954 per
2003 1867 2086 1931 scis-

426 1975 562 2039 maticos
586 1983 618 2038 et
640 1972 851 2038 dilaceratam
875 1972 1049 2038 ecclesiam
1072 1972 1320 2057 demonstrasse,
1342 1985 1501 2062 quatenus
1523 1974 1668 2040 fidelium
1691 1976 1816 2041 animos
1839 1975 1883 2039 ad
1897 1974 2088 2039 vindictam

426 2083 506 2146 tanti
530 2080 663 2147 sceleris
686 2103 745 2166 per
768 2081 998 2145 conscissionis
1021 2079 1329 2146 demonstrationem
1348 2091 1552 2167 provocaret.
1586 2082 1636 2146 Εο
1660 2105 1738 2148 sane
1761 2081 1935 2147 locutionis
1960 2101 2087 2168 genere
2108 2105 2132 2144 rs

425 2187 490 2254 dici
514 2197 621 2274 potest
643 2186 811 2252 mulierem
828 2186 1051 2268 conscindere,
1075 2186 1137 2251 hoe
1154 2209 1226 2252 esse
1243 2189 1441 2253 conscissam
1457 2169 1690 2271 demonstrare,
1712 2211 1776 2276 quo
1798 2199 1830 2253 et
1849 2188 2018 2253 Dominus
2044 2186 2089 2252 ad

266 2319 405 2370 elasam.
423 2293 592 2360 Abraham
615 2293 762 2380 loquens,
787 2319 879 2375 nuuc,
902 2294 1017 2380 inquit,
1042 2298 1181 2382 cognovi,
1204 2293 1266 2359 hoc
1289 2305 1339 2359 est
1362 2296 1527 2380 cognitum
1550 2294 1623 2376 feci,
1654 2295 1740 2381 quod
1761 2300 1872 2362 uruca
1894 2295 2087 2360 Dominum.

426 2402 492 2483 Qui
514 2400 670 2466 videlicet
691 2399 863 2465 locutionis
887 2399 1003 2464 modus
1026 2399 1172 2466 efficiens
1196 2423 1255 2488 pro
1279 2401 1395 2466 effecto
1411 2401 1465 2466 vel
1488 2423 1506 2466 e
1530 2423 1688 2467 converso
1711 2424 1836 2488 ponens
1860 2401 1951 2488 apud
1975 2423 2088 2488 gram-

425 2509 561 2573 maticos
586 2507 801 2572 ‘metonomia'
826 2506 893 2572 dici
920 2506 1011 2572 solet.

354 2731 406 2780 (ss).
631 2706 684 2768 21.
720 2703 869 2768 Victor
890 2725 998 2790 papa
1022 2701 1243 2788 Gregori0,
1268 2703 1433 2768 Victori
1457 2701 1651 2768 Urbanus
1675 2703 1879 2769 succedit.
2107 2730 2133 2768 so

532 2829 667 2892 Interim
691 2850 780 2910 sane,
804 2826 880 2892 dum
904 2827 965 2892 hec
989 2829 1078 2892 circa
1097 2827 1270 2892 Redolfum
1293 2837 1326 2892 et
1345 2828 1570 2892 Hermannum
1590 2850 1684 2914 reges
1708 2839 1873 2914 genantur,
1899 2828 2088 2894 decedente

313 2925 407 3020 Mffl
427 2937 460 3000 in
484 2935 606 3000 exilio⁸
629 2932 789 3020 Gregorio
806 2933 886 2998 VII⁰
910 2933 1114 2999 substituitur
1136 2935 1266 3018 Victor;
1291 2935 1416 3000 Victori
1448 2957 1577 3020 quoque
1600 2933 1754 3000 Urbanus
1784 2934 1941 3018 succedit,
1974 2935 2087 3001 adhuc

299 3033 408 3128 ,ωζθῗξζ
426 3041 508 3107 urbe
531 3043 635 3106 Roma
655 3040 837 3127 Wigberto,
862 3064 958 3128 quem
982 3039 1184 3106 Clementem
1208 3041 1368 3124 dixerant,
1392 3042 1482 3105 Petri
1506 3040 1617 3106 sedem
1641 3051 1821 3128 occupante
1831 3047 1853 3106 ⁴.
1900 3042 1967 3106 Hic
1992 3042 2087 3106 vide-

426 3149 504 3215 licet
527 3147 681 3214 Urbanus
712 3149 796 3212 sicut
825 3149 859 3211 in
889 3147 1058 3234 dignitate,
1089 3149 1135 3212 ita
1158 3170 1287 3235 quoque
1317 3149 1351 3212 in
1373 3149 1494 3213 virtute
1519 3147 1669 3234 Gregorii
1693 3149 1768 3231 Vll,
1798 3151 1897 3214 immo
1922 3160 1955 3214 et
1979 3150 2086 3237 ipsius

428 3257 517 3322 Petri
547 3255 727 3342 legitimum
752 3277 786 3318 se
810 3277 1031 3320 successorem
1055 3254 1214 3320 exhibuit.
1260 3255 1366 3320 Huius
1395 3256 1430 3319 in
1457 3266 1603 3342 tempore
1626 3256 1746 3320 Franci
1775 3278 1835 3342 per
1858 3258 1927 3320 eius
1953 3269 2087 3321 exorta·
2104 3281 2130 3321 se

324 3355 409 3448 „ffij
428 3364 548 3428 tionem
578 3363 747 3449 provocati
777 3363 942 3427 civitatem
966 3361 1199 3444 lerosolimam,
1230 3362 1336 3426 locum
1359 3361 1513 3427 videlicet
1542 3362 1704 3448 sepulchri
1734 3363 1879 3446 Domini,
1911 3363 1952 3428 de
1982 3387 2088 3428 manu

428 3493 630 3557 paganorum
653 3471 771 3534 virtute
803 3469 937 3555 potenti,
968 3468 1155 3554 angelorum
1181 3491 1310 3556 quoque
1332 3467 1454 3533 visibili
1481 3469 1658 3533 ministerio
1688 3469 1790 3534 adiuti
1813 3471 1966 3556 eripiunt,
1998 3473 2086 3536 sicut

429 3577 579 3663 proprius
609 3574 685 3639 inde
716 3586 887 3640 contextus
917 3574 1068 3639 libellusl
1090 3575 1216 3640 edocet.
1262 3575 1300 3639 In
1332 3597 1396 3662 qua
1426 3576 1524 3640 etiam
1554 3577 1709 3640 eivitate⁶
1731 3599 1792 3663 per
1813 3577 1937 3642 clerum
1965 3577 2085 3642 eodem

430 3684 696 3769 commigrantem
715 3683 781 3746 vite
806 3683 984 3746 communis
1008 3704 1048 3745 ea
1070 3680 1209 3746 formula
1231 3680 1406 3762 refloruitl,
1431 3705 1493 3768 que
1517 3684 1665 3768 primitus
1688 3705 1748 3770 per
1770 3683 1933 3770 apostolos
1957 3683 2083 3749 ibidem

430 3801 527 3876 cepta
549 3789 737 3869 dinoscitur,
761 3786 981 3852 iudicantibus
1005 3790 1051 3852 eis
1075 3790 1226 3852 nimirum
1249 3789 1423 3853 iustissime
1447 3811 1512 3853 non
1536 3789 1631 3854 aliam
1655 3811 1690 3854 se
1712 3789 1759 3853 illi
1775 3791 1942 3855 civitatem
1958 3790 2083 3856 debere
2101 3817 2127 3856 so

431 3919 576 3962 normam
599 3895 734 3960 vivendi
762 3894 927 3974 inducere,
952 3917 1049 3980 quam
1073 3917 1136 3981 que
1160 3897 1284 3981 primae
1307 3895 1516 3960 institutionis
1541 3896 1737 3982 apostolicae
1761 3896 1982 3962 fundamentis
2006 3920 2082 3962 con-

430 4015 571 4089 grueret.
617 4003 689 4066 Hee
713 4001 876 4087 siquidem
899 4000 1055 4086 plantatio
1079 4000 1214 4088 legitimi
1241 4003 1396 4088 germinis
1425 4003 1615 4068 incivitate
1645 4003 1701 4068 illa
1729 4015 1864 4068 sancta*
1887 4006 2083 4069 resuscitata

431 4109 579 4196 palmites
603 4131 677 4173 suos
701 4108 777 4172 inde
799 4108 864 4172 iam
888 4107 952 4172 late
977 4107 1133 4188 extendit,
1158 4107 1316 4172 bonorum
1332 4107 1478 4173 cordium
1502 4107 1606 4195 glebis
1630 4109 1664 4173 id
1687 4110 1782 4174 facile
1807 4133 1846 4174 ac
1869 4109 2011 4176 libenter
2032 4133 2081 4175 re·

431 4213 637 4303 cipiantibus,
662 4213 750 4300 quod
773 4215 922 4300 primitus
946 4213 988 4277 ab
1012 4215 1084 4300 ipsa
1107 4214 1243 4279 dextera
1266 4214 1400 4278 Domini
1423 4215 1631 4302 inpropriae
1656 4216 1801 4282 coloniae
1825 4217 1931 4303 agello
1955 4217 2080 4304 planta·

431 4334 499 4387 tum
523 4323 573 4386 sit.
608 4322 797 4386 Persecutio
815 4343 942 4407 quoque
967 4321 1041 4385 huic
1065 4319 1150 4386 bono
1174 4331 1349 4408 cooperata
1372 4332 1430 4385 est.
1476 4321 1561 4386 Nam
1576 4321 1653 4386 dum
1677 4346 1697 4388 a
1720 4322 1906 4388 civitatibus
1931 4324 2081 4390 meliores
2099 4349 2124 4388 aa

431 4429 553 4510 clerici,
570 4451 608 4492 eo
625 4427 713 4514 quod
729 4421 1010 4492 excommunicato
1034 4428 1174 4514 principi
1197 4429 1332 4515 eiusque
1355 4427 1558 4493 fautoribusb
1582 4438 1614 4493 et
1637 4431 1966 4496 communicatoribus
1991 4455 2082 4497 suam

433 4535 659 4600 subtraherent
675 4535 944 4617 communionem,
968 4533 1174 4620 pellerentur,
1198 4535 1233 4598 in
1249 4534 1339 4599 silvis
1363 4545 1395 4599 et
1418 4533 1612 4600 suburbanis
1635 4535 1748 4621 agellis
1773 4535 2007 4622 cohabitantes,
2027 4538 2082 4604 ubi

433 4665 499 4724 eos,
524 4640 641 4728 quibus
665 4641 758 4707 Deus
788 4642 969 4727 inspiravit,
998 4640 1112 4705 fideles
1142 4663 1181 4706 ac
1209 4651 1356 4728 potentes
1380 4641 1512 4728 quidam
1536 4644 1635 4714 tutati,
1654 4653 1738 4724 sunt,
1763 4666 1803 4708 ea
1826 4655 1985 4730 ceperunt
2008 4667 2082 4710 cen-

432 4749 624 4814 versotionis
647 4770 763 4812 norma
777 4747 908 4833 degere,
925 4770 1022 4834 quam
1040 4746 1179 4830 Christe,
1203 4770 1341 4834 proquo
1366 4759 1398 4813 et
1420 4750 1679 4834 persecutionem
1703 4749 1916 4832 sustinebant,
1940 4753 2083 4817 maxime

541 4947 568 5011 a)
589 4951 713 5001 refloruit
731 4955 796 5000 tune
815 4950 944 5014 temporis
965 4955 992 5000 et
1010 4948 1136 5015 palmites
1152 4965 1223 5014 perp.
1242 4947 1312 4999 Anu.
1331 4949 1469 5000 Reieliersb.
1541 4947 1570 5012 b)
1592 4949 1761 5001 sanctoribus
1779 4969 1799 5001 c.
2101 4965 2127 5004 to

544 5111 572 5184 1)
598 5113 686 5170 Falso
692 5135 703 5182 ;
721 5131 833 5188 pugna,
857 5131 914 5188 qua
933 5112 1079 5184 liudolfus
1101 5111 1207 5182 cecidit,
1231 5113 1313 5187 apud
1326 5111 1469 5169 Elateraoi
1486 5113 1521 5188 fl.
1547 5113 1576 5170 iu
1599 5115 1658 5170 bico
1673 5113 1915 5172 Helen-Mosen
1940 5118 2086 5174 commissa

435 5230 482 5278 ost.
574 5219 604 5290 2)
631 5219 811 5289 Falsissimc;
841 5218 984 5288 α.1088,
1012 5219 1088 5294 Sept.
1114 5219 1165 5275 28.
1198 5218 1363 5291 interfectus
1393 5228 1448 5288 est;
1479 5220 1519 5291 cf.
1545 5217 1731 5290 Giesebredu,
1757 5219 1806 5277 ¹1).
1825 5221 2002 5280 Kasserseit'
2027 5223 2083 5294 III,

429 5347 463 5402 ρ.
482 5326 556 5382 626.
649 5327 679 5394 3)
705 5326 828 5382 Salerni.
921 5323 951 5394 4)
978 5323 1027 5398 Cf.
1053 5325 1198 5396 Kdluclce,
1223 5325 1347 5383 ‘Wibert
1367 5346 1392 5383 v.
1417 5326 1573 5384 Rauenaa’
1591 5346 1625 5401 ρ.
1644 5326 1695 5384 75.
1788 5324 1819 5402 5)
1842 5327 1881 5386 Id
1901 5337 1941 5386 ast
1968 5330 2085 5405 epuuuu

436 5433 651 5505 cruciferorum,
675 5431 767 5504 Juffc',
795 5430 869 5487 Bibl.
900 5450 958 5487 rer.
982 5429 1079 5489 Oeen.
1103 5433 1135 5502 V,
1161 5451 1194 5507 ρ.
1214 5431 1404 5502 lto-180,
1434 5441 1465 5488 ut
1494 5431 1533 5489 E.
1560 5432 1745 5491 Mrlblhaclser
1774 5429 1917 5508 (Gerbolti
1940 5433 2014 5512 opp.
2040 5439 2083 5495 ed.

437 5539 661 5616 Scheibelberqer
683 5537 723 5608 II,
744 5558 776 5613 ρ.
795 5532 871 5613 381)
901 5547 1001 5595 uwuet.
1116 5537 1146 5609 6)
1170 5538 1239 5596 Vide
1260 5538 1405 5614 sequeutia
1434 5537 1520 5597 cerba
1549 5539 1579 5596 in
1602 5540 1677 5597 Anu.
1701 5540 1914 5619 Raicbersberp.
1939 5542 2128 5614 a.1098,n

432 5667 465 5722 ρ.
483 5645 563 5703 45οι
587 5647 620 5700 In
644 5647 696 5700 hae
720 5646 781 5717 ipsa
804 5647 919 5701 civitate
936 5645 1097 5702 Antiochia.
1171 5643 1201 5716 ⁸1)
1228 5643 1314 5709 Quod
1327 5646 1440 5718 falsum
1465 5665 1523 5702 esse
1547 5645 1731 5719 Slurrnbbfel,
1749 5645 1877 5706 ί(ΙενΙιοΙι
1892 5669 1918 5706 o.
1936 5649 2085 5708 Reiciers·

437 5753 515 5829 berq'
541 5745 658 5828 (Propr.
683 5752 710 5807 d.
735 5751 948 5808 Tbomussclsule
970 5752 999 5809 iu
1024 5751 1140 5828 Leipzig
1166 5745 1264 5830 1888)
1283 5772 1316 5828 ρ.
1335 5751 1363 5808 5.
1387 5753 1514 5809 ostendit.
