4426 6398
938 379 940 384 '
975 371 1210 430 TaAcTATUs
1234 369 1524 428 EBORACENSES.
1555 369 1607 426 111.

1249 674 1317 749 111.

724 813 990 891 APOLOGIA
1015 809 1409 888 ARCHIEPISCOPI
1436 807 1847 885 ROTOMAGENSIS.

565 955 680 1019 Paullo
704 968 870 1040 antequam
893 951 1070 1030 Wilbelrno,
1101 951 1211 1015 abbati
1235 949 1435 1026 Cadomcnsi,
1463 948 1552 1013 sedes
1574 948 1813 1036 Rotomaqensis
1837 949 1974 1026 obvenit,
1999 946 2111 1034 Greqo·

458 1065 528 1127 rius
552 1060 623 1124 VII.
650 1061 888 1148 archiepiscopo
906 1058 1118 1146 Luqdunensi
1131 1059 1310 1144 primatum
1333 1054 1582 1143 Rotomaqensis,
1606 1053 1804 1134 Senorunsss,
1826 1053 2024 1118 Turonensis
2038 1077 2112 1140 pro·

459 1171 647 1247 cincio-rum,
672 1181 705 1232 ut
728 1167 899 1254 diplomate
922 1165 1102 1230 adulterino
1126 1165 1250 1228 innism
1272 1163 1387 1241 aiebat,
1411 1164 1577 1242 restituit²,
1601 1186 1635 1226 re
1662 1185 1736 1226 uera
1752 1163 1913 1249 primitus
1936 1163 2138 1240 concessit²,s

459 1301 496 1340 ea
519 1277 672 1338 nimirum
696 1272 734 1338 de
758 1297 865 1353 causa,
889 1285 922 1336 ut
946 1271 1195 1336 iurisdictionem
1213 1269 1390 1334 Romanam
1414 1272 1448 1334 in
1471 1270 1522 1334 lits
1530 1271 1713 1356 waranciis
1736 1270 1941 1356 confirmaret
1963 1281 1992 1332 et
2014 1291 2113 1332 corro-

460 1385 591 1448 bora-ret.
645 1379 709 1445 Cui
736 1381 932 1444 concessioni
957 1403 1025 1442 curn
1055 1377 1211 1442 Rioberus
1236 1375 1434 1456 Senonensis,
1464 1390 1526 1441 tum
1550 1376 1735 1440 Wilbelmus
1758 1374 2002 1463 Rotomaqensis
2032 1375 2114 1440 vele-

459 1503 574 1554 meuter
593 1499 852 1574 repuqnacerunt.
890 1484 1075 1550 Willtelmus
1098 1486 1207 1571 iqitur,
1232 1483 1324 1548 sealde
1348 1485 1414 1548 iam
1437 1506 1471 1548 eo
1494 1484 1696 1548 enacmbatus
1705 1486 1727 1562 ³,
1751 1481 1839 1568 qaod
1855 1482 2035 1568 Greqorius
2057 1483 2114 1546 ali·

459 1594 613 1681 quamdiu
637 1617 705 1658 eum
725 1594 911 1680 confirmare
928 1592 1136 1671 dubitaverat,
1160 1591 1339 1677 etpallium
1348 1605 1455 1676 petere
1470 1603 1499 1654 et
1513 1589 1658 1670 Romam,
1679 1603 1713 1654 ut
1729 1589 1906 1677 Greqorius
1924 1589 2115 1676 postulabat,

453 1702 626 1788 proficisci
646 1714 674 1764 ct
695 1699 827 1788 synodis
849 1724 869 1762 a
894 1700 992 1786 leqato
1016 1699 1187 1784 apostolico
1218 1699 1252 1762 iu
1276 1698 1411 1784 confinio
1435 1696 1587 1762 dioeceses
1616 1698 1780 1762 celebrates
1809 1721 1878 1760 curn
1901 1697 2117 1782 suffraqaneis
2133 1723 2154 1760 a

461 1811 606 1872 interesse
637 1807 779 1894 neqleait.
826 1805 999 1892 Propterea
1029 1829 1099 1870 uere
1129 1829 1158 1868 a.
1178 1804 1273 1867 1081.
1302 1829 1322 1868 a
1338 1828 1432 1891 papa
1462 1804 1595 1890 epistola
1625 1804 1808 1890 opprobriis
1833 1802 1934 1888 plena
1964 1804 2116 1866 acerrime

461 1916 630 2002 castiqatus
654 1927 691 1994 et,
717 1913 813 1978 donec
837 1911 956 1976 Rornae
984 1935 1090 1976 coram
1120 1913 1190 1997 ipm
1213 1911 1464 1998 satifactionem
1488 1910 1677 1998 condtqnam
1692 1910 1918 1996 praestitisset,
1942 1910 1982 1973 ab
2007 1910 2117 1996 officio

460 2045 628 2106 suspensus
652 2023 724 2084 est⁴.
2165 2012 2167 2016 ’

569 2126 655 2204 Quae
668 2127 801 2215 epistola
813 2128 939 2192 auctori
947 2140 1052 2190 metro
1064 2128 1124 2212 qui
1137 2139 1208 2189 tunc
1219 2125 1368 2190 ecclesiae
1384 2125 1504 2189 maiori
1511 2123 1736 2211 Rotomaqensi
1744 2125 1903 2210 ascriptus
1916 2135 1995 2201 erat,
2007 2146 2118 2187 amam

454 2235 643 2320 praebuisse
667 2233 802 2314 uidetur,
825 2246 859 2298 ut
875 2257 940 2320 pro
963 2232 1128 2298 Wilbelmo
1151 2233 1378 2319 apoloqeticum
1401 2231 1446 2296 acl
1463 2254 1585 2316 papam
1609 2253 1792 2316 responsum
1814 2230 2036 2308 conscriberet,
2059 2253 2117 2292 non
2137 2256 2159 2294 11

461 2341 637 2404 minoribus
661 2341 844 2428 opprobriis
866 2341 1092 2426 acerrimisque
1115 2338 1279 2403 Romanae
1302 2339 1450 2402 ccclesiae
1473 2339 1637 2402 invectivis
1656 2338 1797 2422 plenum,
1821 2337 1933 2422 quales
1957 2360 2055 2422 usqne
2077 2336 2121 2400 ad

461 2447 612 2512 Marsilii
623 2446 778 2512 Paduani
798 2460 826 2511 ct
841 2444 995 2510 lobannis
1013 2445 1136 2533 Wiclefi
1158 2459 1287 2510 usurum
1310 2446 1401 2510 curia
1424 2468 1584 2530 nunquam
1607 2444 1741 2509 audivit.
1778 2441 1844 2508 Sed
1860 2443 2020 2530 Greqorio
2043 2445 2118 2530 rpm',

462 2579 551 2640 quern
575 2567 683 2618 auctor
706 2553 900 2641 aqqreditur,
925 2554 1051 2618 bebelius
1069 2555 1124 2618 iste
1140 2554 1197 2617 111
1211 2553 1354 2617 innotuit.
1393 2551 1591 2636 Quamquam
1606 2553 1688 2616 enirn
1705 2573 1766 2638 qno
1782 2564 1920 2636 ternpore
1934 2550 2119 2616 Willtelmus

462 2685 530 2724 curn
555 2663 647 2724 curia
669 2685 701 2724 se
724 2661 989 2739 reconciliaverit,
1020 2683 1083 2724 non
1113 2659 1264 2724 traditum
1293 2673 1337 2723 est
1361 2658 1577 2746 Greqorioque
1603 2659 1675 2723 vico
1691 2659 1835 2744 fortasse
1859 2657 2119 2744 archiepiscopus

461 2768 712 2855 satisfactionem
733 2767 876 2832 eaebs'bere
899 2767 1045 2854 neqlenit,
1069 2780 1170 2832 tamen
1193 2789 1253 2830 non
1275 2765 1393 2846 dubito,
1417 2767 1494 2852 quin
1518 2765 1579 2830 tale
1602 2767 1777 2830 conuicium
1795 2789 1905 2852 papae
1921 2766 2041 2854 faeere
2065 2765 2119 2830 ilie
2136 2791 2161 2828 ao

461 2898 621 2960 nunquam
644 2897 741 2938 ausus
762 2876 812 2938 sit.
951 2885 952 2890 ’
1360 2871 1362 2878 ’

365 3113 443 3162 ’111
571 3085 813 3172 'Interrogetur
841 3086 1007 3150 Romanus
1036 3086 1199 3174 pontifex,
1231 3084 1349 3174 quibus
1385 3087 1426 3152 de
1457 3088 1563 3152 causis
1596 3085 1805 3176 reprehendit
1834 3096 1868 3150 et
1897 3084 2119 3171 condempnat

462 3192 758 3278 Rothomagensem
789 3192 1081 3280 archiepiscopum.
1129 3191 1165 3258 Si
1194 3193 1415 3280 responderit:
1448 3193 1489 3258 de
1519 3192 1719 3274 infidelitate,
1748 3190 1789 3257 de
1817 3191 2054 3274 inobedientia,
2078 3189 2118 3256 da

463 3309 651 3385 contemptu
674 3298 797 3364 ordinis
821 3301 881 3383 sui,
906 3309 995 3364 recte
1019 3299 1054 3364 id
1077 3322 1120 3364 an
1142 3322 1314 3388 perperam
1337 3301 1448 3384 faciat,
1471 3302 1542 3388 ipse
1565 3299 1695 3365 viderit.
1737 3299 1806 3364 Nos
1829 3309 1938 3364 autem
1962 3321 2024 3386 pro
2048 3299 2118 3385 ipso

461 3405 701 3492 apologeticum
734 3405 892 3471 faciamus
923 3429 1125 3494 responsum.
1172 3407 1216 3472 Et
1243 3409 1350 3493 prima
1379 3407 1420 3473 de
1449 3406 1641 3472 infidelitate
1671 3417 1786 3472 sonet*
1816 3417 1929 3471 nostra
1959 3405 2118 3470 defensio.
2137 3428 2162 3467 11

461 3513 620 3577 Dicamus
645 3535 742 3598 ergo:
769 3513 931 3594 Quoniam
955 3513 983 3578 si
1006 3536 1084 3578 vere
1109 3513 1287 3579 catholicus
1312 3525 1370 3596 est,
1395 3515 1423 3578 si
1446 3513 1626 3598 orthodoxe
1650 3513 1737 3596 fidei,
1762 3513 1789 3578 si
1804 3535 1902 3578 verus
1918 3511 1985 3577 Dei
2002 3511 2117 3594 cultor,

462 3620 488 3682 si
512 3642 617 3684 verax
647 3620 681 3684 in
705 3619 853 3685 doctrina
875 3619 1119 3707 predicationis,
1150 3643 1215 3685 non
1239 3631 1289 3686 est
1311 3620 1462 3685 infidelis.
1509 3619 1575 3686 Sed
1598 3621 1678 3706 quin
1701 3619 1774 3684 talis
1797 3621 1847 3702 sit,
1879 3618 1988 3684 nullus
2010 3629 2120 3706 potest

461 3726 531 3790 iure
555 3726 704 3790 inficiari.
744 3726 817 3792 Non
841 3737 890 3792 est
912 3728 1013 3813 igitur
1035 3726 1176 3792 infidelis
1200 3750 1239 3792 ac
1263 3749 1322 3814 per
1345 3727 1406 3792 hoc
1431 3727 1471 3792 de
1495 3726 1686 3792 infidelitate
1709 3749 1774 3791 non
1797 3725 1896 3792 debet
1918 3727 2026 3812 argui.
2065 3727 2118 3792 De

462 3831 684 3897 inobedientia
714 3841 833 3915 autem,
865 3833 945 3920 quid
975 3844 1025 3899 est
1055 3833 1240 3921 quodsum
1270 3833 1463 3920 redarguit?
1509 3833 1619 3915 Dicat,
1650 3834 1684 3897 in
1707 3855 1781 3919 quo,
1805 3842 1838 3897 et
1861 3833 1915 3897 cui
1939 3833 1982 3897 sit
2004 3821 2118 3898 inobe-

462 3938 587 4003 diensb.
634 3940 719 4003 Nam
750 3941 784 4004 in
808 3939 957 4006 omnibus
988 3952 1058 4006 111ο
1083 3939 1239 4006 obediens
1261 3941 1335 4006 Deo
1367 3951 1400 4006 et
1429 3940 1605 4030 christiane
1635 3939 1700 4026 legi
1730 3949 1763 4005 et
1792 3939 2015 4025 apostolorum
2045 3963 2118 4028 pre-
2138 3965 2165 4002 so

462 4046 576 4132 ceptis,
601 4057 757 4132 quantum
781 4046 923 4112 humana
945 4048 1022 4112 sinit
1045 4048 1225 4130 infirmitas,
1250 4059 1283 4112 et
1306 4050 1339 4112 in
1362 4047 1450 4114 nullo
1474 4049 1521 4112 eis
1545 4047 1737 4133 refragatur.
1772 4045 1840 4111 Sed
1862 4047 1946 4112 forte
1971 4046 2118 4112 dictemus

463 4162 527 4216 est:
553 4152 712 4242 ‘Sancted
729 4153 876 4242 Romane
900 4153 1038 4240 ecclesie
1063 4164 1096 4219 et
1118 4153 1197 4218 mihi
1220 4177 1260 4218 ae
1276 4155 1408 4219 vicariis
1431 4156 1549 4219 nostris
1568 4165 1618 4218 est
1639 4151 1841 4234 inobediens,
1865 4154 1944 4240 quia
1966 4177 2033 4218 non
2049 4153 2120 4218 vult

461 4258 556 4324 nobis
577 4282 649 4324 esse
673 4259 860 4325 subiectus’.
896 4260 949 4325 Ad
969 4260 1057 4347 quod
1079 4260 1330 4348 respondemus:
1356 4261 1443 4342 Quia
1465 4283 1531 4325 non
1546 4259 1650 4326 solum
1665 4259 1811 4348 Romane
1835 4259 1985 4348 ecclesie,
2001 4282 2119 4324 vertum

462 4365 561 4430 etiam
576 4367 754 4432 universali
771 4366 909 4458 ecclesie
933 4366 1098 4433 subiectus
1122 4379 1181 4452 est,
1204 4378 1316 4456 utpote
1340 4367 1435 4450 filins,
1459 4368 1556 4432 immo
1580 4389 1694 4432 servus
1718 4389 1886 4432 servorum
1901 4367 1978 4449 Dei,
2000 4378 2034 4432 et
2052 4390 2119 4432 non

463 4471 566 4536 solum
595 4473 743 4538 Romano
773 4474 936 4562 pontifici,
967 4474 1026 4540 sed
1057 4476 1155 4540 etiam
1179 4476 1266 4540 omni
1296 4475 1437 4562 humane
1468 4483 1617 4562 creature
1641 4472 1827 4538 seeundum
1855 4473 1945 4546 Petri
1976 4473 2118 4560 apostoli
2137 4495 2165 4534 11

462 4577 643 4644 doctrinam
674 4577 839 4645 subiectus
870 4591 919 4646 est
948 4592 1081 4669 propter
1109 4581 1228 4647 Deum.
1274 4582 1413 4668 Propter
1440 4581 1558 4662 Deum,
1589 4582 1732 4668 inquam,
1764 4577 1929 4645 subiectus
1960 4590 2020 4662 est,
2052 4603 2118 4645 non

461 4695 596 4778 propter
619 4685 793 4751 hominem.
828 4687 872 4752 Et
895 4688 1075 4753 seeundum
1091 4688 1226 4754 Domini
1248 4689 1421 4775 imperium
1445 4697 1477 4752 et
1499 4687 1705 4754 traditionem
1730 4686 1952 4773 apostolicam,
1977 4709 2044 4752 non
2069 4709 2118 4752 sc·

463 4791 605 4856 cundum
636 4794 784 4879 spiritum
812 4793 907 4858 huius
931 4795 1045 4860 mundi
1069 4805 1101 4860 et
1124 4795 1263 4860 hominis
1287 4795 1518 4861 extollentiam.
1566 4795 1739 4862 subiectus
1769 4805 1819 4858 est
1848 4795 1920 4880 pari
1949 4795 2059 4858 forma
2087 4804 2120 4859 et

463 4896 574 4961 ordine
599 4898 706 4982 simili,
732 4922 795 4985 quo
820 4899 1129 4989 apostoli,quoru1n
1153 4903 1225 4966 viee
1254 4903 1410 4988 fungitur,
1435 4913 1467 4967 et
1490 4925 1627 4990 quorum
1656 4902 1762 4967 locum
1792 4911 1882 4966 tenet
1904 4911 1937 4965 et
1961 4900 2119 4982 officium,

568 5114 595 5179 a)
617 5099 695 5167 sinet
712 5134 733 5168 c.
806 5115 835 5179 b)
857 5119 1018 5170 inobediens
1037 5136 1057 5170 c.
1125 5115 1151 5178 e)
1171 5129 1309 5188 septantam
1326 5121 1393 5171 duae
1411 5121 1507 5171 litterae
1525 5137 1618 5171 ermae.
1684 5117 1712 5182 d)
1735 5115 2118 5186 Sancta-res[pondemus]
2139 5129 2166 5166 ⁴⁰

462 5205 478 5255 l.
492 5206 534 5254 33.
553 5205 620 5255 linea
638 5203 716 5256 rubra
732 5205 883 5272 adaptata.

465 5457 466 5460 ,
573 5401 601 5472 1)
634 5403 726 5478 Epist.
758 5407 799 5461 ad
828 5403 984 5462 Gebuinum
1015 5407 1108 5483 Luqd.
1140 5427 1167 5464 a.
1188 5407 1281 5464 1079.
1306 5409 1380 5485 Apr.
1400 5409 1450 5464 19.
1475 5410 1554 5479 data,
1584 5408 1678 5481 Jaffl',
1705 5408 1779 5466 Bibl.
1803 5409 1844 5478 II,
1871 5429 1904 5484 p.
1930 5409 2014 5476 3715
2047 5410 2120 5486 ch.

462 5530 507 5567 nr.
526 5507 623 5565 5125.
716 5511 746 5580 2)
773 5511 813 5568 W.
833 5509 999 5582 Gundlacb,
1024 5513 1098 5569 ‘Der
1122 5513 1210 5570 Struit
1232 5516 1283 5571 der
1305 5515 1468 5573 Bistbr'imer
1491 5516 1574 5573 Arles
1596 5517 1658 5572 urul
1677 5515 1799 5572 Vienns’
1830 5510 1898 5590 (‘N.
1922 5514 2024 5573 Arcb!
2050 5517 2085 5572 II
2090 5517 2121 5582 V,

457 5611 852 5694 21›.260‘—264)3)
879 5617 976 5693 Supra
994 5639 1027 5694 p.
1047 5618 1120 5677 649.
1213 5620 1244 5692 4)
1271 5620 1358 5699 Grcq.
1376 5622 1500 5700 Reqistr.
1519 5621 1601 5692 VIII,
1627 5621 1686 5691 24;
1709 5621 1802 5695 Jaffe',
1827 5621 1900 5679 Bibl.
1918 5621 1959 5691 II,
1979 5622 2043 5678 469
2061 5643 2123 5701 sq.,·

462 5723 532 5798 Iieq.
557 5744 603 5779 nr.
622 5723 717 5780 5204.
2140 5741 2168 5782 ts
