4410 6406
457 375 521 437 278
749 379 928 436 GERHOHI
951 377 1184 434 PRAEPOSITI
1207 377 1614 433 REICHERSBERGENSIS
1637 377 1803 433 LIBELLI.

456 569 574 633 stincta
597 578 647 632 cst
669 569 703 631 in
720 589 758 631 eo
781 565 943 630 militandi
966 564 1079 652 regula
1095 563 1251 629 militibus
1268 563 1389 629 Ohristi
1406 565 1567 651 episcopis
1591 575 1624 628 et
1648 561 1872 628 sacerdotibus
1897 571 1930 626 et
1953 559 2102 626 militibus

456 674 567 757 seculi,
591 674 648 740 ubi
672 673 807 738 dicitur:
835 674 981 752 Quodsi
1002 674 1104 738 seculi
1123 674 1240 738 milites
1262 674 1403 738 miliciae
1426 671 1557 752 studeat,
1586 672 1668 758 quid
1688 671 1734 736 od
1755 673 1919 758 episcopos
1942 684 1971 734 ct
1993 670 2103 734 milites

460 781 588 862 Christi,
619 784 687 846 ursi
715 795 748 846 ut
776 795 885 846 uacent
914 781 1133 846 mationibus?
1178 779 1267 843 Ecce
1292 801 1356 865 qua
1380 779 1538 860 concisus,
1563 800 1628 865 qua
1651 777 1821 842 distinctus
1852 775 1953 840 tubae
1985 776 2104 839 sonitus

456 886 658 973 distinguens
682 888 798 952 milites
824 909 843 950 a
867 885 1032 969 militibus,
1057 885 1231 950 militantes
1255 885 1329 949 Deo
1353 907 1373 948 a
1395 884 1608 950 militantibus
1631 883 1762 949 mundo.
1810 883 1846 948 si
1869 905 1936 947 non
1959 883 2104 946 timerem

455 993 641 1058 fastidiosus
671 994 742 1058 fieri
772 1004 849 1058 nota
878 992 1078 1080 replicando,
1110 1003 1257 1078 poteram
1288 991 1394 1057 adhuc
1425 991 1525 1056 multa
1555 990 1760 1056 introducere
1790 991 1913 1055 concisi
1945 989 2133 1074 clangoriss

455 1101 648 1183 testimonia,
672 1099 827 1165 miliciam
843 1100 909 1163 Dei
933 1122 952 1164 a
975 1097 1222 1163 milicia-seculi
1246 1097 1489 1184 distinguentia.
1530 1097 1596 1164 Sed
1612 1100 1690 1185 quia
1712 1097 1753 1162 de
1777 1119 1865 1184 papa
1880 1095 2019 1161 Nicolao
2039 1105 2106 1158 tan·

455 1229 552 1294 quam
576 1207 616 1272 de
640 1206 784 1294 legitimo
807 1205 951 1271 tubicine
974 1205 1064 1292 loqui
1085 1207 1189 1292 coepi,
1214 1205 1354 1270 sufficiat
1376 1206 1411 1269 in
1434 1207 1537 1292 ipsius
1561 1203 1778 1270 decretalibus
1802 1203 1974 1268 dumtaxat
1998 1224 2106 1266 exem-

455 1314 559 1401 plaria
582 1313 704 1378 concisi
729 1312 890 1399 clangoris
915 1311 957 1376 ad
981 1321 1088 1376 castra
1110 1312 1273 1377 movenda
1297 1313 1388 1398 queri
1412 1323 1444 1376 et
1466 1313 1595 1394 intueri,
1620 1333 1683 1398 que
1707 1310 1776 1376 sola
1800 1309 2008 1375 satisfaciunt
2031 1331 2106 1395 que-

456 1421 551 1485 stioni
574 1421 727 1506 presenti.
767 1420 863 1484 Dixit
885 1420 972 1484 enim
995 1420 1080 1482 inter
1095 1430 1206 1484 cetera
1227 1429 1372 1484 tractans
1395 1418 1436 1484 de
1461 1418 1597 1505 spiritali
1621 1429 1653 1484 et
1676 1418 1814 1482 seculari
1837 1416 2000 1482 milicia1:
2030 1416 2106 1480 Cam

455 1529 501 1592 ad
523 1551 628 1592 oerum
652 1542 772 1592 ventum
797 1542 841 1591 eat
870 1527 999 1592 etsndcm
1027 1551 1128 1614 reqem
1152 1541 1181 1591 et
1201 1527 1391 1592 sacerdotem
1416 1529 1499 1592 ultra
1522 1529 1589 1592 sibi
1609 1551 1663 1590 rsec
1686 1528 1858 1613 imperator
1882 1528 1956 1590 iura
1975 1525 2105 1611 pontefi-
2124 1549 2146 1586 ro
2164 1555 2203 1591 cr

456 1649 542 1699 cattus
565 1637 707 1720 arripuit
728 1659 783 1698 aaa
799 1634 953 1722 pontific
974 1657 1084 1698 acmen
1108 1637 1346 1720 imperatorium
1370 1637 1545 1720 usurpauit,
1576 1636 1724 1719 quoniam
1755 1632 1838 1698 idem
1863 1632 2021 1696 mediator
2044 1630 2109 1695 Dei

456 1755 484 1807 et
506 1743 664 1806 bominum
689 1742 778 1806 bomo
795 1740 938 1804 Obsistus
954 1739 1043 1804 Iesus
1065 1743 1112 1805 sic
1135 1741 1255 1804 actibus
1264 1743 1416 1826 propriis
1438 1755 1466 1805 et
1488 1740 1695 1828 dipuitatibus
1719 1739 1876 1804 dibh'uctis
1892 1739 2007 1827 afficta
2018 1752 2105 1824 pote·

455 1851 545 1912 smus
568 1851 729 1934 utriusque
746 1848 905 1929 discrevit,
923 1850 1063 1934 propria
1080 1848 1185 1912 coleres
1200 1847 1389 1912 medicinali
1409 1848 1584 1912 bumilitate
1598 1871 1723 1910 eorsum
1739 1847 1858 1932 efferri,
1882 1870 1945 1910 uon
1968 1846 2105 1908 bumana

455 1957 604 2042 superbia
634 1979 746 2018 rursus
775 1956 808 2018 in
840 1955 970 2043 inferno
1001 1953 1149 2040 demerpi,
1180 1968 1214 2018 ut
1236 1968 1264 2018 et
1285 1955 1457 2018 christiani
1477 1957 1682 2041 imperatores
1697 1977 1763 2040 pro
1786 1967 1891 2018 eterna
1914 1955 1981 2016 uita
1998 1954 2104 2038 panti·

448 2064 568 2149 chibus
597 2062 775 2150 indipcreut
803 2076 832 2126 et
848 2063 1016 2148 pontifices
1038 2085 1104 2147 pro
1134 2085 1228 2125 cursu
1258 2062 1477 2147 temporalium
1508 2061 1718 2126 tanmmmodo
1747 2085 1852 2152 rerum
1884 2059 2106 2146 imperialibus
2123 2081 2203 2128 ue

457 2171 577 2256 lepibus
599 2183 766 2248 uteremur,
790 2182 941 2254 quatenus
962 2169 1123 2255 spiritalis
1143 2171 1224 2233 actio
1248 2169 1432 2232 carnalibus
1448 2168 1580 2232 distaret
1602 2170 1636 2232 iu
1652 2168 1796 2232 cursibus
1818 2182 1847 2231 et
1868 2167 1940 2231 idea
1964 2166 2105 2230 militans

456 2275 525 2340 Deo
548 2279 677 2340 minime
699 2300 732 2340 se
757 2278 895 2364 nepociis
917 2275 1113 2339 secularibus
1136 2276 1317 2361 implicaret
1338 2299 1376 2338 ac
1399 2277 1540 2340 uicissim
1564 2297 1626 2339 nou
1649 2275 1704 2338 ille
1728 2275 1820 2338 rebus
1844 2274 1982 2338 ‘divinis
1997 2274 2104 2358 presi-

456 2382 528 2446 dere
552 2382 719 2447 oideretur.
756 2381 817 2445 His
841 2381 1004 2468 preceptis
1028 2379 1224 2445 salutaribus
1241 2392 1273 2446 et
1289 2380 1402 2445 divina
1416 2381 1618 2446 institutione
1634 2379 1825 2445 informatus
1840 2380 1948 2444 iunior
1963 2377 2103 2442 Karolus

453 2487 488 2551 id
512 2489 660 2552 sanxisse
684 2489 849 2553 invenitur
871 2489 905 2551 in
922 2487 987 2552 suis
1011 2486 1233 2572 imperialibus
1258 2487 1551 2570 constitutionibus,
1575 2497 1621 2570 ut,
1641 2484 1915 2574 quemadmodum
1939 2507 2039 2571 supra
2062 2507 2102 2547 ex

454 2603 545 2680 parte
569 2593 768 2658 ostendimus
779 2600 800 2676 ²,
825 2593 1001 2658 christiano
1025 2594 1184 2658 exercitui
1200 2616 1266 2658 non
1282 2593 1324 2658 ad
1340 2593 1429 2658 aliud
1452 2595 1603 2659 intersint
1626 2593 1689 2658 duo
1705 2593 1759 2658 vel
1780 2604 1847 2657 tres
1871 2593 2018 2678 episcopi
2041 2591 2103 2654 nisi
2119 2615 2145 2652 so

454 2711 587 2787 propter
609 2699 882 2783 benedictionem,
912 2700 1169 2786 predicationem
1199 2700 1374 2788 populique
1405 2701 1704 2765 reconciliationem
1727 2723 1765 2764 ao
1790 2709 1901 2764 cetera
1923 2698 2103 2784 spiritualis

453 2807 633 2871 ministeria
657 2806 860 2894 exequenda,
885 2805 1003 2893 quibus
1031 2805 1158 2892 indiget
1187 2806 1351 2894 expeditio
1382 2806 1550 2872 christiani
1580 2808 1753 2872 exercitus.
1800 2807 1874 2870 Hac
1897 2828 1939 2870 ne
1963 2815 2101 2892 putetur,

454 2911 541 3000 quod
565 2912 651 2978 idem
668 2913 819 2994 Karolus,
837 2934 900 2999 que
917 2912 1024 2999 gratia
1047 2913 1189 2999 exempli
1212 2912 1252 2978 de
1270 2913 1416 3000 pluribus
1440 2913 1572 3001 regibus
1596 2914 1782 2994 ascivimus,
1806 2923 1982 3000 propterea
2004 2911 2101 2976 facul·

453 3031 535 3084 tates
560 3018 793 3084 aecclesiarum
817 3019 1013 3102 diminuerit,
1039 3018 1125 3106 quod
1149 3021 1294 3107 episcopi
1317 3043 1338 3084 a
1359 3043 1446 3107 papa
1469 3020 1605 3085 Nicolao
1629 3022 1700 3106 ipso
1723 3022 1904 3106 imperante
1928 3020 1962 3083 in
1979 3019 2101 3084 exerci-

453 3136 522 3191 tum
551 3128 599 3191 ire
630 3125 827 3213 prohibitum
855 3125 926 3208 fuit,
951 3148 1017 3213 qua
1044 3125 1263 3212 prohibitione
1288 3138 1320 3192 et
1343 3129 1413 3214 ipse
1438 3127 1578 3192 Karolus
1602 3127 1807 3192 confirmavit
1835 3136 1868 3192 61
1898 3124 2100 3212 approbavit,
2118 3148 2141 3187 rs

453 3257 552 3298 unum
576 3234 646 3298 eius
671 3233 847 3320 capitulum
871 3243 1073 3315 annotamus,
1098 3255 1162 3320 quo
1186 3255 1296 3319 regem
1321 3233 1514 3299 catholicum
1543 3233 1583 3298 de
1606 3233 1669 3298 hac
1692 3234 1870 3320 suspitione
1894 3233 2024 3319 penitus
2048 3255 2100 3296 ex·

454 3347 642 3405 susumusl:
669 3340 847 3406 Saucoitum
868 3354 920 3422 est,
944 3341 1060 3427 inquit,
1086 3355 1119 3405 ut
1134 3343 1316 3428 presbyteri
1338 3344 1371 3406 iu
1395 3343 1534 3407 ecclesiis
1557 3344 1724 3422 constituti,
1748 3365 1810 3405 nou
1833 3341 1871 3405 de
1895 3341 2028 3406 (10611111
2050 3365 2101 3404 uec

454 3449 492 3513 de
506 3448 657 3536 fidelium
681 3449 891 3513 oblationibus
913 3448 1047 3533 ols’quod
1068 3450 1236 3512 servicium
1252 3448 1388 3536 fac-iant
1402 3463 1512 3535 preter
1535 3450 1786 3514 ecclesiasticum.

560 3553 596 3618 Si
620 3552 799 3619 secundum
821 3552 909 3617 istud
932 3553 1100 3640 imperiale
1119 3555 1299 3618 sanccitum
1315 3554 1356 3618 de
1372 3553 1516 3619 fidelium
1532 3552 1749 3619 oblationibus
1765 3576 1830 3618 non
1847 3565 1897 3618 est
1916 3551 2100 3618 faciendum

453 3661 627 3725 servicium
642 3661 705 3723 nisi
722 3660 979 3724 ecclesiasticum
994 3681 1056 3725 nec
1073 3661 1152 3746 ipsis
1168 3659 1378 3748 presbyteris,
1392 3673 1512 3748 quanto
1530 3662 1634 3726 minus
1650 3661 1684 3725 id
1697 3673 1746 3726 est
1762 3660 1960 3746 exigendum
1978 3659 2019 3725 ab
2036 3661 2101 3746 epi·
2119 3683 2143 3722 rs

454 3767 570 3853 scopis,
594 3766 859 3854 presbyterorum
875 3765 1085 3852 presbyteris,
1108 3777 1145 3830 ut
1167 3768 1230 3854 ipsi
1253 3767 1295 3832 de
1318 3767 1435 3833 oblatis
1455 3767 1497 3832 sd
1513 3767 1686 3833 ecclesiam
1701 3767 1824 3832 faciant
1840 3767 1985 3832 seculare
2003 3769 2102 3832 servi-

454 3874 539 3938 cium
555 3872 675 3938 divinis
692 3885 725 3938 et
742 3873 892 3937 humanis
913 3872 1040 3959 legibus
1056 3872 1271 3938 interdictum.
1307 3875 1399 3941 Dicit
1415 3875 1549 3962 aliquis:
1575 3874 1721 3940 ‘Solvant
1737 3897 1814 3960 ergo
1832 3875 1978 3961 episcopi
2002 3873 2100 3938 tribu-

453 3989 520 4044 tum
536 3981 629 4045 iuxta
643 3981 746 4066 ipsius
759 3977 881 4044 Christi
894 3979 1089 4066 exemplum,
1104 3981 1159 4066 qui
1176 4003 1249 4045 cum
1264 4005 1330 4046 non
1346 3983 1417 4068 ipse
1433 3984 1467 4046 in
1480 3983 1618 4047 servicio
1636 3983 1757 4047 cesaris
1772 3980 1921 4046 laborare
1934 3981 2100 4046 decretum

453 4085 628 4170 habuisset,
647 4109 713 4151 non
728 4097 839 4151 tamen
853 4088 1018 4152 recusavit
1039 4086 1164 4151 solvere
1187 4087 1353 4172 tributum,
1378 4089 1420 4153 ad
1436 4090 1610 4154 servicium
1626 4091 1746 4155 cesaris
1767 4112 1827 4175 pro
1843 4099 2003 4154 terrarum
2018 4110 2100 4175 pace

452 4192 618 4257 militantis
631 4203 745 4257 contra
761 4193 869 4258 hostes
886 4192 1037 4280 publicae
1050 4193 1162 4280 pacis'.
1190 4195 1446 4282 Respondemus,
1463 4195 1516 4260 hic
1533 4197 1636 4282 primo
1652 4195 1731 4260 illud
1746 4194 2000 4276 adtendendum,
2013 4194 2100 4281 quod
2118 4216 2143 4256 ss

452 4323 516 4364 non
533 4323 576 4364 ex
592 4298 702 4364 debito
719 4298 866 4365 Christus
886 4299 1043 4364 tributum
1058 4300 1164 4383 solvit,
1181 4303 1259 4388 quia
1274 4324 1367 4388 reges
1384 4303 1528 4388 gentium
1544 4325 1610 4366 non
1626 4325 1646 4366 a
1660 4301 1736 4385 filio,
1761 4301 1818 4367 sed
1842 4301 1884 4366 ab
1901 4301 2016 4366 alienis
2032 4302 2099 4366 exi-

452 4419 532 4493 gunt
554 4406 720 4488 tributum,
744 4409 830 4472 sicut
851 4408 921 4494 ipse
939 4405 1087 4472 Christus
1110 4407 1261 4494 probavit
1284 4407 1419 4495 loquens
1443 4407 1485 4472 ad
1503 4409 1652 4492 Petrum3
1677 4409 1820 4474 secundo
1845 4419 1877 4473 et
1899 4408 1979 4474 illud
1998 4409 2099 4472 anim-

452 4513 580 4578 adverti
596 4515 758 4596 convenit,
775 4513 863 4600 quod
881 4537 946 4578 non
963 4514 1003 4579 de
1019 4514 1133 4579 loculis
1158 4514 1328 4598 ecclesiae,
1352 4538 1417 4579 non
1441 4514 1481 4579 de
1497 4514 1641 4579 fidelium
1657 4514 1829 4598 oblatione,
1854 4515 1912 4579 sed
1936 4515 1977 4579 de
2001 4515 2099 4578 maris

454 4620 633 4708 piscatione
657 4618 812 4684 tributum
829 4619 928 4702 dedit,
952 4621 1046 4708 quasi
1069 4619 1167 4686 rebus
1190 4623 1255 4686 iam
1278 4633 1355 4687 tunc
1378 4621 1566 4708 loqueretur
1589 4623 1766 4708 episcopis:
1792 4621 1999 4708 ‘Exemplum
2023 4620 2100 4686 dedi

452 4725 556 4808 vobis,
580 4735 616 4791 ut
639 4736 672 4790 et
694 4749 752 4790 vos
776 4726 823 4790 ita
845 4725 982 4809 faciatis,
1007 4728 1061 4791 cui
1084 4726 1238 4792 tributum
1261 4727 1428 4810 tributum,
1452 4729 1506 4792 oui
1528 4726 1685 4795 honorem
1700 4727 1865 4810 honorem,
1890 4729 1942 4792 cui
1958 4728 2101 4815 vectigal
2118 4750 2145 4788 aa

452 4831 594 4918 vectigal
616 4832 842 4919 persolvendo,
873 4833 931 4898 sed
954 4856 1020 4898 non
1043 4834 1084 4898 de
1107 4833 1252 4899 fidelium
1276 4834 1402 4917 oblatis,
1433 4857 1497 4900 non
1522 4835 1562 4900 de
1586 4834 1700 4899 loculis
1724 4835 1966 4917 aecclesiarum,
1991 4834 2050 4900 sed
2074 4836 2100 4898 si

453 4940 615 5004 exercetis
639 4938 750 5026 aliqua
773 4939 953 5004 secularem
977 4941 1149 5024 actionem,
1170 4941 1263 5007 verbi
1286 4943 1393 5026 gratia
1415 4951 1594 5006 mercatum
1617 4941 1784 5028 publicum
1806 4943 1840 5006 in
1863 4942 1933 5008 foro
1957 4940 2099 5028 publico,

454 5069 573 5134 equum
589 5044 642 5111 vel
658 5044 781 5133 aliquid
805 5045 892 5110 aliud
910 5047 1047 5112 emendo
1071 5049 1104 5111 in
1121 5071 1214 5112 usum
1231 5047 1498 5130 ecclesiasticum,
1523 5072 1587 5113 non
1608 5048 1777 5135 denegetis
1793 5048 2030 5113 thelonearium
2045 5050 2100 5113 tri·

452 5152 566 5217 butum
585 5151 786 5218 secularibus
810 5152 973 5217 iudicibus
990 5152 1146 5236 debitum,
1169 5155 1232 5218 nisi
1254 5155 1337 5219 forte
1362 5155 1403 5218 111
1426 5153 1468 5219 11)
1483 5155 1563 5241 ipsis
1587 5157 1757 5220 remissum
1773 5155 1826 5220 vel
1841 5155 2000 5220 ecclesiae
2025 5178 2099 5220 con-

453 5258 629 5324 donatum’.
665 5259 701 5325 si
718 5258 798 5346 quid
813 5261 898 5324 enim
915 5260 956 5324 (10
974 5259 1137 5347 regalibus
1153 5262 1356 5347 pertinentiis
1373 5261 1527 5326 donatum
1543 5273 1592 5326 est
1611 5262 1759 5326 ecclesiis
1783 5285 1804 5326 a
1826 5261 1957 5347 regibus
1981 5263 2044 5349 piis
2069 5272 2101 5327 et
2118 5285 2145 5324 ss

562 5513 591 5590 l)
616 5517 708 5592 Epist.
734 5517 763 5572 8.
788 5518 830 5574 ad
853 5516 1018 5573 Michaelcm
1041 5517 1118 5592 imp,
1151 5518 1251 5575 Mausi
1273 5519 1340 5588 XV,
1366 5521 1415 5575 cal.
1442 5518 1514 5575 214.
1641 5520 1671 5589 2)
1697 5520 1730 5576 P.
1749 5519 1822 5576 277.
1949 5519 1979 5589 3)
2006 5518 2099 5595 Capit

455 5623 591 5681 Ludauici
613 5625 637 5695 I,
661 5644 689 5680 a.
712 5623 786 5693 817,
811 5622 912 5692 6.10,·
943 5623 1047 5700 Aurea.
1072 5624 1095 5694 I,
1121 5645 1143 5681 6.
1170 5625 1210 5681 85
1219 5647 1229 5694 ;
1261 5626 1300 5697 cs.
1328 5624 1413 5684 Grai.
1440 5625 1471 5684 O.
1497 5627 1613 5696 XXIII,
1645 5647 1690 5703 qu.
1717 5627 1745 5695 8,
1778 5647 1801 5684 6.
1827 5627 1884 5684 25:
1917 5628 1959 5682 Ex
1983 5627 2100 5682 concilio

453 5732 663 5787 wormatiensi.
