4418 6412
430 411 494 474 346
722 416 901 472 GERHOHI
925 415 1158 472 PRAEPOSITI
1182 409 1591 470 RElCHERSBERGENSIS
1614 411 1781 466 LIBELLI,

430 607 614 692 imponunt;
638 625 745 690 neque
769 601 925 667 militibus
948 603 1042 667 novis
1066 599 1252 666 sacerdotes
1276 621 1387 665 ensem
1403 598 1550 664 tribuunt
1564 599 1618 663 vel
1635 620 1691 663 eos
1714 619 1793 662 ense
1817 599 2006 682 accingunt,
2030 595 2086 660 sed

251 731 411 784 sacoaras.
430 709 665 797 accipientibus
689 720 722 774 et
745 707 1010 796 precingentibus
1026 706 1235 790 benedicunt,
1259 706 1414 771 docentes
1438 729 1504 789 eos,
1529 705 1617 792 quod
1640 705 1690 768 sui
1713 714 1763 768 est
1786 703 1898 786 officii,
1922 703 2087 790 potcstati-

431 818 491 883 bus
522 815 764 882 sublimioribus
795 814 942 880 subditos
974 837 1045 880 esse
1076 813 1208 879 debere.
1255 813 1351 878 Unde
1382 823 1415 877 et
1445 811 1609 900 apostolus
1632 833 1727 897 reges
1751 821 1784 875 et
1807 810 1910 875 duces
1934 832 2002 874 non
2024 809 2090 872 Dei

429 925 481 990 vel
506 923 641 988 deorum
663 922 818 1009 —quod
846 921 982 1008 intelligi
1010 933 1120 1008 posset
1150 920 1355 986 sacerdotum
1385 960 1429 968 -
1460 919 1519 984 sed
1548 919 1714 983 bominum
1739 928 1924 982 creaturam
1948 915 2092 1003 appellat

290 1037 410 1132 bfflpb
430 1030 561 1096 dicens:
598 1030 739 1095 Subiecti
766 1045 856 1094 estote
886 1031 974 1094 oraui
1003 1031 1136 1094 humane
1166 1044 1307 1094 creature
1333 1043 1465 1115 propter
1496 1028 1605 1090 Deum.
1661 1025 1745 1090 Nam
1780 1024 1869 1112 quod
1905 1035 2121 1089 ercamrams

430 1136 574 1225 appellat
601 1136 775 1200 humanam
799 1135 969 1201 evidenter
992 1135 1155 1222 expressit
1177 1136 1329 1200 continuo
1354 1133 1571 1220 subiungens:
1601 1134 1676 1199 Siue
1699 1137 1770 1220 rapi
1790 1135 1888 1220 quasi
1900 1132 2097 1219 precellenti

333 1268 410 1318 ‘aaa
432 1248 511 1310 *sive
534 1245 666 1309 dtroibus
689 1259 838 1330 tunquam
861 1245 900 1308 ab
924 1267 958 1308 eo
981 1246 1089 1307 anissis
1118 1243 1163 1306 od
1185 1243 1357 1307 'caudicum
1385 1243 1637 1329 malefactorum,
1668 1241 1794 1304 lotidem
1825 1264 1897 1305 vero
1929 1241 2094 1304 bonorum.

430 1351 483 1415 Ex
507 1349 625 1437 quibus
647 1347 758 1415 verbis
782 1359 928 1436 apparet,
959 1371 1054 1434 reges
1085 1370 1124 1412 ac
1155 1346 1255 1412 duces
1286 1369 1345 1434 per
1368 1346 1573 1412 sacerdotum
1596 1345 1859 1411 benedictionem
1882 1368 1951 1409 non
1976 1345 2096 1424 creari,

431 1457 489 1522 sed
512 1479 554 1522 ex
579 1456 690 1521 divina
713 1455 915 1521 ordinatione
945 1478 1006 1542 per
1035 1455 1208 1520 humanam
1240 1455 1433 1519 electionem
1458 1465 1490 1518 et
1513 1452 1781 1518 acclamationem
1805 1453 1934 1534 creatis,
1960 1463 1997 1516 ut
2021 1473 2097 1537 pre-

431 1563 553 1628 dictum
584 1573 643 1645 est,
674 1562 860 1627 sacerdotes
890 1562 1024 1628 Domini
1054 1561 1263 1642 benedicunt,
1294 1572 1330 1626 ut
1360 1561 1518 1644 officium,
1550 1559 1592 1624 ad
1622 1558 1709 1646 quod
1740 1559 1853 1624 divina
1883 1559 2098 1624 ordinatione
2117 1583 2141 1620 ro

431 1671 588 1756 assumpti
619 1679 707 1751 sunt,
740 1668 934 1734 sacerdotali
965 1667 1194 1734 benedictione
1224 1679 1442 1754 prosequente
1474 1667 1704 1753 congruentius
1734 1677 1953 1752 exequantur.
2009 1664 2099 1730 Nam

432 1776 509 1841 dum
533 1799 567 1840 sc
592 1775 797 1841 sacerdotum
820 1774 970 1840 manibus
994 1777 1079 1862 regis
1104 1775 1320 1841 benedicendi
1344 1774 1523 1855 humiliant,
1555 1775 1625 1861 ipso
1656 1772 1846 1838 humilitatis
1877 1773 1997 1837 meritc
2023 1794 2099 1858 gra-

431 1885 520 1966 tiam,
545 1905 642 1969 quam
666 1883 720 1968 pie
744 1881 918 1968 postulant,
943 1905 1002 1968 per
1025 1881 1231 1946 sacerdotum
1254 1882 1328 1946 Deo
1352 1881 1551 1968 placentium
1575 1881 1737 1945 orationes
1761 1889 1993 1945 consecuntur.

360 2085 412 2137 (n).
775 2063 827 2124 39.
862 2059 1100 2124 Distinctio
1125 2059 1366 2125 sacerdocii
1389 2060 1549 2124 veteris
1573 2069 1613 2122 et
1635 2060 1742 2122 novi.

538 2186 605 2251 Aut
628 2187 656 2249 si
679 2183 773 2250 dabis
797 2183 1000 2249 sacerdotem
1023 2182 1253 2249 benedictione
1270 2184 1323 2248 vel
1338 2184 1490 2249 unctione
1515 2185 1619 2248 sancti
1643 2183 1704 2248 olei
1729 2205 1824 2269 reges
1847 2206 1907 2269 pro
1932 2206 1995 2247 sua
2020 2183 2100 2246 esti·
2120 2205 2145 2244 rs

259 2317 384 2368 sagano,
393 2318 413 2356 1.
433 2295 572 2358 matione
597 2302 771 2374 creantem,
796 2292 900 2379 qualis
930 2292 965 2355 in
988 2293 1092 2356 veteri
1122 2301 1316 2357 testamento
1340 2291 1449 2355 extitit
1472 2289 1614 2373 Samuel,
1639 2291 1696 2376 qui
1718 2289 1874 2354 lenticula
1896 2288 1963 2354 olei
1987 2291 2099 2376 primo

294 2424 367 2474 mre,
380 2423 413 2464 rs.
434 2400 574 2481 Saulem,
599 2397 718 2463 deinde
741 2399 838 2484 pleno
864 2422 966 2464 cornu
989 2399 1023 2463 in
1039 2421 1151 2485 regem
1174 2399 1269 2463 unxit
1284 2396 1407 2480 David,
1425 2397 1554 2462 Sadoch
1571 2419 1700 2484 quoque
1721 2395 1878 2461 'sacerdos
1903 2407 1937 2460 et
1960 2396 2100 2461 Nathan

254 2531 413 2581 assasse.
433 2505 591 2592 propheta
608 2505 813 2571 Salomonem
837 2505 957 2594 aliique
981 2505 1072 2588 alios,
1097 2528 1178 2592 quos
1202 2527 1393 2571 enumerare
1417 2525 1551 2569 necesse
1574 2513 1715 2587 nonest,
1737 2525 1936 2590 quamquam
1962 2503 2030 2567 alia
2056 2505 2100 2567 sit

254 2603 414 2704 „mim
433 2614 515 2676 ratio
539 2612 744 2676 sacerdotum
768 2613 887 2676 veteris
917 2613 1101 2676 testamenti
1132 2623 1229 2698 atque
1259 2611 1324 2676 alia
1355 2612 1430 2676 novi
1461 2650 1503 2661 -
1534 2633 1610 2675 nam
1633 2610 1695 2675 illis
1726 2611 1760 2674 in
1783 2609 1893 2696 gladio
1917 2622 2098 2696 percutere

434 2719 533 2801 licuit,
558 2717 645 2806 quod
667 2719 737 2782 istis
758 2719 899 2784 Domino
921 2729 1053 2782 vetante
1076 2718 1201 2783 licitum
1223 2741 1288 2784 non
1312 2729 1361 2783 est
1384 2741 1443 2782 -ε
1469 2717 1511 2782 da
1534 2729 1643 2782 tamen
1666 2717 1869 2782 sacerdotem
1894 2716 2098 2782 sacerdotali
2116 2740 2142 2778 so

433 2824 661 2890 bencdictione
678 2824 731 2889 vel
747 2827 899 2890 unctione
923 2847 1017 2910 reges
1042 2837 1208 2890 creantem
1231 2825 1352 2890 talem*
1375 2823 1537 2906 videlicet,
1561 2823 1649 2910 quod
1672 2825 1758 2888 inter
1773 2833 1883 2888 cetera
1907 2825 2098 2888 orationum

434 2942 467 2996 et
489 2930 753 2996 benedictionum
776 2931 878 2996 verba
900 2931 1057 2996 dicendo:
1082 2931 1216 3018 ‘Accipe
1240 2931 1384 3017 gladium
1409 2942 1566 3012 sanctum,
1591 2953 1707 2995 munus
1731 2953 1751 2994 a
1767 2931 1850 3012 Deo,
1875 2931 1908 2993 in
1934 2953 1999 3016 quo
2025 2930 2096 2995 dei-

435 3039 502 3102 cias
525 3037 731 3102 adversan‘os
755 3037 865 3124 populi
891 3039 953 3102 mei
977 3038 1105 3120 Israel’,
1134 3038 1186 3120 da,
1217 3040 1361 3124 inquam,
1392 3037 1491 3102 talem
1514 3036 1717 3101 sacerdotem
1740 3036 1971 3102 benedictione
1995 3059 2095 3123 reges

435 3168 476 3208 ex
500 3156 655 3231 precepto
680 3146 813 3210 Domini
837 3155 1001 3209 creantem
1025 3145 1077 3209 vel
1101 3157 1289 3227 mutantem,
1314 3144 1444 3232 qualem
1467 3155 1576 3209 tamen
1601 3166 1661 3230 ego
1685 3155 1927 3230 superterram
1954 3168 2021 3208 non
2045 3146 2094 3208 in-

435 3253 540 3332 venio,
565 3262 598 3315 ct
620 3252 732 3316 nescio
756 3275 797 3315 an
820 3253 854 3315 in
870 3273 953 3332 eum,
971 3252 1029 3337 qni
1045 3251 1203 3317 eiusmodi
1220 3263 1279 3334 est,
1297 3253 1471 3338 quicquam
1496 3252 1661 3315 sinistrum
1676 3249 1717 3314 de
1734 3252 1938 3336 respersione
1956 3251 2093 3316 humani
2112 3273 2139 3313 ss

435 3358 602 3444 sanguinis
626 3357 764 3423 debeam
788 3359 955 3444 suspicari,
980 3381 1176 3445 quamquam
1200 3359 1234 3422 in
1250 3359 1354 3422 veteri
1377 3369 1571 3423 testamento
1596 3359 1693 3422 etiam
1717 3357 1798 3422 tales
1822 3358 1988 3422 inveniam
2004 3359 2092 3423 occi·

435 3487 523 3529 sores
552 3464 716 3529 hominum
748 3465 817 3528 sine
841 3465 1002 3550 vituperio
1027 3464 1159 3551 quidem
1183 3465 1373 3551 appellatos.
1421 3465 1476 3530 Sic
1500 3487 1642 3551 namquo
1663 3466 1748 3529 inter
1771 3475 1880 3529 cetera
1904 3463 1947 3528 ad
1970 3465 2092 3552 Elyam

256 3596 414 3645 ananan.
434 3571 476 3635 de
499 3571 621 3656 Elyseo
645 3571 766 3636 dictum
791 3581 854 3635 est:
886 3573 930 3636 Et
952 3575 1012 3637 erit
1035 3576 1220 3659 quie-umque
1245 3573 1390 3660 pladiani
1408 3575 1537 3660 j'uqerit
1558 3572 1688 3652 Aaolrel,
1713 3573 1921 3637 occideteum
1946 3572 2040 3653 Ileu,
2065 3589 2093 3638 et

436 3682 494 3764 qui
513 3681 644 3766 fugerit
669 3679 814 3766 gladium
844 3679 936 3759 Ilico,
967 3679 1086 3744 occidet
1114 3705 1180 3744 erim
1212 3679 1355 3766 Elqseus.
1404 3677 1575 3758 Quomodo
1607 3681 1693 3742 enim
1723 3678 1784 3743 hoe
1815 3679 1983 3764 impletum
2014 3679 2089 3744 est?

435 3784 599 3848 Videlicet
622 3786 817 3871 quicumque
842 3784 881 3848 de
906 3784 1001 3848 domo
1021 3783 1138 3848 Achab
1161 3785 1244 3870 fugit
1267 3784 1412 3870 gladium
1428 3784 1563 3866 Azahel,
1588 3787 1644 3871 qul
1668 3785 1762 3872 Syrie
1786 3787 1938 3871 princeps
1963 3797 2034 3850 erat
2057 3799 2088 3850 et
2107 3809 2134 3848 ³0

435 3913 494 3955 rex
524 3891 650 3956 futurus
680 3893 744 3954 iam
769 3914 789 3954 a
811 3892 953 3956 Domino
984 3891 1134 3955 decretus
1165 3902 1244 3972 erat,
1273 3891 1394 3956 occidit
1423 3913 1496 3955 eum
1521 3891 1611 3973 lheu,
1640 3892 1762 3956 delevit
1790 3894 1877 3956 euim
1900 3893 2087 3957 universam

435 3997 566 4061 domum
590 3996 716 4062 Achab.
763 3997 845 4078 Quis
876 4008 984 4061 autem
1015 3997 1129 4084 effugit
1158 3995 1304 4083 gladium
1326 3998 1408 4062 lheu
1431 3999 1493 4061 nisi
1519 3997 1639 4084 Syria?
1686 3999 1811 4085 Nempe
1836 3999 1926 4081 Ihcu,
1959 4001 1986 4064 si
2016 4023 2086 4086 per·

435 4104 520 4169 fecte
550 4105 584 4168 in
607 4105 669 4168 viis
692 4105 826 4169 Domini
855 4103 1052 4169 ambulasset
1076 4114 1117 4186 et,
1149 4106 1233 4168 sicut
1256 4104 1379 4169 delevit
1401 4104 1482 4168 Baal
1506 4104 1546 4169 de
1570 4105 1682 4186 lsrael,
1712 4107 1758 4169 ita
1781 4116 1814 4169 et
1837 4105 1954 4170 vitulos
1979 4107 2087 4170 lhero-

434 4209 532 4275 boam
556 4211 781 4299 dereliquisset
804 4223 836 4276 et
859 4211 1043 4293 delevisset,
1075 4213 1159 4276 sicut
1187 4221 1392 4297 percusserat
1421 4210 1551 4276 domum
1574 4211 1700 4294 Achab,
1731 4213 1776 4276 ita
1800 4211 1929 4298 Syriam
1958 4235 2086 4300 quoque

435 4331 605 4402 percutere
636 4319 816 4382 meruisset.
863 4319 907 4383 At
934 4317 988 4382 ille
1012 4340 1032 4382 a
1055 4319 1199 4404 peccatis
1223 4318 1395 4382 lercboam
1425 4342 1490 4382 non
1514 4321 1650 4384 recessit
1673 4331 1705 4383 et
1735 4343 1794 4406 per
1824 4319 1885 4384 hoc
1910 4320 2132 4406 Si1·iagla·ss

293 4413 415 4508 “ffflssff’
437 4424 524 4488 dium
549 4425 618 4487 eius
643 4423 764 4508 effugit.
811 4425 976 4490 Percussit
1000 4447 1074 4489 eum
1098 4423 1259 4488 Heliseus.
1308 4423 1505 4505 Quomodo?
1551 4425 1642 4489 Infra
1666 4427 1821 4511 scriptum
1846 4437 1911 4490 est:
1939 4427 2088 4492 Heliseus

436 4533 595 4617 egrotabat
624 4534 656 4594 iu
690 4533 880 4616 infirmitate,
911 4557 973 4617 prro
1003 4547 1031 4596 et
1059 4547 1199 4596 ntortuus
1228 4546 1279 4594 est.
1328 4531 1556 4618 Desceuditque
1586 4534 1632 4597 ool
1660 4558 1728 4597 erana
1751 4532 1826 4597 Icus
1850 4559 1905 4598 res:
1927 4533 2034 4599 Israel
2062 4551 2089 4598 et

427 4639 529 4722 ,flebat
551 4661 656 4701 corone
680 4661 713 4701 eo
738 4637 936 4723 dicebatque:
966 4638 1072 4702 ‘Pater
1094 4642 1149 4719 uri,
1173 4653 1268 4725 poter
1298 4642 1352 4718 suti,
1384 4663 1496 4702 currus
1520 4639 1624 4704 Israel
1645 4654 1673 4704 et
1695 4643 1810 4727 urrrtpc
1838 4641 1928 4705 eius'.
1976 4641 2021 4706 E't
2043 4645 2089 4706 eit

437 4745 492 4808 illi
513 4745 678 4808 Heliseus:
707 4745 811 4830 ‘Affer
840 4769 949 4808 orcum
979 4760 1008 4809 et
1035 4746 1190 4832 sopittos'.
1243 4744 1380 4830 Craris-que
1410 4747 1563 4810 ottrdr'sset
1589 4773 1697 4810 urcruu
1721 4761 1749 4812 et
1770 4749 1901 4834 supittus
1931 4748 2017 4812 diro
2045 4748 2090 4812 ud

434 4875 536 4938 repent
560 4851 682 4914 Israel:
711 4850 806 4915 ‘Perre
836 4876 962 4916 rrrcrnum
992 4867 1076 4915 trium
1107 4877 1201 4938 srrper
1224 4852 1352 4916 orcrrru'.
1400 4852 1444 4916 Et
1471 4878 1539 4916 cunr
1556 4857 1717 4940 posuisset
1747 4855 1800 4918 ille
1830 4879 1956 4918 rnuuuru
1987 4880 2088 4934 sutura,
2105 4877 2132 4914 so

435 4959 635 5044 superposuit
664 4957 809 5021 Heliseus
847 4983 956 5022 neurius
985 4985 1060 5022 suus
1089 4960 1234 5022 breuibus
1264 4961 1348 5046 repis
1378 4973 1406 5023 et
1435 4961 1499 5023 uit:
1533 4960 1650 5046 ‘Aperi
1670 4961 1848 5047 fenestram
1879 4963 2086 5026 orientolern’.

440 5063 577 5149 Cretaque
600 5066 783 5149 oportuisset,
808 5063 892 5128 dr‘oit
914 5065 1081 5128 Heliseus:
1110 5065 1193 5129 ‘que
1216 5065 1386 5152 sopitturn'.
1434 5066 1478 5130 Et
1503 5069 1581 5130 iecit.
1630 5067 1674 5130 Et
1695 5070 1742 5131 ait
1764 5067 1930 5132 Heliseus:
1953 5067 2088 5154 ‘Sopitta

339 5193 417 5244 ‘aas
435 5170 548 5234 salu-tis
571 5170 708 5234 Doruirti
728 5185 755 5234 et
777 5173 891 5257 sopitto
921 5172 1034 5234 srrlutis
1065 5186 1171 5235 ‹rorrtru
1196 5171 1334 5258 Syrium.
1381 5172 1601 5259 Peroutiesque
1626 5173 1754 5262 Syriam
1780 5177 1812 5238 iu
1835 5175 1953 5262 Asculi,
1978 5176 2089 5239 *detrec

436 5300 599 5340 consuetos
629 5277 720 5340 eurrr’.
768 5277 812 5340 Et
841 5279 905 5340 eit:
935 5277 1037 5340 ‘Tolle
1067 5279 1237 5364 sopittaru’.
1289 5279 1355 5356 Qut·
1379 5305 1445 5342 curru
1478 5282 1599 5345 tulisset
1622 5307 1747 5344 rursum
1771 5281 1855 5346 dr'ait
1877 5284 1925 5346 ei:
1948 5281 2088 5346 ‘Pe-route
2106 5305 2132 5342 aa

436 5383 540 5447 ioculo
565 5397 688 5446 terrum.
736 5383 779 5446 Et
802 5408 871 5446 cum
888 5387 1097 5468 perussisset
1126 5386 1225 5448 tribuas
1258 5387 1376 5450 uicibus
1404 5402 1432 5450 et
1458 5390 1597 5467 stetisset,
1629 5391 1730 5451 iratus
1753 5403 1796 5452 est
1819 5391 1869 5452 uir
1893 5389 1960 5452 Dei
1980 5405 2087 5453 contro

436 5513 504 5552 cuer
528 5504 556 5554 et
578 5492 641 5554 ot't:
671 5488 723 5552 ‘Si
737 5492 949 5575 percussisses
972 5493 1139 5576 quinquies
1169 5506 1224 5555 ortt
1253 5495 1354 5556 semiss
1377 5508 1432 5557 u'rrt
1453 5496 1576 5580 septies,
1602 5497 1814 5580 percussisses
1838 5494 1967 5582 Surium
1994 5521 2088 5582 risque

436 5595 481 5658 ud
503 5598 773 5678 cormrrnmtiouenr,
799 5621 879 5659 nrrrrc
902 5611 1001 5659 aretem
1018 5598 1118 5661 tribus
1137 5600 1256 5662 uicibus
1272 5602 1438 5684 percuties
1461 5601 1553 5664 etrrrr'.
1594 5600 1682 5664 Ecce
1708 5601 1734 5663 si
1757 5623 1816 5686 pro
1835 5599 1956 5665 talibus
1981 5604 2088 5666 causis

542 5773 568 5840 a)
589 5775 644 5827 tale
663 5794 683 5827 c.
