4418 6412
584 384 637 438 Du
660 382 995 440 INVESTIGATIONE
1019 380 1272 439 auulcflutsul
1295 383 1370 438 1..1.
1747 378 1811 442 345

148 591 272 634 causas
303 569 417 634 civiles
448 569 616 634 iudicandi
646 579 806 656 potestate
837 569 933 634 simul
964 593 1037 635 cum
1068 573 1226 636 beneficio
1249 573 1303 636 vel
1330 571 1491 657 stipendio
1523 571 1630 636 eidem
1659 574 1810 659 potestati

147 677 349 760 pertinente,
370 675 598 759 vindictarum,
623 699 686 763 que
710 677 879 762 sanguinis
903 675 1074 742 dumtaxat
1096 676 1287 742 effusionem
1303 688 1451 765 poscunt,
1475 678 1698 743 faciendarum
1722 690 1811 765 pote-

148 793 272 848 statem
296 782 338 848 ab
362 783 558 870 imperatore
582 805 642 869 per
656 782 801 868 gladium
819 784 1028 869 evaginatum
1051 784 1181 870 accipit,
1206 783 1294 871 quod
1318 807 1410 849 suurn
1436 795 1484 849 est
1506 787 1635 872 utrique
1659 788 1811 872 potestati

149 911 405 976 recognoscens.
451 889 496 954 At
526 891 559 953 in
582 890 692 975 regnis
716 889 928 972 Francorum,
952 888 1009 953 ubi
1033 890 1094 955 hac
1118 890 1326 956 distinctione
1353 915 1418 956 non
1442 901 1572 956 servata
1595 893 1768 979 episcopus
1792 915 1812 957 a

112 1020 127 1058 s
148 1019 234 1082 rege
257 1019 318 1083 per
341 1007 487 1083 ceptrum
511 995 676 1082 regalibus
703 997 870 1082 acceptis¹
893 997 965 1083 ipse
989 998 1142 1062 continuo
1166 996 1226 1062 sub
1251 1020 1285 1062 se
1309 999 1449 1062 vicarias
1472 1009 1649 1085 potestates
1673 998 1810 1082 ordinat,

149 1125 218 1190 que
243 1125 320 1167 mox
344 1102 491 1168 ordinate
515 1101 741 1167 indifferenter
771 1103 894 1168 iudicia
917 1104 1015 1168 etiam
1038 1105 1208 1200 sanguinis
1231 1113 1372 1170 tractant
1395 1115 1614 1192 exercentque
1637 1105 1810 1188 vindictas,

148 1209 290 1275 videant
320 1211 383 1296 ipsi
413 1211 479 1274 iam
503 1209 583 1276 dicti
606 1210 732 1291 vicarii,
764 1232 871 1295 aquo
894 1220 1089 1296 potestatem
1113 1209 1275 1275 vindictas
1306 1211 1522 1298 insanguine
1553 1211 1695 1276 faciendi
1718 1234 1810 1277 acce-

147 1319 272 1404 perint.
325 1317 409 1382 Nam
434 1317 461 1381 si
485 1339 541 1382 cas
565 1339 584 1380 a
608 1318 791 1403 semetipsis
822 1328 981 1403 usurpant
1010 1318 1058 1381 rei
1089 1317 1256 1402 sanguinis
1288 1319 1385 1382 etiam
1416 1319 1588 1383 noxiorum
1619 1318 1712 1383 effusi
1743 1318 1810 1383 effi-

150 1427 291 1489 cientur.
338 1422 374 1488 Si
398 1445 476 1488 vero
500 1421 660 1487 eiusmodi
683 1432 921 1509 potestatemq
945 1423 1084 1488 dominis
1115 1425 1182 1487 suis
1213 1424 1375 1510 episcopis
1400 1447 1434 1489 se
1458 1424 1601 1489 dixerint
1630 1427 1810 1512 accepisse,

97 1556 127 1594 ιο
151 1533 261 1595 sciant
290 1530 377 1594 idem
399 1551 535 1615 gravem
559 1551 593 1594 se
617 1530 757 1594 dominis
781 1531 847 1594 suis
871 1531 1034 1618 episcopis
1061 1529 1182 1595 inferre
1207 1529 1434 1617 calumpniam,
1459 1554 1540 1618 quos
1563 1531 1616 1596 vel
1639 1533 1811 1598 noxiorum

151 1637 323 1723 sanguinis
347 1636 441 1701 effusi
464 1647 613 1701 auctores
637 1659 696 1700 suo
719 1635 878 1702 arbitratu
901 1637 1109 1702 constituunt.
1144 1636 1351 1723 Episcopalis
1367 1659 1508 1724 namque
1523 1637 1577 1702 vel
1600 1638 1810 1704 sacerdotalis

151 1765 270 1807 manus
293 1743 503 1808 divinissimis
527 1745 738 1808 sacramentis
762 1743 974 1808 conficiendis
1005 1743 1207 1808 sanctificata
1234 1745 1404 1829 potestatis
1432 1745 1599 1830 sanguinis
1623 1745 1811 1810 effundendi

151 1849 297 1935 legitime
322 1872 429 1936 capax
451 1872 517 1914 non
540 1856 620 1931 est2,
648 1873 724 1914 narn
748 1859 781 1914 et
805 1851 978 1938 'sanguino
1007 1871 1158 1937 respersa
1179 1849 1320 1936 reproba
1342 1849 1385 1914 ad
1408 1850 1524 1915 eadem
1548 1850 1681 1916 celestia
1704 1874 1810 1916 sacra·
1830 1876 1907 1928 *aaa

154 1967 265 2020 menta
289 1955 493 2022 conficienda
517 1955 664 2038 efficitur,
689 1955 818 2022 dicente
834 1956 978 2022 Domino
1001 1956 1045 2021 ad
1060 1957 1188 2021 David:
1213 1957 1287 2023 Noa
1303 1958 1468 2045 edificabis
1482 1958 1565 2023 mitt
1579 1959 1714 2040 doniam,
1734 1963 1811 2046 quio
1830 1984 1988 2033 ramasse.

102 2091 134 2129 is
157 2067 207 2128 eir
223 2065 353 2128 bellator
377 2089 409 2128 ce
432 2077 460 2128 ct
474 2065 654 2150 pluritatem
677 2066 862 2150 sonpot‘oem
878 2065 1031 2150 ffadatt’,
1055 2063 1200 2150 apostolo
1220 2085 1347 2151 quoque
1372 2086 1596 2150 percussorem
1621 2067 1810 2152 episcopum
1828 2090 1987 2140 cannata.

155 2168 360 2256 reprobante.
409 2168 476 2234 Sed
506 2180 538 2233 et
568 2191 710 2234 canones
741 2170 826 2234 sacri
856 2191 931 2234 eum
961 2170 1017 2256 qui
1046 2169 1236 2235 militaverit
1258 2171 1311 2235 vel
1334 2170 1548 2256 postulaverit
1577 2183 1634 2236 aut
1663 2173 1811 2237 minister

156 2277 323 2362 sanguinis
351 2276 445 2340 effusi
469 2278 613 2341 extiterit
636 2299 656 2340 a
679 2275 861 2342 sacerdotio
891 2275 1062 2364 repellunt.
1108 2276 1215 2359 Unde,
1240 2287 1275 2341 ut
1298 2276 1378 2360 dixi,
1409 2300 1544 2363 gravem
1574 2277 1712 2343 dominis
1743 2281 1810 2343 suis

156 2384 319 2471 episcopis
350 2384 495 2468 irrogant
523 2384 675 2447 iniuriam
702 2383 880 2448 forensium
902 2382 1028 2448 iudices
1051 2384 1155 2448 litium
1178 2383 1232 2448 vel
1256 2405 1437 2467 causarum,
1469 2385 1496 2448 si
1520 2386 1686 2472 sanguinis
1710 2386 1810 2450 effun-

156 2490 256 2555 dendi
288 2500 483 2576 potestatem
506 2513 541 2554 se
565 2513 585 2554 a
607 2513 707 2554 mauu
732 2489 909 2576 pontificali
941 2489 1084 2555 dixerint
1113 2491 1291 2578 accepisse.
1336 2490 1404 2555 Aut
1427 2513 1504 2556 vero
1529 2493 1556 2556 si
1580 2493 1726 2580 episcopi
1749 2492 1810 2557 hoc

108 2626 137 2664 so
156 2597 197 2661 de
221 2619 256 2661 se
279 2597 346 2662 dici
369 2620 433 2661 non
457 2619 515 2683 pro
538 2597 657 2661 iniuria
680 2607 842 2683 reputant,
866 2619 928 2661 nec
944 2595 1059 2661 falsam
1075 2598 1293 2684 suspicionem
1316 2620 1336 2661 a
1359 2620 1395 2662 se
1418 2598 1588 2685 repellunt,
1612 2599 1716 2685 magis
1732 2621 1809 2664 vero

156 2714 189 2768 et
211 2727 272 2790 pro
287 2703 389 2790 gloria
413 2705 460 2768 eis
484 2715 543 2786 est,
567 2703 655 2790 quod
671 2713 863 2790 potestatem
883 2703 1038 2790 puniendi
1063 2705 1280 2791 insanguine,
1300 2727 1398 2791 quam
1422 2728 1442 2769 a
1465 2704 1597 2792 regibus
1614 2707 1809 2793 acceperint,

153 2813 189 2876 in
212 2821 389 2898 potestates
420 2809 583 2875 subiectas
613 2811 676 2897 ipsi
706 2820 930 2897 transponant,
954 2809 1088 2875 videant
1112 2811 1250 2896 qualiter
1279 2833 1394 2876 manus
1423 2834 1498 2876 suas
1521 2835 1541 2876 a
1564 2814 1722 2898 sanguine
1753 2814 1810 2876 im·

154 2941 270 2983 munes
294 2917 488 3001 exhibeant,
515 2940 591 2982 nam
615 2940 676 3003 ego
700 2939 831 2982 manum
856 2918 1023 3003 sanguinis
1047 2917 1235 2982 effundendi
1258 2918 1481 2983 mediatricem
1505 2918 1558 2982 vel
1580 2919 1810 2983 internuntiam

155 3026 267 3089 nescio
292 3025 454 3111 quomodo
478 3047 498 3089 a
521 3025 680 3110 sanguine
705 3047 870 3089 excusem.
916 3024 1031 3110 Neque
1055 3045 1132 3088 vero
1157 3025 1220 3110 ipsi
1244 3026 1471 3112 episcoporum
1498 3024 1686 3090 subindices
1709 3026 1810 3090 mani-

109 3159 136 3198 us
155 3131 217 3196 bus
241 3133 381 3218 propriis
405 3131 492 3195 fures
511 3130 565 3196 vel
588 3131 730 3196 latrones
747 3130 965 3217 deprehensos
989 3129 1152 3213 occidunt,
1177 3131 1235 3196 sed
1251 3131 1447 3197 occidendos
1470 3131 1638 3197 lictoribus
1661 3131 1809 3215 tradunt;

156 3261 218 3302 nec
242 3250 352 3303 tamen
374 3260 434 3324 per
457 3237 528 3320 hoc,
553 3237 641 3324 quod
664 3239 727 3324 ipsi
750 3259 815 3302 non
839 3235 1002 3318 occidunt,
1027 3247 1183 3323 quantum
1213 3238 1255 3302 ad
1279 3238 1454 3302 sacerdotii
1477 3249 1603 3324 spectat
1625 3240 1810 3324 puritatem,

157 3346 325 3431 sanguinis
356 3355 482 3409 reatum
506 3344 674 3430 effugiunt.
722 3343 819 3424 Quod
842 3344 870 3407 si
893 3342 1033 3408 obicitur
1055 3342 1149 3408 nobis
1172 3343 1213 3408 de
1238 3355 1350 3409 sancto
1373 3344 1518 3408 lohanne
1542 3344 1698 3431 apostolo,
1724 3345 1811 3431 quod

41 3465 45 3472 '
157 3451 277 3538 legitur
299 3453 332 3515 iu
357 3451 588 3516 ecclesiasticis
610 3451 741 3538 ystoriis
752 3454 773 3532 ³,
805 3448 1002 3514 homicidam
1026 3449 1126 3533 illum,
1151 3472 1247 3538 quem
1276 3450 1316 3514 de
1340 3450 1508 3514 latrocinio
1532 3452 1708 3533 revocavit,
1739 3462 1812 3537 post

158 3569 323 3644 peractam
354 3559 567 3644 penitentiam
598 3556 736 3622 ecclesie
767 3555 909 3643 regende
939 3557 1131 3643 prefecisse,
1166 3579 1226 3621 nos
1255 3557 1343 3644 quod
1373 3558 1529 3622 sentimus
1559 3556 1810 3644 respondemus:

110 3666 351 3751 ascripturum
376 3665 473 3746 illam,
498 3686 561 3751 que
584 3663 705 3747 fabule,
735 3686 801 3728 non
831 3662 971 3746 fabulae,
1003 3662 1128 3728 titulum
1153 3664 1277 3749 optinet
1286 3667 1308 3746 ⁴,
1339 3686 1405 3729 non
1435 3673 1501 3728 tam
1531 3666 1708 3728 constantis
1740 3687 1811 3730 esse

158 3772 370 3852 auctoritatis,
393 3780 430 3835 ut
452 3785 512 3858 per
535 3793 608 3834 eam
631 3770 704 3857 quis
728 3771 801 3856 cogi
826 3770 943 3834 valeat.
989 3769 1056 3834 Aut
1080 3770 1228 3834 etiamsi
1252 3769 1293 3834 de
1317 3772 1398 3835 tanti
1428 3769 1522 3835 nobis
1547 3781 1709 3836 constaret
1737 3781 1812 3836 actu

158 3878 296 3965 apostoli
319 3879 354 3942 in
377 3877 561 3964 primordiis
586 3877 744 3942 eeclesiae
768 3876 913 3963 pertale
937 3876 1020 3941 forto
1043 3876 1165 3941 factum
1189 3877 1334 3942 remedia
1356 3879 1555 3964 penitentiae
1580 3877 1659 3964 quid
1681 3878 1812 3943 valeant

159 3987 309 4050 sancire*¹
333 3984 486 4067 volentis,
514 4005 621 4071 neque
652 3986 699 4048 sic
730 3983 772 4048 ad
802 3982 1007 4048 sentiendum
1037 3982 1157 4048 adduci
1186 4005 1354 4070 possemus
1385 3996 1498 4049 contra
1527 3983 1656 4070 regulas
1687 3984 1811 4050 aeccle-

159 4093 306 4156 siasticas
329 4090 510 4156 homicidas
534 4114 554 4155 a
578 4090 759 4155 sacerdotio
790 4089 995 4176 repellentes.
1042 4089 1126 4154 Nam
1157 4091 1330 4177 privilegia
1360 4090 1559 4177 singulorum
1589 4091 1695 4178 legem
1725 4113 1811 4156 com-

113 4227 140 4266 ss
158 4221 290 4263 munem
312 4222 376 4263 non
400 4199 534 4263 faciunt.

289 4363 341 4423 38.
376 4359 463 4423 Non
486 4355 594 4422 bona
618 4356 853 4421 similitudo
876 4355 925 4421 de
949 4355 1159 4421 militibus
1182 4356 1367 4442 gladium
1392 4356 1674 4444 cingentibus.
1829 4385 1881 4436 (to).

266 4482 333 4548 Sed
363 4505 424 4548 nec
455 4481 535 4546 illud
564 4482 607 4546 ad
637 4483 883 4546 excusationem
912 4479 1008 4546 huius
1038 4481 1117 4546 facti
1146 4481 1283 4567 proficit,
1313 4482 1401 4569 quod
1431 4482 1544 4547 dicunt
1573 4482 1689 4569 aliqui:
1721 4484 1811 4548 sice

159 4589 328 4668 sacerdote
351 4611 448 4676 posse
471 4589 628 4653 minorem
652 4597 846 4674 potestatem
868 4586 1012 4673 legitime
1036 4587 1188 4670 ordinari,
1213 4611 1297 4675 quae
1321 4590 1355 4652 in
1370 4589 1439 4653 vita
1462 4599 1494 4653 et
1517 4591 1674 4675 sanguine
1699 4591 1811 4676 puniat

158 4708 324 4779 nocentes,
349 4697 433 4760 sicut
456 4717 550 4781 reges
570 4716 699 4782 quoque
723 4715 743 4757 a
765 4692 989 4758 sacerdotibus
1014 4694 1203 4761 ordinantur
1226 4706 1258 4760 et
1280 4697 1355 4760 novi
1380 4695 1499 4760 milites
1521 4719 1587 4760 non
1611 4697 1681 4760 sine
1705 4719 1810 4761 sacer·

114 4831 142 4870 eo
160 4803 262 4869 dotali
283 4801 511 4868 benedictione
536 4823 613 4866 ense
637 4801 881 4887 precingrmtur,
911 4821 972 4864 nec
1000 4809 1110 4866 tamen
1133 4802 1266 4888 sanguis
1290 4825 1310 4866 a
1333 4823 1410 4888 rege
1434 4801 1487 4866 vel
1510 4801 1665 4867 militibus
1690 4803 1811 4868 effusus

160 4907 384 4976 sacerdotibus
407 4911 592 4996 imputatur.
627 4907 711 4990 Hoc,
735 4909 878 4994 inquam,
903 4905 945 4971 ad
962 4927 1094 4971 causam
1116 4929 1182 4972 non
1204 4907 1293 4972 facit.
1328 4908 1413 4972 Nam
1429 4931 1535 4995 neque
1552 4909 1699 4995 episcopi
1717 4932 1811 4996 reges

161 5027 272 5082 creant
294 5015 349 5080 vel
372 5014 533 5100 ordinant,
564 5013 622 5079 sed
645 5014 829 5101 principum
852 5036 892 5078 ac
914 5012 1027 5100 populi
1055 5013 1212 5078 electione
1235 5025 1269 5079 ct
1291 5013 1526 5079 acclamatione
1550 5016 1667 5080 creatis
1691 5025 1746 5080 aut
1770 5038 1812 5080 ex

160 5146 278 5210 genere
294 5120 530 5210 prodeuntibus
555 5121 700 5208 episcopi
723 5119 922 5186 benedicunt
945 5129 977 5184 et
1000 5141 1073 5184 cum
1097 5118 1323 5185 benedictione
1348 5143 1500 5185 coronam
1517 5120 1677 5208 capitibus
1701 5144 1811 5186 corum

267 5285 294 5349 a)
316 5297 385 5340 seire
404 5305 438 5348 e.;
458 5287 613 5354 significare
633 5303 678 5337 ern.
694 5285 752 5337 set.

115 5435 143 5474 to
271 5413 300 5490 1)
325 5415 374 5489 Cf.
399 5415 536 5473 Hessoais
558 5417 651 5484 relat,
681 5434 771 5490 supra
789 5433 823 5489 p.
842 5411 901 5482 225
930 5432 957 5469 o.
980 5411 1076 5470 Ivortis
1099 5412 1178 5488 epist.
1201 5414 1244 5469 ad
1264 5413 1475 5482 losceraouuru,
1505 5412 1605 5471 Libelli
1626 5412 1666 5484 II,
1686 5434 1719 5490 p.
1738 5413 1811 5471 653.

163 5523 193 5594 2)
211 5523 262 5596 Cf.
280 5523 315 5580 L.
333 5525 367 5580 da
382 5522 512 5602 artificio
528 5521 585 5578 Do·
600 5541 623 5578 c.
643 5520 695 5591 96,
718 5540 809 5596 supra
819 5539 853 5594 p.
870 5518 941 5575 179.
1013 5517 1043 5588 3)
1061 5517 1163 5575 aueo.
1182 5516 1256 5575 Hist.
1274 5520 1338 5575 eccl.
1357 5519 1414 5590 ΙΙΙ,
1432 5539 1455 5576 c.
1474 5518 1526 5576 23.
1542 5539 1596 5577 sec.
1613 5539 1685 5578 vers.
1703 5521 1812 5600 Rufini,

165 5630 277 5688 Eusebii
300 5628 374 5708 opp.
400 5625 546 5706 (Basileus
564 5623 660 5704 1542)
686 5627 743 5698 ΙΙΙ,
762 5647 795 5702 p.
814 5625 865 5683 50.
939 5625 970 5696 4)
997 5623 1045 5698 Os.
1072 5623 1174 5682 Euseb.
1198 5624 1351 5700 irttaprete
1374 5625 1481 5703 Rufino
1506 5628 1523 5683 l.
1541 5628 1577 5683 l.:
1600 5626 1687 5696 Audi,
1710 5629 1812 5700 iuquit,

162 5739 285 5795 fabulam
310 5746 340 5795 et
363 5757 419 5794 nou
442 5737 576 5806 fabulam,
601 5739 653 5792 sed
677 5753 736 5790 rem
759 5741 869 5807 gestam
894 5740 943 5790 etc.

233 5859 334 5912 Libelli
353 5860 387 5910 de
407 5858 463 5909 lite.
492 5858 547 5907 III.
1577 5858 1610 5906 44
