4386 6390
435 347 499 410 576
631 352 967 412 CAMERACENSIUM
992 357 1044 412 ET
1067 353 1372 411 NOVIOMENSIUM
1397 353 1654 410 CLERICORUM
1678 353 1910 410 EPISTOLAE.

435 539 478 606 ad
500 539 733 627 imponendum
755 541 959 628 praedictum
983 565 1063 607 onus
1087 543 1209 607 cervici
1231 552 1361 607 nostrae
1385 540 1504 606 multus
1528 563 1566 606 ac
1590 540 1768 605 vehemens
1797 562 1906 626 nuper
1936 539 2080 620 incubuit,

435 649 513 735 quia
542 657 574 712 et
604 647 739 713 elericos
770 650 959 736 coniugatos
991 649 1124 714 chorum
1154 650 1275 714 intrare
1306 659 1338 712 et
1369 649 1552 712 ministrare
1584 657 1617 712 et
1647 669 1759 713 eorum
1788 645 1874 711 filios
1911 644 1955 710 ad
1983 669 2082 712 sacros

434 753 565 819 ordines
599 753 736 841 provebi
770 753 897 820 inibuit.
958 755 1060 822 Cuius
1092 755 1307 842 impositionis
1337 754 1473 820 articulo
1504 753 1598 820 nobis
1633 754 1808 820 admodum
1840 755 2019 840 oppressis,
2046 778 2082 819 ne

434 859 468 925 id
491 870 613 946 ageret,
643 859 808 926 humiliter
837 861 1004 926 orantibus
1036 873 1068 926 et
1097 884 1138 926 ne
1162 874 1292 949 praeter
1322 872 1537 928 consensum¹
1560 860 1801 947 metropolitani
1832 859 1960 946 aliquid
1982 859 2083 925 decer-

433 977 535 1048 neret,
556 968 713 1032 canonice
733 967 1005 1054 suggillantibusb
1025 979 1058 1033 et
1076 969 1178 1054 ipsius
1197 967 1364 1034 eiusdemc
1384 966 1624 1054 metropolitani
1643 969 1743 1033 nostri
1762 967 1970 1033 audientiam
1984 967 2105 1054 appel-s

434 1072 575 1139 lantibus
599 1073 641 1139 ab
664 1076 843 1140 intentione
867 1087 976 1141 tamen
1000 1099 1060 1140 sua
1081 1077 1269 1163 neutiquam
1293 1074 1449 1140 devocari
1470 1077 1585 1162 potuit.
1631 1074 1732 1141 Cuius
1755 1075 1893 1140 rationis
1918 1073 2006 1138 nulla
2027 1075 2084 1139 alis

435 1181 627 1246 auctoritate
652 1179 793 1246 subnixa
816 1193 865 1247 est
880 1185 1058 1270 responsio,
1082 1184 1145 1248 uisi
1161 1182 1249 1270 quod
1264 1205 1284 1247 a
1299 1183 1440 1269 Hugone
1456 1181 1580 1247 Diense
1600 1181 1685 1246 sibid
1701 1182 1890 1270 impositum
1909 1181 2084 1266 transgredi

435 1308 501 1351 non
523 1287 668 1370 auderet,
693 1311 713 1352 a
736 1311 800 1375 quo
824 1290 855 1354 ci
878 1289 1005 1354 exibita
1027 1299 1077 1354 est
1098 1288 1283 1356 benedictio
1295 1294 1316 1354 ¹.

539 1411 579 1475 In
598 1411 648 1476 his
667 1412 776 1500 igitur,
801 1435 885 1500 quse
907 1412 1135 1503 [praellibata0
1155 1425 1239 1496 sunt,
1265 1423 1297 1478 et
1315 1414 1454 1478 nominis
1469 1413 1572 1478 nostri
1589 1410 1827 1477 intolerabilem
1844 1411 2083 1476 consideramus

335 1540 365 1580 ⁸.
400 1543 414 1582 ¹.
433 1517 584 1582 iniuriam
608 1529 640 1582 et
663 1519 751 1606 apud
769 1520 881 1603 laicos,
906 1519 1024 1607 quibus
1046 1521 1147 1586 futuri
1169 1543 1279 1586 sumus
1302 1521 1336 1584 in
1351 1518 1491 1601 sibilum,
1515 1519 1658 1584 maxime
1675 1518 1941 1605 'perhorrescere
1965 1529 2114 1604 oportetn

434 1623 618 1689 infamiam:
643 1637 829 1712 quantoque
846 1627 934 1714 apud
949 1629 1089 1692 maiores
1104 1638 1231 1692 nostros
1256 1635 1382 1692 constat
1405 1648 1477 1690 esse
1500 1625 1692 1707 inauditum,
1715 1637 1804 1690 tanto
1821 1624 1918 1690 nobis
1934 1625 2082 1690 indecens

433 1730 563 1795 videtur
589 1743 685 1818 atque
714 1733 930 1798 inhonestum.
977 1733 1104 1815 Quodsi
1126 1735 1189 1798 viri
1213 1735 1300 1816 estis,
1331 1735 1358 1797 si
1382 1732 1520 1796 viriliter
1541 1753 1640 1818 agere
1662 1731 1770 1814 vultis,
1794 1734 1891 1819 parvi
1914 1731 2082 1818 pendenda

436 1847 511 1902 sunt
533 1838 717 1903 huiusmodi
741 1839 890 1922 coucilia,
915 1863 1000 1927 quae
1024 1852 1071 1906 tot
1095 1850 1128 1905 st
1149 1851 1241 1905 tanta
1263 1838 1357 1906 nobis
1380 1838 1538 1903 invehunt
1560 1836 1745 1925 obprobria,
1770 1849 1884 1904 contra
1900 1837 1982 1902 illud
1997 1861 2080 1904 sanc·

433 1945 550 2010 tissimi
573 1946 635 2009 viri
658 1945 852 2028 Hieronimi,
883 1946 940 2012 ubi
965 1948 1049 2012 ait²:
1081 1949 1173 2028 absit,
1202 1961 1237 2012 ul
1264 1947 1394 2034 aliquid
1414 1949 1577 2011 sinistrum
1603 1946 1640 2011 de
1663 1947 1789 2012 clericas
1812 1947 1937 2032 loquar.
1984 1945 2079 2010 Nobis

433 2061 541 2115 autem
571 2051 652 2116 haec
683 2063 733 2117 est
761 2052 972 2118 immutabilis
997 2055 1166 2136 sententia,
1198 2052 1465 2118 consuetudinem
1495 2051 1653 2116 hactenus
1675 2063 1829 2134 nostram,
1860 2051 2079 2138 religiosorum
2094 2077 2112 2117 n

432 2169 561 2244 patrum
584 2161 838 2246 aequanimitate
863 2164 1028 2247 sapienter
1055 2159 1213 2225 indultam
1241 2157 1469 2225 inconvulsam
1497 2169 1608 2223 tenere
1632 2181 1738 2246 neque
1761 2159 1925 2222 inusitatis
1948 2170 1982 2224 et
2003 2160 2079 2245 peri-

433 2264 551 2329 culosis
574 2264 801 2330 traditionibus
825 2267 859 2330 in
883 2267 991 2355 aliquo
1015 2269 1208 2332 consentire.
1254 2265 1377 2332 Audito
1400 2268 1510 2352 itaque
1535 2276 1567 2330 et
1589 2277 1719 2330 nostrae
1743 2264 1988 2330 deliberationis
2019 2266 2078 2330 effi·

433 2372 504 2436 caci
532 2373 697 2458 proposito
727 2383 760 2437 et
790 2372 891 2460 quidr
915 2374 1053 2460 periculi
1083 2374 1204 2461 quidve
1234 2374 1432 2463 ignominiae
1462 2374 1496 2436 in
1525 2372 1593 2454 tali,
1623 2373 1686 2436 nisi
1716 2373 1916 2454 resistamus,
1947 2394 2006 2437 nos
2035 2395 2077 2436 se·

433 2489 552 2563 quatur
581 2479 722 2564 negotio,
755 2481 838 2544 scire
869 2502 889 2545 a
919 2479 1012 2546 vobis
1042 2481 1191 2546 volumus
1221 2502 1281 2568 per
1311 2479 1443 2561 litteras,
1475 2502 1559 2565 qnae
1590 2480 1632 2542 sit
1662 2500 1741 2564 erga
1769 2478 1957 2543 huiusmodi
1987 2480 2077 2543 animi

432 2585 534 2648 vestri
558 2586 729 2667 sententis,
758 2587 901 2651 maxime
925 2585 1144 2668 obsecrantes,
1168 2597 1203 2651 ut
1226 2587 1314 2652 circa
1338 2585 1476 2651 eandem
1498 2583 1737 2672 providentiam
1760 2596 1873 2650 mutuo
1896 2597 2007 2650 vestra
2029 2609 2076 2650 ex·
2090 2610 2111 2649 n

433 2689 533 2755 cubet
555 2691 724 2777 vigilantia
747 2703 780 2756 et
803 2715 901 2779 super
924 2693 973 2757 his
996 2705 1106 2758 vestra
1128 2692 1306 2758 habeamus
1330 2692 1454 2757 solatia.
1490 2691 1616 2756 Valete.

433 2973 614 3040 Sanctae
640 2973 960 3042 Cameracensis
992 2975 1203 3042 ecclesiae
1234 2974 1442 3042 fratribus
1473 2977 1514 3040 in
1538 2974 1708 3041 Christo
1732 2975 1908 3041 dilectis
1931 2976 2074 3041 Novio·

432 3103 593 3146 menses
628 3080 775 3146 melius
810 3104 983 3168 sperare
1017 3084 1059 3146 in
1089 3082 1282 3148 adversis
1313 3095 1352 3148 et
1382 3083 1499 3148 salva
1534 3082 1621 3147 fide
1652 3082 1844 3148 viriliter
1878 3085 2074 3148 resistere

947 3188 1262 3275 emergentibus
1293 3189 1565 3255 adversariis.

540 3311 705 3376 Orationis
739 3323 869 3377 nostrae
903 3313 1136 3400 prolixitatem,
1172 3314 1289 3380 fratres
1324 3314 1503 3397 karissimi,
1539 3315 1751 3399 castigantes,
1789 3324 1886 3400 prout
1920 3316 2075 3401 potuimus
2089 3339 2108 3378 u

432 3419 615 3504 quaestioni
637 3430 766 3484 vestrae
790 3419 1006 3507 pluraquam
1029 3423 1107 3485 satis
1132 3432 1181 3485 est
1203 3443 1361 3507 reponere
1385 3442 1450 3485 nou
1465 3422 1687 3486 necessarium
1703 3419 1867 3504 duximus,
1891 3423 2075 3508 praesertim

432 3547 506 3589 curn
530 3524 688 3590 ecclesiae
712 3536 841 3590 vestrae
866 3535 967 3591 status
989 3526 1120 3592 modum
1144 3529 1345 3614 antiquitatis
1375 3527 1544 3613 hueusque
1574 3525 1636 3592 sibi
1667 3528 1835 3592 retinuerit
1865 3539 1898 3592 et
1926 3528 2075 3593 columnis

432 3631 611 3717 sapientiae
636 3631 805 3714 subnixus,
835 3634 870 3696 in
893 3655 928 3698 se
951 3634 1022 3720 ipso
1052 3635 1244 3717 consistens,
1275 3633 1390 3699 alienis
1415 3633 1705 3698 sustentationibus
1729 3657 1794 3698 nou
1817 3634 1971 3720 indigens
1988 3635 2075 3699 nullis

261 3761 412 3813 uuonan.
432 3737 697 3824 temptationibus
720 3739 836 3804 violari
858 3742 1009 3825 petiuerit.
1048 3740 1309 3806 Fundamentum
1333 3741 1420 3806 enim
1444 3741 1531 3827 quod
1553 3741 1623 3827 ipse
1647 3741 1811 3827 apostolus
1834 3742 1944 3827 posuit
1967 3765 1987 3806 a
2010 3742 2075 3807 soli-

339 3869 413 3909 mn.
433 3843 534 3909 ditate
558 3867 617 3909 sua
639 3867 704 3910 non
727 3856 834 3932 potest
856 3847 1020 3911 immutari
1050 3846 1196 3933 apostolo
1228 3857 1399 3913 attestante
1431 3848 1487 3933 qui
1517 3848 1579 3912 ait:
1603 3848 1850 3936 forsdamentum
1879 3849 1976 3914 alind
1997 3873 2109 3914 nemon

426 3966 530 4037 potest
544 3977 665 4040 ponere
681 3968 812 4040 praeter
838 3954 874 4018 id
895 3953 981 4039 qnod
994 3957 1136 4040 positum
1160 3970 1212 4036 est,
1236 3955 1322 4041 qaod
1343 3969 1388 4018 est
1406 3953 1549 4020 Christus
1567 3953 1664 4019 Iesus.
1701 3953 1950 4035 Quantumlibet
1972 3957 2076 4041 itaque

270 4082 414 4131 ustrinae.
434 4067 529 4121 ruant
551 4059 641 4122 venti
665 4070 697 4123 et
719 4057 822 4123 fluant
843 4057 988 4141 flumina,
1013 4059 1127 4124 domus
1151 4059 1421 4148 superaedificata
1450 4059 1624 4125 immobilis
1648 4071 1767 4142 manet,
1791 4049 1947 4126 ¹videlicet
1970 4072 2076 4126 sancta

433 4163 583 4247 ecclesia,
606 4165 692 4229 inter
714 4164 859 4230 turbines
883 4165 978 4230 h'uius
1002 4166 1123 4231 saeculi
1147 4168 1330 4231 constituta.
1380 4165 1470 4231 Ecce
1493 4168 1559 4232 iam
1581 4166 1692 4232 valida
1715 4178 1890 4255 tempestas
1913 4168 2076 4248 incumbit,

433 4269 475 4334 ad
505 4268 746 4336 defendendam
775 4269 959 4336 libertatem
988 4283 1104 4358 parata
1132 4283 1207 4337 sunt
1237 4295 1326 4337 arma
1349 4273 1382 4336 in
1406 4273 1667 4360 propugnaculis,
1696 4296 1809 4339 sacrae
1833 4273 1960 4340 scilicet
1982 4276 2076 4361 scrip-

433 4387 535 4458 turae,
561 4377 678 4464 quibus
701 4377 797 4443 facile
822 4376 1012 4443 obtunditur
1034 4380 1177 4464 gravitas
1200 4401 1306 4444 novae
1322 4381 1547 4466 impositionis,
1571 4391 1697 4467 partem
1713 4403 1850 4467 quarum
1865 4380 2075 4467 praelibastis,
2092 4405 2112 4446 u

432 4493 558 4569 partem
587 4482 744 4548 habemus
775 4507 952 4571 suggerere
982 4483 1086 4552 vobis.
1140 4485 1309 4573 Siquidem
1347 4497 1459 4550 contra
1492 4485 1580 4569 illud,
1612 4485 1699 4572 quod
1728 4486 1810 4551 filios
1841 4487 2033 4553 clericorum
2059 4510 2077 4552 s

433 4591 534 4654 sacris
559 4588 726 4655 ordinibus
749 4590 954 4677 repellendos
979 4614 1050 4656 esse
1073 4592 1258 4674 moliuntur,
1282 4593 1316 4656 in
1338 4593 1541 4678 expositione
1565 4594 1784 4680 generationis
1800 4593 1876 4658 Iesu
1892 4592 2014 4659 Christi
2036 4595 2077 4658 ita

433 4697 589 4782 scriptum
612 4698 814 4761 invenitur³:
840 4698 997 4762 Dominus
1019 4714 1121 4763 reoster
1144 4698 1232 4764 Iesus
1252 4697 1396 4764 Christian
1418 4725 1480 4764 non
1502 4702 1602 4765 solnm
1626 4702 1665 4765 ab
1688 4703 1887 4789 alienigenis,
1909 4701 1967 4766 sed
1988 4705 2075 4766 enan

434 4804 471 4868 de
494 4804 685 4869 adulterinis
715 4805 814 4868 uoluit
835 4808 928 4869 nosci
948 4807 1229 4886 eontiniationibns,
1259 4808 1349 4871 nobis
1379 4831 1525 4895 inagnum
1540 4806 1699 4894 fiduciam
1717 4821 1898 4894 praestana,
1922 4823 1956 4874 nl
1978 4809 2076 4895 quoli-

538 5053 566 5118 a)
588 5073 724 5108 consensu
742 5074 763 5108 c.
841 5055 868 5119 b)
890 5058 925 5108 ol.
944 5059 1152 5124 suggerentibus
1171 5058 1206 5108 D.
1279 5055 1305 5120 e)
1327 5057 1460 5110 ecelesiae
1479 5059 1540 5110 add.
1559 5059 1596 5110 Μ.
1610 5059 1644 5109 D.
1717 5057 1745 5123 d)
1767 5062 1925 5112 mandatum
1942 5065 2025 5128 nippl.
2043 5062 2076 5112 M.
2092 5074 2114 5113 ro

434 5143 459 5208 e)
482 5144 567 5195 libata
584 5163 605 5196 c.
677 5143 698 5206 l)
721 5146 795 5212 quod
808 5182 815 5196 .
829 5182 835 5196 .
849 5147 958 5211 quodve
977 5164 998 5196 o.

542 5379 571 5451 1>
595 5380 630 5439 In
654 5381 778 5452 canalio,
803 5391 834 5438 ut
854 5382 974 5451 uidear,
1005 5401 1033 5440 a.
1054 5381 1147 5439 1077.
1171 5401 1265 5442 mense
1288 5383 1365 5459 Sept.
1390 5384 1585 5461 Augustoduni
1607 5385 1761 5454 colebam·
1791 5386 1832 5457 es.
1857 5387 1972 5458 Hefele,
1997 5386 2077 5446 ‘Oon-
2115 5429 2117 5434 .

432 5488 617 5566 cilienqesclt!
641 5485 692 5558 V2,
712 5508 745 5563 p.
766 5488 838 5545 112.
864 5497 890 5546 et
910 5486 1033 5547 CancMe
1056 5491 1074 5546 l.
1092 5491 1110 5546 l.
1129 5509 1163 5565 p.
1181 5489 1210 5546 9.
1281 5489 1311 5561 2)
1337 5491 1430 5566 Epist.
1451 5492 1500 5550 14.
1524 5493 1567 5549 ad
1586 5492 1780 5563 Heliodorum,
1806 5491 1890 5570 opp,
1905 5494 2078 5556 edrVallor

353 5679 356 5682 Ι
431 5595 489 5652 sius
510 5593 535 5665 1,
560 5597 610 5652 eol.
629 5595 679 5652 33.
773 5593 803 5665 3)
828 5594 893 5653 Non
917 5595 1027 5666 inuersi;
1050 5596 1164 5654 similem
1187 5599 1275 5655 bourn
1298 5597 1538 5676 αἰίῳαυὶίᾙιιρο
1562 5599 1691 5656 Metellus
1713 5599 1743 5656 in
1767 5599 1884 5676 epistola
1906 5602 1948 5658 ad
1970 5599 2078 5660 Garbe·

432 5703 496 5758 dum
521 5702 590 5760 dota
612 5701 696 5773 infra
720 5702 839 5760 ederedo.
2049 5729 2051 5732 ·
2094 5721 2117 5761 u
