4426 6398
530 407 714 468 Mensem
736 409 879 466 EXULIS
903 408 933 464 S.
957 408 1174 466 LAUREN'I'II
1198 407 1448 467 OPUSCULUM.

592 594 753 682 Syderum
776 617 841 659 non
865 606 914 659 est
935 618 1089 660 numerus
1112 597 1283 676 minorum,

590 702 664 790 Qua
687 701 786 766 trabit
808 724 918 766 secum
942 702 1041 767 draco
1065 701 1106 766 de
1131 704 1296 789 supernis:

531 824 563 873 15
592 807 711 874 Clerici
734 817 783 873 tot
805 819 880 872 sunt
902 808 1118 896 monachique
1142 810 1223 873 tanti

643 915 752 979 Prava
776 925 960 1001 sequentes.

592 1021 733 1086 Dixerat
756 1021 921 1107 quondam
943 1020 1135 1087 tenebrosus
1158 1021 1222 1104 ille,

590 1128 688 1209 Quod
711 1151 810 1214 super
831 1138 972 1194 montem
997 1128 1088 1215 Syou
1110 1127 1311 1193 ascenderet.

589 1233 684 1300 Nunc
708 1234 836 1317 sedens,
860 1245 1015 1321 tanquam
1038 1235 1136 1300 fuerit
1157 1234 1284 1300 locutus

528 1358 563 1406 20
643 1341 742 1423 Vera,
767 1340 924 1428 superbit.

590 1449 677 1513 Hinc
700 1457 828 1512 tumens
852 1447 958 1514 calcat
979 1447 1135 1536 populum
1158 1447 1298 1530 fidelem,

592 1554 733 1621 Ordines
757 1577 867 1620 sacros
891 1557 969 1620 emit
991 1565 1089 1642 atque
1113 1555 1236 1637 vendit,
1316 1615 1318 1618 .

590 1661 635 1727 Et
657 1661 722 1727 Dei
746 1684 857 1726 servos
881 1661 997 1728 melius
1019 1661 1167 1726 volentes

642 1768 789 1854 Longius
812 1779 912 1834 arcet.

530 1891 564 1940 25
592 1875 681 1940 Hinc
704 1885 737 1940 et
760 1873 897 1940 abbates
921 1875 1076 1962 profugos
1099 1875 1258 1958 videmus,

589 1981 698 2069 Atque
722 1981 867 2070 propulsi
890 1982 1041 2047 monachi
1064 1993 1235 2068 vagantur,

590 2087 633 2152 Et
656 2088 769 2153 vident
791 2099 895 2153 terras
919 2088 999 2153 alias
1023 2100 1057 2153 et
1078 2087 1177 2154 urbes

643 2193 789 2260 Exiliati.

591 2300 647 2367 Sic
671 2301 760 2388 Syon
784 2302 884 2366 fetam
906 2301 1141 2389 gravidamque
1165 2313 1260 2388 partu

527 2420 563 2472 30
590 2409 755 2496 impetens
779 2410 862 2472 sevit
886 2409 985 2475 draco
1009 2419 1182 2474 tortuosus.

591 2515 636 2580 Ut
658 2515 743 2580 trahi
766 2516 878 2602 possit,
901 2514 1037 2581 fluvium
1060 2515 1227 2603 profundit

643 2622 842 2688 Parturienti
854 2626 874 2686 1.
923 2683 924 2686 ,

591 2728 653 2793 llla
676 2731 884 2816 quantumvis
907 2731 1052 2815 graviter
1074 2741 1248 2816 prematur,

591 2835 669 2901 Plus
693 2847 809 2922 gravat
831 2845 968 2902 matrem
991 2837 1069 2922 fuga
1092 2835 1241 2902 filiorum.

528 2955 563 3008 35
590 2942 676 3008 Nam
699 2940 791 3008 dolor
812 2953 906 3007 natos
930 2943 1106 3008 cruciando
1131 2944 1241 3007 matris

643 3049 782 3114 Viscera
803 3050 929 3136 pungit.

591 3157 702 3222 Plorat
725 3167 758 3220 et
779 3156 905 3242 plangit
927 3156 1092 3244 laniatque
1116 3158 1232 3238 crines,

592 3262 753 3328 Verberat
775 3273 890 3348 pectus
914 3262 1100 3349 laceratque
1123 3273 1265 3346 vestem3
1321 3321 1322 3324 ,

568 3369 719 3434 'Clamat
741 3371 775 3433 in
799 3368 914 3458 celum,
939 3371 1149 3456 sequiturque
1175 3392 1267 3434 caros

526 3489 563 3542 40
645 3475 743 3540 Crine
767 3475 881 3540 soluto.

592 3583 699 3664 Quam
722 3592 916 3669 potestatem
939 3593 1041 3668 roget,
1066 3593 1102 3648 ut
1124 3584 1215 3648 iuvet
1238 3583 1299 3648 se?

591 3688 653 3754 Vel
677 3690 749 3776 quis
773 3688 894 3778 afflicte
917 3690 1036 3776 poterit
1057 3689 1191 3772 mederi,

592 3795 674 3862 Cum
697 3796 785 3861 Nero
808 3797 944 3860 Romam
968 3806 1079 3861 teneat
1101 3783 1289 3883 Symonque

644 3902 737 3990 Papa
759 3902 919 3968 vocetur?

964 4099 1008 4164 Il.

593 4205 676 4271 Oum
699 4229 826 4271 mecum
849 4206 966 4272 tacitus
991 4208 1053 4272 ista
1075 4206 1277 4272 revolverem

592 4311 743 4378 —Nam
767 4323 844 4377 tunc
868 4313 1038 4399 expulerat
1061 4336 1112 4378 me
1138 4313 1262 4400 Symon
1285 4311 1413 4377 exulem
1437 4351 1481 4360 -

591 4419 670 4483 Post
693 4430 822 4484 noctem
846 4419 1010 4484 mediam²
1032 4431 1154 4506 gratus,
1178 4421 1224 4484 uti
1249 4419 1340 4502 solet,

645 4526 785 4592 Mestum
808 4548 860 4590 me
884 4528 987 4590 tenuit
1010 4549 1116 4613 sopor.

548 4645 565 4698 5
594 4632 710 4698 Statim
733 4631 899 4718 pervideo,
924 4632 1019 4719 quale
1042 4632 1221 4719 periculum

591 4740 687 4804 Nune
712 4749 761 4803 est
784 4739 932 4828 ecclesie,
957 4761 1119 4825 quamque
1143 4738 1295 4825 periculis

591 4844 695 4910 Nobis
718 4846 753 4908 in
776 4844 892 4909 mediis
916 4847 1083 4932 proximus
1108 4855 1157 4910 cst
1178 4845 1271 4910 Deus

644 4951 689 5015 Et
711 4953 815 5038 virgo,
840 4953 984 5037 genitrix
1006 4952 1082 5015 Dei.

593 5057 806 5138 *Quondam*
828 5057 1013 5122 naviculam
1036 5080 1096 5144 per
1118 5080 1207 5122 marc
1232 5056 1396 5123 turbidum

532 5177 565 5228 10
593 5164 692 5228 Venti
714 5164 924 5251 dispulerant,
948 5164 1101 5250 undaque
1125 5165 1255 5250 turgida

273 5345 300 5409 a)
323 5347 399 5410 Q⁸da
416 5365 437 5398 e.

120 5553 161 5602 to,
184 5593 187 5600 ,
276 5534 306 5608 1)
331 5537 418 5612 Apoc.
438 5535 561 5606 12,15:
591 5537 629 5592 Et
656 5537 731 5591 misit
755 5553 873 5607 serpens
898 5555 932 5592 ex
954 5554 1003 5592 ore
1027 5554 1078 5591 suo
1100 5543 1165 5608 post
1188 5537 1333 5592 mulierem
1356 5555 1459 5609 aquam
1482 5544 1624 5608 tamquam
1646 5535 1762 5602 flumen,
1785 5540 1817 5589 ut

105 5683 107 5688 ,
168 5661 230 5700 eam
252 5644 364 5702 iaceret
386 5645 459 5700 trahi
483 5662 501 5699 a
522 5643 648 5698 flumine.
741 5639 772 5716 2)
798 5639 846 5713 Cf.
871 5642 944 5698 Hor.
971 5640 1249 5712 Serm.1,10,33:
1273 5643 1343 5698 Post
1365 5644 1486 5700 mediam
1509 5649 1622 5700 noctem
1645 5643 1730 5709 visus,
1755 5659 1818 5696 omn
1887 5705 1890 5710 ¹

168 5769 274 5806 somma
296 5769 373 5807 vera.

240 5870 341 5922 Libelli
359 5872 394 5922 de
414 5868 470 5923 lite.
502 5871 556 5921 ΙΙΙ.
1571 5868 1604 5920 ’19
