4544 6420
363 1522 901 1658 TRACTATUS
949 1524 1075 1658 DE
1125 1525 1710 1664 SOISMATICIS.

903 1830 1171 1896 EDIDERUNT

503 2029 630 2127 lus.
659 2027 1024 2126 ossssfflsu
1050 2005 1109 2124 'u
1136 2029 1198 2125 H.
1226 2029 1566 2128 sosuuss.

319 2313 365 2394 Iu
396 2326 515 2390 codicis
544 2327 737 2391 Palatini
766 2327 1088 2391 Vindobonsnsis
1121 2351 1168 2388 nr.
1194 2327 1280 2389 2195
1317 2325 1448 2406 (Salisb.
1481 2352 1529 2391 nr.
1554 2328 1636 2408 324,
1667 2329 1743 2392 olim
1772 2331 1860 2414 189),

171 2457 186 2495 s
210 2434 444 2497 membranacei
466 2436 496 2496 in
515 2434 637 2520 folto1,
661 2435 837 2521 fasciculis
863 2434 981 2498 ultimis
1005 2433 1270 2520 (f.136-147‘)
1295 2446 1444 2498 tractatus
1466 2435 1589 2498 saeculi
1608 2433 1688 2498 XII.
1714 2437 1816 2500 medii
1836 2452 1864 2501 ct

210 2565 317 2603 rerum
341 2554 369 2604 et
391 2542 572 2625 opinionum
598 2542 731 2604 nouitate
756 2541 944 2604 laetissimus
968 2542 1114 2620 occurrit,
1145 2542 1204 2624 qui
1226 2541 1318 2604 rebus
1347 2542 1380 2604 iu
1406 2540 1460 2604 lite
1483 2540 1652 2606 Friderici
1672 2541 1699 2605 I.
1725 2545 1861 2628 impera-

209 2649 290 2710 toris
306 2649 531 2733 pontificisque
554 2647 695 2711 Romani
715 2647 900 2711 Alexandri
920 2645 985 2709 III.
1015 2649 1109 2732 qestis
1140 2671 1199 2710 non
1223 2661 1320 2726 tenue,
1351 2660 1385 2710 ut
1413 2649 1459 2711 ita
1484 2647 1600 2728 dicam,
1632 2649 1734 2712 lumen
1758 2652 1860 2735 affert.

213 2753 281 2830 Qui
301 2753 399 2816 codes
420 2779 439 2816 a
464 2755 677 2839 compluribus
699 2755 894 2818 saeculoram
911 2751 1087 2816 X—XIII.
1115 2753 1261 2818 librariis
1276 2753 1436 2841 confectus
1458 2767 1607 2818 tractatus
1630 2755 1753 2841 aliquot
1775 2759 1865 2821 uarii

208 2863 335 2945 qeucris
359 2861 579 2944 variorumque
602 2875 773 2939 auctorum,
805 2885 934 2945 quorum
967 2861 1092 2924 libellus
1122 2861 1173 2924 liic
1203 2861 1346 2924 ultimum
1378 2860 1478 2923 locum
1503 2875 1588 2941 tenu,
1619 2863 1743 2927 sacculo
1767 2863 1860 2926 XVI.

163 2993 192 3030 10
211 2969 392 3054 tequrncntis
415 2991 430 3030 e
453 2970 538 3031 corio
555 2968 661 3054 factis
685 2970 718 3032 in
744 2992 837 3030 scissim
861 2981 1002 3030 consutos
1025 2968 1232 3052 amplectitur.

324 3091 401 3154 Tres
430 3116 541 3154 mausus
570 3093 692 3156 saeculi
713 3091 812 3154 XIII.
838 3094 976 3156 euescntis
1006 3117 1067 3154 non
1097 3091 1266 3154 admodum
1296 3095 1377 3156 inter
1400 3117 1432 3156 sc
1456 3092 1669 3179 discrepantes
1692 3119 1753 3180 per
1783 3098 1863 3160 uices
1899 3108 1903 3116 '

211 3223 244 3262 se
269 3201 300 3262 in
324 3198 488 3262 scribendo
513 3199 618 3262 libello
642 3214 826 3284 occeperunt
848 3201 1011 3284 sustinuique
1035 3197 1140 3262 eodem
1163 3213 1333 3262 atramento
1357 3199 1549 3279 mendorum,
1574 3225 1652 3284 quae
1675 3225 1736 3264 aon
1756 3225 1862 3287 pauca

213 3306 420 3392 neqleqentiae
450 3307 552 3390 maqis
582 3330 674 3391 quam
708 3307 851 3370 inscitiae
883 3306 1087 3370 librariorum
1120 3305 1285 3368 tribuenda
1315 3329 1378 3370 esse
1409 3329 1576 3386 censemus,
1604 3321 1731 3392 partem
1762 3311 1859 3371 rusaio-

213 3437 279 3476 rem
309 3436 347 3475 ou
376 3413 456 3498 ipso,
487 3425 518 3476 ut
549 3411 680 3490 ciclctnr,
709 3413 875 3498 arclrstppo
906 3426 1106 3475 correxerunt
1135 3426 1225 3496 atque
1255 3411 1501 3476 emendaverunt.
1550 3411 1616 3476 Sed
1642 3437 1710 3476 cum
1742 3414 1862 3478 litterae

167 3543 193 3582 15
216 3519 354 3582 initiales
384 3521 483 3582 minio
503 3531 611 3604 postea
641 3518 834 3604 supplendae
865 3519 910 3582 ad
932 3543 1024 3582 unam
1049 3542 1153 3582 omncs
1176 3519 1401 3596 desiderentur,
1425 3532 1590 3582 eut-remam
1619 3521 1715 3604 quasi
1735 3545 1860 3584 ursanum

214 3628 307 3710 operi
327 3649 385 3688 non
410 3627 575 3690 accessisse
600 3628 720 3710 opinor.
769 3625 933 3688 Postumdo
966 3625 1120 3688 librarius
1150 3625 1280 3709 qnidam
1311 3639 1441 3710 quartus
1465 3639 1493 3688 et
1516 3627 1593 3710 ipse,
1617 3641 1650 3688 ut
1671 3626 1755 3690 mibi
1775 3627 1860 3690 oide-

214 3747 275 3811 tur,
298 3731 420 3796 saeculi
432 3731 531 3794 XIII.
550 3735 699 3811 caetratis,
724 3733 850 3816 quintus
873 3731 995 3795 saeculi
1015 3746 1093 3796 certe
1116 3734 1270 3816 sequentis
1294 3731 1433 3795 libellum
1456 3755 1576 3794 sumnia
1601 3755 1670 3794 cum
1694 3732 1861 3820 diliqentia

216 3837 315 3902 (lensio
339 3838 564 3902 emendandum
589 3839 902 3924 adnotationibusque
930 3840 1032 3924 pratis
1061 3852 1152 3923 atque
1182 3839 1316 3924 acceptis
1346 3837 1521 3924 aspendum
1549 3853 1753 3920 curaverunt5
1783 3864 1862 3924 quas

215 3945 443 4009 erstendationes
466 3969 569 4010 ornnes
594 3931 788 4024 retinuimus,
820 3948 900 4010 notis
923 3946 1154 4032 risarqiualibus
1177 3947 1381 4008 recentiorum
1403 3969 1552 4008 manuum
1576 3945 1745 4010 uberrimis
1769 3949 1865 4032 quasi

168 4078 196 4115 so
215 4053 335 4116 nullius
365 4053 490 4115 omnino
514 4054 619 4138 pretii
647 4054 779 4116 ornimis.
836 4051 1000 4114 Is'ationem
1032 4065 1130 4114 autem
1162 4050 1325 4116 scribendi
1352 4051 1471 4115 codicis
1501 4053 1603 4115 nostri
1629 4075 1859 4138 nonnumquam

216 4183 326 4222 nocam
345 4161 575 4244 propriamque
599 4159 644 4222 ad
667 4183 794 4246 unquam
813 4159 890 4245 ,fere
912 4160 1019 4236 sescnti,
1043 4160 1086 4221 iis
1109 4157 1317 4221 tantummodo
1342 4158 1429 4237 loces,
1460 4159 1573 4243 quibus
1598 4157 1749 4222 librarios
1772 4184 1861 4224 uoca-

215 4267 288 4328 bula
312 4280 422 4328 tenuere
445 4265 675 4352 deformarisse
701 4266 749 4329 cel
772 4268 886 4351 raptim
917 4266 1083 4328 scribentes
1113 4265 1223 4349 aliqua
1253 4267 1395 4329 omisisse
1424 4264 1628 4352 manifestum
1659 4281 1735 4346 erat,
1767 4267 1861 4330 leuem

215 4371 366 4435 nesciolam
390 4355 602 4435 adltibm'mus.

326 4486 483 4552 Clericum
512 4502 567 4552 aut
596 4489 778 4552 rnonaclium
803 4503 958 4551 necatorem
989 4501 1125 4550 nostru-m
1143 4487 1252 4573 fuisse
1283 4487 1332 4550 sel
1361 4486 1445 4567 inde,
1476 4487 1562 4572 quod
1589 4488 1719 4551 clericos
1735 4489 1862 4575 fratres

170 4618 287 4658 essuos
309 4609 407 4675 uocat,
430 4597 509 4659 satis
526 4595 628 4658 elucet.
666 4593 819 4658 Pascbale
835 4593 900 4656 III,
919 4596 1072 4680 auti-'papa
1088 4595 1252 4678 superstite
1269 4593 1526 4678 (llus—1168)
1551 4596 1688 4679 scripsit.
1725 4593 1862 4658 Natione

216 4701 365 4765 Bararus
380 4703 490 4789 fuisse
515 4701 645 4765 uidetur.
687 4701 794 4765 Codes:
816 4703 908 4779 cisitu,
933 4701 1014 4764 rtrsdc
1039 4701 1178 4764 libellum
1202 4701 1269 4763 cius
1292 4700 1464 4779 hausimus,
1489 4700 1562 4763 olim
1588 4701 1735 4764 eeclesiae
1760 4700 1860 4764 Salis-

216 4809 377 4894 burqcnsis
393 4809 476 4895 fuit,
508 4811 541 4871 in
565 4810 654 4872 cuius
669 4811 842 4894 prouincia
868 4808 905 4870 de
929 4807 1042 4870 eisdem
1068 4807 1310 4892 quaestionibus,
1334 4830 1413 4890 quac
1437 4807 1487 4870 tio
1511 4821 1693 4886 tractantur,
1719 4807 1862 4872 m'delicet

216 4939 275 5000 quo
300 4917 368 4978 iure
391 4918 562 5000 antipapae
586 4939 750 5000 eorumque
774 4915 910 4978 asseclae
934 4928 962 4977 et
976 4915 1103 5000 fratres
1122 4915 1227 4976 rrerctri
1241 4913 1426 4991 damnandi,
1450 4937 1510 4997 quo
1534 4915 1603 4976 iure
1627 4938 1731 4976 eorum
1754 4939 1860 4978 saera-

216 5035 315 5084 rnenta
339 5021 500 5086 reicienda
523 5024 595 5101 sint,
619 5037 740 5086 strenue
757 5037 827 5085 tum
845 5021 1034 5106 disputatum
1053 5044 1126 5097 csse,
1146 5019 1288 5083 Gerbolii
1302 5043 1397 5104 opera
1414 5019 1531 5083 ibidem
1547 5022 1716 5105 coniposita
1741 5034 1769 5083 ct
1791 5021 1860 5084 dia-

172 5151 197 5190 so
216 5129 303 5212 laqus
326 5127 364 5191 de
380 5130 570 5215 paritificatn
593 5128 754 5192 Romanae
779 5129 925 5192 eeclesias
950 5141 1105 5190 testantur.
1142 5126 1282 5206 Accedit,
1307 5125 1392 5210 quod
1413 5150 1472 5189 non
1497 5127 1596 5189 solum
1620 5127 1744 5190 eaedem
1768 5152 1860 5212 quac-

215 5236 328 5297 stiones
352 5234 558 5315 disseruntur,
582 5235 639 5299 sed
660 5236 780 5298 similes
804 5236 969 5298 sententiae
986 5234 1154 5318 prodeunt,
1179 5257 1194 5296 e
1218 5234 1330 5318 quibus
1352 5257 1414 5296 urm
1433 5233 1576 5296 Gerbobi
1597 5233 1634 5297 de
1657 5237 1862 5298 sacramentis

215 5342 437 5406 baereticorum
464 5344 582 5428 opiru'o,
606 5369 626 5406 a
651 5357 763 5419 nostro,
795 5345 827 5405 si
856 5365 913 5404 uon
944 5341 989 5403 ad
1020 5342 1153 5419 corbum,
1178 5355 1210 5403 at
1234 5339 1400 5403 secu-ndum
1433 5353 1525 5403 totum
1556 5365 1644 5402 suum
1675 5343 1811 5427 ciqorem
1836 5357 1861 5405 et

216 5451 349 5535 riqorcm
374 5447 534 5534 adoptata,
560 5450 768 5534 permissionis
799 5448 983 5532 aequalibus
1004 5449 1140 5532 probata
1170 5450 1220 5526 sit,
1251 5449 1327 5531 quin
1351 5448 1442 5510 etiarn
1469 5447 1519 5510 bic
1544 5447 1613 5510 illic
1638 5447 1744 5512 eadem
1768 5472 1860 5534 arqu-

326 5703 354 5773 1)
378 5705 424 5762 De
448 5705 540 5761 codice
563 5705 604 5776 cf.
622 5705 734 5761 ‘Tabul
761 5703 942 5778 runcinuscript.
968 5703 995 5759 in
1020 5702 1081 5759 bibl.
1101 5703 1265 5760 Vindoban!
1289 5703 1329 5772 II,
1353 5722 1386 5777 p.
1410 5703 1562 5760 28—29.
