4396 6390
455 367 519 430 502
760 371 940 428 GERHOHI
963 369 1195 426 PRAEPOSITI
1219 368 1627 426 REICHERSBERGENSIS
1650 371 1817 426 LIBELLI.

275 584 433 636 areanae.
454 562 555 626 dietis.
603 560 725 623 Parum
749 559 869 644 quippe
894 569 950 622 aut
972 557 1072 622 nichil
1096 557 1249 621 differunt
1272 555 1314 620 ab
1338 556 1398 638 his,
1423 558 1479 642 qui
1502 557 1671 620 dixemnt:
1697 558 1814 638 Venite,
1839 557 2019 622 occidamur
2040 585 2088 628 eea

453 683 481 732 et
509 668 690 732 babebimus
720 665 920 729 hereditatem
950 667 1026 728 eine.
1073 662 1182 750 Atque
1212 664 1335 727 utinam
1365 663 1512 749 precium
1543 663 1711 748 sanguinis
1742 665 1812 728 eius
1843 665 2090 749 provenissetin

453 772 650 859 sepulturam
674 768 1101 856 pe1·eg1inorum,videlicet
1124 769 1157 832 in
1173 771 1320 855 requiem
1344 779 1376 833 et
1400 769 1652 833 consolationem
1675 769 1904 856 religiosorum
1929 792 2050 834 sursum
2067 775 2089 838 in

452 878 551 943 caelis
575 877 837 942 conversantium
862 875 968 941 ethic
992 877 1026 938 in
1042 887 1128 940 terra
1145 876 1431 961 peregrinantium,
1456 885 1542 940 esset
1565 875 1628 940 boc
1651 877 1763 963 utique
1787 898 1911 962 magna
1935 877 2090 944 consolatio

452 984 546 1049 nobie
575 982 729 1048 fratribus
761 982 868 1046 adbuc
899 980 1136 1068 superstitibus.
1183 981 1277 1046 Nunc
1308 993 1414 1046 autem
1444 981 1513 1046 sola
1540 981 1693 1067 hospitali
1716 982 1811 1047 domo
1836 991 1990 1068 excepta,
2014 1006 2111 1069 quani

452 1113 613 1178 pauperes
637 1089 768 1170 habent,
793 1089 903 1175 precio
928 1089 1095 1174 sanguinis
1120 1099 1153 1152 et
1175 1089 1286 1152 mortis
1311 1089 1380 1152 eius
1404 1087 1497 1151 ditati
1522 1099 1605 1169 sunt,
1630 1089 1686 1174 qui
1710 1111 1784 1152 eum
1808 1090 1936 1174 pariter
1955 1111 2027 1153 curn
2042 1094 2093 1176 epi·

453 1221 551 1284 scopo
576 1219 633 1261 suo
658 1197 887 1261 cruciaverunt
914 1194 1087 1259 mortiferis
1111 1194 1351 1276 vexationibus,
1376 1216 1514 1280 quorum
1536 1195 1685 1281 precipui
1709 1206 1783 1258 sunt
1806 1193 1974 1280 Sigsridus
1997 1218 2093 1282 prepo-

453 1305 542 1386 situs,
566 1304 774 1368 Hermannus
799 1299 967 1387 plebanus,
992 1301 1092 1364 frater
1115 1301 1184 1366 eius
1206 1279 1390 1383 fidalricus,
1407 1301 1521 1365 Tiemo
1545 1299 1804 1382 archidiaconus,
1830 1303 1887 1387 qui
1912 1300 2002 1387 quali
2025 1302 2095 1367 fans

452 1410 506 1474 vel
527 1411 635 1497 potius
659 1408 793 1473 infamia
818 1409 881 1471 sint
909 1406 1069 1471 notabiles
1098 1406 1223 1494 liquido
1254 1417 1478 1492 cognoscetur,
1510 1408 1537 1470 si
1560 1407 1659 1471 telem
1682 1429 1717 1470 se
1741 1407 1923 1471 ostenderit
1946 1407 2096 1473 Romanus

339 1541 434 1590 sees.
452 1516 610 1602 pontifex,
642 1527 678 1579 ut
707 1516 737 1578 ci
769 1513 969 1578 confidenter
998 1513 1064 1577 dici
1094 1515 1211 1599 possit:
1245 1513 1318 1578 Fili
1345 1516 1492 1594 bortrinis,
1516 1514 1601 1602 fode
1623 1517 1790 1599 parietem.
1845 1513 1933 1577 Nam
1963 1513 2128 1599 perfossos

452 1623 576 1709 pariete
607 1620 661 1685 illo
692 1622 779 1685 intus
808 1619 895 1684 luteo
925 1642 986 1684 nec
1010 1620 1088 1683 foris
1113 1618 1264 1684 dealbato
1288 1618 1493 1707 apparebunt
1522 1621 1663 1683 maiores
1692 1618 1988 1700 abhominationes,
2014 1643 2098 1705 quarn

452 1751 538 1792 nunc
563 1729 627 1791 sint
649 1737 834 1813 perpetrate
865 1727 898 1790 in
922 1726 1060 1790 duorum
1089 1726 1225 1790 fratrum
1255 1725 1342 1790 nulla
1366 1725 1462 1812 culpa
1491 1725 1682 1790 notabilium
1706 1724 1910 1812 depulsione.
1958 1726 2012 1790 De
2036 1749 2101 1813 qus,

452 1844 488 1898 ut
510 1834 655 1920 perfecte
679 1835 856 1919 peniteant,
881 1843 1030 1918 optamus
1054 1842 1086 1896 et
1110 1854 1249 1896 oramus.
1295 1833 1339 1896 Et
1367 1832 1499 1918 quidem
1528 1855 1615 1896 nunc
1646 1831 1747 1897 altero
1777 1833 1917 1896 fratrum
1946 1832 2101 1914 defuncto,

452 1951 485 2005 et
509 1941 593 2004 sicut
616 1940 800 2026 expositum
824 1949 883 2019 est,
908 1939 1027 2018 occiso,
1058 1937 1159 2002 altero
1182 1961 1260 2002 vero
1292 1935 1352 2002 sub
1383 1937 1496 2023 regula
1526 1938 1614 2002 beati
1636 1938 1812 2024 Augustini
1841 1937 1930 2025 apud
1954 1961 2015 2003 nos
2038 1939 2103 2003 reli-

452 2057 538 2133 gato,
558 2069 634 2118 ¹non
658 2057 707 2109 est
730 2047 786 2131 qui
809 2057 936 2131 repetat
958 2044 1012 2108 vel
1036 2044 1206 2108 decaniam
1229 2043 1282 2109 vel
1306 2044 1512 2109 canonicales
1539 2043 1734 2131 prebendas.
1780 2043 1949 2126 Attamen,
1975 2047 2033 2132 qui
2055 2069 2105 2110 eas
2121 2072 2141 2110 u

451 2155 607 2217 iniuriose
631 2151 842 2232 abstulerunt,
874 2152 1081 2236 sacrilegium
1104 2153 1335 2215 commiserunt
1357 2150 1522 2216 iudicante
1546 2173 1633 2237 papa
1657 2161 1688 2215 et
1711 2161 1854 2238 martyre
1879 2150 2032 2234 Calixt03
2057 2154 2106 2238 qui

452 2261 486 2323 in
510 2261 576 2323 suis
599 2259 740 2323 decretis
764 2259 846 2322 aitl:
872 2259 1044 2338 Berenice,
1062 2259 1244 2344 prebendae
1268 2273 1444 2344 ceteraeque
1466 2283 1517 2322 res
1539 2259 1709 2324 aecclesiae
1733 2260 1921 2323 elemosinae
1944 2275 2018 2323 sunt
2029 2260 2106 2346 fide·

453 2369 542 2446 iiam,
562 2369 672 2453 precio
688 2381 896 2452 peccatorum,
920 2365 1147 2450 redemptiones
1162 2368 1353 2445 err-imorum,
1371 2368 1572 2451 patrimon-io
1584 2390 1775 2452 pauperum,
1799 2391 1858 2451 que
1874 2370 1981 2454 protea
2006 2368 2110 2431 debeat

452 2476 568 2560 accipi,
595 2476 698 2559 pretia
729 2472 814 2551 dori,
842 2471 924 2536 erede
941 2495 1102 2558 pauperes
1121 2470 1244 2535 Christi
1261 2473 1358 2556 posci
1379 2472 1496 2552 debent,
1527 2497 1607 2557 pirae
1638 2473 1757 2558 iegibus
1787 2473 1897 2537 deberet
1925 2475 2064 2537 obtinere
2085 2489 2110 2537 et

452 2605 589 2667 cropore.
629 2579 715 2656 Quos
738 2581 797 2664 qui
819 2579 937 2665 lapibus
961 2577 1119 2641 obedienti
1139 2578 1303 2641 abstulerit
1321 2580 1495 2662 saerilepae
1511 2593 1539 2642 et
1553 2577 1654 2643 ludce
1665 2579 1833 2664 proditori
1852 2581 1975 2644 similis
1999 2581 2109 2644 babeo·
2125 2605 2148 2642 ιι

452 2701 511 2750 tur.
551 2685 617 2762 Qui
630 2709 702 2749 vero
719 2685 912 2748 inobedienti
926 2684 1093 2764 dimiserit,
1117 2684 1245 2747 bonoria
1268 2686 1323 2748 aei
1343 2708 1414 2747 reus
1433 2685 1599 2749 iudicetur.
1636 2681 1690 2748 Ab
1706 2684 1768 2748 hac
1793 2687 1957 2748 sententia
1972 2685 2110 2749 Romani

452 2791 614 2877 pontificis
638 2802 671 2854 et
694 2791 819 2875 egregii
842 2791 992 2876 martyris
1010 2788 1132 2854 calixti
1147 2811 1212 2852 non
1229 2788 1438 2870 discordabit,
1456 2791 1601 2876 quisquis
1618 2801 1667 2854 est
1689 2790 1742 2854 vel
1767 2793 1827 2855 erit
1852 2813 2027 2856 successor
2043 2793 2109 2855 eius

452 2897 625 2983 legitimus,
650 2895 755 2982 qualis
779 2906 849 2960 erat
872 2907 1004 2960 sanctae
1028 2896 1203 2960 memoriae
1228 2917 1314 2981 papa
1329 2895 1498 2980 Eugenius
1521 2896 1610 2978 mihi,
1634 2907 1671 2959 ιιι
1693 2908 1804 2961 notum
1821 2909 1879 2979 est,
1898 2897 2110 2962 clementissi·

452 3025 534 3085 mus,
559 3003 646 3088 quod
670 3002 776 3066 adhuc
800 3013 889 3088 patet
916 3025 958 3066 ex
981 3003 1096 3066 litteris
1127 3003 1229 3087 ipsius
1260 3002 1302 3065 od
1331 3025 1438 3066 meam
1467 3004 1664 3088 parvitatem
1690 3003 1941 3068 clementissime
1967 3004 2108 3069 directis.

452 3111 534 3173 Item
557 3109 670 3174 literae
694 3109 830 3173 aliorum
854 3109 1044 3194 pontificum
1068 3109 1286 3172 Romanorum
1303 3109 1494 3190 Innocentii,
1513 3107 1679 3190 Celestini,
1703 3109 1797 3173 Lucii
1821 3109 1863 3174 ad
1887 3123 1940 3174 me
1965 3110 2108 3175 directae
2125 3135 2148 3174 ιι

452 3218 529 3280 satis
553 3215 709 3297 indicant,
727 3226 849 3302 quanta
865 3214 1062 3300 dignationis
1087 3214 1284 3300 apostolicae
1309 3215 1481 3279 clementia
1503 3215 1551 3279 fui
1574 3214 1704 3280 habitus
1726 3215 1854 3280 illorum
1878 3227 2039 3304 tempore,
2057 3219 2109 3304 qui

451 3345 503 3386 me
527 3335 697 3404 noverunt,
722 3344 867 3410 quosque
893 3343 953 3407 ego
978 3323 1064 3386 novi.
1112 3321 1179 3385 Sed
1197 3320 1343 3384 Adriano
1366 3343 1463 3407 papa,
1489 3323 1544 3407 qui
1568 3344 1620 3385 me
1644 3345 1709 3386 non
1733 3324 1896 3408 cognovit,
1921 3324 2109 3410 presidente

452 3428 588 3493 traditus
619 3452 690 3492 sum
720 3431 754 3493 in
778 3451 892 3492 manus
921 3428 1072 3492 hostium.
1119 3427 1203 3491 Nam
1231 3426 1345 3492 literae
1369 3439 1499 3492 nostrae
1522 3451 1636 3492 verum
1660 3429 1881 3493 testimonium
1904 3432 2108 3496 continentes

363 3561 433 3602 ·r.as.
453 3546 566 3600 contra
588 3533 743 3599 domnum
767 3533 1007 3620 Augustensem
1031 3533 1233 3598 devenenrnt
1256 3535 1290 3597 in
1312 3557 1426 3598 manus
1451 3534 1611 3598 “eiusdem
1634 3534 1852 3620 Augustensis
1876 3559 1928 3600 me
1952 3561 2107 3625 meosque

452 3641 568 3729 fratres
592 3641 666 3705 odio
691 3638 851 3704 habentis.
899 3639 980 3719 Quis
1005 3640 1182 3703 earundem
1205 3639 1371 3704 literarum
1394 3640 1530 3704 traditor
1553 3641 1708 3705 fueritin
1732 3643 1832 3722 omia,
1863 3665 1929 3706 non
1954 3655 2005 3707 est
2032 3643 2107 3708 mihi
2124 3667 2147 3708 a

452 3758 573 3830 notum,
598 3746 657 3810 sed
680 3746 741 3810 boc
765 3747 843 3828 scio,
868 3746 955 3832 quod
979 3746 1117 3810 antehac
1140 3768 1307 3832 nunquam
1330 3746 1409 3810 mihi
1433 3748 1480 3811 sic
1504 3746 1633 3828 accidit,
1658 3769 1732 3812 cum
1755 3748 1898 3835 plurima
1920 3752 2106 3836 scripserim

453 3853 660 3939 pontificibus
676 3853 830 3917 Romanis
851 3875 903 3916 me
920 3851 1130 3938 diligentibus
1155 3863 1187 3916 et
1210 3851 1374 3917 tuentibus
1391 3863 1505 3917 contra
1520 3875 1610 3918 meos
1628 3853 1843 3936 adversarios,
1861 3854 1975 3941 quales
1991 3855 2107 3920 multos

453 3959 552 4024 habui
576 3970 704 4023 certans
728 3981 786 4045 pro
809 3959 882 4044 lege
899 3958 974 4040 Dei,
999 3960 1141 4022 maxime
1165 3959 1199 4021 in
1222 3958 1423 4045 temporibus
1447 3961 1634 4024 scismatum
1650 3960 1788 4025 Burdini
1812 3971 1844 4026 et
1867 3963 1959 4027 Petri
1977 3962 2106 4042 Leonis,

453 4088 473 4129 a
496 4089 632 4152 quorum
655 4065 836 4129 fautoribus
859 4064 960 4128 multa
984 4067 1147 4129 contraria
1170 4066 1317 4148 sustinui,
1343 4065 1400 4130 sed
1423 4067 1557 4131 iuvante
1581 4067 1687 4152 gratia
1709 4067 1775 4131 Dei
1799 4079 1896 4154 atque
1920 4079 2034 4133 tuente
2057 4091 2106 4132 me

453 4172 650 4258 ap0stolicae
674 4172 760 4235 sedis
784 4172 975 4236 auctoritate
999 4193 1073 4234 cum
1097 4182 1210 4235 sancta
1234 4183 1266 4235 et
1289 4173 1322 4235 in
1339 4183 1451 4237 sancta
1474 4172 1635 4236 aecclesia
1657 4174 1855 4260 triumphavi
1880 4186 1912 4239 et
1936 4175 2045 4240 adhuc
2068 4175 2106 4239 de
2124 4199 2147 4239 ιι

338 4304 374 4344 m.
383 4305 403 4353 ι,
412 4304 432 4343 2.
453 4280 641 4342 imminente
672 4279 823 4342 scismate
858 4278 1056 4363 triumphum
1086 4300 1192 4363 spero,
1227 4276 1304 4342 licet
1338 4277 1543 4365 multiplicati
1573 4280 1637 4342 sint
1667 4281 1723 4365 qui
1752 4303 1840 4345 nunc
1869 4279 2029 4346 tribulant
2058 4303 2107 4346 me

373 4384 599 4450 medicantes
623 4385 750 4448 animae
775 4406 883 4448 meae:
908 4385 980 4448 Non
1006 4399 1050 4448 est
1070 4386 1158 4448 sclua
1181 4387 1215 4449 in
1240 4385 1308 4449 Deo
1331 4389 1407 4450 ciue.
1444 4385 1534 4448 Inter
1557 4408 1638 4471 quos
1662 4385 1708 4449 illi
1732 4387 1865 4478 gravius
1890 4411 1942 4452 me
1966 4386 2106 4468 turbant,

454 4492 509 4575 qui
538 4490 703 4554 hominem
733 4501 934 4575 assrrmptum
963 4492 999 4553 in
1021 4490 1131 4553 Deum
1160 4500 1284 4576 negant
1313 4492 1359 4554 sic
1391 4491 1579 4572 exaltatum,
1608 4502 1643 4555 ut
1673 4493 1706 4555 in
1729 4492 1899 4578 republica
1926 4495 1977 4557 sui
2001 4494 2107 4558 Patris

452 4595 636 4660 dominetur
652 4619 755 4683 aeque
771 4606 930 4682 potenter,
947 4608 982 4660 ut
1005 4597 1076 4682 ipse
1091 4597 1191 4660 Pater
1214 4597 1294 4679 eius,
1319 4619 1401 4683 eque
1426 4598 1629 4682 omnipotens
1652 4599 1686 4661 in
1701 4609 1839 4685 utraque
1863 4610 1980 4664 natum
1997 4600 2109 4665 divina

452 4712 484 4765 et
507 4701 658 4784 hmnana,
684 4725 757 4766 cum
781 4705 823 4767 sit
845 4703 1014 4788 utriusque
1044 4713 1181 4766 naturae
1211 4725 1277 4767 una
1306 4714 1339 4767 et
1368 4703 1510 4782 indivisa
1540 4703 1653 4789 gloria,
1682 4728 1847 4792 unumque
1879 4705 2108 4772 dominationis
2126 4731 2151 4770 ιι

275 4835 432 4884 arnseo.
451 4813 570 4872 nomen
592 4807 694 4873 verbo
724 4810 881 4890 innatum,
904 4808 971 4872 'sed
1001 4809 1123 4873 homini
1148 4808 1268 4891 datum,
1293 4831 1389 4896 quem
1413 4810 1505 4874 Deus
1529 4810 1696 4894 exaltavit,
1729 4822 1762 4876 et
1790 4811 1880 4876 dedit
1910 4812 1956 4876 illi
1979 4837 2108 4892 nomen,

452 4913 540 4999 quod
557 4925 606 4978 est
629 4937 726 5000 super
742 4938 836 4979 omne
859 4937 987 4980 nomen.
1026 4916 1079 4979 De
1099 4938 1163 5002 quo
1186 4917 1316 4980 nomine
1339 4918 1442 5003 ipsius
1466 4918 1572 5001 gratia
1594 4918 1735 5000 favente,
1761 4919 1852 4983 cuius
1876 4919 2014 5005 gloriam
2037 4943 2109 5007 pre-

452 5020 609 5103 dicamus,
640 5022 765 5107 psalmo
790 5023 938 5107 sequenti
962 5023 1189 5108 proposuimus
1214 5022 1387 5108 agendum,
1418 5032 1514 5108 prout
1543 5025 1613 5109 ipse
1644 5046 1703 5110 per
1726 5047 1777 5089 me
1800 5024 1972 5111 indignum
1996 5027 2109 5113 digna-

452 5124 540 5190 bitur
563 5127 740 5192 clarificare
764 5151 884 5193 nomen
907 5151 1010 5191 suum.

563 5331 591 5402 1)
616 5331 682 5389 Noe
706 5332 808 5389 inveni.
858 5330 906 5402 Of.
930 5331 1040 5388 Urbani
1061 5332 1085 5388 I.
1111 5351 1154 5407 ep.
1180 5351 1203 5388 c.
1222 5331 1251 5401 4,
1276 5332 1318 5388 ed.
1336 5331 1491 5390 Hirescbiea
1508 5353 1541 5409 p.
1562 5334 1633 5391 144.

1147 5575 1413 5583 Ἥ-
