4396 6390
445 393 510 455 472
740 398 919 455 GERHOHI
942 399 1177 456 PRAEPOSITI
1200 399 1609 456 REICHERSBERGENSIS
1632 400 1798 456 LIBELLI.

445 585 486 652 ob
518 586 579 650 hoc
611 596 685 650 sunt
715 585 900 650 eradicatae
932 608 970 650 ac
1001 585 1120 650 iudicio
1150 586 1298 672 synodali
1322 585 1528 672 dampnatas,
1554 587 1630 673 quia
1654 586 1748 651 simul
1774 585 1939 652 cumillis
1964 586 2096 651 triticum

444 715 509 756 non
532 693 636 778 potuit
660 713 818 756 crescere.
866 691 964 757 Secta
987 714 1065 755 vero
1090 693 1281 757 clericorum
1310 692 1369 756 sub
1394 692 1482 757 nulla
1506 692 1619 778 regula
1643 692 1696 758 vel
1719 691 1870 779 synodali
1894 691 1950 756 vel
1975 691 2095 756 cenobi-

444 799 501 862 tali
524 799 704 862 viventium
735 797 819 862 falce
851 798 1029 884 apostolica
1059 798 1221 862 multoties
1252 800 1417 863 invenitur
1446 809 1569 884 putata,
1599 821 1641 862 ex
1672 822 1736 885 quo
1766 809 1897 885 tempus
1928 799 2095 884 putationis

444 905 593 986 advenit;
625 906 703 990 quia
733 905 908 968 enormitas
937 906 1078 968 vestium
1109 917 1142 968 et
1172 915 1353 970 ceterarum
1385 905 1667 971 exordinationum
1699 904 1839 970 decretis
1871 903 2096 990 apostolicisa

444 1009 562 1075 talibus
586 1020 761 1075 resecatur.
810 1010 876 1076 Sed
900 1012 962 1074 nisi
986 1013 1113 1097 penitus
1138 1010 1332 1093 eradicetur,
1357 1023 1389 1076 et
1413 1011 1527 1097 regula
1549 999 1604 1076 illa
1628 1013 1758 1076 minime
1783 1012 1962 1090 autentica,
1987 1011 2119 1096 inques

444 1116 635 1202 gloriantur,
660 1118 790 1182 omnino
820 1117 1085 1204 condempnetur,
1117 1116 1236 1182 bonum
1268 1141 1379 1182 semen
1410 1117 1596 1203 regularum
1624 1129 1809 1182 sanctarum
1835 1127 2094 1203 atpaternarom

443 1222 652 1288 traditionum
676 1225 863 1289 suffocatur.
904 1223 996 1305 Quae
1021 1223 1161 1311 denique
1185 1226 1363 1290 necessitas
1388 1234 1437 1288 est
1460 1225 1493 1288 in
1517 1225 1682 1311 precipuis
1707 1235 1738 1288 et
1761 1221 1955 1288 matricibus
1980 1222 2094 1286 aeccle-

445 1331 500 1393 siis
524 1330 668 1416 profiteri
692 1330 824 1412 clamm,
850 1354 884 1394 se
909 1341 1110 1395 servaturum
1135 1331 1280 1416 regulam
1304 1333 1338 1394 in
1362 1331 1452 1394 curia
1475 1332 1561 1417 regis
1586 1329 1776 1395 conflatam:
1801 1353 1887 1417 quae
1913 1329 1993 1394 dum
2018 1331 2094 1393 sanis

444 1448 572 1522 patrum
596 1436 751 1502 doctrinis
776 1450 825 1501 est
848 1438 1036 1502 intermixta
1060 1449 1092 1501 ιι
1115 1438 1243 1502 modico
1268 1436 1388 1523 regalis
1414 1438 1633 1501 concessionis
1648 1437 1807 1501 fermento
1825 1445 1992 1521 corrupta,
2011 1437 2094 1520 quasi

265 1568 424 1617 ιιιιιιιιιι.
445 1544 555 1607 vinum
579 1543 655 1608 felle
680 1545 827 1626 mixtum,
853 1543 940 1630 quod
964 1565 1037 1608 cum
1062 1553 1223 1629 gustasset
1247 1544 1407 1608 Dominus
1431 1543 1533 1608 noluit
1557 1542 1680 1624 bibere,
1713 1545 1782 1608 sine
1806 1541 1910 1608 dubio
1935 1553 1986 1606 est
2009 1564 2095 1627 repu-
2111 1568 2131 1606 ιι

444 1649 565 1714 dianda
595 1673 718 1736 suoque
747 1652 876 1715 nomine
901 1649 1077 1736 privanda3
1108 1673 1149 1713 ne
1173 1649 1327 1714 videlicet
1349 1651 1535 1714 nominetur
1558 1651 1717 1714 canonica
1740 1649 1863 1734 regola,
1889 1669 1977 1735 quae
2003 1649 2096 1712 sacris

444 1755 623 1820 canonibus
647 1757 810 1821 invenitur
834 1757 1005 1836 contraria,
1031 1768 1064 1819 et
1087 1767 1136 1820 est
1158 1757 1192 1819 in
1209 1756 1348 1821 decretis
1361 1755 1487 1821 Urbani
1511 1779 1616 1842 papae
1641 1767 1672 1819 et
1696 1757 1847 1842 martyris
1872 1755 2008 1819 omnino
2031 1777 2096 1840 pre-

359 1887 423 1936 nso.
443 1862 628 1949 dampnata.
677 1861 758 1926 Cum
790 1864 877 1926 enim
908 1864 967 1926 iste
998 1863 1135 1948 insignis
1166 1873 1290 1949 martyr
1319 1865 1512 1927 auctoritate
1543 1861 1722 1948 apostolica
1745 1863 1811 1926 suis
1837 1861 1981 1925 decretis
2006 1859 2098 1924 rebus

443 1969 622 2033 aecclesiae
652 1969 759 2054 legem
791 1966 963 2048 describat,
995 1968 1174 2033 secundum
1198 1991 1297 2055 quam
1326 1991 1382 2033 eas
1414 1968 1651 2055 dispensandas
1683 1990 1754 2032 esse
1785 1979 1923 2048 constat,
1947 1966 2099 2030 videlicet

443 2074 570 2139 clericis
594 2077 757 2139 communi
781 2076 849 2139 vita
871 2073 1057 2139 viventibus
1081 2087 1113 2138 et
1138 2076 1255 2139 ceteris
1278 2075 1488 2161 pauperibus,
1519 2075 1638 2140 nullius
1669 2075 1823 2138 momenti
1847 2083 1897 2137 est
1925 2072 2047 2159 regalis
2070 2084 2101 2136 et
2117 2095 2139 2135 ιι

442 2180 566 2246 laicalis
590 2191 733 2268 potestas
758 2181 800 2246 ad
824 2181 1031 2246 statuendum
1056 2182 1229 2245 contraria.
1270 2181 1365 2262 Quia,
1383 2192 1417 2245 ut
1434 2181 1637 2267 Symachus⁸
1653 2203 1740 2267 papa
1763 2182 1830 2244 suis
1854 2180 1999 2245 decretis
2016 2179 2100 2243 affir-

442 2298 510 2352 mat
520 2293 541 2370 ¹,
574 2290 667 2354 laicis
698 2293 842 2375 queraris
872 2291 1043 2375 rela'pa'oer‘a,
1072 2289 1163 2352 nialla
1189 2313 1324 2374 anquam
1349 2291 1462 2376 lepr'tar
1485 2291 1634 2353 attributa
1650 2288 1798 2375 factrltaa
1828 2290 1862 2351 a'a
1892 2287 2102 2374 dt'spoaeads's

443 2397 706 2460 aecclesiasticis?
728 2394 842 2458 Fuerit
857 2416 945 2479 erge,
971 2395 1054 2457 sicut
1076 2393 1188 2474 fertur,
1211 2395 1284 2480 pius
1304 2405 1498 2480 agnomento
1522 2405 1555 2458 et
1578 2415 1612 2458 re
1629 2393 1682 2457 ille
1699 2394 1876 2479 imperator
1890 2393 2100 2473 Ludewicus,

442 2503 499 2588 qui
522 2524 574 2564 res
599 2502 755 2588 cuiusque
780 2502 923 2565 matricis
947 2500 1127 2564 aecclesiae
1153 2502 1315 2564 communi
1338 2502 1406 2564 vita
1429 2499 1615 2564 viventibus
1640 2511 1671 2562 et
1694 2497 1895 2585 pauperibus
1921 2497 2101 2562 destinatas

443 2606 594 2672 distribui
618 2608 779 2671 concessit
802 2605 958 2670 divitibus
983 2605 1077 2670 etde
1102 2629 1160 2670 suo
1185 2605 1459 2670 habundantibus.
1505 2605 1612 2670 Pluris
1630 2616 1701 2669 est*
1716 2603 1795 2669 mibi
1820 2605 2000 2669 auctoritas
2025 2626 2100 2689 apo·
2118 2627 2142 2666 ιι

344 2737 375 2777 ·.
410 2739 423 2776 ι
443 2713 558 2777 stolica
580 2714 614 2776 in
632 2712 786 2776 ‘decretis
803 2711 929 2776 Urbani
947 2735 1052 2798 papae
1071 2734 1109 2776 ac
1126 2713 1277 2798 martyris
1301 2712 1341 2776 de
1366 2710 1463 2776 rebus
1487 2711 1720 2776 aecclesiarum
1745 2712 1823 2775 satis
1847 2710 2023 2775 evidenter
2045 2733 2100 2774 ex-

442 2841 556 2906 pressa
580 2829 611 2883 et
635 2817 695 2883 sub
719 2820 965 2905 interpositione
989 2818 1229 2905 dampnationis
1252 2820 1299 2882 ita
1320 2818 1459 2899 firmata,
1479 2829 1514 2881 ut
1536 2817 1625 2900 nulli,
1649 2839 1690 2882 ne
1715 2817 1823 2882 dicam
1845 2817 2018 2898 laicorum,
2044 2817 2102 2881 sed

442 2947 504 2990 nec
528 2927 756 3012 episcoporum
787 2927 828 2989 sit
857 2924 995 2989 liberum
1026 2927 1153 2990 statutis
1184 2927 1253 2988 eius
1284 2923 1408 3010 aliquid
1432 2925 1630 2989 contrarium
1658 2934 1809 2989 statuere.
1855 2923 1933 3009 Ipse
1958 2922 2100 3009 denique

442 3031 484 3096 de
508 3033 703 3118 presignatis
727 3030 825 3096 rebus
850 3031 1030 3096 aecclesiae
1055 3031 1149 3096 aliter
1172 3055 1269 3119 quam
1292 3031 1362 3116 ipse
1387 3030 1544 3094 describit
1567 3028 1750 3114 agentibus,
1774 3029 1932 3094 iudicium
1948 3029 2100 3093 Ananiae

443 3149 475 3202 et
499 3137 657 3224 Saphirae
687 3139 825 3202 intentat
856 3161 929 3202 cum
953 3148 1042 3202 tanto
1066 3138 1306 3224 dampnationis
1329 3137 1484 3222 pondere,
1509 3148 1544 3201 ut
1567 3135 1654 3223 quod
1685 3135 1731 3200 illi
1761 3158 1819 3222 pro
1850 3134 2100 3200 defraudatione
2117 3159 2140 3198 ιι

442 3267 549 3309 rerum
580 3244 693 3308 talium
717 3245 805 3330 passi
829 3256 903 3308 sunt
933 3244 966 3307 in
991 3266 1136 3330 corpore,
1168 3265 1325 3330 sequaces
1356 3265 1467 3307 eorum
1498 3245 1663 3330 patiantur
1691 3244 1727 3306 in
1750 3243 1868 3324 anima,
1894 3243 1990 3306 cuius
2014 3263 2100 3306 mors

443 3363 544 3414 morte
576 3351 720 3436 corporis
752 3352 855 3435 magis
887 3361 935 3414 est
964 3349 1126 3436 pavenda.
1172 3351 1337 3414 Premissa
1368 3350 1455 3414 enim
1479 3350 1723 3414 confirmatione
1748 3349 1930 3413 communis
1953 3350 2044 3412 vitae
2068 3349 2099 3411 in

443 3457 530 3521 clero
553 3479 614 3542 per
636 3457 788 3520 matrices
813 3457 988 3520 aecclesias
1009 3467 1189 3541 atempore
1214 3455 1432 3542 apostolorum
1449 3477 1551 3542 usque
1576 3455 1619 3520 ad
1635 3479 1694 3520 sua
1710 3465 1857 3541 tempora
1873 3467 2098 3534 conservatae,

443 3585 541 3649 quam
565 3572 597 3629 et
620 3563 736 3626 futuris
760 3585 889 3648 semper
912 3561 1111 3648 temporibus
1139 3561 1279 3626 affirmat
1309 3563 1342 3625 in
1367 3564 1413 3626 eis
1438 3561 1704 3644 conservandam,
1730 3560 1892 3626 derebus
1917 3560 2098 3625 aecclesiae

230 3676 407 3764 [Constituto
444 3668 500 3733 dat
523 3670 717 3733 sententiam
739 3670 877 3733 inomni
902 3668 1061 3734 aecclesia
1086 3668 1280 3732 servandam
1304 3679 1336 3732 et
1358 3669 1391 3732 in
1415 3667 1504 3732 nulla
1526 3691 1641 3754 regum
1665 3669 1755 3732 curia
1778 3667 1980 3732 mutandam.
2018 3667 2098 3754 Ipse,
2115 3691 2137 3730 ιι

212 3751 425 3872 Elglr’eafflsfflffle
444 3776 549 3861 inquit
558 3781 579 3857 ²,
606 3801 656 3841 res
678 3778 877 3863 salapittarum
894 3777 1142 3862 parrochiarum
1168 3777 1201 3838 a'a
1226 3775 1344 3840 ditione
1367 3778 1594 3862 episcoporum,
1619 3779 1678 3862 qai
1699 3777 1798 3840 locam
1822 3789 1924 3840 teneat
1945 3775 2097 3860 apostolo·

282 3889 358 3956 siaa]
443 3907 524 3963 ram,
548 3897 638 3947 erant
660 3898 688 3948 at
709 3897 782 3946 suat
803 3907 899 3968 traque
922 3883 1036 3961 addae,
1060 3897 1088 3946 et
1102 3883 1232 3970 futario
1261 3906 1382 3968 seraper
1406 3883 1514 3946 debeat
1537 3907 1600 3946 esse
1624 3883 1831 3968 teoaporr'bns:
1856 3905 1872 3945 e
1895 3882 2013 3966 quibua
2036 3884 2097 3967 rpi-

442 3992 535 4075 aoopr‘
554 4003 583 4054 et
596 3989 712 4075 fidelos
736 3989 966 4074 dispensatores
990 4012 1094 4052 eorum
1119 3990 1261 4052 omnibns
1277 4011 1465 4052 cora-manem
1482 3990 1579 4052 citum
1596 3989 1704 4074 clepere
1729 3989 1900 4052 colentibus
1916 3989 2097 4051 miarirtrare

443 4109 553 4159 coacta
576 4098 754 4160 necessaria
779 4096 897 4175 debeat,
914 4109 1014 4181 prout
1036 4096 1148 4158 melias
1164 4097 1337 4181 potueriat,
1361 4109 1394 4158 ut
1416 4118 1503 4158 nerao
1528 4097 1561 4157 ia
1585 4097 1630 4158 eis
1654 4119 1743 4180 aperta
1766 4096 1956 4158 inveniatur.
2004 4094 2098 4180 Ipse³

444 4204 526 4265 ear'rn
549 4226 599 4266 res
614 4201 764 4289 fidelium
796 4202 966 4266 oblationes
997 4202 1209 4287 appellantur,
1240 4203 1317 4285 qaia
1340 4200 1478 4264 Domino
1509 4202 1691 4286 offe-roratur.
1739 4199 1812 4263 Noa
1835 4223 1908 4288 erpo
1933 4200 2044 4264 debent
2065 4201 2096 4263 in
2113 4219 2135 4261 ιι

443 4309 526 4372 alios
543 4332 626 4388 usas,
650 4333 744 4393 quota
761 4309 986 4372 ecclesiasticos
1010 4321 1038 4372 et
1052 4307 1271 4393 predictorum
1291 4307 1534 4370 christianorum
1550 4307 1699 4395 fratrum
1723 4308 1773 4370 ccl
1794 4305 2003 4394 r'adt'peatr'am
2029 4331 2096 4370 coa-

443 4415 534 4494 oertr',
565 4417 641 4498 quia
672 4429 742 4478 vota
765 4428 837 4477 suat
851 4415 1002 4501 fideliam
1025 4428 1053 4478 et
1070 4415 1184 4499 precia
1200 4427 1402 4499 peccatorum
1426 4426 1516 4497 atque
1544 4412 1589 4476 ad
1603 4411 1785 4497 predictam
1808 4436 1887 4498 opus
1909 4411 2096 4498 capienda-ra

444 4520 582 4584 Domino
605 4521 729 4585 tradite.
778 4519 819 4585 Si
840 4523 912 4606 qais
935 4535 1047 4600 autem,
1072 4520 1157 4605 quod
1179 4520 1280 4583 obsit!
1299 4543 1387 4582 aecus
1410 4521 1515 4605 aperit,
1540 4518 1654 4598 videat,
1678 4542 1716 4582 ae
1739 4518 1994 4604 darnpaatr'oaern
2010 4519 2095 4582 Aac·

443 4628 517 4689 aias
540 4639 568 4689 et
591 4623 749 4712 Sapfir'roa
769 4629 931 4712 percrpiat
953 4641 981 4690 ct
1002 4651 1074 4690 reas
1096 4627 1264 4712 sacrilegii
1283 4625 1455 4712 efficiatur.

358 4755 424 4808 (ιιι).
549 4731 622 4795 Ηιι
647 4731 775 4796 dicente
800 4742 911 4796 sancto
928 4730 1063 4796 Urbano
1086 4730 1141 4795 lex
1165 4731 1271 4817 posita
1294 4741 1343 4793 est
1373 4729 1616 4794 aecclesiastico
1648 4728 1808 4815 stipendio
1840 4751 1882 4792 ex
1906 4729 2096 4815 apostolico·
2113 4753 2137 4790 ιι

443 4859 514 4901 rum
539 4847 669 4901 actuum
693 4837 868 4924 principali
891 4837 1058 4924 exemplo:
1084 4836 1262 4901 secundum
1279 4858 1377 4922 quam
1401 4836 1507 4921 legem
1524 4837 1579 4922 qui
1596 4836 1757 4901 voluerint
1781 4845 1814 4899 et
1835 4837 2002 4922 potuerint
2018 4835 2096 4900 mili-

444 4953 512 5007 tare
544 4944 694 5030 accipere
726 4942 846 5008 debent
877 4943 1074 5030 stipendium
1105 4965 1183 5006 suae
1214 4941 1364 5006 miliciae.
1414 4942 1499 5022 Quia
1527 4965 1605 5006 vcro
1635 4965 1701 5006 non
1731 4964 1843 5006 omnes
1873 4943 2008 5028 capiunt
2038 4942 2097 5007 boc

443 5049 590 5133 verbum,
615 5060 651 5114 ut
674 5051 854 5114 communis
877 5052 965 5114 vitae
990 5048 1149 5136 simulque
1174 5050 1391 5112 continentiae
1416 5050 1617 5135 propositum
1646 5048 1769 5112 nemini
1798 5071 1858 5134 per
1880 5047 2043 5112 violentas
2067 5059 2098 5112 ιι

443 5157 572 5241 iniquas
604 5157 756 5242 angarias
786 5154 1019 5242 imponendum
1050 5165 1164 5241 sponte
1195 5156 1353 5241 arripiant
1384 5157 1439 5242 qui
1471 5165 1699 5241 computantur
1727 5155 1761 5217 in
1785 5153 1882 5236 clero,
1913 5154 2097 5219 huiusmodi

444 5284 572 5347 quoque
596 5261 767 5349 fragilibus
791 5262 970 5348 apostolica
993 5261 1145 5325 discretio
1171 5260 1411 5342 condescendit,
1437 5283 1510 5325 cum
1534 5259 1648 5325 beatus
1671 5283 1758 5346 papa
1783 5257 1963 5346 Gregorius
1986 5261 2097 5347 Augu·
2114 5281 2138 5322 ιι

444 5368 527 5431 stino
543 5366 723 5454 Anglorum
741 5369 894 5454 episcopo
911 5367 1067 5448 scribens,
1092 5376 1263 5453 postquam
1279 5367 1426 5452 regulam
1441 5369 1528 5432 ritae
1553 5367 1732 5432 communis
1756 5389 1776 5430 a
1798 5367 1920 5432 sanctis
1944 5367 2097 5454 apostolis

552 5564 578 5628 a)
600 5568 770 5632 symmachus
791 5566 825 5618 Β.
898 5563 926 5628 b)
948 5567 1014 5616 mibi
1033 5572 1074 5617 est
1092 5565 1125 5616 Β.

555 5726 583 5797 1)
603 5726 708 5786 Concil-
725 5728 807 5786 Rom.
826 5749 848 5786 c.
868 5729 896 5798 3,
923 5728 1032 5799 Marsi,
1048 5726 1116 5786 Uolt.
1134 5747 1210 5785 conc.
1225 5728 1306 5800 VIII,
1324 5730 1373 5786 col.
1393 5728 1472 5797 268;
1496 5728 1536 5799 cf.
1555 5729 1829 5806 Litelt.1,p.596.
1899 5727 1931 5803 2)
1949 5730 2096 5788 UrbaaiI.

446 5833 524 5909 epist.
549 5834 573 5904 I,
599 5854 621 5890 o.
641 5834 669 5905 3,
695 5834 848 5893 ffiascfiius
865 5855 899 5910 p.
916 5834 987 5891 144.
1080 5833 1110 5904 3)
1135 5833 1210 5891 laid.
1235 5854 1258 5892 c.
1276 5835 1306 5891 4.
