4544 6420
517 357 692 412 ARNULFI
715 355 914 412 SAGIENSIS
937 355 1227 412 ARCHIDIACONI
1249 356 1474 412 INVECTIVA.
1780 348 1819 410 91

167 545 397 630 cpiscoporum
422 553 499 606 nota
523 543 691 622 severitas,
716 541 790 606 hinc
815 543 1067 628 Burdegalensis
1091 543 1329 629 archiepiscopi
1354 553 1505 628 suspecta
1528 541 1696 628 pretati01,
1725 563 1822 628 quem

168 649 241 715 loco
266 650 425 714 confinem
450 660 507 713 tua
530 672 594 712 non
618 671 747 735 semper
770 661 892 735 opera*
916 649 1117 714 fefellissent.
1163 648 1309 714 Ambitio
1341 672 1470 735 qnoque
1494 661 1550 712 tua
1574 649 1667 734 quasi
1690 647 1822 735 quibus-

169 757 246 822 dam
270 756 332 820 sibi
358 767 503 821 coartata
526 754 701 820 videbatur
723 757 891 841 angustiis,
922 755 1000 820 dum
1030 756 1142 821 fauces
1172 767 1245 820 tuas
1276 757 1371 819 unius
1399 756 1607 842 episcopatus
1631 754 1734 840 spolia
1757 777 1822 820 non

169 863 351 950 implerent.
399 863 449 926 Ac
473 864 500 926 si
524 885 601 948 ergo
626 863 734 926 omnia
763 863 797 926 in
829 863 1018 948 episcopatu
1049 875 1103 928 tuo
1134 863 1325 948 compositio
1356 862 1453 948 plena
1476 862 1647 942 limrasset,
1678 860 1822 947 nihilque

135 972 248 1035 anovi
272 971 379 1056 operis
404 993 499 1034 casus
523 969 664 1048 afferret,
695 969 842 1048 effecisti,
874 981 909 1032 ut
933 970 1075 1055 quinque
1100 967 1458 1055 archiepiscopatibus²
1481 968 1640 1054 singulari
1662 977 1822 1054 potestate

171 1099 319 1163 preesses
343 1089 375 1140 et
399 1077 431 1139 in
457 1077 536 1162 ipsis
561 1077 649 1140 vices
674 1075 812 1138 Romani
835 1075 998 1161 pontificis
1023 1098 1206 1140 exerceres.
1253 1075 1291 1138 ln
1315 1099 1389 1161 quo,
1417 1074 1505 1161 quod
1528 1075 1695 1138 Romanae
1719 1073 1822 1139 eccle·

171 1186 239 1247 siae
264 1193 446 1269 surreptum
471 1195 529 1263 est,
561 1204 624 1245 non
656 1180 753 1244 credo
784 1180 943 1261 mirabile,
975 1184 1002 1245 si
1029 1183 1062 1246 in
1086 1193 1176 1246 tanta
1199 1183 1404 1266 negotiorum
1427 1180 1644 1262 multitudine,
1674 1183 1822 1246 intanto

171 1289 315 1376 pondere
340 1311 448 1353 rerum
472 1291 598 1353 animus
630 1287 790 1352 humanus
821 1286 995 1374 aliquando
1026 1289 1167 1370 fatiscat,
1200 1312 1274 1353 cum
1303 1310 1368 1352 non
1399 1289 1440 1352 sit
1470 1288 1664 1374 spirituumb
1695 1309 1823 1374 semper

171 1407 262 1461 certa
292 1396 454 1472 discretio,
486 1417 546 1481 per
575 1417 673 1481 quam
704 1393 868 1458 fallacium
891 1407 1040 1458 votorum
1065 1395 1277 1481 compellatur
1299 1395 1476 1480 indignitas
1501 1407 1532 1458 et
1558 1395 1669 1458 'rectis
1693 1392 1822 1458 debitus

125 1503 394 1570 incommodatur
417 1525 579 1566 assensus.
627 1501 696 1566 Nec
720 1501 960 1565 inconsiderate
984 1513 1103 1582 tamen,
1129 1511 1286 1588 quantum
1309 1501 1450 1566 humana
1474 1503 1578 1587 potuit
1601 1501 1726 1565 ratione
1750 1523 1823 1586 per·

171 1609 281 1696 pendi,
306 1610 479 1676 commissa
503 1609 562 1672 tibi
586 1621 635 1672 est
659 1609 786 1695 quesita
809 1607 939 1693 legatio.
974 1607 1198 1672 Estimabatur
1221 1609 1352 1694 quippe,
1378 1607 1466 1694 qnod
1488 1609 1522 1670 in
1546 1608 1734 1694 episcopum
1758 1630 1822 1672 non

171 1718 266 1780 sortis
291 1727 443 1796 eventu‘',
468 1716 526 1779 sed
550 1717 674 1779 ratione
691 1727 856 1800 promotus
873 1714 1000 1798 fuisses,
1025 1737 1086 1780 nec
1103 1715 1279 1780 verisimile
1295 1713 1478 1796 videbatur,
1502 1713 1590 1800 quod
1614 1715 1646 1776 in
1663 1713 1822 1778 electione

171 1837 227 1888 tua
258 1823 390 1904 elerum,
421 1823 613 1909 principem,
645 1822 800 1909 populum
811 1827 832 1900 ³,
863 1823 896 1886 in
928 1823 1168 1886 examinatione
1199 1833 1255 1886 tna
1286 1823 1508 1907 coepiscopos,
1540 1819 1822 1906 archiepiscopum

172 1930 318 1994 eiusdem
343 1931 465 1994 cecitas
487 1929 701 2016 implicuisset
725 1931 853 1994 erroris.
900 1929 952 1992 De
984 1928 1136 2015 operibus
1168 1951 1298 2015 quoque
1328 1931 1391 1993 tuis
1415 1927 1495 1992 nihil
1519 1927 1625 1992 adhuc
1650 1928 1822 2013 quisquam

126 2063 152 2103 rs
170 2038 337 2101 Romanus
361 2036 519 2118 andierat,
544 2059 626 2123 qnae
650 2037 795 2100 finitimis
820 2047 852 2100 et
875 2038 1017 2118 remotis,
1042 2035 1091 2099 his
1117 2036 1247 2122 quidem
1272 2047 1379 2100 astuta
1403 2033 1626 2114 dissimulatio,
1658 2033 1720 2097 illis
1744 2055 1823 2096 vero

171 2144 316 2209 locorum
341 2143 495 2208 distantia
518 2143 700 2207 nullatenus
725 2165 796 2208 esse
820 2153 897 2207 nota
921 2142 1058 2207 sinebat.
1105 2142 1159 2207 Ad
1183 2165 1352 2224 summam,
1377 2165 1418 2206 ne
1437 2143 1568 2207 veritati
1592 2141 1767 2226 derogetur
1788 2140 1823 2202 in

172 2250 298 2337 aliquo:
330 2251 435 2314 inerat
466 2249 525 2314 tibi
556 2252 645 2314 circa
674 2249 836 2334 gerendas
867 2273 919 2314 res
950 2261 1027 2314 nota
1057 2249 1220 2330 discreti0,
1252 2273 1350 2336 quam
1380 2249 1519 2335 plurima
1543 2270 1620 2312 sane
1643 2247 1823 2311 litterarum

173 2359 310 2422 scientia
334 2356 548 2436 confirmaret,
573 2369 605 2420 et
628 2358 796 2442 utriusque
820 2355 975 2420 facundia
998 2358 1156 2420 sermonis
1180 2361 1341 2420 ornaret⁴.
1379 2355 1472 2437 Quae
1490 2353 1622 2441 quidem
1641 2354 1789 2440 quotiens
1798 2351 1822 2432 l,

173 2465 200 2528 si
224 2487 289 2528 non
313 2463 382 2527 zelo
408 2465 552 2528 caritatis
577 2463 688 2527 divina
712 2464 818 2549 gratia
841 2463 978 2548 largitur
1000 2464 1137 2548 ingrato,
1162 2463 1195 2526 in
1219 2464 1438 2527 testimoninm
1462 2463 1567 2525 iustae
1584 2460 1823 2546 dampnationis

126 2597 154 2636 ao
173 2570 327 2634 adiuncta
351 2569 543 2634 creduntur!
591 2569 680 2632 Dum
708 2570 808 2654 igitur
830 2570 995 2634 Romanus
1019 2569 1167 2656 pontifex
1198 2568 1424 2634 sollicitudinis
1455 2591 1533 2632 snae
1564 2567 1691 2654 pondus
1721 2576 1823 2630 atten-

172 2677 274 2758 deret,
305 2689 337 2740 te
367 2679 401 2740 in
432 2678 539 2740 oneris
570 2677 619 2740 sui
650 2677 933 2762 participationem
957 2676 1158 2760 gratulanter
1181 2677 1322 2762 excepit,
1354 2698 1450 2762 quern
1480 2676 1665 2738 ministrum
1693 2671 1823 2736 fidelem

173 2783 242 2848 fore
267 2782 406 2848 credidit
430 2795 462 2847 et
484 2782 688 2869 prudentem.

280 2889 409 2954 Abinde
434 2890 533 2975 igitur
556 2890 771 2953 inconcussae
796 2891 1005 2974 prerogativa
1020 2891 1189 2975 potcstatis
1214 2900 1368 2971 armatus,
1392 2887 1495 2953 libera
1519 2890 1552 2952 in
1569 2886 1742 2952 ecclesiam
1759 2885 1824 2948 Dei

174 2997 327 3062 facultate
359 3008 525 3082 grassatus
557 3019 602 3077 es,
634 2995 836 3082 singulorum
859 2995 911 3059 vel
935 2995 1164 3082 depopulando
1196 2995 1328 3083 quidem
1350 2994 1403 3059 vel
1435 2995 1584 3081 augendo
1615 2992 1823 3073 snbstantias,

128 3130 155 3170 aa
174 3103 292 3168 infimis
324 3126 458 3184 summa,
491 3104 623 3167 summis
654 3102 766 3166 infima
796 3101 1035 3182 commutando,
1066 3115 1101 3166 ut
1131 3101 1226 3188 plane
1254 3103 1349 3188 quasi
1372 3103 1572 3166 fortunarum
1597 3110 1732 3165 auctor⁰
1757 3101 1824 3162 exi·

174 3222 285 3290 sterce,
311 3215 420 3296 'quem
445 3210 486 3274 de
511 3221 612 3274 status
637 3211 687 3272 sui
711 3209 866 3294 qualitate
890 3208 944 3272 vel
971 3208 1105 3273 laudare
1135 3219 1269 3295 possent
1299 3211 1408 3273 omnia
1431 3208 1484 3273 vel
1508 3208 1646 3272 causari.
1692 3204 1823 3270 Abinde

174 3330 229 3381 tua
252 3316 472 3381 diffusioribus
504 3317 623 3403 spaciis
655 3315 757 3380 effusa
788 3315 950 3402 cupiditas
982 3317 1146 3406 copiosam
1177 3317 1349 3402 rapacitati
1380 3337 1458 3378 suae
1487 3315 1656 3378 materiam
1680 3336 1745 3376 non
1769 3311 1823 3374 de-

173 3425 273 3488 fuisse
308 3425 423 3510 gavisa
455 3435 513 3486 est.
568 3422 657 3503 Quid
688 3445 765 3508 crgo
797 3421 986 3486 manifestas
1017 3423 1219 3504 exactiones,
1256 3421 1334 3508 quid
1368 3421 1541 3486 familiaria
1573 3419 1613 3482 ob
1644 3418 1823 3506 periculum

174 3532 314 3595 iustitiae
339 3541 491 3616 suscepta
516 3529 687 3616 dispendia
708 3528 841 3593 dicam?
879 3527 967 3609 Quid
990 3528 1159 3613 generales
1184 3528 1375 3614 synodos‘?⁵
1409 3527 1498 3608 Quid
1513 3527 1673 3610 'fatigatas
1689 3547 1824 3588 venera-

131 3741 157 3780 ³0
282 3733 308 3790 a)
329 3733 390 3782 odd.
410 3750 438 3782 so
459 3733 492 3782 D.
565 3729 594 3791 b)
616 3733 740 3796 spiritum
761 3731 795 3780 D.
869 3727 894 3790 c)
917 3739 1043 3781 eventum
1063 3731 1097 3780 Ι).
1169 3729 1197 3790 d)
1220 3731 1327 3794 quoties
1347 3729 1379 3779 G.
1393 3729 1424 3778 P.
1496 3725 1521 3790 e)
1543 3734 1658 3777 actore.

173 3893 277 3972 papo),
303 3898 417 3970 cognita
433 3899 493 3951 eius
508 3897 660 3952 honestate
679 3904 708 3950 et
725 3899 870 3967 praeclara
886 3897 1036 3966 sapientia,
1062 3897 1087 3950 ei
1104 3896 1180 3950 vices
1204 3913 1269 3950 suas
1292 3895 1395 3965 prius
1419 3895 1446 3947 in
1463 3892 1610 3946 Britannia
1633 3897 1663 3946 et
1686 3890 1824 3945 deinde

176 4005 343 4072 Turonensi,
375 4004 513 4076 Burdog,
542 4002 611 4070 Bit,
641 4003 727 4058 Ausc.
759 4003 908 4074 provinciis
939 4003 1085 4058 commisit.
1140 4001 1177 4056 Aa
1207 3999 1380 4071 Lis-crzfcld
1407 3997 1435 4054 in
1466 3997 1561 4070 Joffe'i
1589 4016 1635 4052 ην.
1654 3995 1738 4052 6262
1771 3989 1823 4068 (rs.

177 4131 201 4166 o.
226 4109 513 4187 Pflupl-Ifarttanq,
544 4111 616 4166 Acta
648 4107 692 4178 II,
719 4103 804 4182 168),
841 4108 956 4178 bullam,
992 4128 1049 4184 qua
1082 4106 1231 4164 Poaclralis
1263 4105 1393 4164 Girardo
1422 4103 1604 4179 Aquitaniam
1641 4101 1824 4170 corruuisiaaet,

176 4237 252 4273 orrrro
268 4218 374 4273 desinon
395 4215 488 4272 1110.
514 4218 609 4272 datam
634 4235 692 4272 asse
715 4235 770 4272 non
794 4215 896 4272 levibus
911 4215 1084 4290 armamentis
1099 4214 1176 4271 trians
1193 4212 1340 4269 corrtcndit.
1378 4211 1437 4268 Sed
1452 4211 1571 4267 Murato
1595 4211 1613 4266 l.
1632 4230 1654 4265 c.
1675 4229 1707 4284 p.
1726 4207 1766 4264 20
1783 4227 1824 4284 sq.

133 4339 159 4379 aa
177 4324 231 4380 ianr
262 4324 327 4380 inde
356 4324 392 4380 ab
415 4343 492 4380 aristo
512 4322 605 4378 1108.
632 4321 790 4380 Girurdmn
815 4321 848 4378 in
868 4321 1023 4398 Aquitania
1041 4321 1194 4397 provincia
1217 4319 1343 4376 Rotnani
1359 4317 1504 4398 pontificis
1529 4316 1602 4374 vices
1622 4315 1739 4392 pesciano
1762 4335 1826 4372 con·

178 4429 299 4506 ‹r'iiisqoa
322 4430 464 4486 rsornsullia
486 4449 543 4486 ποη
566 4431 652 4485 soloin
670 4450 688 4485 o
705 4429 883 4486 Britannicis
907 4427 1041 4504 episcopis
1065 4426 1218 4496 ‹rolcbrona
1243 4427 1315 4482 velat
1330 4423 1515 4482 Namnetcaai
1536 4443 1614 4480 urano
1633 4421 1726 4490 1107,
1753 4421 1827 4476 Lou-

178 4537 296 4594 danrnai
317 4536 508 4594 an1201109.
528 4536 695 4611 praefuisse
718 4535 809 4592 nroltir
832 4534 965 4610 excaeptis
983 4511 1125 4610 proiecit.
1172 4533 1269 4601 Bulla,
1298 4552 1355 4608 qua
1380 4530 1512 4589 Gelaaiaa
1534 4530 1575 4586 ΙΙ.
1601 4527 1725 4587 Girardi
1747 4547 1827 4583 arran·

179 4645 271 4700 daturo
303 4643 492 4722 corfimmoit,
524 4642 711 4699 desiderator.
767 4640 896 4700 Colicae
923 4641 962 4698 II.
999 4650 1090 4697 arctam
1120 4659 1197 4696 asino
1224 4637 1317 4694 1120.
1350 4639 1377 4694 d.
1405 4637 1454 4694 16.
1473 4635 1597 4706 Octobr„
1629 4655 1706 4692 anno
1733 4633 1825 4690 1125.

180 4750 322 4806 Honorias
345 4750 386 4806 ΙΙ.
406 4770 499 4825 popo,
525 4750 776 4824 qnaedeceasorwn
801 4749 929 4824 enmrrpln
951 4747 1045 4816 cecati,
1072 4745 1202 4803 Girordo
1225 4746 1297 4802 idern
1320 4765 1420 4802 nsanos
1450 4742 1595 4820 legationis
1622 4740 1702 4798 bullis
1733 4735 1831 4814 (Joffe'

136 4872 163 4910 so
180 4875 224 4912 nr.
242 4856 337 4925 6805,
363 4856 500 4931 Boaqaet,
524 4854 592 4911 Bac.
610 4855 678 4924 XV,
697 4855 770 4910 237.
796 4863 821 4911 et
843 4875 889 4912 nr.
904 4853 1008 4922 7389,·
1032 4856 1049 4909 l.
1068 4874 1090 4909 c.
1111 4873 1143 4929 p.
1164 4847 1238 4928 256)
1264 4859 1466 4908 concesserunt.
1505 4847 1568 4913 Quo
1591 4867 1705 4904 rrrrtnere
1721 4845 1828 4904 Gir-or-

181 4963 230 5020 do
248 4982 305 5038 per
327 4962 426 5040 viginti
448 4969 569 5038 quatuor
585 4961 656 5033 sere
679 4981 771 5017 annos
793 4980 879 5036 usqae
902 4961 943 5017 ad
963 4960 1087 5018 Honorii
1109 4959 1148 5016 II.
1174 4959 1273 5016 obitum
1298 4953 1333 5032 (†
1353 4951 1447 5031 1130)
1471 4974 1579 5013 saturno
1603 4974 1661 5010 (reru
1684 4952 1827 5029 diligentia

182 5069 375 5144 industriaque
390 5069 512 5140 sanctiss
536 5076 583 5124 est.
679 5067 707 5136 l)
732 5066 874 5124 Diocaesis
892 5066 1113 5143 Eupolissnensia
1136 5065 1380 5141 archiepiscopatu
1395 5060 1605 5137 Bnrdcpalensi
1626 5059 1827 5128 continebatur,

181 5175 273 5252 itaque
297 5175 444 5233 (airardus
474 5176 581 5250 legatas
610 5173 821 5248 orcliqaiscqio
850 5193 900 5230 sao
919 5174 1097 5248 praesentas,
1128 5171 1275 5230 Girardas
1302 5171 1447 5246 episcopua
1477 5168 1563 5224 cidem
1593 5167 1727 5224 subiectio
1757 5174 1827 5222 erat.

182 5281 211 5351 2)
231 5281 278 5354 Os.
295 5301 386 5357 aalma
397 5302 430 5357 p.
449 5280 500 5348 90,
513 5301 542 5338 n.
557 5279 585 5336 2.
657 5279 687 5350 3)
713 5281 812 5356 Lonpe
827 5279 910 5336 aliter
926 5279 1000 5336 Hict.
1013 5279 1122 5354 pontis.
1142 5278 1297 5354 Enpolsam.
1317 5298 1350 5353 p.
1368 5276 1424 5331 41:
1449 5276 1597 5330 Promotus
1621 5284 1666 5331 cst
1689 5275 1828 5346 petitione

136 5404 162 5443 es
182 5390 288 5461 populi,
314 5390 455 5445 electione
480 5389 558 5455 cleri,
581 5389 779 5442 honoratorum
803 5405 929 5442 assensu.
1040 5385 1071 5454 4)
1096 5386 1159 5443 Hoc
1182 5387 1241 5441 locs>
1264 5384 1409 5455 Arnulsas
1431 5381 1559 5457 quamvis
1581 5380 1683 5438 inscitus
1707 5379 1832 5438 (lirardi

181 5495 293 5551 saraitae
315 5495 436 5550 fondere
459 5514 478 5550 a
500 5513 529 5550 se
552 5493 719 5569 impetravit.
813 5492 843 5562 5)
869 5491 940 5550 ora
960 5492 1042 5548 Vitat.
1069 5493 1127 5548 chr.
1153 5493 1171 5548 l.
1196 5490 1283 5560 XIII,
1308 5511 1336 5546 a.
1357 5489 1439 5544 1136
1466 5482 1521 5562 (cd.
1548 5486 1665 5544 Prfooct
1687 5496 1705 5543 t.
1725 5487 1757 5556 V,
1776 5481 1829 5560 ts)

180 5609 239 5658 orto
269 5621 328 5657 casn
360 5601 483 5657 corrodis
508 5599 675 5675 praefuisse
705 5599 779 5666 dicit,
811 5618 927 5674 quoram
958 5607 1023 5655 acta
1049 5598 1168 5654 Moram
1195 5597 1343 5673 diligenter
1366 5593 1514 5661 exaravit;
1545 5593 1585 5664 cf.
1612 5593 1748 5650 Schellert
1770 5595 1787 5648 l.
1806 5611 1829 5648 c.

176 5728 209 5782 p.
230 5707 267 5762 14
284 5729 345 5784 sq.;
372 5707 477 5776 Monoi,
505 5705 609 5764 Cuncti.
635 5715 652 5762 t.
678 5706 770 5776 m·
795 5727 819 5762 c.
845 5706 958 5776 Hcsele,
984 5703 1308 5781 ‘Clarrcilicnpescdiclrte'
1333 5711 1351 5758 t.
1371 5702 1402 5758 V.

1567 5819 1616 5870 12*
