4544 6420
337 2447 366 2486 ⁸f.
375 2449 420 2486 lab.

283 2571 366 2610 Threu.
373 2573 394 2618 ι,
402 2572 421 2610 1.

262 2643 378 2745 apusella,
387 2697 420 2734 11.

288 3710 351 3748 Rom.
358 3710 377 3757 l,
385 3710 419 3748 38.

261 3763 347 3802 ehGnl.
356 3763 376 3813 5,
385 3763 419 3802 21.

442 381 504 442 110
957 367 1182 440 reserares
1203 338 1265 418 DF«
1296 379 1546 443 sc1snnrlcts.

440 589 540 638 menta
565 589 592 639 et
616 577 708 640 rerba
733 601 752 638 a
779 575 923 640 Gerbcbo
948 589 1038 660 atque
1061 587 1183 638 auctore
1207 561 1336 662 dintoqi
1357 591 1507 662 usrerpata
1536 579 1569 640 in
1594 579 1651 640 isto
1676 577 1782 640 libello
1806 576 2087 662 deprehenduntur.

444 681 530 758 Qreoe
546 706 614 745 ceum
632 684 675 746 ita
692 685 765 762 siat,
782 681 1010 746 ‘iuramentum'
1035 681 1119 746 illud
1141 677 1337 767 ‘profanum'
1363 682 1470 770 (infra
1489 708 1524 769 p.
1542 684 1599 745 111
1604 733 1614 762 ,
1630 685 1683 766 13)
1709 707 1768 746 nou
1784 683 1880 748 seruel
1901 683 2090 748 uehementer

441 789 642 874 costiqotum,
678 813 737 875 quo
769 791 949 875 ‘praecipui
977 803 1108 853 rectores
1137 789 1299 852 ecclesine’
1329 813 1393 853 sese
1423 815 1442 853 a
1473 813 1602 876 corpore
1629 787 1762 868 Christi,
1793 792 1814 854 i.
1839 815 1863 854 e.
1896 815 1915 854 a
1940 791 2090 876 partibus

440 894 625 960 Alesaudri
645 895 712 977 III,
740 895 909 960 diviserint
930 920 1046 960 necnon
1068 895 1208 960 sabditos
1229 920 1302 960 suos
1325 896 1449 962 abbates
1472 911 1500 960 et
1518 896 1671 982 plebanos
1693 897 1911 983 obliquaerint,
1941 896 2028 961 illud
2056 899 2089 960 in

441 1003 531 1065 caria
562 1001 805 1088 llerbipolitana
835 1027 863 1066 a.
890 1003 983 1066 1165.
1009 1001 1089 1066 Mai.
1110 1003 1158 1064 12.
1191 1027 1211 1065 α
1234 1001 1398 1066 Rainaldo
1419 1001 1602 1067 Coloniensi
1628 1004 1865 1090 archiepiscopo
1891 1006 2122 1090 propositume

441 1121 532 1192 atque
555 1133 574 1170 a
600 1109 769 1173 Friderico
793 1108 819 1171 I.
852 1111 1039 1194 imperatore
1066 1109 1207 1172 omnibus
1228 1111 1431 1195 principibus
1455 1109 1602 1190 delatum,
1626 1113 1751 1174 auctori
1771 1124 1874 1174 nostro
1898 1112 2089 1174 occasionem

442 1214 535 1278 turta
559 1215 664 1279 libelli
683 1215 800 1279 edendi
816 1216 1001 1300 praebuisse
1024 1217 1152 1280 conicio.
1200 1214 1274 1279 Nou
1301 1217 1396 1280 multo
1420 1219 1518 1303 iqitur
1538 1231 1610 1302 post
1632 1219 1752 1281 curiam
1779 1218 1868 1281 illam
1893 1242 1975 1282 anno
1994 1219 2089 1280 1165.

443 1322 491 1385 vel
515 1323 610 1402 1166,
635 1347 702 1386 cum
729 1323 768 1386 ab
792 1323 979 1408 imperatore
1010 1323 1079 1406 ipso
1110 1321 1147 1385 de
1178 1321 1309 1386 decretis
1339 1325 1406 1386 eius
1436 1323 1656 1409 satorquende’s
1686 1326 1719 1387 in
1744 1323 1891 1388 Baaaria
1915 1339 2059 1411 operetur
2070 1326 2091 1404 ¹,

441 1451 507 1492 ιτιιττ
533 1430 734 1514 compositum
758 1453 822 1492 esse
842 1430 1029 1514 putaverim.
1080 1426 1172 1505 Quod
1197 1443 1298 1492 aarum
1328 1427 1491 1494 Teutonici
1511 1433 1603 1517 requi
1623 1432 1785 1516 anqustios
1808 1430 1965 1495 interdum
1989 1445 2092 1495 noste-r

442 1535 581 1598 ludibrio
605 1536 749 1600 labuerit
772 1535 880 1620 (r'nfra
899 1559 935 1620 p.
952 1535 1024 1613 115,
1039 1535 1096 1616 215
1122 1535 1195 1615 125,
1213 1537 1280 1618 37),
1305 1561 1371 1600 cum
1389 1535 1574 1600 Alexandri
1587 1539 1760 1622 potentiam
1785 1538 1897 1623 efferre
1921 1538 2004 1616 aeta,
2029 1561 2091 1600 non
2112 1558 2137 1598 ιο

440 1655 484 1705 est
506 1641 697 1705 rntroudum.
744 1641 853 1726 Neque
884 1665 966 1720 aero,
997 1641 1083 1726 quod
1106 1639 1262 1706 Gratiani
1287 1641 1440 1706 decretum
1464 1645 1527 1707 iam
1553 1643 1707 1723 laudauit,
1732 1669 1800 1708 cunt
1824 1658 1852 1708 et
1876 1643 2041 1708 (teutonus
2065 1657 2093 1706 et

440 1763 548 1812 auctor
572 1749 697 1835 dialoqi
718 1763 745 1813 et
768 1748 967 1827 llabercinus,
985 1747 1161 1833 populares
1184 1749 1261 1828 eius,
1286 1748 1439 1813 decretum
1464 1752 1528 1813 inm
1552 1764 1643 1814 anau
1666 1751 1880 1833 alliqoeeriut,
1904 1753 1943 1814 ab
1968 1751 2091 1836 oriqine

440 1859 507 1920 eius
533 1855 725 1920 Garumnica
748 1855 923 1918 abhorrent.

569 1980 654 2044 Data
678 1995 750 2044 sunt
772 1981 803 2042 B
811 1981 900 2044 erol
907 1982 971 2044 ini
992 1979 1101 2044 diebus
1127 1980 1175 2042 10.
1203 2005 1240 2043 m.
1266 1979 1347 2067 Auq.
1369 1982 1452 2044 1895
1461 2006 1471 2062 ,·
1498 1983 1546 2044 10.
1572 2007 1611 2045 m.
1637 1981 1732 2046 Mart
1755 1984 1848 2046 1897.

1212 2121 1303 2186 IUL.
1329 2121 1602 2188 DIETERIUH.
1672 2125 1714 2187 H.
1741 2123 1979 2188 BOEHMER.
2112 2144 2137 2182 n

549 2423 753 2490 'Amicus‘
778 2423 826 2488 ad
850 2424 1045 2490 amieumb
1070 2424 1293 2511 quendamc
1319 2425 1629 2489 scismaticumfl
1654 2426 1829 2510 scripsit
1857 2423 2020 2489 dicens:

547 2549 696 2614 Poeantis
727 2550 844 2612 nostris
875 2547 1091 2634 exigentibus,
1121 2548 1201 2614 illud
1231 2550 1369 2614 Ieremie
1400 2549 1576 2636 prophetae
1606 2550 1812 2613 vaticinium:
1847 2550 2006 2627 Qnrornodo
2038 2552 2089 2614 ob-

439 2671 595 2720 scuratum
626 2671 669 2720 est
698 2681 822 2736 aarum,
852 2671 987 2720 mamhra
1010 2671 1054 2720 est
1076 2656 1160 2720 color
1184 2659 1318 2743 optimus
1349 2655 1675 2742 superhabundanter
1702 2654 1861 2741 inpletum
1893 2665 1942 2720 est
1971 2657 2089 2720 nostris

440 2761 535 2826 modo
559 2761 769 2848 temporibus.
816 2760 899 2825 Nam
930 2762 1077 2848 precipui
1107 2775 1248 2826 rectores
1279 2762 1427 2843 ecclesie,
1459 2764 1513 2848 qui
1546 2762 1704 2847 sapientie
1735 2785 1814 2826 auro
1846 2773 1877 2826 et
1908 2763 2089 2826 sanctitatis

441 2868 547 2933 colore
577 2869 699 2954 optimo
730 2867 910 2932 clarescere
941 2867 1107 2950 deberent,
1137 2879 1203 2932 tam
1227 2869 1445 2950 vehementer,
1477 2870 1503 2932 si
1528 2867 1606 2955 quid
1631 2879 1732 2946 erant,
1764 2868 1929 2932 obscurati
1959 2881 2033 2933 suut
2058 2881 2089 2934 et
2109 2891 2135 2930 ao

439 2976 563 3056 mutati,
587 2985 623 3038 ut
645 2975 749 3061 magis
773 2974 960 3060 elegerunt⁰
991 2974 1211 3061 temporaliter
1242 2974 1395 3040 sublimes
1426 2997 1628 3062 permanere,
1659 2997 1679 3038 a
1703 2973 1831 3040 Christo
1863 2987 1894 3039 et
1925 2977 1995 3040 eius
2019 2998 2088 3039 cor-

439 3105 517 3168 pore
542 3105 600 3168 per
623 3083 837 3146 iuramentum
863 3079 909 3169 [se
918 3081 940 3170 f]
966 3080 1153 3162 scindendo,
1179 3103 1274 3166 quam
1299 3081 1341 3145 ad
1364 3093 1561 3146 momentum
1577 3083 1643 3146 vite
1667 3084 1827 3169 presentis
1851 3081 2013 3147 humiliari
2035 3081 2089 3146 vel

439 3187 575 3252 humiles
599 3209 800 3274 pennanere,
825 3199 985 3252 terrenam
1009 3186 1211 3252 altitudinem
1236 3197 1268 3252 et
1292 3188 1423 3251 divitias
1447 3199 1600 3274 propter&
1626 3187 1789 3252 Christum
1812 3188 1990 3275 perdendo.
2035 3189 2088 3253 De

440 3293 556 3381 quibus
580 3293 783 3380 Augustinus
810 3295 844 3358 in
868 3293 949 3359 libro
974 3305 1086 3358 contra
1109 3293 1298 3358 Donatistae
1306 3294 1367 3358 ¹¹·²:
1400 3295 1572 3375 Hereticos,
1603 3294 1738 3380 inquit¹‚
1771 3321 1824 3360 uos
1847 3295 1993 3377 dicimus,
2022 3306 2088 3361 ιιιθ

439 3417 603 3487 antequam
634 3401 680 3466 ad
700 3426 816 3490 pacem
847 3403 1031 3466 catholicam
1062 3405 1294 3466 concertamini.
1343 3401 1386 3465 Et
1415 3411 1488 3487 post
1518 3405 1661 3486 pauca³z
1694 3401 1733 3466 In
1761 3405 1879 3488 spiritu
1907 3406 2038 3468 unitatis
2062 3419 2090 3466 et
2108 3425 2134 3464 re

441 3510 563 3572 uinculo
584 3511 687 3595 pacis,
713 3511 744 3573 in
771 3511 842 3596 ipsa
866 3509 998 3594 denique
1023 3509 1175 3574 catholica
1200 3510 1330 3574 ecclesia
1355 3511 1504 3573 nonestis
1527 3511 1694 3574 nobiscum.
1732 3505 1865 3572 Grande
1890 3531 1967 3594 erga
1992 3510 2087 3573 nimis

440 3625 471 3679 et
494 3613 577 3679 ultra
600 3615 731 3679 modum
755 3626 804 3679 est
828 3636 958 3679 enorme
982 3627 1153 3700 peccatum
1177 3614 1314 3680 illomm.
1361 3615 1404 3680 Et
1428 3615 1506 3700 quia
1528 3635 1608 3678 vera
1632 3627 1681 3678 est
1709 3615 1887 3701 apostolica
1917 3617 2086 3698 sententia,

440 3745 502 3808 que
533 3722 626 3786 dicit:
645 3721 727 3800 vQui
755 3723 834 3786 talia
864 3737 973 3808 aqunt,
1004 3747 1131 3810 requam
1158 3723 1225 3788 Dei
1252 3748 1313 3787 non
1343 3737 1564 3808 consequentur
1594 3761 1636 3769 —
1668 3748 1728 3787 non
1758 3723 1858 3788 soleam
1889 3737 2001 3804 αηιιττι,
2032 3726 2091 3809 qui

432 3832 575 3917 faciunt,
605 3843 650 3893 set
678 3843 706 3893 et
737 3832 795 3914 qui
823 3831 1079 3893 consentientibus
1102 3845 1130 3893 et
1144 3831 1343 3916 facientibus
1374 3832 1566 3894 consentiunt
1595 3867 1647 3910 -,
1679 3851 1737 3915 pro
1762 3839 1850 3894 certo
1878 3830 2028 3894 noverint
2052 3852 2087 3893 se

440 3957 511 3998 esse
543 3935 717 4021 participes
748 3933 924 3998 eorundem
953 3935 1140 4014 iuratorum,
1165 3937 1350 4021 quicunque
1375 3959 1430 4000 eos
1460 3959 1525 3999 non
1544 3934 1741 4016 ¹abhorrent,
1773 3947 1821 3999 set
1851 3936 2089 4022 amplectuutur
2107 3959 2134 3999 so

441 4052 472 4103 et
495 4041 527 4103 in
551 4052 676 4104 tantum
700 4041 916 4122 consentiunt,
941 4051 976 4105 ut
999 4063 1034 4103 os
1059 4051 1090 4104 et
1113 4039 1223 4126 lingua
1251 4063 1360 4106 eorum
1386 4043 1537 4124 existant,
1566 4041 1642 4105 dum
1673 4039 1819 4121 abbates,
1850 4043 2031 4128 prepositos
2056 4053 2087 4106 et

439 4145 596 4232 plebanos
632 4145 674 4209 ad
704 4145 955 4232 promittendam
988 4145 1166 4211 indebitam
1197 4146 1415 4213 obedientiam
1447 4150 1513 4212 suis
1544 4146 1807 4234 persuasionibus
1838 4147 2016 4212 inclinante
2048 4171 2086 4212 ac

440 4254 667 4339 precipitante

547 4358 605 4423 Si⁸
634 4358 674 4422 de
706 4358 885 4445 gentilitate
914 4359 985 4422 vir¹¹
1015 4359 1132 4446 aliquis
1163 4361 1308 4424 eruditus
1338 4360 1531 4424 kathedram
1562 4359 1624 4424 sibi
1655 4370 1828 4447 usurparet
1858 4362 2085 4448 episcopalem,

440 4468 512 4552 quis
537 4475 602 4530 tam
627 4464 786 4530 absurdus
811 4477 843 4529 et
866 4489 886 4529 a
908 4477 996 4529 recto
1013 4489 1109 4530 sensu
1125 4477 1191 4530 tam
1207 4479 1293 4531 esset
1317 4467 1451 4547 alienus,
1474 4469 1529 4553 qui
1553 4467 1676 4532 diceret
1700 4468 1886 4532 sacerdotes
1910 4466 2086 4532 catholicos
2106 4493 2132 4531 ee

440 4570 658 4636 obedientiam
682 4571 728 4636 illi
751 4573 883 4636 innoxie
907 4595 1003 4658 posse
1027 4573 1224 4659 promittere,
1248 4575 1428 4638 animarum
1453 4597 1564 4638 curam
1589 4597 1702 4639 secure
1727 4573 1768 4638 ab
1789 4597 1827 4639 co
1851 4575 2027 4661 suscipere,
2052 4577 2086 4638 in

440 4678 580 4765 capitulo
605 4678 689 4742 illins
713 4678 850 4743 licenter
872 4679 1015 4743 residere
1040 4691 1072 4743 et
1094 4679 1215 4743 iudicia
1238 4679 1283 4743 illi
1307 4680 1514 4767 respondere,
1540 4703 1613 4745 cum
1637 4682 1668 4744 in
1686 4681 1748 4745 hiis
1765 4679 1913 4745 omnibus
1930 4681 2085 4746 honorem

440 4785 485 4849 illi
509 4784 727 4872 episcopalem
751 4785 915 4850 deferrent
938 4798 980 4867 et,
1004 4797 1158 4872 quantum
1189 4787 1222 4849 in
1246 4788 1335 4872 ipsis,
1366 4789 1415 4850 ius
1446 4809 1484 4851 ac
1515 4799 1708 4873 potestatem
1739 4789 1771 4851 in
1796 4787 1935 4852 ecclesia
1965 4786 2085 4852 tribue-

439 4892 535 4956 rent?
571 4892 667 4973 Quod
691 4893 767 4979 quia
791 4892 1068 4956 dementissimum
1091 4891 1298 4974 iudicaretur,
1323 4916 1517 4980 quemquam
1542 4907 1687 4957 astruere
1712 4893 1751 4957 de
1776 4915 1914 4979 pagano,
1939 4916 1997 4958 cur
2020 4915 2085 4957 non

545 5143 571 5207 a)
601 5148 683 5198 littero
708 5147 814 5198 initialis
839 5147 915 5198 minio
942 5147 1072 5198 inseranda
1096 5147 1161 5196 deest
1185 5165 1204 5196 c.
1296 5146 1323 5208 b)
1352 5149 1469 5198 librarium
1490 5148 1685 5213 praepositiones
1711 5148 1832 5198 'uocabulis
1857 5148 2010 5212 nequeuntibus
2028 5164 2084 5197 corr·
2103 5159 2129 5197 ιο

438 5245 531 5286 nectere
555 5238 621 5286 sold.
659 5235 770 5287 Εοοηιτα
784 5238 880 5301 [mosim
894 5237 951 5301 sere
969 5237 1096 5286 verbenam
1114 5237 1299 5300 warpoeitornm
1317 5239 1510 5301 persequutiones
1528 5255 1544 5286 a
1563 5237 1639 5286 ambis
1661 5247 1768 5301 separat.
1860 5233 1885 5296 c)
1908 5237 2043 5300 quoddam
2062 5253 2082 5285 c.

439 5321 467 5384 d)
489 5326 586 5375 scisma
604 5343 624 5375 c.
707 5323 733 5387 e)
754 5327 791 5376 ita
809 5343 829 5376 c.
911 5325 932 5385 f)
951 5326 1016 5375 deca
1034 5343 1053 5374 c.
1135 5321 1163 5389 g)
1186 5331 1220 5391 p'qi
1240 5345 1259 5374 c.
1342 5325 1369 5386 h)
1391 5327 1570 5376 dorretisticos
1589 5344 1609 5376 c.
1683 5325 1702 5385 i)
1724 5326 1817 5390 inquid
1836 5344 1864 5382 c..
1884 5325 1923 5375 ln'e
1941 5334 1965 5375 et
1980 5325 2083 5390 praesint.

439 5410 626 5475 θῶμα

548 5629 576 5698 1)
597 5629 644 5704 Os.
665 5629 978 5700 Giesebrecht,‘'(1'esch.
997 5629 1220 5687 derDeutschcn
1240 5630 1413 5686 li'aiserreit'
1437 5631 1467 5701 V,
1490 5652 1519 5706 p.
1540 5631 1618 5701 474,-
1641 5631 1688 5701 Vl,
1709 5652 1741 5706 p.
1761 5631 1833 5686 445.
1903 5631 1933 5700 2)
1954 5631 2010 5706 Ep.
2029 5631 2080 5686 93.

385 5797 386 5800 ,
438 5738 479 5792 ad
498 5736 670 5793 Vincentium
696 5757 718 5792 c.
737 5737 766 5806 9,
790 5733 884 5810 §ta-
910 5735 982 5812 Opp.
1009 5739 1050 5793 ed.
1077 5737 1219 5793 Benedict.
1244 5737 1284 5806 ll,
1310 5739 1360 5793 col.
1379 5737 1451 5793 246.
1545 5737 1574 5808 3)
1599 5737 1716 5794 Ibidem.
2101 5757 2127 5793 u>
