4418 6412
408 388 473 452 388
699 395 878 452 GERHOHI
902 393 1134 450 PRAEPOSI'I'I
1157 393 1563 450 REICHERSBERGENSIS
1587 393 1753 448 LIBELLI.

408 583 528 646 veritas
551 583 719 668 promittit,
742 605 843 646 unum
867 604 884 645 e
905 580 1031 645 duobus
1054 581 1124 644 istis
1147 579 1345 668 palmitibus,
1369 582 1502 666 insuper
1524 602 1603 644 vero
1627 591 1660 644 et
1683 602 1811 644 omnem
1834 578 2006 666 palmitem
2029 580 2063 641 in

297 711 333 762 η).
342 711 389 753 102.
409 710 444 752 se
467 689 554 753 vitae
578 688 718 752 fructum
742 711 806 752 non
830 689 997 768 ferentem,
1021 688 1120 751 Pater
1145 687 1274 752 celestis
1299 686 1457 772 'agricola
1480 686 1585 768 tollat,
1617 687 1775 751 ferentem
1799 707 1879 750 vero
1903 685 2062 766 caritatis

407 795 550 876 unitatis,
574 795 704 881 pietatis
729 806 761 859 et
784 795 911 858 iusticie
935 794 1075 858 fructum
1098 805 1216 880 purget
1239 793 1355 876 adhuc,
1379 805 1415 858 ut
1437 793 1577 858 fructum
1600 792 1672 880 plus
1697 793 1820 858 afferat.

336 978 388 1026 (aa.
867 956 919 1017 69.
956 951 1208 1018 Gravamina
1231 954 1377 1040 iniqua
1400 953 1595 1018 ecclesie.

513 1079 636 1164 Purget
664 1100 793 1164 quoque
823 1079 962 1164 primum
992 1079 1157 1142 introitum
1182 1080 1250 1142 eius
1275 1101 1294 1142 a
1317 1076 1424 1142 multis
1449 1088 1480 1142 et
1504 1076 1658 1163 gravibus
1683 1079 1789 1142 causis
1820 1077 1989 1142 alterutris
2020 1075 2094 1142 aba

408 1184 595 1249 alterutrum
620 1184 767 1266 obiectis,
791 1195 826 1249 ut
849 1185 1015 1270 ingressus
1039 1186 1108 1249 sine
1132 1184 1259 1248 macula
1279 1197 1431 1271 operetur
1445 1186 1617 1249 iusticiam.
1652 1185 1775 1270 Purget
1791 1205 1922 1270 quoque
1949 1182 2064 1247 sedem

407 1293 511 1378 ipsam
534 1291 634 1374 Petri,
658 1292 838 1356 Romanam
863 1291 935 1355 dico
960 1291 1133 1356 ecclesiam
1157 1293 1226 1355 sive
1251 1293 1384 1373 curiam,
1412 1314 1432 1355 a
1454 1289 1616 1355 nonnullis
1640 1288 1931 1355 consuetudinibus
1958 1290 2064 1355 ecole-

407 1400 489 1462 siam
504 1398 569 1464 Dei
592 1421 652 1484 per
668 1398 780 1463 orbem
797 1397 946 1462 diffirsam
971 1397 1276 1480 scandalizantibus,
1297 1410 1333 1462 ut
1356 1409 1405 1462 cst
1427 1396 1517 1478 illud,
1542 1397 1629 1484 quod
1653 1398 1799 1484 episcopi
1822 1397 1875 1460 vel
1899 1397 2064 1483 archiepi-

408 1507 499 1592 scopi
524 1506 801 1570 consecrationem
827 1527 884 1568 seu
907 1504 1038 1590 pallirun
1063 1504 1262 1590 accipientes
1292 1505 1399 1568 iurare
1423 1515 1582 1590 coguntur
1605 1503 1808 1568 obedientias
1833 1516 1865 1568 et
1889 1503 2063 1591 obsequia,

408 1611 547 1698 quedam
572 1611 691 1692 debita,
717 1611 858 1697 quedam
882 1612 979 1675 etiarn
1002 1609 1157 1675 indebita.
1205 1611 1288 1674 Nam
1305 1613 1416 1675 venire
1433 1623 1583 1676 vocatum
1607 1610 1649 1674 ad
1673 1609 1833 1697 synodum
1857 1609 1973 1675 debita
1992 1613 2062 1697 qui-
2083 1638 2107 1675 10

408 1718 482 1784 dem
506 1717 692 1782 obedientia
717 1728 774 1798 est,
800 1739 883 1804 quae
906 1741 972 1782 non
996 1716 1142 1782 exhibita
1171 1718 1205 1780 in
1228 1717 1430 1804 negligentes
1457 1716 1510 1781 vel
1541 1716 1688 1799 rebelles,
1718 1719 1813 1781 etiam
1845 1741 1912 1782 non
1943 1719 2061 1796 iurata,

407 1825 515 1912 puniri
543 1837 649 1911 potest
677 1825 855 1890 secundum
879 1847 1030 1906 canones,
1055 1825 1255 1890 visitationes
1278 1847 1357 1888 vero
1381 1823 1434 1888 ille
1459 1823 1719 1888 subauditionem
1742 1835 1876 1910 questus
1900 1823 2061 1888 habentes

408 1933 491 1996 sicut
514 1930 657 1996 indebite
681 1934 727 1996 ita
751 1943 783 1996 et
807 1930 960 1996 scandalo
984 1931 1100 2017 plenae
1125 1943 1208 2012 sunt,
1232 1932 1384 1995 nimirum
1404 1930 1501 1995 beato
1518 1929 1678 2016 Gregorio
1701 1953 1818 1995 munus
1842 1929 1885 1994 ab
1902 1929 2061 2017 obsequio

407 2037 551 2103 indebite
575 2041 720 2124 impenso
751 2039 785 2102 in
808 2037 1065 2102 ordinationibus
1090 2037 1319 2102 ecclesiasticis
1350 2038 1484 2102 simonie
1509 2049 1585 2100 nota
1608 2036 1782 2102 denotante
1794 2041 1815 2100 ¹.
1863 2035 2062 2122 Compescat

408 2167 536 2231 quoque
561 2146 652 2209 Deus
676 2145 830 2232 populum
853 2144 1045 2227 Romanum,
1069 2143 1208 2209 bestiam
1232 2145 1327 2208 nimis
1350 2144 1537 2230 inquietam,
1570 2166 1692 2230 suoque
1715 2143 1862 2230 pontifici
1887 2145 2061 2208 occasione
2080 2169 2103 2207 u

408 2252 591 2338 accipiendi
621 2253 755 2315 nimium
786 2251 946 2315 infestam.
993 2251 1147 2337 Alioquin
1175 2249 1335 2315 stantibus
1359 2250 1464 2314 adhuc
1489 2260 1521 2314 et
1543 2249 1830 2336 permanentibus⁸
1853 2252 1888 2314 in
1911 2252 1993 2336 ipsa,
2020 2251 2060 2315 de

409 2381 473 2444 qua
495 2359 657 2444 loquimur
680 2358 828 2440 ecclesia,
853 2359 921 2422 sive
946 2369 981 2421 ut
1004 2356 1066 2421 illis
1082 2357 1190 2443 placet
1206 2356 1281 2438 dici,
1299 2359 1390 2422 curia
1405 2358 1552 2422 Romana
1574 2359 1751 2443 prenotatis
1776 2357 1940 2422 scandalis
1965 2359 2060 2422 susti-

233 2487 390 2535 uenaaaa.
408 2467 480 2528 neri
503 2475 629 2551 oportet
658 2466 787 2528 interim
818 2466 909 2529 iuxta
939 2475 1129 2551 preceptum
1152 2464 1287 2528 Domini
1316 2466 1350 2528 in
1374 2464 1528 2528 cathedra
1550 2465 1657 2550 Moysi
1680 2464 1732 2527 vel
1756 2465 1845 2528 Petri
1877 2463 2059 2528 scribarum

409 2583 441 2635 et
457 2572 686 2666 phariseorum
710 2571 830 2635 similes
855 2571 910 2657 qui
934 2570 1046 2635 dicunt
1070 2583 1102 2636 et
1125 2593 1189 2635 non
1213 2571 1346 2652 faciunt,
1377 2570 1557 2634 sustinendi
1581 2592 1709 2656 quoque
1737 2582 1811 2635 sunt
1840 2573 1874 2634 in
1898 2571 2059 2658 apostolo-

408 2689 479 2742 rum
504 2678 651 2764 catalogo
676 2677 777 2742 Iudae
802 2679 973 2742 mercatori
997 2679 1137 2763 pessimo
1162 2677 1292 2758 similes,
1317 2677 1421 2740 donec
1446 2676 1506 2740 celi
1530 2677 1703 2740 rationales
1730 2677 1877 2741 revelent
1906 2679 2058 2764 iniquita·
2076 2704 2101 2742 a

409 2795 474 2848 tem
491 2807 602 2848 eorum
627 2795 659 2848 et
681 2796 767 2849 terra
790 2783 946 2848 adversus
970 2805 1025 2848 eos
1050 2795 1224 2869 consurgat
1248 2796 1280 2848 et
1303 2783 1507 2848 manifestum
1530 2783 1587 2848 fiat
1610 2795 1781 2868 peccatum
1797 2807 1919 2867 eorum,
1944 2785 2003 2849 sed
2026 2785 2058 2848 hi

250 2955 251 2960 ,
409 2893 465 2977 qui
489 2891 667 2956 secundum
683 2891 792 2955 Deum
816 2891 908 2954 inviti
933 2901 965 2954 et
987 2913 1052 2954 non
1075 2889 1215 2954 libenter
1237 2890 1396 2954 eiusmodi
1420 2888 1634 2973 sustinebunt,
1658 2913 1698 2954 ne
1722 2891 1804 2955 forte
1827 2890 1924 2956 bruta
1948 2914 2058 2956 eorum

272 2982 389 3079 ''gfff'
408 2999 565 3084 patientia
580 2997 795 3084 redarguatur
811 2996 852 3061 ab
869 2997 1034 3084 apostolob
1051 2997 1194 3061 dicente:
1215 2998 1364 3062 Libenter
1378 3000 1518 3084 craffertt'a
1535 3001 1727 3084 assequentes,
1747 2999 1838 3062 item:
1857 2999 2059 3064 Sestiaeretia

409 3109 502 3186 eadm,
525 3108 558 3170 ai
578 3108 650 3191 qaae
674 3130 726 3168 aas
749 3108 783 3169 ia
799 3107 974 3168 scroiartera
993 3105 1117 3192 redibit,
1140 3107 1173 3168 si
1193 3107 1264 3190 quis
1288 3105 1425 3183 deuoret,
1449 3107 1482 3169 si
1502 3106 1574 3190 quic
1597 3108 1723 3191 ‹rccipia
1747 3108 1780 3170 εἰ
1800 3107 2058 3191 quaerentium,

408 3215 441 3277 ai
461 3216 532 3298 quis
555 3214 587 3276 tir
598 3214 723 3300 faciem
747 3237 801 3276 vos
824 3211 913 3275 cedit.
951 3209 1165 3274 Sustinendus
1182 3222 1231 3274 est
1250 3209 1387 3296 populus
1411 3210 1464 3274 ille
1480 3210 1645 3274 Romanus
1668 3212 1830 3296 inquietus
1854 3221 1887 3276 et
1910 3211 2058 3276 turbidus
2076 3235 2100 3275 ss

409 3341 448 3382 ac
472 3320 593 3404 pastori
624 3340 681 3381 suo
712 3318 876 3382 avariciae
907 3319 1077 3381 occasione
1108 3317 1242 3380 nimium
1272 3316 1418 3398 infestus,
1451 3315 1606 3402 quamdiu
1629 3339 1703 3382 eum
1726 3319 1862 3382 sustinet
1887 3319 2057 3382 Dominus.

409 3425 454 3489 At
476 3424 520 3506 hi,
545 3426 600 3511 qui
624 3423 804 3488 secundum
826 3423 936 3486 Deum
966 3434 1050 3504 sunt,
1081 3446 1145 3486 non
1176 3421 1314 3487 libenter
1338 3423 1496 3487 eiusmodi
1520 3423 1733 3506 sustinebunt,
1765 3424 1823 3488 sed
1847 3424 2004 3490 dolebunt
2028 3439 2059 3490 et

265 3552 391 3600 rurus.
409 3543 543 3618 gemunt
573 3553 670 3617 super
699 3530 759 3593 his.
806 3528 873 3593 Ubi
904 3531 989 3594 enirn
1020 3552 1113 3594 omne
1145 3540 1243 3615 caput
1270 3529 1460 3614 languidum
1484 3541 1543 3610 est,
1568 3529 1728 3616 quomodo
1759 3532 1856 3596 ctiam
1885 3555 1980 3596 omne
2005 3556 2059 3598 cor

170 3623 173 3632 ¹
410 3661 537 3702 merens
569 3638 633 3701 sit?
682 3637 763 3718 Quis
786 3659 864 3701 vero
897 3637 1047 3700 cordatus
1078 3659 1143 3700 non
1173 3645 1282 3722 gemat
1312 3647 1344 3699 et
1374 3635 1481 3699 doleat
1511 3659 1610 3722 super
1639 3638 1816 3702 avariciam
1839 3638 2058 3704 Rornanorum

411 3747 504 3830 quasi
528 3768 569 3808 ex
593 3745 737 3830 legitimo
762 3755 793 3808 et
816 3745 983 3808 institut0⁰
1008 3743 1194 3829 pontificem
1218 3766 1310 3807 snum
1334 3743 1499 3806 vexante?
1547 3744 1619 3823 Que
1644 3743 1720 3808 dum
1745 3745 1784 3827 ei,
1809 3746 1865 3831 qui
1889 3757 1939 3809 est
1963 3758 2060 3833 caput
2076 3770 2100 3808 ao

303 3837 305 3840 ⁸
373 3921 376 3927 ,
411 3851 559 3932 ecclesie,
583 3851 839 3937 inquietudinem
858 3851 986 3936 ingerit,
1007 3851 1106 3914 etiam
1122 3873 1239 3935 corpus
1263 3847 1454 3931 subiectum,
1476 3850 1563 3935 quod
1579 3861 1628 3914 est
1651 3851 1791 3916 ecclesia
1806 3852 1871 3916 Dei
1895 3853 2058 3936 universa,

411 3959 578 4044 quietum‘l
602 3980 672 4021 esse
696 3981 760 4021 non
785 3958 869 4020 sinit.
916 3956 1012 4021 Unde
1043 3957 1129 4020 enim
1152 3955 1208 4037 illi,
1234 3957 1288 4042 qui
1312 3957 1345 4019 in
1368 3956 1458 4020 Petri
1482 3958 1640 4022 vicarium
1664 3981 1706 4022 ex
1731 3959 1892 4022 communi
1917 3962 2059 4025 omnium

411 4087 571 4129 consensu
595 4064 733 4149 eligitur,
757 4063 853 4144 unde,
884 4064 1026 4149 inquam,
1058 4062 1103 4127 illi
1132 4063 1167 4126 in
1190 4064 1293 4148 primo
1323 4065 1473 4148 ingressu
1497 4086 1554 4128 suo
1578 4064 1730 4128 undecim
1753 4065 1948 4130 talentorum
1973 4067 2061 4131 milia

412 4195 474 4258 que
499 4171 664 4258 expendat
686 4171 840 4235 Romanis
869 4193 928 4256 pro
952 4169 1106 4234 fidelitate
1138 4168 1199 4233 sibi
1228 4169 1391 4234 iuranda?
1440 4170 1585 4250 Quorum
1617 4172 1798 4258 complures
1829 4172 1944 4236 melius
1976 4187 2061 4238 esset

412 4303 475 4342 non
507 4281 612 4342 iurare
643 4301 740 4364 quam
771 4279 875 4341 iurata
905 4277 1059 4340 fidelitate
1089 4276 1237 4340 infideles
1268 4278 1418 4340 existere.
1467 4276 1576 4357 Quare
1600 4301 1665 4342 non
1689 4279 1718 4342 ei
1742 4300 1780 4342 ac
1805 4277 1931 4342 domnis
1956 4280 2060 4344 cardi·
2078 4300 2102 4339 ss

412 4384 539 4449 nalibus
564 4386 641 4448 satis
666 4394 715 4448 est
737 4383 834 4447 fidem
858 4382 967 4448 abeis
991 4395 1023 4447 et
1047 4381 1265 4446 obedientiam
1282 4383 1425 4468 exigere,
1443 4405 1540 4469 quam
1556 4383 1677 4448 debent
1699 4384 1757 4448 filii
1780 4387 1865 4470 patri
1889 4387 2060 4472 spirituali,

242 4503 248 4515 '
302 4491 524 4579 ·r·1⁰³·plebes
556 4491 730 4572 sacerdoti,
766 4513 848 4575 grex
878 4492 1059 4554 animarum
1090 4512 1221 4553 suarum
1246 4490 1396 4575 'pastori
1448 4490 1533 4554 Nam
1564 4493 1619 4577 qui
1649 4492 1711 4554 ista
1738 4491 1870 4556 vincula
1900 4493 2062 4558 annualia

413 4599 600 4684 dirumpunt
622 4597 717 4662 facile
742 4608 774 4660 et
796 4589 1011 4660 iuramentum
1034 4597 1161 4661 irritum
1177 4595 1309 4660 ducunt.
1346 4596 1455 4677 Quare
1475 4619 1540 4660 non
1556 4598 1603 4660 eis
1627 4597 1746 4662 sufficit
1763 4597 1911 4662 doctrina
1926 4599 2062 4664 Domini

241 4723 394 4771 naaman.
414 4705 568 4769 dicentis:
593 4705 728 4769 Reddite
751 4729 810 4789 que
833 4719 904 4767 suat
926 4707 1043 4768 cesaris
1066 4707 1171 4768 cesari
1191 4719 1219 4768 ct
1241 4729 1299 4789 que
1321 4719 1393 4768 sacrat
1413 4705 1480 4768 Det
1499 4705 1591 4768 Deo?
1626 4704 1795 4783 Quatenus
1819 4704 1924 4770 discat
1948 4705 1990 4770 ab
2015 4707 2060 4771 eis

413 4811 551 4898 populus
581 4811 718 4874 reddere
741 4809 815 4874 Deo
846 4819 878 4872 et
908 4808 1131 4874 sacerdotibus
1162 4810 1230 4872 eius
1261 4810 1294 4872 in
1326 4809 1554 4874 ecclesiasticis
1585 4809 1803 4876 obedientiam
1835 4823 1866 4876 et
1896 4812 2005 4894 fidem,
2030 4825 2104 4878 etto

412 4917 545 5003 regibus
575 4917 755 4982 honorem?
801 4915 856 4979 Ad
879 4926 1061 4980 extremum
1084 4938 1172 4998 vero,
1198 4938 1298 5002 quare
1322 4938 1386 4979 non
1410 4939 1430 4979 a
1452 4917 1572 5002 populo
1603 4918 1709 5003 potius
1734 4917 1854 5004 expelli
1884 4921 2060 5006 patiuntur,

414 5048 511 5111 quam
535 5035 569 5088 ut
591 5025 654 5110 ipsi
677 5025 840 5087 avariciae
865 5045 976 5086 eorum
1000 5023 1147 5086 servituti
1171 5021 1396 5086 subiciantur?
1433 5022 1510 5105 ‘Aa
1535 5025 1693 5110 inquiunt,
1712 5029 1781 5088 ‘nos
1798 5026 1854 5112 qui
1876 5049 1942 5090 non
1958 5026 2061 5091 solum

335 5179 338 5186 .
414 5130 628 5195 sacerdotalia
650 5132 684 5193 in
701 5129 835 5194 decimis
860 5141 892 5194 et
915 5127 1142 5212 oblationibus
1167 5128 1225 5193 sed
1249 5140 1281 5193 et
1303 5129 1427 5215 regalia
1450 5130 1550 5194 multa
1573 5153 1615 5194 ex
1638 5154 1752 5217 regum
1776 5132 1949 5197 donatione
1972 5144 2061 5198 tene-

413 5261 495 5320 mus,
520 5235 757 5323 quodammodo
782 5247 814 5301 et
837 5260 931 5322 reges
955 5247 987 5299 et
1011 5236 1197 5300 sacerdotes
1220 5236 1354 5300 Domini
1377 5258 1496 5318 sumus,
1521 5236 1659 5322 ideoque
1683 5261 1703 5301 a
1725 5239 1845 5325 populo
1868 5262 1934 5303 non
1958 5240 2061 5304 solum

415 5343 635 5408 obedientiam
665 5344 699 5406 in
723 5343 962 5426 ecclesiasticis,
993 5342 1052 5406 sed
1076 5353 1107 5406 et
1130 5341 1317 5405 fidelitatem
1340 5341 1433 5406 nobis
1457 5344 1556 5406 iurari
1581 5344 1743 5429 exigimus
1774 5345 1815 5410 ad
1839 5345 2060 5411 defensionem
2078 5369 2110 5422 e¹

414 5449 567 5514 videlicet
597 5449 754 5536 regalium
784 5448 879 5514 simul
903 5461 934 5514 et
957 5447 1191 5536 pontificalium
1220 5446 1307 5511 beafi
1331 5448 1430 5512 Petri.
1478 5448 1587 5530 Quero
1619 5460 1726 5515 autem
1750 5474 1770 5516 a
1793 5452 1992 5538 temporibus
2015 5454 2062 5539 pii

522 5613 549 5676 a)
571 5621 760 5681 permanentes
779 5633 799 5664 c.
872 5611 900 5674 b)
923 5611 1006 5679 applo
1025 5631 1046 5663 c.
1119 5611 1143 5676 c)
1165 5614 1289 5663 instituta
1307 5630 1327 5662 c.
1401 5611 1429 5674 d)
1451 5615 1543 5678 quieta
1561 5633 1581 5665 c.

526 5742 554 5818 1)
579 5743 682 5800 Hamil.
708 5743 736 5798 ia
760 5761 858 5818 coartp.
884 5742 954 5812 I,·l,
980 5762 1004 5798 c.
1023 5742 1051 5810 l,
1078 5740 1150 5816 opp.
1176 5741 1199 5810 I,
1225 5743 1275 5797 col.
1297 5740 1389 5798 1449.
1424 5741 1463 5798 D.
