4410 6406
768 343 886 398 LIBER
909 344 961 398 DE
986 343 1219 401 SIhIONIACIS.
1757 339 1821 402 265

158 528 325 594 iuriarum
354 529 468 593 inferri
498 530 656 616 permisit,
686 529 750 593 nisi
773 529 861 616 quod
885 528 925 593 de
950 551 988 594 eo
1012 531 1170 616 scriptum
1193 529 1263 593 fuit.
1310 529 1407 594 Unde
1432 553 1506 595 cum
1529 531 1638 594 omnia
1662 530 1821 596 fuissent·

160 644 406 717 consummata,
438 658 523 722 quae
554 634 594 698 de
624 635 776 721 passione
806 636 908 721 ipsius
940 646 1031 700 erant
1061 637 1196 722 scripta,
1232 634 1333 700 nichil
1363 635 1448 700 ultra
1481 637 1516 701 in
1546 659 1620 700 eum
1651 638 1820 702 carnifices

160 751 353 826 potuerunt.
400 741 523 805 Verum
547 743 575 805 si
598 741 753 806 divinitus
779 740 912 807 cohibiti
944 765 1008 807 non
1039 742 1185 824 fuissent,
1216 740 1357 806 libenter
1380 764 1454 806 ossa
1477 743 1546 807 cius
1570 753 1603 808 et
1626 765 1723 808 crura
1745 766 1820 809 con-

161 847 342 934 fregissent
366 858 397 912 et
419 848 556 913 fortasse
583 848 630 912 ita
658 869 732 912 eum
763 847 975 912 dilaniassent
998 870 1037 913 aa
1061 848 1258 930 divisissent,
1290 850 1375 912 sicut
1404 870 1572 913 servorum
1603 850 1672 913 eius
1702 850 1820 915 multos

126 953 306 1040 elegimus
336 953 509 1018 dilaniatos
540 964 572 1018 et
601 952 807 1018 membratim
837 953 1027 1041 discerptos.
1082 953 1149 1020 Sed
1179 956 1341 1041 scriptura
1373 977 1482 1037 sacra,
1514 977 1597 1042 quae
1628 955 1821 1042 predicabat

164 1059 292 1125 Christi
315 1061 521 1143 occisionem,
545 1082 705 1146 nusquam
722 1060 924 1146 predicabat,
947 1061 1046 1126 immo
1070 1059 1175 1125 modis
1199 1058 1349 1125 omnibus
1365 1059 1561 1147 prohibebat
1583 1063 1685 1148 ipsius
1699 1061 1820 1128 Christi

165 1167 373 1250 divisionem,
396 1164 592 1252 prohibebat
607 1189 736 1253 quoque
754 1169 895 1232 crurium
920 1168 990 1232 eius
1014 1167 1278 1250 confractionem,
1296 1167 1425 1232 dicente
1442 1167 1583 1233 Domino
1606 1191 1667 1254 per
1682 1168 1821 1255 Moysen

166 1273 210 1337 de
234 1296 319 1359 agno
343 1272 468 1359 pascali
489 1274 524 1336 in
547 1283 661 1359 typum
685 1271 824 1337 Christi:
851 1273 891 1338 In
915 1299 978 1338 una
1002 1275 1093 1339 dama
1117 1275 1292 1339 comederas
1299 1299 1309 1357 ,·
1334 1273 1421 1360 quod
1444 1272 1531 1338 idem
1555 1285 1604 1339 cst
1627 1276 1695 1339 acsi
1720 1274 1820 1352 dixis-
1839 1299 1966 1350 mnam

166 1390 235 1444 set:
261 1380 341 1444 ‘Per
355 1379 502 1444 diversas
521 1378 634 1444 domos
658 1402 741 1444 unua
764 1379 818 1445 ille
842 1403 946 1466 agnus
970 1402 1036 1444 non
1051 1378 1247 1462 dividetur'3
1273 1379 1332 1443 sed
1355 1381 1389 1443 in
1405 1402 1471 1444 una
1494 1379 1589 1445 domo
1614 1381 1819 1446 comedetur:

117 1513 147 1551 ιο
167 1487 212 1551 Et
235 1512 269 1552 os
292 1511 353 1552 non
376 1489 590 1552 comminuens
613 1511 652 1552 ex
673 1511 716 1551 eo.
765 1484 871 1572 Culpa
898 1508 975 1572 ergo
999 1485 1156 1550 melorum
1180 1485 1314 1571 indigna
1339 1508 1457 1572 corpus
1481 1497 1514 1550 et
1537 1477 1973 1572 sanguinemDo·10s.1s,sa.

168 1593 249 1656 mini
275 1593 506 1678 accipientium
536 1593 571 1657 in
594 1592 744 1675 ecclesia,
775 1592 941 1658 iudicante
965 1591 1122 1678 apostolo,
1147 1602 1197 1656 est
1220 1593 1314 1678 quasi
1337 1592 1458 1656 occisio
1483 1591 1604 1658 Christi
1627 1594 1820 1680 reputanda,

168 1700 247 1784 quia
269 1721 360 1763 reum
386 1701 530 1785 corporis
555 1709 588 1764 et
611 1701 778 1785 sanguinis
794 1700 928 1764 Domini
952 1721 1026 1763 eum
1044 1721 1115 1763 esse
1140 1700 1265 1780 asserit,
1290 1699 1346 1784 qui
1370 1720 1410 1762 ea
1432 1697 1566 1784 indigne
1590 1700 1767 1766 manducat
1789 1711 1822 1766 ct

167 1803 263 1869 bibit.
297 1805 340 1870 Et
364 1815 414 1869 est
436 1804 569 1891 quidem
585 1804 682 1891 culpa
704 1804 766 1870 hec
789 1828 918 1892 magna,
943 1805 1003 1870 sed
1025 1828 1045 1869 a
1068 1806 1236 1891 scripturis
1260 1827 1325 1869 non
1342 1804 1483 1870 dissona.
1518 1805 1692 1871 Hereticus
1712 1817 1821 1871 autem

167 1911 221 1976 vel
245 1912 459 1994 scismaticus,
487 1933 553 1976 non
575 1923 643 1976 tam
667 1911 707 1975 de
732 1910 852 1976 Christi
877 1913 1049 1994 acchione,
1074 1934 1173 1999 quam
1196 1911 1237 1976 de
1261 1911 1382 1975 Christi
1406 1911 1555 1998 culpatur
1579 1912 1738 1977 divisione
1762 1936 1821 2000 pro

122 2044 148 2083 n
167 2041 218 2100 co,
250 2017 338 2104 quod
370 2027 484 2082 contra
514 2039 642 2082 omnem
672 2040 786 2082 sacrae
822 2020 1002 2104 scripturae
1038 2019 1264 2083 auctoritatem
1294 2015 1461 2082 Christum
1495 2028 1632 2082 conatur
1662 2017 1820 2103 dividere,

166 2136 286 2211 putans
316 2123 407 2188 illum
436 2125 471 2187 in
495 2122 633 2188 diversis
657 2147 696 2189 ac
719 2123 867 2211 pluribus
899 2123 1047 2189 domibus
1073 2124 1200 2188 comedi
1231 2147 1337 2210 posse,
1370 2147 1444 2190 cum
1473 2125 1529 2189 lex
1558 2124 1662 2190 dicat:
1694 2125 1733 2191 In
1757 2151 1822 2192 nna

167 2232 260 2297 domo
282 2232 467 2297 comedetur.
516 2230 734 2317 Quanquam⁰
765 2232 876 2317 itaque
907 2253 1073 2318 nunquam
1103 2229 1268 2295 dividatur
1291 2229 1449 2314 Christus,
1481 2241 1590 2296 temen
1620 2231 1715 2297 huius
1739 2231 1821 2296 divi-

167 2339 268 2403 sionis
290 2338 341 2401 rei
363 2336 445 2402 finnt
467 2338 502 2401 in
525 2338 592 2401 suis
610 2337 877 2423 cogitationibus,
903 2339 959 2424 qui
983 2338 1183 2402 contentiose
1207 2336 1382 2419 affirmant,
1406 2336 1495 2423 quod
1516 2347 1583 2402 tam
1607 2348 1700 2403 extm
1724 2361 1822 2425 quam

167 2447 254 2510 intra
277 2443 451 2510 ecclesiam
475 2443 664 2509 comedatur
685 2443 848 2530 paschalis
872 2467 986 2529 agnus.
1028 2443 1090 2508 Est
1112 2453 1221 2508 autem
1244 2444 1346 2529 peior,
1372 2442 1594 2508 detestabilior
1618 2447 1665 2508 'et
1688 2466 1821 2509 execra-

120 2579 148 2617 ιο
168 2551 265 2616 bihor
288 2551 451 2616 hereticus
474 2551 528 2614 vel
551 2551 754 2616 scismaticus
778 2551 858 2636 ipsis
881 2550 992 2616 Iudeis
1017 2561 1049 2616 et
1071 2548 1228 2616 militibus
1252 2548 1374 2615 Christi
1398 2549 1609 2633 occisoribus,
1634 2551 1711 2637 quia
1734 2550 1823 2638 quod

167 2681 228 2745 per
250 2657 322 2722 illos
346 2680 412 2723 non
434 2659 539 2744 potuit
561 2658 633 2721 fieri
661 2657 724 2722 hoc
753 2658 862 2724 facere
887 2668 1046 2723 conantm
1068 2659 1137 2740 isti3
1169 2656 1228 2722 sed
1255 2657 1384 2740 frustra,
1410 2658 1487 2742 quia
1509 2667 1544 2722 ut
1568 2655 1716 2722 Christus
1740 2657 1821 2722 divi·

168 2765 264 2829 datur
294 2776 327 2829 et
355 2775 423 2830 tam
453 2774 547 2829 extra
577 2787 675 2851 quam
709 2766 794 2829 intra
827 2787 927 2829 unam
962 2763 1093 2829 domum
1128 2763 1286 2829 ecclesiae
1317 2762 1539 2846 comedaturd,
1574 2786 1640 2829 non
1671 2763 1823 2829 concedit

169 2881 284 2936 sancta
307 2872 477 2957 scriptura,
506 2872 590 2936 sicut
613 2870 857 2936 evidentissime
880 2869 1021 2958 probant
1044 2869 1218 2935 subiuncta
1240 2881 1370 2956 patrum
1393 2871 1588 2935 testimonia.
1636 2867 1822 2957 Cyprianus

169 2979 203 3043 in
228 2977 364 3064 epistola
387 2976 430 3042 ad
446 2976 672 3042 Cornelium:
696 2978 872 3044 Emistimat
893 2980 1014 3064 als’qnis
1036 3003 1158 3042 mmma
1181 2993 1210 3043 ct
1230 3003 1356 3066 empna,
1380 2992 1435 3042 ant
1456 3001 1519 3043 non
1540 2980 1654 3044 scienta
1676 2977 1745 3041 Dea
1769 2991 1825 3042 ant

123 3109 150 3149 ss
168 3110 231 3150 non
247 3088 455 3172 permittente,
471 3087 569 3172 fleri,
599 3099 628 3150 et
648 3086 833 3167 sacerdotes,
857 3086 961 3151 idest
982 3084 1049 3150 Dei
1070 3085 1301 3171 desponsatores
1324 3099 1415 3150 erunt
1435 3107 1496 3150 non
1521 3084 1559 3150 de
1582 3087 1650 3150 eina
1672 3086 1823 3148 sentemm

169 3192 321 3258 ordinati.
368 3192 439 3256 Hoc
461 3206 507 3256 est
520 3192 622 3279 fldem
645 3215 705 3256 non
730 3193 842 3256 habere
866 3194 943 3277 qaia
967 3194 1112 3272 vivimus,
1142 3192 1200 3255 hac
1223 3206 1268 3256 est
1289 3191 1357 3256 Dea
1387 3191 1533 3256 honorem
1563 3215 1625 3255 non
1649 3190 1737 3271 dare,
1767 3189 1825 3256 sed

170 3298 211 3364 de
233 3302 301 3364 eins
322 3301 472 3364 amensa
495 3322 558 3362 non
581 3298 771 3362 ordinantur
792 3298 977 3378 sacerdotes,
1008 3300 1067 3383 qui
1087 3311 1175 3362 estro
1199 3299 1362 3362 ecclesiam
1377 3299 1473 3384 finnt,
1504 3300 1563 3382 qai
1583 3311 1691 3362 contra
1714 3297 1821 3384 dispo·

169 3408 313 3471 titionem
336 3419 365 3470 at
386 3405 586 3470 traditionem
614 3406 775 3492 eaanpeiii
788 3405 932 3491 faciunt,
962 3406 1044 3468 siant
1072 3406 1140 3490 ipm
1162 3403 1321 3468 Dominus
1349 3407 1384 3468 in
1406 3402 1484 3467 XII
1494 3405 1661 3490 prophetis
1677 3407 1773 3491 ponit
1795 3419 1824 3470 et

171 3512 268 3576 dicit:
297 3509 524 3597 ‘Sidimatapsm
552 3535 654 3598 repam
678 3513 910 3590 comtitnernnt,
933 3523 962 3574 et
983 3534 1045 3574 non
1064 3534 1124 3596 per
1147 3509 1221 3574 me’.
1268 3509 1313 3574 Et
1341 3513 1473 3574 iterum:
1503 3508 1686 3596 ‘Sacrificio
1715 3534 1822 3574 eornm
1841 3532 1999 3581 osseas.

123 3642 152 3682 so
170 3633 320 3704 tanquam
339 3621 438 3704 panis
462 3619 571 3697 inane,
595 3641 699 3682 omnes
721 3619 781 3702 qni
801 3617 993 3682 manducant
1015 3642 1051 3680 ea
1075 3616 1394 3681 contaminabantar’.
1430 3615 1475 3680 Et
1489 3640 1553 3703 per
1567 3615 1698 3680 Ysaiam
1714 3615 1821 3703 Spiri-

170 3740 219 3790 tus
240 3738 365 3790 sanctiss
388 3725 505 3789 alenset
526 3738 555 3789 ct
577 3724 674 3790 dicit:
700 3723 760 3788 ‘Ve
784 3724 881 3804 vobis,
897 3724 972 3811 filii
993 3723 1174 3804 desertores,
1198 3723 1252 3788 dec
1275 3723 1354 3788 dicit
1375 3723 1550 3788 Dominus:
1573 3723 1728 3788 habumtrs
1751 3747 1822 3788 aan-
1841 3746 1871 3786 n.
1879 3745 1913 3795 so,
1922 3746 1941 3783 1.

169 3833 280 3896 silium
303 3844 332 3896 ct
352 3854 495 3916 conpar
517 3854 575 3911 me,
606 3845 635 3895 et
648 3831 780 3918 fecistis
808 3831 1037 3894 conventionem
1066 3853 1128 3892 non
1152 3853 1215 3916 per
1237 3831 1385 3915 spiritam
1417 3853 1518 3894 meum
1546 3829 1672 3894 adicere
1688 3845 1822 3916 peccata

170 3962 265 4024 super
280 3936 440 4024 peccata’.
487 3935 579 4000 Idem
603 3933 645 3999 ad
668 3935 824 4021 Magnum
852 3932 1106 4020 presbiterum²z
1136 3934 1283 4000 Ecclesia
1306 3960 1370 4000 ana
1393 3950 1446 4017 cst,
1477 3959 1557 4020 quae
1580 3938 1664 4000 intas
1686 3949 1715 4000 et
1729 3937 1823 4023 foris

171 4067 235 4108 esse
258 4067 319 4108 nan
335 4057 446 4129 potest.
495 4041 537 4108 Si
557 4045 639 4108 enim
662 4043 752 4128 apud
768 4041 984 4108 Novatiannm
1007 4056 1060 4123 est,
1084 4042 1174 4129 apud
1192 4040 1373 4106 Cornelium
1395 4065 1457 4106 non
1477 4042 1564 4128 fain·
1585 4044 1619 4106 ai
1638 4066 1710 4106 aera
1734 4042 1825 4128 apud

126 4171 153 4215 ts
176 4149 355 4215 Cornelium
372 4150 456 4237 fnit,
479 4148 679 4214 Narrationes
709 4151 743 4213 in
766 4149 898 4213 ecclesia
926 4173 989 4212 nan
1012 4163 1066 4229 est,
1096 4172 1151 4212 nea
1174 4150 1339 4234 episcopas
1361 4150 1541 4234 campmari
1554 4162 1665 4235 potest.
1712 4147 1822 4212 Ihero-

171 4256 277 4320 nimus
301 4276 400 4341 super
422 4254 490 4318 XII
513 4253 726 4341 prophetas³z
755 4254 832 4320 Odit
853 4254 941 4319 Dens
963 4256 1127 4341 sacrificia
1149 4254 1354 4319 hereticorum
1378 4269 1406 4319 et
1428 4280 1448 4319 a
1471 4279 1503 4320 se
1519 4257 1673 4341 proicit⁰,
1697 4269 1726 4320 et
1748 4279 1821 4340 qao·

171 4365 370 4448 densusque
392 4364 448 4426 snb
472 4365 596 4427 nomine
618 4361 756 4426 Domini
768 4362 899 4449 fuerint
925 4362 1113 4448 conprepati,
1144 4359 1344 4425 detestabitur
1360 4362 1498 4449 fetorem
1523 4385 1629 4426 eornm
1652 4375 1681 4427 et
1702 4361 1825 4427 claudit

171 4493 265 4534 nares
286 4493 370 4534 anas.
420 4467 533 4534 Odisse
556 4483 658 4533 atatem
682 4483 710 4532 et
724 4470 873 4555 proicere
896 4481 925 4532 et
945 4491 1007 4531 non
1030 4466 1173 4546 adorari,
1203 4466 1340 4532 humana
1369 4468 1509 4552 loquitur
1530 4468 1752 4549 similitudine,
1777 4471 1825 4532 ‘nt
1841 4490 1871 4531 rr.
1880 4490 1926 4529 111.

172 4599 227 4640 nos
250 4577 395 4662 affectam
418 4574 486 4639 Dei
512 4578 628 4639 naenia
656 4575 851 4639 sermonibus
880 4569 1115 4662 capnosaamua
1155 4571 1248 4636 Idem
1279 4571 1319 4635 de
1343 4595 1428 4659 agno
1456 4572 1581 4658 pascali
1611 4572 1746 4660 loquens
1777 4574 1823 4638 ait

125 4682 257 4745 winter
279 4685 426 4746 aetera⁴:
457 4680 531 4745 Non
547 4695 695 4768 patemus
717 4705 833 4768 apuam
856 4683 949 4745 sistam
973 4681 1086 4765 abique
1102 4702 1198 4766 posse
1222 4679 1352 4744 comedi.
1397 4678 1581 4766 Pracipitur
1602 4682 1703 4761 nobas,
1732 4694 1767 4744 nt
1788 4683 1822 4744 in

172 4814 235 4853 nna
264 4789 355 4854 illum
386 4787 584 4853 comedamus
613 4788 715 4868 domo,
746 4787 784 4852 id
805 4801 849 4851 est
870 4811 908 4852 ne
931 4800 1019 4851 entra
1050 4785 1212 4850 ecclesiam
1242 4786 1408 4850 immolari
1434 4810 1550 4874 apnnm
1568 4801 1722 4872 patenam.
1768 4785 1823 4850 Ex

173 4916 236 4980 quo
259 4893 468 4958 manifestum
491 4903 549 4976 est,
574 4892 662 4979 quod
684 4892 778 4957 Iudai
802 4903 834 4956 et
856 4891 993 4956 heretici
1016 4901 1048 4957 et
1071 4892 1180 4956 omnia
1203 4889 1430 4955 conventicula
1449 4888 1638 4976 dogmatum
1653 4913 1822 4977 perverso-

279 5091 306 5158 α)
329 5109 404 5146 cons.
421 5093 461 5144 fu.
481 5095 506 5144 8.
579 5089 607 5154 b)
628 5093 695 5144 deest
713 5095 737 5144 2.
758 5095 782 5143 3.
856 5088 883 5154 a)
906 5049 1070 5156 Quanquam
1089 5115 1122 5124 -
1143 5106 1229 5155 agnus
1250 5089 1279 5140 in
1297 5107 1376 5156 marq.
1394 5088 1472 5155 inser.
1494 5092 1516 5140 l.
1589 5087 1617 5152 d)
1639 5089 1779 5140 dividatur
1798 5091 1822 5140 3.

174 5181 199 5244 ο)
221 5184 340 5250 pronsas
359 5185 384 5234 a.
405 5185 430 5234 a.

125 5381 154 5420 ss
283 5362 313 5438 1)
344 5364 437 5440 lapse.
463 5362 515 5434 59,
547 5383 570 5420 a.
596 5361 625 5420 5.
658 5364 701 5420 ed.
726 5362 832 5420 Hartel
853 5361 988 5438 p.6'12;
1023 5361 1065 5432 as.
1096 5359 1205 5416 Deind.
1231 5358 1328 5415 Libell.
1354 5358 1394 5429 II,
1425 5355 1445 5433 ἓ
1470 5359 1503 5430 2,
1536 5359 1598 5416 Lib.
1623 5358 1663 5429 II,
1689 5378 1722 5434 p.
1749 5357 1822 5414 ³19.

174 5469 206 5546 2)
230 5471 323 5548 Epist.
342 5470 393 5540 62,
418 5491 441 5528 c.
460 5471 489 5526 3.
514 5471 557 5527 ed.
582 5469 688 5528 Hartel
703 5490 737 5545 p.
755 5469 828 5525 222.
922 5467 952 5538 3)
979 5467 1082 5526 Comm.
1106 5466 1137 5522 in
1160 5467 1246 5523 Assos
1268 5464 1309 5536 II,
1335 5485 1358 5522 a.
1381 5465 1410 5536 5,
1437 5465 1510 5542 Opp
1535 5467 1578 5523 ed.
1598 5464 1757 5522 Vallarsius
1774 5464 1823 5536 VI,

174 5581 223 5636 cot.
243 5577 325 5646 303,·
349 5579 390 5650 as.
415 5576 573 5634 Deindedit
595 5575 656 5633 lat.
674 5574 714 5646 II,
738 5571 758 5650 ξ
780 5575 809 5650 2,
837 5578 856 5632 t.
873 5577 891 5631 t.
911 5595 945 5650 p.
963 5572 1038 5630 320.
1107 5571 1138 5643 4)
1164 5571 1472 5647 Pseudo-Hieronymi
1495 5571 1594 5630 Sermo
1617 5573 1652 5629 de
1675 5590 1723 5628 esu
1745 5570 1823 5648 apsi,

175 5681 249 5760 Opp.
275 5685 317 5741 cd.
337 5682 497 5741 Vallarsius
519 5682 574 5753 XI,
599 5684 649 5740 col.
676 5681 738 5737 212
747 5704 757 5752 ;
782 5683 822 5754 as.
847 5701 936 5758 snpra
955 5701 988 5756 p,
1007 5679 1080 5736 226.

245 5791 344 5857 musto
364 5805 398 5856 ss
418 5803 474 5856 uss
507 5805 561 5854 111.
1577 5802 1610 5850 as
