4426 6398
435 369 500 432 612
821 375 873 430 DE
896 373 1161 432 INVESTITURA
1184 375 1331 432 REGALI
1355 375 1653 434 COLLECTANEA.

435 565 629 652 coquosceris
651 563 794 628 ordinem
817 563 996 628 inordinate
1011 565 1211 650 prorupisse
1252 563 1467 630 Intolerabilss
1489 564 1616 651 quidem
1640 565 1734 651 οιιῐρα
1757 579 1812 645 est,
1835 563 1896 628 sed
1916 563 2075 631 secundun

436 672 604 736 iussionem
619 671 771 757 piissimi
792 667 923 734 domni·
947 672 1158 757 imperatoris,
1188 673 1221 736 si
1239 695 1438 757 nequaquam
1465 671 1604 757 amplius
1632 672 1667 736 in
1691 673 1886 756 contumacis
1909 684 1959 755 tuq
1981 695 2077 736 errem

429 777 619 864 perstiteris,
641 776 831 840 relucemus.
875 771 1054 860 Gregorius
1076 775 1235 842 Mauricio
1257 785 1395 862 augusta
1418 775 1560 862 capitulo
1579 775 1755 840 xvnns:
1780 775 1857 841 Non
1880 780 1965 842 euim
1982 801 2079 864 parrq

331 885 621 970 ·r.1cs.potuitesse
643 881 806 962 mercedes,
830 881 916 968 qnod
928 881 1070 948 Iohanne
1091 897 1196 970 saactq
1212 885 1374 968 'memorie
1396 883 1435 948 ds
1457 883 1516 948 bac
1540 884 1606 948 luce
1629 885 1784 950 ιιιὺιναιιο
1807 883 1855 948 ad
1870 883 2079 949 ordinandum

434 987 625 1054 sacerdotem
655 1002 718 1074 ptus
748 1002 849 1053 vestra
880 989 1033 1073 hesitavit.
1085 988 1219 1077 Tempus
1234 990 1338 1078 paulo
1366 989 1489 1076 lonqius
1512 989 1645 1070 duale,
1668 1015 1738 1055 cum
1760 1005 1843 1056 metu
1868 993 2106 1077 omnipotentiss

435 1095 573 1160 Domini
593 1094 759 1160 cornilinm
782 1097 927 1180 quesivit,
950 1109 984 1160 ut
1005 1094 1152 1162 videlicet
1173 1121 1269 1162 causa
1292 1096 1359 1162 Dei
1386 1121 1454 1162 cnm
1485 1120 1596 1184 moqno
1627 1099 1736 1162 amore
1766 1097 1925 1162 debarim
1948 1097 2079 1184 disponi.

442 1201 530 1268 Unde
553 1215 581 1266 et
602 1215 709 1289 aptum
733 1199 826 1266 valde
849 1203 979 1268 maure
1001 1203 1036 1266 in
1051 1203 1218 1289 pastorali
1243 1206 1395 1290 reqimine
1411 1206 1554 1292 fraaem
1583 1217 1674 1290 utque
1695 1204 1889 1270 sacerdotem
1916 1203 2082 1292 Gpriacam

436 1310 590 1388 existimo,
614 1332 703 1394 quem
726 1306 791 1372 adb
807 1306 937 1373 eundem
954 1309 1095 1374 ordinem
1112 1313 1351 1397 veemepietatis
1373 1311 1508 1376 cornilio
1528 1311 1621 1399 lcnqu
1641 1325 1821 1398 qenuerunt.
1858 1311 1941 1375 Post
1964 1331 2081 1397 pauca:

440 1413 641 1502 Omnipotens
662 1414 751 1480 Dens
781 1416 893 1480 bonum
922 1415 979 1480 boc
1006 1417 1171 1480 serenitati
1198 1415 1395 1482 dominorum
1418 1419 1536 1504 piqque
1565 1441 1671 1482 eorum
1700 1419 1803 1483 soboli
1830 1432 1860 1484 et
1890 1420 1925 1483 in
1942 1421 2085 1504 preserui

435 1523 538 1588 seculo
561 1535 653 1606 oque
676 1523 711 1587 in
726 1535 883 1608 perpetua
905 1524 1153 1587 remuneratione
1175 1524 1338 1603 retribuat,
1366 1537 1516 1609 quatenns
1539 1523 1577 1588 de
1600 1547 1634 1588 eo
1652 1526 1783 1610 pietatus
1806 1539 1906 1610 vestm
1930 1523 2083 1589 iudicium
2099 1550 2120 1590 u

436 1653 498 1694 non
520 1629 620 1694 solnm
644 1642 714 1694 ante
737 1629 886 1710 bomines,
909 1628 966 1693 sed
979 1643 1050 1693 onte
1065 1651 1199 1716 superne
1222 1653 1342 1716 qnoque
1357 1629 1462 1694 omulcs
1478 1631 1650 1694 maiestatis
1665 1631 1868 1696 convalescat
1905 1628 2082 1715 Gregorius

436 1732 610 1800 Anastasio
626 1733 853 1823 expatriarchq
865 1732 1094 1824 Ant[icchen0]
1104 1740 1129 1798 ²:
1145 1734 1293 1801 Preterea
1307 1736 1426 1815 indico,
1441 1737 1518 1822 quia
1534 1761 1554 1800 a
1569 1738 1780 1802 serenissimis
1793 1737 1946 1817 mainus,
1963 1741 2083 1823 quantis

438 1843 529 1907 valui
542 1843 694 1928 precibus
710 1841 885 1928 postulavi,
912 1855 946 1906 ut
974 1865 1028 1906 vos
1057 1842 1171 1907 bonore
1200 1845 1339 1908 restituto
1369 1841 1414 1906 ad
1434 1843 1539 1906 scruti
1558 1841 1656 1922 Petri,
1679 1845 1893 1928 apostolorum
1909 1846 2083 1930 princepis,

438 1950 552 2014 limina
575 1951 681 2014 venire
704 1962 741 2030 et,
768 1971 929 2034 *quotaque
951 1947 1020 2013 Deo
1044 1951 1090 2014 ita
1106 1950 1277 2035 placuerit,
1308 1949 1359 2014 bic
1381 1973 1499 2014 mecum
1522 1951 1626 2014 vivere
1649 1949 1805 2031 concedat,
1836 1965 1991 2036 qnatenus
2014 1951 2081 2015 dun

438 2079 492 2120 nos
516 2055 622 2120 videre
644 2078 795 2135 meruero,
811 2057 1083 2142 pereqrinationis
1102 2070 1200 2140 vestm
1214 2056 1332 2122 tedium
1355 2056 1393 2120 de
1415 2069 1519 2141 eterna
1535 2057 1649 2142 patrio
1673 2058 1806 2122 invicem
1830 2057 1988 2142 loquendo
2011 2059 2082 2122 rele-
2099 2081 2119 2121 u

439 2186 551 2228 cemus.
596 2145 638 2224 In
658 2158 829 2226 annalibus
853 2160 1083 2246 imperatorum
1105 2159 1220 2226 Karoli
1240 2161 1353 2247 Magni
1376 2171 1409 2225 et
1430 2159 1654 2247 gloriosissimi
1675 2161 1815 2226 Ludvici
1839 2161 1881 2227 dc
1905 2163 1978 2249 ipso
2001 2185 2082 2250 papa

438 2267 622 2334 Romanor:
650 2267 844 2356 Greqorius⁰
861 2269 1020 2356 presbiter
1043 2269 1131 2333 tituli
1149 2271 1254 2334 sancti
1273 2269 1385 2334 Marci
1408 2269 1529 2349 electus,
1558 2269 1617 2334 sed
1644 2293 1704 2334 non
1721 2272 1820 2356 prins
1843 2271 2011 2335 ordinatus
2033 2286 2082 2350 est,

439 2401 533 2462 qnam
564 2377 682 2462 leqatus
709 2375 846 2440 eiusdem
869 2373 1032 2439 Loducici
1059 2377 1260 2461 imperatores
1283 2401 1303 2440 a
1327 2376 1471 2440 Francia
1493 2376 1627 2440 Romam
1651 2379 1735 2442 venit
1756 2391 1785 2441 et
1807 2377 1987 2442 electionem
2009 2379 2085 2444 cleri

439 2497 468 2548 et
482 2483 611 2570 populi,
641 2483 747 2568 qualis
774 2495 859 2560 esset,
883 2483 1083 2545 examinavit.
1130 2479 1198 2544 Leo
1223 2491 1357 2566 quartus
1380 2481 1534 2546 Lothatio
1558 2492 1590 2546 ct
1611 2479 1765 2546 Lbdwico
1790 2483 1978 2568 augustis⁴2
2004 2484 2081 2549 Rea·

439 2592 506 2654 tina
529 2590 671 2668 ecclesia,
701 2611 760 2675 quq
774 2612 838 2674 per
861 2601 903 2652 tot
925 2601 1093 2674 temporum
1124 2590 1236 2674 spacia
1252 2590 1472 2674 pastoralibus
1499 2592 1585 2654 cures
1612 2588 1757 2655 destituta
1780 2593 1931 2671 concutit,
1956 2591 2081 2678 diqnuru
2097 2614 2118 2654 n

440 2710 492 2777 est,
515 2710 550 2760 nt
570 2695 700 2762 braobio
722 2694 946 2781 amplitudinis
975 2709 1073 2779 cestre
1100 2695 1275 2760 sublevetur
1297 2719 1335 2758 ac
1355 2696 1592 2782 qubernationis
1618 2699 1748 2784 teqmine
1765 2711 1961 2784 proteqatur.
2000 2697 2082 2762 Unde

438 2804 639 2868 salutationis
654 2803 794 2888 alloquio
803 2803 961 2888 premisso
977 2815 1111 2866 ommam
1125 2800 1395 2888 moqnitudinem‘¹
1410 2802 1626 2888 deprecamur,
1642 2816 1791 2888 quatenus
1807 2802 1953 2884 Coloni⁸,
1973 2804 2085 2868 bamili

440 2909 584 2990 diacono,
608 2909 737 2974 eandem
760 2909 920 2994 ecclesiam
951 2907 997 2974 ad
1023 2907 1192 2995 rependum
1221 2909 1386 2974 concedere
1414 2909 1600 2995 diqnemini,
1628 2923 1660 2973 ut
1683 2924 1783 2975 *sesac
1808 2911 1936 2976 licentio
1960 2927 2081 2997 accepta

440 3017 557 3082 ibidem
580 3040 648 3081 eum
663 3015 733 3080 Deo
756 3015 925 3080 adiuuante
941 3037 1122 3079 consecrare
1137 3015 1297 3079 valeamus
1312 3017 1500 3102 episcopum.
1538 3013 1599 3080 Sin
1613 3031 1714 3082 antem
1737 3019 1770 3082 in
1779 3018 1931 3104 predicta
1955 3019 2082 3082 ecclesia

440 3125 612 3203 volueritis,
635 3137 669 3188 ut
683 3123 875 3210 proficiatur
897 3123 1071 3207 episcopus,
1095 3121 1312 3186 Asculanam‘
1335 3121 1497 3206 ecclesiam
1528 3145 1586 3208 que
1609 3123 1738 3188 viduata
1762 3127 1876 3205 existit,
1908 3126 1964 3190 illi
1985 3139 2082 3190 cestra
2099 3146 2120 3186 u

439 3233 590 3296 serenitas
613 3230 758 3317 diqnetur
779 3228 955 3309 concedere,
979 3242 1012 3292 ut
1033 3243 1228 3292 consecrante
1250 3253 1271 3292 a
1294 3242 1398 3292 nostro
1418 3228 1583 3314 presulatu
1605 3228 1674 3294 Deo
1697 3233 1902 3316 omnipotenti
1926 3247 2083 3318 emmaque

440 3339 574 3424 imperio
594 3349 699 3424 qrotes
714 3359 870 3422 perapere
893 3335 1004 3398 valeat.
1041 3332 1225 3419 Stephanus
1240 3333 1474 3420 papsWidoni
1498 3335 1645 3400 comiti⁵:
1670 3335 1774 3401 Lectis
1788 3340 1974 3424 saqacitcts's
1989 3353 2082 3416 cestre

440 3445 595 3530 apicibus,
626 3464 684 3528 quq
714 3442 862 3528 defuneto
893 3441 1020 3524 ecclesie
1041 3439 1174 3526 Reatinq
1202 3444 1339 3506 antistite
1369 3443 1485 3506 clerum
1510 3456 1538 3506 et
1551 3443 1677 3530 plebem
1701 3443 1838 3508 eiusdem
1866 3445 1996 3532 eleqisse
2022 3447 2085 3510 sibi

438 3550 584 3636 futurum
614 3551 781 3614 antistitem
811 3549 959 3634 nobisque
989 3547 1232 3612 consecrandum
1263 3563 1362 3614 'antro
1390 3548 1495 3613 studio
1520 3548 1669 3614 directum
1694 3573 1768 3630 esse,
1797 3575 1835 3614 ne
1858 3553 1931 3637 ipsso
1955 3553 2083 3636 ecclesia

440 3656 497 3721 diu
519 3659 587 3722 sine
602 3658 742 3742 proprio
765 3657 943 3720 consisteret
957 3667 1087 3740 pastore
1103 3655 1302 3741 fatebantur,
1331 3679 1388 3720 nos
1411 3654 1449 3720 de
1472 3656 1557 3720 obitu
1574 3658 1700 3742 prioris
1723 3655 1869 3738 dolentes,
1897 3658 2025 3742 quando
2048 3659 2083 3722 de
2100 3680 2122 3720 n

330 3787 420 3829 unos.
439 3766 645 3828 unanimitate
668 3776 696 3826 et
718 3764 870 3826 cononica
894 3763 1012 3846 ‘nesius
1034 3762 1160 3846 ecclesie
1183 3762 1327 3827 electione
1354 3786 1436 3826 nnnc
1463 3764 1566 3848 ipsum
1591 3763 1728 3842 electum,
1750 3777 1785 3827 ut
1805 3764 1993 3845 mandastis,
2023 3779 2083 3830 tam

440 3872 589 3935 citissime
612 3869 762 3934 ordinare
785 3870 957 3948 omisimus,
983 3868 1069 3953 quod
1090 3869 1288 3955 imperialem
1310 3869 1410 3948 nobes,
1434 3882 1468 3932 ut
1489 3892 1555 3932 mos
1577 3881 1630 3948 est,
1653 3869 1858 3934 absolutionis
1880 3873 2011 3934 minime
2033 3871 2084 3934 de-

439 3978 512 4040 tulit
532 3976 705 4062 epistolam.
741 3974 805 4039 Pro
829 3999 892 4060 qna
915 3976 1035 4040 scilicet
1056 3999 1090 4040 re
1112 3976 1292 4062 ambiquum
1315 3974 1405 4038 nobis
1421 3977 1551 4038 eat-itit&
1591 3974 1668 4040 Ideo
1684 3977 1839 4040 voluntati
1859 3991 1957 4061 vestre
1981 3979 2014 4040 in
2030 3977 2085 4040 boc

432 4107 551 4169 parere
581 4083 776 4162 distulimus,
810 4105 848 4146 ne
878 4083 1053 4168 auqustalis
1083 4083 1209 4145 animus
1238 4081 1408 4145 durissime
1442 4081 1533 4144 modo
1564 4105 1754 4167 quocumque
1776 4085 1966 4168 perciperet.
2022 4082 2087 4148 Sed

438 4192 567 4254 scientes
596 4190 758 4274 pcclesiom
781 4187 918 4252 Domini
943 4189 1011 4252 sine
1027 4190 1165 4274 proprio
1190 4187 1247 4252 diu
1262 4201 1392 4272 pastore
1422 4211 1483 4251 non
1514 4187 1623 4253 debere
1653 4191 1828 4269 consistere,
1855 4190 1960 4276 qlorip
1989 4204 2086 4274 vestm
2103 4212 2126 4252 u

439 4296 636 4376 mandamus,
659 4296 808 4381 quoniam
831 4295 925 4359 aliter
947 4317 1020 4359 moa
1034 4318 1125 4382 aqere
1140 4319 1202 4359 non
1218 4294 1390 4374 debuimus,
1414 4309 1448 4358 ut
1469 4310 1571 4360 vesun
1593 4296 1741 4360 sollercia
1764 4297 1939 4382 imperiali,
1964 4311 1998 4362 nt
2015 4321 2084 4362 con-

439 4403 567 4467 suetudo
583 4401 720 4489 priscah
744 4399 931 4480 concisuri,
951 4415 1101 4487 percepto
1125 4402 1252 4465 licentia
1275 4415 1304 4465 et
1325 4403 1424 4480 nobes,
1451 4401 1712 4487 quemadmodum
1735 4426 1788 4466 vos
1810 4406 1893 4468 scire
1916 4405 2085 4484 oredimus,

440 4509 560 4574 directa
583 4509 725 4595 epistola,
749 4521 820 4572 tuno
842 4522 872 4572 et
892 4509 1047 4572 voluntati
1066 4521 1164 4591 vestre
1187 4507 1226 4572 de
1248 4508 1304 4571 boo
1321 4506 1529 4593 parebimusk
1552 4509 1742 4595 essudernqne
1764 4511 1891 4575 electrum
1915 4511 2086 4576 adiuvante

440 4615 576 4680 Domino
600 4616 856 4680 consecrabimus.
907 4613 1007 4694 Quod,
1037 4615 1205 4679 karissime
1220 4615 1288 4700 fili,
1319 4616 1441 4680 moleste
1470 4615 1557 4680 nullo
1586 4616 1677 4680 modo
1706 4618 1890 4703 suscipiatis
1913 4642 1968 4682 nec
1992 4619 2086 4682 aliter

438 4722 485 4786 acl
505 4746 561 4787 nos
578 4724 748 4808 preteresse
771 4720 918 4801 medates,
942 4745 1009 4784 cum
1033 4723 1185 4785 canonico
1208 4723 1349 4786 instituta
1372 4737 1401 4786 et
1422 4746 1583 4786 censuram
1601 4724 1730 4810 leqclsm
1750 4725 1966 4789 inviolabilem
1983 4727 2085 4790 obser·
2103 4749 2127 4788 ιι

546 4936 572 5001 a)
594 4939 658 4989 doni
675 4955 695 4989 c.
768 4935 796 4999 b)
818 4939 947 4988 utstatim
964 4955 1027 4988 corr.
1048 4937 1090 4988 ad.
1109 4955 1129 4988 e.
1202 4933 1228 5000 c)
1250 4939 1331 5004 Greg.
1351 4965 1384 4972 —
1404 4938 1508 4990 clectus
1532 4939 1621 4990 titteris
1639 4939 1783 4991 maisucub's
1800 4941 1885 5006 script.
1958 4940 1987 5005 d)
2010 4959 2084 4992 man·

438 5029 610 5080 suentdinsm
630 5027 704 5078 Grot.
785 5024 811 5088 e)
833 5026 939 5078 Colono
960 5027 1033 5077 (ἔται.
1112 5025 1133 5088 s)
1155 5026 1339 5080 Ausculanam
1360 5028 1433 5078 Grot.
1514 5025 1543 5094 g)
1565 5035 1606 5080 cst
1626 5029 1698 5080 Grae.
1779 5027 1807 5090 h)
1829 5033 1894 5096 pris.
1915 5047 1990 5083 cons.
2011 5032 2085 5083 Orat.

438 5115 458 5178 i)
481 5118 568 5167 dictat
588 5117 661 5167 (irat.
733 5116 762 5180 k)
783 5117 963 5182 paudebas
984 5116 1056 5165 Grat.

548 5297 576 5368 1)
602 5297 821 5372 spatulas,
854 5296 963 5367 Eat,
982 5317 1016 5373 p.
1034 5296 1107 5353 449.
1201 5296 1230 5367 2)
1257 5297 1438 5372 Epiacum,
1472 5298 1699 5375 adipso.
1799 5298 1830 5375 3)
1853 5302 1981 5360 Annales
2003 5303 2087 5379 requi

440 5405 582 5461 Fronccr.
607 5404 649 5460 ad
669 5424 698 5460 a.
716 5403 790 5474 827,
816 5404 859 5460 ed.
884 5404 981 5461 Kurse
998 5424 1031 5479 p.
1047 5404 1118 5459 173.
1140 5404 1211 5460 174.
1299 5403 1330 5474 4)
1356 5405 1459 5464 Leonis
1474 5405 1527 5461 JV.
1553 5406 1631 5481 epist.
1650 5405 1700 5476 20,
1728 5405 1796 5465 Uoll.
1814 5407 1899 5478 Brit,
1918 5408 1966 5464 ‘N.
1984 5409 2083 5466 Arsit!
2101 5423 2127 5464 su

445 5512 475 5580 V,
496 5531 528 5586 p.
548 5509 626 5581 385,·
658 5509 796 5568 Gratiani
818 5510 857 5566 D.
884 5510 934 5580 63,
960 5510 1057 5579 c.16,·
1087 5509 1174 5584 Jaffe'
1193 5531 1240 5568 nr.
1258 5510 1353 5567 2613.
1461 5511 1491 5582 5)
1517 5512 1655 5588 Stephani
1676 5513 1708 5570 V.
1734 5514 1811 5590 epist.
1831 5514 1882 5584 27,
1909 5513 1978 5573 Gall.
1996 5517 2082 5586 Brit,

438 5617 485 5673 ‘N.
503 5618 602 5674 Arois!
625 5617 656 5688 V,
675 5637 708 5692 p.
730 5616 823 5687 4072
841 5615 925 5676 Grot.
950 5616 990 5672 D.
1017 5617 1067 5686 63,
1093 5617 1190 5687 ι.18,·
1220 5619 1272 5675 sed
1292 5618 1414 5676 ultiamm
1439 5619 1609 5676 enuntiatum
1639 5639 1692 5676 nec
1716 5623 1799 5676 aliter
1821 5651 1865 5660 -
1889 5623 2084 5680 desideremus

437 5723 528 5780 crstisit
551 5723 656 5794 (irat,
678 5722 765 5796 Juffe'
783 5743 829 5781 nr.
848 5723 943 5780 3446.
