4410 6406
444 339 508 406 332
734 344 1171 408 oasnofflrusaposm
1194 344 1604 402 REIOHERSBERGENSIS
1628 345 1794 401 LIBELLI.

444 557 529 622 pape
560 543 666 598 ortatu
695 532 872 599 accedente
903 531 1109 619 complacuit,
1140 543 1300 620 quatenus
1330 532 1532 616 Heinricum,
1562 531 1664 597 filium
1695 532 1855 614 Heinrici,
1886 530 2083 597 levarentin

445 645 595 728 regem13
626 651 794 728 sperantes
817 661 852 706 se
882 661 942 726 per
971 639 1072 704 filiurn
1102 637 1246 725 legitime
1277 650 1469 726 regnantem
1496 661 1593 725 posse
1623 640 1726 727 patris
1756 636 1913 703 tirannidi
1936 639 2085 720 resistere,

366 747 533 835 unaquod
556 745 735 812 etinctum
758 755 815 812 est
862 745 987 810 Levato
1018 767 1096 810 sane
1127 744 1192 810 filio
1222 747 1256 810 in
1279 769 1391 832 regem
1415 757 1448 810 et
1470 747 1503 810 in
1527 747 1695 811 civitatem
1716 746 1932 832 Ratisponam
1955 743 2087 809 tendenti

446 863 539 941 pater
562 875 636 918 curn
659 853 865 918 multitudine
888 864 1096 935 armatorum,
1120 851 1203 918 duce
1227 852 1405 918 B0emi00²
1427 863 1460 918 et
1482 852 1693 918 marchione³
1715 853 1892 939 superioris
1909 852 2089 916 Pannoniae

446 961 510 1048 ipsi
533 959 691 1024 auxilium
714 959 904 1042 ferentibus,
928 960 1080 1041 occurrit,
1104 958 1163 1023 sed
1185 982 1294 1046 pugne
1319 981 1513 1046 congressus
1528 957 1639 1042 fluvio,
1655 959 1711 1046 qui
1727 959 1833 1045 Regia
1850 957 1981 1040 dicitur,
2004 957 2112 1023 inter-r

447 1077 562 1154 ceptus
585 1078 645 1131 est.
691 1065 780 1132 Dum
804 1089 881 1132 vero
908 1088 1000 1131 mora
1024 1066 1248 1152 interponitur,
1271 1067 1437 1153 principes
1460 1067 1526 1130 iam
1550 1065 1626 1130 dicti
1652 1064 1848 1153 quibusdam
1872 1063 2093 1152 sponsionibus

448 1173 592 1260 acceptis
617 1172 657 1237 de
680 1183 773 1260 parte
796 1173 897 1260 patris
921 1171 964 1237 ad
987 1171 1088 1237 filium
1112 1172 1305 1255 concedunt,
1337 1184 1433 1260 atque
1458 1195 1501 1238 ex
1524 1183 1600 1238 tunc
1624 1184 1718 1259 pater
1740 1169 1941 1260 H[einricus]
1967 1170 2095 1256 firgaba·

447 1291 510 1364 tur,
541 1277 781 1367 inpingebatur,
805 1277 1021 1361 minuebatur,
1051 1279 1098 1343 ita
1120 1289 1156 1344 ut
1178 1279 1363 1366 principum
1386 1279 1515 1366 penitus
1539 1278 1711 1344 destitutus
1734 1278 1857 1344 auxilio
1880 1277 1948 1342 filio
1972 1277 2097 1342 tandem

448 1409 564 1474 preces
595 1397 692 1474 atque
720 1384 974 1472 supplicationes
1002 1385 1192 1472 porrigeret,
1217 1396 1377 1472 quatenus
1401 1387 1431 1450 ei
1454 1387 1581 1473 private
1604 1385 1739 1450 vivendi
1762 1386 1920 1450 securitas
1945 1383 2099 1449 concede-

450 1505 554 1576 retur3
578 1493 765 1579 sactrrmque
782 1503 831 1556 est
840 1497 862 1574 ⁴,
878 1503 914 1556 ut
929 1493 963 1556 in
979 1490 1100 1556 celebri
1117 1513 1246 1579 qnoque
1270 1493 1362 1557 curia
1385 1515 1539 1557 coronam
1562 1492 1763 1579 imperialem
1785 1494 1971 1578 resignaret
1990 1501 2100 1578 petens
2125 1517 2165 1552 ι

450 1599 493 1665 ab
509 1599 854 1681 excommunicatione,
872 1621 937 1686 qua
952 1596 1133 1680 tenebatur,
1158 1596 1285 1663 absolvi
1308 1609 1340 1664 et
1363 1598 1584 1663 ecclesiastice
1601 1599 1819 1663 communioni
1842 1599 1970 1663 restitui
1980 1603 2002 1663 ⁵.
2038 1597 2101 1663 Sed

449 1707 622 1794 peticionis
646 1706 797 1771 effectum
814 1715 1006 1770 consecutus
1029 1727 1095 1770 non
1119 1715 1177 1787 est,
1201 1703 1389 1770 timentibus
1412 1707 1565 1770 nimirum
1588 1717 1621 1770 et
1643 1705 1835 1771 caventibus
1858 1705 2040 1786 catholicis,
2063 1728 2102 1770 ne

451 1814 533 1879 forte
557 1812 725 1878 absolutus
748 1812 858 1899 aliqua
881 1811 1043 1877 ecclesiae
1058 1810 1112 1876 vel
1134 1813 1271 1898 imperio
1295 1814 1459 1878 contraria
1481 1811 1657 1877 moliretur.
1693 1811 1788 1877 Unde
1813 1823 1846 1877 et
1868 1810 1996 1898 absque
2019 1833 2103 1876 com·

450 1921 604 1985 munione
627 1930 777 1984 servatur
798 1919 833 1983 in
850 1917 992 2005 quodam
1008 1923 1136 1984 carnot
1159 1919 1192 1982 in
1208 1928 1334 1984 tantum
1358 1917 1586 1984 abominabilis
1610 1919 1755 2002 effectus,
1778 1931 1815 1984 ut
1837 1919 1994 2006 reliquiae
2017 1917 2103 1984 cibo·

451 2049 522 2091 rurn
547 2027 616 2091 eius
640 2049 698 2114 pro
722 2025 947 2091 communione
970 2023 1125 2090 videlicet
1155 2024 1314 2090 ecclesiae
1337 2025 1563 2090 conservanda
1586 2027 1684 2090 etiam
1707 2028 1895 2112 gartiones⁷
1917 2048 1958 2091 ac
1980 2026 2104 2090 minimi

451 2134 545 2219 pueri
569 2156 634 2199 non
657 2133 891 2218 contingerent,
916 2131 975 2196 sed
998 2130 1135 2196 canibus
1158 2132 1229 2218 ipso
1249 2131 1381 2197 vidente
1405 2133 1598 2220 proicerent.
1638 2131 1791 2198 Testatur
1813 2131 1874 2197 hec
1902 2131 2043 2219 epistola
2065 2131 2105 2196 ab

452 2262 491 2305 eo
521 2239 564 2304 ad
586 2240 775 2326 prinoipes⁸
797 2239 897 2304 missa
926 2237 967 2302 de
994 2237 1067 2324 ipsa
1090 2261 1156 2325 qua
1185 2237 1357 2304 tenebatur
1387 2238 1544 2322 custodia,
1575 2240 1609 2303 in
1639 2262 1705 2325 qua
1734 2250 1767 2303 et
1796 2238 1858 2304 hoc
1889 2241 1975 2304 inter
1998 2251 2106 2304 cetera

335 2375 432 2415 neers.
451 2345 659 2412 lamentando
683 2347 908 2434 conqueritur:
933 2344 1020 2432 quod
1045 2345 1093 2410 ‘in
1116 2357 1230 2410 sancta
1252 2345 1370 2410 natalis
1385 2345 1539 2410 dominici
1564 2357 1658 2411 nocte
1682 2344 1832 2410 omnibus
1856 2345 2043 2410 christianis
2066 2345 2106 2410 ad

453 2453 609 2518 ecclesias
633 2451 861 2517 festinantibus
886 2461 918 2516 et
941 2473 1036 2516 sacra
1058 2452 1203 2516 misteria
1224 2451 1496 2540 participantibus
1520 2451 1678 2535 Christus,
1703 2454 1759 2540 qui
1782 2452 1932 2517 omnibus
1956 2452 2000 2516 ad
2024 2452 2106 2516 salu·

452 2571 518 2625 tem
549 2573 599 2624 est
628 2571 733 2642 natus,
763 2557 826 2622 sibi
856 2558 916 2623 soli
947 2559 988 2622 sit
1017 2559 1202 2644 negatus⁸'.
1249 2558 1338 2624 Iusto
1362 2560 1514 2646 equidem
1538 2558 1604 2625 Dei
1633 2559 1771 2642 iudicio3
1801 2561 1958 2647 namqui
1991 2559 2106 2624 multos

454 2667 625 2754 episcopos
649 2677 682 2730 et
704 2664 890 2730 sacerdotes
912 2665 1053 2752 propriis
1077 2664 1210 2730 sedibus
1234 2665 1404 2752 expulerat
1425 2668 1510 2732 iuste
1534 2677 1567 2732 et
1589 2667 1660 2753 ipso
1683 2687 1784 2753 regno
1807 2667 1955 2754 privatus
1973 2679 2032 2748 est,
2053 2667 2107 2753 qui

455 2782 487 2837 et
510 2773 590 2838 alios
614 2774 732 2838 iniuste
762 2774 795 2836 in
818 2771 950 2837 vincula
973 2772 1159 2838 coniecerat
1180 2773 1309 2838 vinctus
1333 2785 1366 2838 et
1389 2773 1535 2839 custodie
1566 2775 1769 2860 mancipatus
1793 2784 1852 2856 est,
1877 2776 1991 2861 etqui
2016 2796 2107 2840 sacra

454 2881 599 2944 misteria
622 2880 842 2944 sacratissima
864 2878 981 2943 natalis
1005 2878 1161 2944 dominici
1183 2889 1279 2944 nocte
1302 2879 1472 2966 polluerat,
1496 2881 1671 2946 iustissime
1696 2882 1820 2967 etipse
1845 2881 2027 2952 eorundem
2050 2883 2105 2945 mi·

349 2978 435 3081 ffij
454 2988 624 3052 steriorum
647 2985 801 3071 indignus
825 2996 858 3050 et
881 3007 999 3072 expers
1022 2984 1152 3050 habitus
1176 2997 1234 3050 est.
1282 2985 1325 3050 Et
1347 2987 1528 3072 penitentia
1551 2986 1636 3051 illius
1660 2986 1765 3074 qualis
1789 2989 1934 3052 extiterit
1957 2988 2107 3052 dominus

455 3093 591 3175 viderit3
615 3091 738 3179 absque
763 3093 989 3158 communione
1013 3114 1091 3157 vero
1116 3092 1295 3158 aecclesiae
1319 3093 1419 3158 vitam
1443 3093 1557 3158 finivit.
2124 3123 2165 3155 :-

372 3244 435 3349 ,llssj
829 3254 881 3316 23.
917 3251 975 3316 De
999 3252 1203 3318 Heinrico
1227 3251 1288 3316 V¹⁰
1313 3263 1352 3316 et
1376 3253 1465 3317 cius
1488 3254 1723 3340 tyrannide.

563 3376 665 3442 Filius
688 3377 798 3463 itaque
822 3376 1052 3441 confirrnatus⁹
1076 3378 1110 3440 in
1128 3398 1239 3461 regno,
1263 3377 1367 3463 primo
1390 3377 1536 3442 modeste
1560 3401 1669 3464 agere,
1693 3377 1856 3444 affabilem
1880 3401 1915 3443 se
1939 3379 2107 3461 exhibere,

456 3487 527 3549 iura
548 3484 789 3548 ecclesiasticae
809 3481 950 3548 libertati
972 3505 1167 3548 conservare
1190 3482 1335 3572 [cepitbl
1378 3484 1423 3548 At
1447 3483 1597 3549 simulata
1616 3507 1675 3572 pro
1696 3485 1846 3550 affectato
1867 3508 1969 3572 regno
1995 3498 2029 3551 et
2050 3488 2108 3550 im-

455 3593 547 3678 perio
571 3591 675 3677 pietas
699 3589 788 3654 velut
816 3590 886 3654 euri
917 3588 1149 3676 superinducta
1172 3590 1309 3676 species,
1333 3588 1389 3654 ubi
1416 3590 1583 3677 paululum
1607 3615 1669 3656 usu
1692 3591 1880 3657 dominandi
1905 3592 2026 3658 detrita
2049 3604 2108 3676 est,

457 3699 544 3785 cepit
564 3719 723 3785 apparere
744 3695 848 3782 qualis
869 3695 958 3783 apud
980 3719 1014 3760 se
1035 3697 1121 3759 intus
1141 3696 1249 3760 fuerit
1286 3696 1426 3777 Qualem
1446 3719 1524 3762 vero
1545 3719 1579 3762 se
1601 3699 1635 3762 in
1656 3700 1762 3763 causis
1786 3700 1889 3764 seculi
1912 3699 2108 3784 exhibuerit,
2126 3721 2165 3764 sc

457 3805 566 3870 dicere
589 3803 689 3869 nichil
712 3815 823 3868 nostra
845 3803 989 3884 interest,
1015 3802 1073 3867 sed
1096 3805 1130 3866 in
1147 3805 1253 3867 causis
1270 3803 1428 3868 ecclesiae
1445 3804 1550 3890 qualis
1567 3803 1713 3870 detectus
1737 3807 1778 3870 sit
1799 3808 2021 3893 perstringere
2045 3830 2109 3872 non

457 3911 499 3976 ab
523 3933 558 3976 re
583 3910 787 3992 arbitramur,
817 3911 845 3974 si
869 3909 951 3974 forte
976 3907 1248 3973 abominationem
1270 3909 1481 3994 desolationis
1512 3912 1546 3974 in
1568 3911 1640 3976 loco
1665 3923 1776 3977 sancto
1805 3923 1955 3997 stantem,
1979 3914 2021 3978 de
2046 3937 2110 4000 qua

457 4017 551 4082 nobis
574 4019 740 4104 inquisitio
765 4027 823 4098 est,
848 4017 947 4080 etiam
970 4017 1002 4079 in
1027 4017 1096 4081 eius
1119 4014 1245 4080 actibus
1269 4017 1416 4080 invenire
1440 4016 1617 4082 valeamus.

387 4206 439 4256 (ae).
1006 4179 1059 4240 24.
1094 4175 1337 4240 Wicbertus
1365 4176 1559 4243 abicitur.

565 4302 699 4366 Interim
711 4304 737 4344 ¹⁰
752 4301 828 4366 dum
848 4303 932 4365 inter
948 4301 1028 4365 duos
1044 4301 1216 4384 HenricoS,
1237 4313 1363 4387 patrem
1380 4302 1538 4386 etlilium,
1560 4304 1631 4386 hec,
1653 4326 1715 4391 que
1733 4303 1922 4386 dictasunt,
1942 4316 2109 4392 geruntur,
2128 4329 2151 4369 ss

344 4437 440 4479 rmssx.
459 4408 629 4474 deturbato
661 4419 693 4472 et
722 4407 849 4473 abiecto
880 4431 923 4472 ex
946 4430 1107 4472 consensu
1129 4409 1267 4473 chrici
1296 4409 1430 4474 iunioris
1454 4408 1634 4493 Wicberto,
1666 4412 1721 4498 qui
1745 4409 1897 4476 Clemens
1927 4411 2109 4496 dicebatur,

379 4545 439 4584 rose.
459 4514 612 4580 Urbanus
635 4537 723 4601 papa
752 4515 794 4579 ad
817 4514 941 4580 Urbem
971 4513 1084 4597 rediit3
1117 4537 1180 4600 quo
1205 4526 1237 4578 et
1259 4517 1330 4601 ipso
1355 4514 1440 4580 diem
1465 4514 1606 4582 obeunte
1629 4517 1775 4582 Pascalis
1799 4518 1946 4583 succedit
1969 4517 2110 4585 obtimus

459 4623 584 4708 etipse
608 4621 689 4707 legis
713 4621 778 4684 Dei
802 4644 840 4685 ac
864 4631 1071 4707 paternarum
1102 4620 1310 4685 traditionum
1341 4644 1398 4686 seu
1425 4621 1585 4688 libertatis
1614 4625 1835 4690 ecclesiastice
1860 4625 2021 4692 emulator
2043 4628 2110 4691 exi-

459 4740 557 4793 stens.
592 4727 637 4793 At
659 4750 738 4792 vero
763 4740 795 4792 et
818 4727 980 4792 Henricus
1003 4751 1063 4792 rex
1087 4732 1182 4814 per¹¹
1205 4726 1345 4814 abrupta
1367 4739 1522 4814 paternae
1546 4730 1637 4795 callis
1660 4730 1847 4817 ingrediens
1871 4755 1973 4820 regno
1997 4745 2030 4798 et
2048 4735 2111 4800 ,im-

395 4909 397 4916 ,
458 4837 548 4923 perio
573 4857 631 4898 suo
654 4836 832 4899 maximum
856 4834 1084 4898 detrimentum
1108 4833 1291 4920 reputabat,
1319 4836 1347 4898 si
1370 4837 1615 4922 episcopatuum
1638 4839 1847 4904 investituras
1871 4838 2002 4923 liberas,
2027 4841 2112 4905 sicut
2125 4829 2156 4909 ¹ro

566 5017 593 5081 a)
614 5025 747 5084 nnagatus
766 5035 787 5068 c.
859 5013 887 5075 b)
908 5017 975 5066 deest
992 5033 1027 5078 c.;
1045 5017 1134 5082 legitur
1151 5017 1180 5066 in
1200 5018 1270 5068 Aren.
1289 4993 1426 5068 Reieberst.

569 5161 599 5238 1)
623 5164 685 5221 Hoc
706 5163 862 5239 imperato
884 5181 912 5219 a.
929 5160 1023 5218 1099.
1048 5161 1108 5237 ipsc
1121 5181 1174 5219 aua
1189 5171 1287 5237 sponte
1296 5163 1379 5234 fecit,
1399 5161 1578 5221 Gieacbreclrt
1592 5164 1648 5235 ΙΙΙ,
1667 5186 1701 5241 p.
1716 5166 1789 5223 681.
1861 5164 1892 5242 2)
1908 5167 2055 5228 Barimoio
2071 5170 2111 5228 II.

462 5271 491 5341 3)
510 5271 669 5346 Liutpoldo.
731 5269 762 5339 4)
779 5268 887 5326 Abhinc
902 5287 988 5344 usque
1003 5268 1045 5325 ad
1056 5270 1218 5340 proicerent
1235 5269 1264 5325 in
1280 5270 1355 5326 Aen.
1373 5269 1533 5327 Bcichersb.
1550 5291 1579 5328 a.
1595 5271 1689 5342 1105,
1708 5293 1741 5348 p.
1756 5273 1830 5331 450.
1901 5273 1932 5349 5)
1950 5274 2000 5349 Os.
2015 5275 2112 5335 Girre-

460 5379 555 5435 brecbt
569 5376 626 5446 111,
640 5377 751 5452 prta.
814 5375 845 5446 6)
861 5374 1065 5432 Boackelbcim.
1128 5375 1159 5446 7)
1177 5373 1288 5432 Gallice
1303 5374 1460 5453 ‘percarui
1523 5376 1554 5448 8)
1571 5377 1659 5436 Immo
1674 5379 1703 5436 in
1720 5379 1838 5455 epistola
1854 5382 1896 5439 ad
1909 5381 2110 5459 Philippuml.

459 5504 553 5561 repens
577 5483 724 5540 Francius
751 5484 820 5540 data
850 5476 933 5558 (Ood.
956 5480 1057 5540 Udalr.
1082 5501 1128 5538 nr.
1153 5476 1238 5556 129),
1272 5480 1365 5556 Jaffa',
1389 5482 1464 5539 Bidl.
1488 5484 1519 5554 V,
1545 5504 1578 5561 p.
1603 5482 1675 5542 244.
1791 5486 1823 5558 9)
1846 5488 1922 5546 Ana
1948 5490 2109 5548 Reictcrsb.
2128 5506 2155 5546 rs

461 5586 543 5665 (cod.
564 5592 590 5647 1.
617 5590 645 5646 2.
671 5584 702 5664 4)
727 5609 754 5646 a.
775 5588 868 5660 1106,
887 5609 921 5665 p.
940 5589 1013 5647 451.
1107 5586 1158 5660 10)
1185 5586 1233 5661 Of.
1258 5589 1335 5646 Ana.
1358 5588 1520 5646 Reicbersd.
1544 5611 1573 5647 a.
1594 5591 1687 5663 1104,
1706 5613 1740 5668 p.
1758 5593 1832 5651 450.
1926 5596 1978 5664 11)
2003 5596 2112 5654 Abhinc

461 5698 536 5756 Aon.
560 5697 721 5755 Reicderab.
747 5689 837 5772 (01.
855 5695 884 5752 2.
903 5693 934 5772 4)
959 5715 988 5753 α.
1008 5695 1102 5767 1100,
1121 5717 1155 5772 p.
1173 5697 1246 5754 451.
