4386 6390
448 365 514 427 564
935 370 987 425 DE
1011 370 1102 426 FINE
1128 368 1358 424 SCHISMATIS
1381 368 1629 425 VATICINIUM.

451 573 609 624 serronem
640 560 813 643 composuit
822 559 842 639 1,
874 557 998 622 adiecta
1025 559 1077 637 sit,
1115 571 1146 621 ut
1168 558 1341 636 oraculum,
1372 556 1458 642 qaod
1481 556 1617 620 Fretello
1647 557 1846 620 subiunctum
1878 555 2089 640 reperiebatur,

449 664 579 749 aliquid
608 665 884 750 descriptionibus,
914 689 995 750 qaas
1024 663 1116 728 modo
1146 677 1342 743 oneraverat,
1370 663 1626 728 accommodaret.
1678 661 1830 742 Ceterum,
1863 664 1897 726 si
1925 661 2007 746 quid
2032 663 2094 728 boec

449 773 627 835 coniecuera
657 771 702 834 ad
730 795 794 835 rem
819 770 919 858 facit,
951 795 966 834 e
991 769 1230 857 Salisbarqensi
1244 771 1440 856 provincia²
1463 793 1588 832 carmen
1612 793 1681 832 cum
1705 768 1843 833 Fretelli
1864 768 2016 854 opasmrlo
2037 793 2095 833 cou-

450 879 588 942 iunctam
607 891 662 940 aut
676 877 880 962 Herbipolim
903 891 958 940 aut
979 878 1080 941 aliam
1104 878 1266 956 inlocum,
1290 877 1348 939 ubi
1368 889 1439 939 tunc
1454 873 1610 939 Iohannes
1633 875 1688 938 ille
1711 875 1907 954 morabatur,
1926 878 2096 960 pervenisse

449 983 574 1068 colliqo,
605 985 695 1047 cuias
725 1007 820 1068 opera
845 1007 914 1046 cum
937 982 1093 1048 Fretellas
1116 985 1291 1068 eescriptus
1314 995 1342 1046 ιι
1364 983 1561 1046 continuatas
1584 995 1637 1060 est,
1675 995 1739 1045 turn
1762 981 1930 1046 oraculum
1955 1005 1992 1044 ea
2016 983 2118 1047 inter-n

443 1091 622 1175 pretatione
652 1104 776 1152 attotam
807 1113 871 1154 esse
903 1089 1034 1168 ridetur,
1066 1113 1146 1174 quae
1176 1092 1210 1154 in
1240 1089 1306 1153 solo
1337 1087 1443 1152 codice
1470 1088 1579 1152 Musei
1599 1089 1788 1153 Britannici
1815 1091 1886 1152 eius
1909 1087 2100 1152 Reoebstioni

443 1198 623 1282 postposita
647 1209 698 1259 est.

558 1301 615 1366 Ad
636 1303 716 1366 banc
740 1304 838 1388 iqitur
854 1303 1075 1386 capos-itionem
1087 1301 1234 1387 pedestri
1252 1325 1392 1366 sermone
1413 1303 1621 1387 conscriptam
1637 1315 1829 1366 transeuntes
1841 1303 2003 1387 primum,
2027 1303 2101 1386 quod

450 1411 580 1494 saepias
603 1411 757 1494 interpres
781 1409 911 1472 eandem
937 1432 1057 1471 aer-stem
1081 1409 1140 1488 bis,
1170 1410 1248 1494 quin
1278 1410 1371 1472 etiam
1402 1421 1447 1472 ter
1471 1410 1661 1486 tractaverit,
1692 1407 1784 1472 ualde
1808 1407 2013 1472 mirabimur.
2057 1408 2099 1471 Ita

451 1539 479 1579 o.
506 1515 615 1578 3-7.
641 1528 669 1578 ιι
684 1529 796 1600 postea
821 1539 847 1577 o.
866 1516 992 1578 8-16,
1018 1515 1077 1593 bis,
1107 1538 1136 1577 o.
1157 1517 1183 1578 l.
1209 1529 1237 1578 et
1259 1515 1288 1578 2.
1320 1529 1366 1578 ter
1389 1515 1544 1600 mplicati
1569 1528 1648 1578 saut.
1700 1513 1833 1578 Tantum
1859 1538 1934 1578 cero
1958 1515 2050 1594 abest,
2073 1530 2131 1578 ata

451 1635 560 1686 auctor
583 1622 724 1708 sinqulos
747 1634 936 1684 tractaturus
959 1635 987 1684 ιι
1010 1635 1233 1686 retractaturus
1256 1623 1342 1706 pari
1369 1622 1419 1685 uel
1446 1622 1552 1686 simili
1578 1621 1687 1686 saltem
1717 1623 1839 1686 ratione
1864 1623 2052 1706 caponarit,
2074 1635 2121 1702 ut¹

452 1729 629 1792 contrarias
653 1741 680 1791 ιι
705 1730 784 1791 inter
806 1751 838 1790 oe
861 1741 1069 1813 repuqnautes
1080 1730 1232 1814 proferat
1253 1729 1430 1807 sententias,
1454 1727 1536 1791 ande
1544 1730 1656 1813 primo
1680 1741 1853 1813 conspectu,
1878 1727 1964 1812 quid
1987 1728 2102 1791 libellus

453 1827 510 1898 iste
533 1835 601 1898 sibi
621 1835 764 1913 coluerit,
789 1836 845 1897 ιιιὶι
868 1832 1050 1898 diiudicari
1066 1836 1177 1919 poscit.
1215 1834 1280 1898 Hic
1302 1837 1386 1898 enim
1401 1848 1499 1899 aetate
1514 1833 1682 1898 Pascbalis
1697 1833 1763 1897 III.
1789 1836 1967 1920 antipapae
1991 1834 2101 1916 ι(1164.

452 1941 532 2026 Apr.
551 1941 593 2003 22
609 1978 654 1986 —
674 1941 767 2004 1168.
795 1939 877 2025 Sept.
904 1940 972 2023 20),
997 1941 1067 2004 illic
1087 1939 1211 2004 Calidi
1231 1939 1297 2004 III.
1324 1941 1441 2023 (1168.
1467 1939 1551 2026 Sept.
1576 1978 1620 1986 -
1647 1941 1745 2022 1178)
1763 1965 1907 2026 pennam
1930 1943 2103 2026 arripuisse

454 2047 585 2112 ridetur.
621 2047 687 2110 Hic
703 2046 878 2110 Romanam
903 2046 1017 2126 sedem,
1042 2047 1112 2110 illic
1135 2049 1241 2111 arbem
1256 2048 1392 2111 Romam
1416 2047 1631 2111 damnandam
1655 2071 1719 2112 esse
1742 2047 1873 2112 iudicat.
1910 2047 1979 2111 Hic
1996 2049 2103 2110 atrias-
2118 2070 2136 2108 a

452 2177 511 2238 que
527 2177 637 2240 popae
659 2155 839 2233 simoniam,
864 2153 933 2217 illic
952 2152 1137 2216 Alerandri
1149 2153 1273 2240 foedas
1296 2179 1363 2218 earn
1388 2152 1595 2217 Wilbelmol.
1622 2178 1692 2240 reqe
1716 2151 1851 2218 Siciliae
1876 2157 1993 2218 initum
2015 2168 2104 2218 rnna·

452 2263 536 2324 riam
567 2274 595 2324 ιι
624 2283 751 2323 caraune
781 2259 973 2324 schismatis.
991 2259 1077 2322 dicit.
1127 2259 1191 2322 Hic
1221 2273 1384 2344 utramque
1408 2283 1543 2346 papam,
1574 2260 1644 2324 illic
1667 2259 1890 2324 Alexandrum
1913 2260 2018 2324 solam
2041 2285 2104 2324 carn

454 2367 598 2432 clientela
621 2391 679 2430 oua
704 2365 919 2451 deponendam
943 2379 1050 2430 censet.
1098 2365 1164 2429 Hic
1182 2390 1294 2451 pacem
1319 2368 1399 2430 inter
1421 2367 1687 2431 sobismau'zontes
1716 2365 2010 2454 redinteqrandom,
2042 2368 2106 2430 illic

454 2474 568 2538 bellam
592 2488 698 2537 contra
715 2471 894 2536 Manuelem
918 2475 1137 2558 imperatorem
1154 2472 1366 2559 Bymntinam
1379 2473 1549 2560 parendum
1563 2475 1789 2558 qraoilrse‘muru
1812 2475 2009 2560 neqotiorum
2032 2498 2107 2560 quae

454 2582 626 2665 imperator
641 2581 812 2664 cresceperit
827 2593 855 2643 et
870 2577 1027 2642 Dominus
1035 2579 1226 2663 propediem
1235 2603 1299 2664 per
1315 2603 1383 2644 earn
1400 2580 1566 2664 effecturus
1580 2581 1630 2660 sit,
1642 2582 1838 2665 pronuntiat.
1881 2579 1912 2642 Τ
1908 2605 1962 2644 arn
1976 2580 2108 2644 diuera's
2123 2603 2144 2640 n

454 2709 526 2773 erqo
550 2699 578 2750 et
593 2689 757 2771 pert-ersis
779 2687 939 2749 sententies
962 2685 1088 2749 libellas
1111 2684 1277 2764 redundat,
1303 2699 1335 2749 nt
1357 2688 1413 2749 ιιιίι
1435 2685 1593 2750 Gordium
1623 2686 1703 2749 banc
1733 2688 1918 2772 opinionum
1944 2687 2108 2772 disparem

455 2793 571 2856 nodam
592 2791 704 2878 qladio
728 2806 886 2878 tamquam
918 2793 1075 2856 resolvens
1106 2791 1238 2855 duorum
1263 2793 1313 2855 ael
1334 2794 1428 2856 triam
1452 2805 1614 2856 auctorum
1638 2794 1846 2877 erpositiones
1874 2793 1926 2857 bic
1958 2796 1993 2858 in
2016 2818 2108 2857 unum

455 2912 612 2986 conqestas
643 2923 706 2963 csso
729 2912 831 2984 pates.
879 2898 924 2961 At
952 2923 1021 2962 cum
1050 2921 1151 2962 sermo
1183 2899 1294 2978 libelli,
1332 2899 1392 2984 qai
1426 2900 1459 2962 in
1490 2900 1633 2963 omnibus
1655 2900 1807 2984 partibas
1837 2899 1921 2963 idern
1960 2902 2012 2980 sit,
2049 2915 2108 2963 tum

456 3004 674 3092 difficultates,
712 3029 791 3090 qums
821 3005 883 3069 toli
910 3005 1119 3090 complurium
1152 3007 1440 3090 interpretationum
1470 3005 1656 3093 confusioni
1683 3006 1785 3068 obesse
1805 3019 1906 3091 patet,
1937 3007 2012 3070 haic
2042 3031 2109 3070 con-

455 3113 592 3175 iecturae
615 3112 742 3175 obstant.
797 3111 862 3175 Uni
883 3135 955 3198 erqo
979 3112 1104 3174 erectori
1132 3111 1270 3174 libellum
1295 3112 1464 3176 attribuere
1494 3112 1577 3175 mibi
1604 3111 1738 3191 ridetur,
1769 3115 1828 3196 qai
1854 3125 1959 3176 tamen
1983 3113 2108 3177 eandem
2126 3135 2149 3173 a

455 3220 617 3282 maternam
650 3220 699 3282 bis
730 3219 779 3282 uel
806 3232 852 3282 ter
875 3220 1056 3282 tractarerit
1078 3231 1106 3280 et
1128 3219 1351 3281 retractaverit.
1399 3217 1554 3281 Primitus
1583 3232 1684 3282 antem
1716 3218 1772 3282 boc
1798 3219 1963 3282 oraculum
1987 3222 2108 3306 onposi-

458 3338 561 3404 turas,
596 3327 702 3388 neretri
723 3337 824 3388 tamen
849 3347 957 3410 papae
981 3325 1147 3388 etiamtunc
1175 3323 1317 3387 adscitas
1339 3348 1481 3410 pennam
1504 3326 1681 3410 arripuisse
1715 3325 1849 3405 uidetur,
1880 3327 1997 3412 paullo
2028 3340 2109 3390 ante-

456 3455 550 3515 qaam
567 3429 799 3494 FridericasI.
824 3455 853 3494 a.
874 3431 968 3492 1163.
990 3429 1071 3494 Οιι.3
1084 3432 1129 3494 'in
1144 3430 1275 3494 Italiam
1295 3431 1580 3517 proficisceretafl,
1605 3455 1664 3516 quo
1683 3432 1793 3495 itinere
1804 3434 1894 3518 fore,
1919 3447 1954 3496 nt
1975 3433 2111 3497 schisma

456 3551 699 3622 componeretur,
729 3551 809 3600 certo
839 3538 994 3623 sperabat.
1043 3535 1168 3600 Deinde
1192 3563 1211 3600 o
1230 3537 1380 3622 portibus
1403 3537 1603 3601 ‘nonnarum’
1634 3537 1679 3601 ad
1700 3537 1885 3602 Pascbolem
1908 3538 1976 3601 III.
2010 3554 2110 3602 trans-

453 3667 580 3728 qressas
603 3669 631 3708 a.
655 3644 727 3730 fere
747 3645 842 3723 1166,
866 3657 1031 3727 antequam
1057 3643 1245 3708 Fridericas
1268 3657 1413 3728 quartum
1437 3644 1537 3728 Alpes
1560 3644 1790 3708 transcenderet
1813 3644 1830 3727 (
1831 3643 1911 3728 Oct.)
1923 3649 1945 3726 ⁵,
1963 3649 2109 3732 priorem
2128 3669 2151 3706 so
2177 3709 2182 3718 ,

457 3774 484 3811 c.
503 3750 628 3812 8-10.
654 3751 876 3836 emositionem
901 3776 920 3813 a
945 3751 1034 3814 nobis
1065 3751 1158 3838 infra
1189 3752 1334 3814 crucibus
1365 3753 1398 3814 in
1422 3749 1551 3814 exordio
1582 3764 1610 3814 et
1641 3752 1674 3814 in
1689 3753 1758 3836 fine
1774 3754 1894 3837 positis
1911 3754 2110 3838 insiqnitam

457 3855 604 3937 addidit,·
621 3870 780 3942 postremo
803 3883 832 3920 a.
851 3859 928 3944 fere
955 3858 1048 3919 1173.
1074 3871 1199 3920 eceunte
1223 3857 1274 3921 cel
1294 3881 1322 3920 a.
1344 3855 1437 3919 1174.
1464 3858 1586 3920 ineante
1609 3881 1646 3920 ea
1670 3881 1749 3941 quae
1772 3861 1933 3922 asteriscis
1958 3861 1993 3922 in
2017 3861 2109 3923 initio

458 3976 487 4026 ιι
508 3965 542 4026 in
559 3964 627 4048 fine
650 3965 856 4050 siqaooimas,
880 3961 1046 4027 addidisse
1071 3963 1202 4027 videtur.
1256 3962 1285 4024 T
1284 3987 1342 4026 unc
1366 3965 1448 4026 enim
1480 3965 1590 4026 iterum
1623 3965 1656 4026 in
1680 3987 1713 4028 eo
1737 3968 1835 4044 erot⁶,
1860 3978 1894 4028 at
1917 3965 2108 4030 Fridericus

460 4071 492 4132 in
511 4067 641 4132 Italiam
662 4071 925 4156 proficisceretur,
949 4071 1121 4154 iterumque
1144 4069 1319 4148 discordia,
1342 4093 1422 4154 quoe
1446 4071 1526 4133 inter
1549 4093 1617 4132 erem
1640 4084 1669 4133 et
1690 4069 1868 4135 Manualem
1892 4073 2112 4157 imperatorem

460 4174 669 4262 Byzantinam
693 4175 900 4240 intercedebat
911 4178 931 4255 ⁷,
959 4189 1125 4261 postquam
1149 4175 1361 4261 alequa-mdiu,
1385 4175 1489 4260 tepide
1513 4176 1584 4240 licet
1614 4190 1642 4240 et
1659 4200 1778 4262 param
1801 4179 1931 4258 sincere,
1957 4181 2112 4264 utrimque
2129 4199 2153 4240 ιι

460 4280 497 4344 de
520 4284 720 4346 matrimonio
751 4284 832 4346 inter
847 4283 957 4368 filium
983 4281 1151 4346 Friderici
1171 4295 1199 4345 ιι
1213 4283 1323 4368 fllia-ra
1347 4281 1508 4345 Manaclr's
1539 4283 1747 4346 contrahendo
1778 4297 1940 4348 tractatam
1967 4299 2021 4363 cst,
2045 4285 2110 4348 An-

459 4389 614 4452 conitanis
632 4389 825 4452 Graecorum
842 4389 966 4452 annilio
982 4389 1231 4452 r·ebellontibas⁸‘
1243 4389 1504 4453 uehementissime
1527 4403 1696 4453 erarserat.
1737 4389 1845 4454 Cetera
1863 4389 2008 4474 denique,
2033 4416 2112 4475 quae

396 4531 399 4540 .
459 4494 587 4579 duplici
613 4496 713 4581 siquo,
737 4509 765 4557 et
787 4519 878 4558 cruce
907 4509 933 4558 et
963 4497 1121 4575 asterisc0,
1152 4496 1357 4581 siqnacimus,
1383 4508 1411 4557 ιι
1431 4493 1600 4559 Pascbalis
1622 4494 1689 4558 ΙΙΙ.
1722 4510 1750 4559 ιι
1776 4495 1901 4560 Cattae·
1921 4496 1989 4559 III.
2014 4511 2111 4562 aetate

459 4600 556 4664 condi
573 4603 712 4686 potatosc
728 4614 817 4686 puto.
866 4599 992 4664 Dubius
1021 4625 1104 4687 erqo,
1135 4603 1244 4680 atrias,
1267 4603 1365 4665 oeta-ti
1384 4603 1511 4689 sinqala
1535 4602 1726 4683 addicere-m,
1751 4603 1848 4688 duplo
1872 4604 1929 4667 boo
1951 4606 2042 4691 siquo
2067 4606 2114 4668 uti

462 4706 542 4771 milri
563 4709 664 4770 aaziae
688 4721 738 4770 est.
2126 4731 2151 4770 so

569 4959 598 5035 1)
621 4963 728 5019 Auctor
750 4960 833 5018 libelli
855 4961 900 5018 cai
921 4935 1082 5018 inscribitur
1104 4961 1300 5019 Inaominatus
1323 4962 1364 5032 II,
1388 4971 1418 5018 at
1439 4963 1565 5032 videnum·
1589 4965 1629 5034 cs.
1654 4964 1815 5034 Numana,
1840 4963 1977 5023 ‘onom
1997 4966 2111 5023 Vter-tel·¹

452 5069 616 5142 jabrscbr!
635 5063 651 5143 ζ
656 5063 752 5142 1868)
771 5088 804 5143 p.
824 5067 897 5147 389.
923 5076 949 5124 ιι
971 5067 1120 5126 ‘Zeitscbm
1138 5070 1186 5125 des
1201 5068 1361 5125 Dactscbeu
1378 5068 1670 5126 Palaestinaoereins’
1688 5063 1705 5143 (
1708 5066 1804 5145 1881)
1824 5091 1856 5146 p.
1876 5071 1950 5129 231.
2022 5073 2052 5142 2)
2077 5072 2109 5128 Iu

462 5173 670 5250 Salisburqensi
691 5174 763 5230 enim
781 5174 934 5250 provincia
949 5174 1159 5231 innominatum
1175 5173 1215 5231 ΙΙ.
1240 5194 1347 5250 qaoque
1370 5175 1548 5250 compositam
1572 5195 1630 5232 esse
1648 5184 1719 5251 puto
1743 5171 1784 5252 (a.
1802 5178 1874 5248 fere
1891 5174 1999 5254 1170).
2035 5177 2109 5235 Nom

460 5289 575 5355 uterque
605 5282 701 5350 codex,
730 5279 776 5336 abi
805 5281 944 5356 latamque
972 5289 1112 5350 savona,
1144 5280 1182 5336 ibi
1208 5280 1330 5355 smptus
1360 5286 1408 5340 cst.
1454 5281 1606 5358 Unumque
1628 5302 1694 5339 vero
1711 5285 1812 5357 paullo
1830 5292 1984 5360 postquam
2007 5285 2110 5341 librilem

461 5387 586 5443 conditus
616 5395 664 5456 est,
696 5363 851 5459 consectum
883 5406 941 5444 esse
964 5395 1088 5456 constat,·
1119 5388 1159 5459 cf.
1190 5386 1331 5443 Ronncta
1352 5387 1405 5443 ll.
1425 5407 1458 5462 p.
1478 5387 1528 5444 39.
1637 5388 1667 5458 3)
1694 5387 1742 5461 C'f.
1767 5390 1851 5460 iufra
1870 5411 1904 5466 p.
1923 5391 1997 5461 566,
2022 5393 2040 5447 l.
2060 5391 2148 5446 30.a

462 5491 492 5562 4)
519 5491 697 5550 Gicscbrecbt
718 5494 736 5548 l.
754 5495 771 5548 l.
796 5493 827 5564 V,
846 5513 880 5567 p.
899 5493 972 5549 381.
1058 5489 1089 5567 5)
1113 5493 1148 5548 L.
1166 5495 1183 5548 l.
1203 5512 1237 5567 p.
1256 5492 1328 5548 521.
1415 5490 1446 5568 6)
1470 5494 1505 5551 L.
1523 5496 1541 5550 l.
1560 5515 1593 5570 p.
1613 5493 1686 5551 722.
1771 5497 1802 5566 7)
1827 5497 1863 5552 L.
1881 5497 1898 5554 l.
1919 5519 1953 5572 p.
1972 5497 2034 5554 680
2051 5517 2109 5572 sq.,·

459 5619 513 5656 ιιι-ιι
539 5600 710 5673 lx'ap-berr,
736 5598 803 5654 ‘Die
825 5598 996 5655 abeadla'nd.
1021 5597 1125 5654 Politilc
1148 5601 1196 5655 dm
1221 5599 1341 5656 Kaiscrs
1366 5600 1499 5657 Maraecl’
1518 5600 1638 5676 passim.
1742 5593 1773 5681 8)
1799 5600 1980 5661 Gtaebrecta
2002 5606 2019 5660 l.
2037 5606 2054 5660 l.
2078 5605 2107 5671 V.

454 5727 488 5780 p.
507 5705 569 5761 680
586 5727 627 5780 sq.
