4478 6396
437 409 497 472 182
727 414 909 469 GERHOHI
932 413 1163 469 PRAEPOSITI
1188 411 1595 468 REICHERSBERGENSIS
1620 412 1785 467 LIBELLI.

433 603 551 667 erroris
583 601 773 687 capitaneos
804 609 837 664 et
861 599 1021 664 scelerum
1052 611 1201 663 auctores
1233 597 1429 663 iudicialiter
1453 599 1600 664 daretur:
1633 609 1793 685 quatenus
1824 600 1870 662 ita
1900 607 2096 684 parceretur

433 708 640 786 multitudini,
666 718 701 770 ut
725 718 834 770 tamen
859 705 1047 770 obviaretur
1071 705 1183 769 errori.

540 816 578 878 ln
602 837 667 900 qua
690 825 801 877 tamen
825 813 986 877 sententia
1010 835 1128 897 magna
1153 811 1306 876 discretio
1337 810 1525 876 adhibenda
1548 823 1607 876 est.
1655 812 1738 875 Nam
1763 811 1894 897 quando
1919 834 2012 875 error
2036 821 2096 874 aut

432 921 536 986 nullos
561 919 659 985 habet
683 919 871 984 defensores
895 929 1039 984 autnon
1064 917 1155 999 tales,
1187 941 1246 1004 per
1269 941 1350 1004 quos
1375 919 1494 982 scisma
1518 919 1620 1003 possit
1644 919 1842 1004 contingere,
1873 917 2095 1003 separationis

433 1027 569 1092 consilia
599 1025 721 1090 debent
751 1024 873 1106 morbo,
904 1047 945 1088 ne
975 1035 1010 1088 ut
1038 1046 1159 1088 cancer
1182 1035 1301 1110 serpat,
1333 1023 1471 1088 celerius
1503 1023 1647 1089 obviare.
1696 1024 1835 1104 Quando
1867 1035 1976 1088 autern
2008 1023 2096 1087 tales
2121 1047 2135 1084 s

433 1134 533 1199 habet
556 1133 755 1214 defensores,
780 1155 839 1219 per
862 1154 943 1218 quos
969 1153 1034 1195 non
1058 1130 1225 1195 dubitatur
1249 1132 1368 1196 scisma
1391 1132 1538 1212 excitari,
1564 1133 1591 1194 si
1607 1132 1775 1216 contingat
1791 1153 1846 1195 eos
1868 1129 1909 1194 ab
1927 1130 2096 1195 aecclesia

433 1241 588 1328 separari,
613 1251 690 1304 tunc
714 1240 836 1325 utique,
860 1249 895 1302 ut
920 1236 1036 1302 beatus
1059 1237 1262 1322 Augustinus
1286 1237 1366 1301 dicit
1377 1241 1397 1319 ¹,
1427 1237 1563 1302 consilia
1586 1239 1800 1324 separationis
1825 1249 1857 1302 et
1879 1238 1992 1301 inania
2017 1247 2097 1300 sunt

434 1359 466 1411 et
489 1347 673 1433 perniciosa
697 1355 794 1431 atque
819 1344 988 1430 sacrilega,
1013 1345 1091 1431 quia
1114 1345 1215 1430 impia
1239 1367 1277 1408 ac
1302 1343 1444 1430 superba
1458 1345 1549 1426 fiunt,
1574 1367 1613 1408 ae
1632 1344 1704 1430 plus
1729 1342 1920 1431 perturbant
1943 1343 2096 1407 infirmos

433 1452 546 1534 bonos,
572 1475 670 1538 quam
695 1452 859 1537 corrigant
883 1452 1046 1515 animosos
1070 1449 1181 1515 malos.

543 1580 616 1640 133.
654 1574 744 1657 Quid
759 1574 863 1660 ergo?
901 1574 1057 1660 Nunquid
1079 1586 1252 1661 propterea
1268 1575 1442 1639 tacendum
1460 1585 1508 1639 est
1524 1575 1704 1662 episcopo?
1739 1575 1896 1662 Nunquid
1914 1587 2096 1661 propterea
2118 1597 2142 1636 ro

329 1721 346 1751 ι.
382 1683 629 1756 ‚cessandum
661 1691 710 1747 est
739 1681 786 1745 illi
817 1705 837 1744 a
867 1681 1024 1762 clamore,
1056 1681 1107 1745 cui
1140 1680 1263 1745 dictum
1294 1693 1355 1745 est:
1393 1682 1523 1764 Claram
1553 1708 1590 1746 ac
1621 1684 1741 1746 cessas?
1786 1681 1899 1746 Absit!
1949 1681 2095 1763 Quando

435 1792 521 1854 enim
544 1812 603 1876 pro
628 1799 737 1874 strage
754 1787 890 1851 vitanda
913 1787 1100 1851 omnimoda
1123 1789 1285 1874 separatio
1309 1788 1378 1852 fieri
1403 1811 1468 1852 non
1491 1799 1608 1874 potest,
1634 1798 1708 1852 sunt
1731 1789 1823 1853 iuxta
1846 1788 1936 1874 leges
1960 1799 2094 1875 patrum

434 1898 498 1962 alia
521 1895 622 1960 multa
646 1895 901 1960 cohercitionum
917 1916 1049 1980 genera,
1073 1917 1137 1981 quc
1155 1895 1244 1959 velut
1259 1894 1420 1980 quaedam
1444 1895 1655 1959 medicinales
1679 1897 1826 1982 potiones
1850 1919 1915 1960 non
1931 1897 2093 1959 vomitum

434 2013 624 2091 provocent,
656 2025 721 2067 non
752 2023 800 2082 ea,
830 2023 892 2086 que
924 1999 1073 2064 morbida
1096 2012 1180 2082 sunt,
1210 2003 1339 2065 omnino
1371 2011 1533 2087 separent,
1565 2001 1623 2066 scd
1654 2024 1728 2066 cum
1759 2003 1900 2088 quodam
1924 2005 2091 2066 viscerum

436 2110 546 2174 dolore
577 2110 663 2174 intus
692 2117 816 2173 curent.
864 2108 962 2171 quta
992 2107 1077 2171 hunc
1107 2106 1239 2171 modum
1269 2119 1405 2194 possunt
1436 2109 1545 2172 clerici
1577 2107 1752 2173 salubriter
1781 2132 1820 2172 ae
1851 2107 2093 2172 medicinaliter
2113 2129 2137 2168 u

435 2218 521 2282 intus
545 2216 706 2302 torqueri;
732 2215 769 2296 si,
795 2237 868 2278 cum
886 2215 1162 2278 excommunicari
1179 2237 1234 2278 eos
1249 2237 1315 2278 non
1331 2225 1458 2301 oportet
1481 2227 1614 2302 propter
1636 2214 1871 2280 multitudinem
1896 2238 1958 2279 nec
1979 2225 2089 2280 tarnen

435 2323 566 2387 tolerari
590 2333 724 2409 propter
746 2321 957 2407 irregularem
975 2322 1254 2385 conversationem
1278 2332 1311 2385 et
1334 2322 1573 2387 manifestatam
1596 2322 1841 2408 turpitudinem,
1865 2321 1958 2386 salva
1981 2321 2090 2386 laicali

436 2431 661 2494 communione
693 2427 734 2492 ab
766 2427 873 2492 officio
904 2427 1153 2513 suspendantur,
1185 2439 1217 2492 et
1247 2427 1413 2492 subiectae
1441 2427 1554 2514 plebes
1585 2427 1627 2492 ab
1651 2451 1762 2492 eorum
1786 2428 1954 2492 audientia
1977 2439 2010 2492 et
2034 2427 2089 2492 ob-

345 2559 374 2599 ·.
409 2586 416 2600 .
436 2536 579 2600 odientia
604 2533 735 2621 publico
752 2533 924 2598 interdicto
941 2533 1191 2620 prohibeantur,
1219 2535 1374 2598 *maxime
1398 2535 1425 2598 si
1449 2534 1529 2598 tales
1554 2546 1628 2598 sunt
1651 2535 1771 2616 clerici,
1796 2534 1908 2621 quales
1933 2535 2091 2599 damnant

436 2642 490 2706 vel
513 2641 620 2706 officio
645 2642 775 2727 privant
799 2651 908 2726 patres
932 2641 1073 2727 antiqui3
1099 2642 1183 2704 sicut
1207 2642 1239 2704 in
1263 2640 1389 2726 synodo
1406 2639 1666 2706 Calccdonensi²
1681 2643 1812 2727 privant
1829 2642 1936 2707 officio
1953 2653 2089 2706 cunctos
2108 2664 2135 2701 ao

437 2747 583 2814 absolute
608 2747 790 2829 ordinatos3
816 2749 900 2810 sieut
923 2746 1015 2811 multi
1039 2758 1224 2812 sanctorum
1242 2746 1421 2833 dampnant
1443 2749 1649 2834 symoniacos
1666 2759 1698 2812 et
1713 2748 1901 2813 Nicolaitae.
1938 2748 2089 2812 Vicarios

436 2866 545 2919 autem
575 2856 644 2919 sive
676 2855 917 2919 mercennarios
942 2864 975 2917 et
999 2877 1110 2918 omnes
1134 2855 1190 2940 qui
1213 2854 1371 2918 incubant
1400 2853 1542 2941 aliquam
1566 2855 1770 2948 aecclesiam,
1796 2878 1893 2941 quam
1916 2878 1983 2918 non
2006 2855 2089 2919 clec-

437 2964 534 3044 tione,
558 2960 617 3025 sed
639 2960 725 3025 laica
748 2961 878 3025 datione
902 2959 1013 3048 adepti
1038 2971 1121 3042 aunt,
1146 2962 1233 3046 quia,
1258 2971 1294 3024 ut
1317 2959 1432 3026 beatus
1448 2959 1642 3026 Ambrosius
1658 2961 1829 3043 affirmat³,
1853 2985 1919 3026 non
1936 2972 2011 3026 sunt
2027 2962 2089 3024 viri

272 3093 416 3140 aconita.
436 3069 583 3154 legitimi,
608 3066 667 3131 sed
691 3067 845 3132 adulteri:
872 3068 944 3154 quis
970 3069 1197 3153 episcoporum
1222 3091 1287 3132 non
1310 3079 1422 3131 arceat
1445 3091 1465 3131 a
1489 3068 1629 3132 thalamo
1654 3067 1844 3149 aecclesiae,
1869 3069 1896 3132 si
1920 3091 1995 3132 cum
2012 3090 2089 3153 apo-

437 3174 517 3240 stolo
542 3197 616 3239 suos
641 3175 831 3238 commissos
856 3173 1016 3239 emulatur
1039 3173 1103 3238 Dei
1128 3174 1349 3238 enurlatione?
1395 3175 1453 3238 Isti
1478 3197 1589 3239 omnes
1613 3185 1745 3261 possent
1769 3174 1810 3239 ab
1835 3173 1999 3240 erroribus
2024 3198 2088 3238 una
2108 3197 2134 3234 as

437 3291 469 3347 ct
499 3281 644 3345 secunda
674 3282 923 3345 commonitione
955 3282 1114 3362 revocari,
1146 3291 1178 3344 et
1208 3303 1267 3366 per
1297 3280 1441 3366 singulas
1471 3279 1682 3366 baptismales
1713 3281 1889 3345 aecclesias
1921 3281 1964 3346 ad
1986 3282 2088 3345 vitam

435 3388 616 3474 regularem
641 3399 674 3451 et
698 3387 909 3473 apostolicam
934 3389 1074 3468 invitari,
1099 3399 1134 3450 ut
1157 3386 1296 3473 populus
1313 3388 1487 3450 instructus
1503 3386 1568 3451 fide
1585 3386 1764 3473 apostolica
1779 3399 1947 3474 regeretur
1970 3389 2003 3450 in
2021 3398 2088 3451 toto

436 3495 627 3581 episcopatu
650 3495 827 3580 pervitam
851 3493 1072 3580 apostolicam,
1097 3516 1218 3558 cavens
1242 3492 1363 3580 ubique
1388 3505 1509 3558 sectam
1526 3495 1750 3580 apostaticam.
1788 3494 1985 3558 Huiusmodi
2002 3496 2088 3558 enim

436 3600 565 3666 Obristo
590 3600 721 3665 domino
745 3624 811 3665 non
835 3601 989 3682 serviunt,
1014 3599 1072 3664 sed
1096 3623 1154 3664 suo
1176 3601 1282 3664 ventri
1307 3611 1339 3663 et
1361 3623 1421 3686 per
1441 3599 1553 3664 dulces
1577 3623 1742 3665 sermones
1767 3600 1927 3665 seducunt
1950 3613 2087 3664 ceteros.

437 3707 501 3789 Qui
525 3730 602 3793 ergo
626 3707 678 3770 vel
704 3705 851 3771 absolute
876 3707 1015 3771 ordinati
1039 3706 1091 3770 vel
1116 3705 1264 3792 acephali
1290 3729 1367 3770 sane
1391 3706 1605 3771 admonitioni
1634 3706 1757 3772 nollent
1780 3709 2001 3795 acquiescere,
2027 3709 2087 3770 etsi
2107 3731 2134 3769 so
2192 3717 2196 3726 “

436 3815 720 3878 excommunicare
744 3825 792 3878 tot
816 3824 849 3876 et
872 3825 978 3877 tantos
1001 3813 1168 3877 videretur
1191 3813 1323 3877 difficile
1348 3836 1386 3877 ac
1410 3815 1516 3876 minus
1540 3813 1628 3896 utile,
1653 3825 1785 3900 possent
1809 3812 1950 3900 quadam
1974 3815 2087 3878 coher-

437 3921 565 4002 citione,
582 3920 672 3984 velut
696 3918 818 3983 salubri
841 3921 982 4006 potione,
1007 3921 1131 4002 curari,
1157 3921 1184 3982 si
1209 3919 1431 3982 tantummodo
1456 3922 1561 4005 gratia
1578 3920 1643 3984 Dei
1669 3933 1863 4006 cooperante
1889 3920 2016 3985 adhoc
2040 3923 2087 3984 in-

435 4026 610 4112 vigilarent
633 4027 788 4112 episcopi.

546 4153 618 4214 134.
655 4151 748 4214 Tunc
773 4173 832 4236 per
856 4150 1001 4236 singulas
1025 4149 1234 4236 baptismales
1266 4151 1442 4214 aecclesias
1474 4150 1681 4214 edificaretur
1711 4163 1805 4237 porta
1834 4151 1981 4233 fontium,
2011 4153 2087 4238 quia

437 4280 494 4343 pro
519 4256 674 4321 facultate
700 4256 900 4321 decimarum
924 4257 1040 4321 fierent
1063 4256 1270 4343 receptacrda
1293 4279 1483 4342 pauperum,
1509 4269 1540 4321 ct
1564 4259 1705 4322 maxime
1722 4257 1894 4322 viduarum
1914 4257 1954 4322 de
1972 4269 2088 4344 quarta
2107 4281 2133 4320 ss

437 4363 584 4449 portione
616 4362 841 4427 decimationis
871 4363 1119 4449 pascendarum.
1173 4363 1245 4426 Hec
1281 4363 1489 4448 receptacula
1524 4364 1685 4449 quondam
1723 4364 1854 4450 ptochia
1885 4364 2087 4447 dicebantur,

437 4467 555 4555 quibus
579 4467 807 4554 dispensandis
832 4469 962 4533 diaconi
985 4480 1018 4533 et
1040 4469 1262 4534 archidiaconi
1287 4469 1546 4555 proficiebantur,
1571 4494 1631 4556 per
1647 4471 1789 4556 singulos
1806 4495 1908 4536 annos
1925 4473 2088 4558 episcopis

438 4575 478 4639 dc
504 4599 562 4639 sua
587 4575 830 4661 dispensatione
854 4577 1012 4640 rationem
1037 4576 1204 4641 reddituri.
1251 4575 1332 4639 lndc
1357 4587 1406 4639 est
1430 4576 1517 4662 quod
1541 4575 1655 4640 beatus
1681 4576 1860 4662 Gregorius
1884 4579 1917 4641 in
1942 4580 2008 4641 suis
2033 4578 2087 4642 de-

438 4682 556 4746 cretis⁴
581 4683 712 4767 proprie
737 4682 779 4745 ad
802 4681 1011 4769 presbyteros
1028 4682 1294 4768 predicationem,
1319 4681 1361 4745 ad
1385 4681 1540 4748 diaconos
1559 4705 1637 4746 vero
1663 4682 1911 4748 elemosinarum
1935 4683 2088 4748 distribu-

367 4865 422 4911 tae.
545 4851 722 4922 Augustinus
746 4853 773 4905 in
798 4853 868 4906 libro
884 4852 940 4905 Vl⁰
964 4859 1062 4906 contra
1077 4847 1279 4905 Donatistas5:
1307 4848 1413 4914 Quibas
1435 4870 1539 4926 optram
1556 4851 1646 4926 inquit
1660 4852 1783 4908 alienam
1800 4855 1834 4910 de
1843 4853 1930 4924 fonte
1953 4861 2089 4910 abatico
2107 4869 2135 4907 ao

382 4973 384 4978 “
438 4955 531 5012 bibant
555 4988 597 4994 —
620 4988 663 4995 —
686 4959 837 5014 secundam
861 4976 894 5013 ea
918 4977 970 5032 quc
993 4959 1071 5014 docet
1093 4957 1227 5014 diabolas.
1274 4958 1347 5013 Item
1378 4959 1406 5013 in
1438 4960 1537 5015 eodem
1566 4954 1676 5015 libro⁶:
1712 4957 1916 5017 Cottstituamoa
1946 4979 2013 5036 erpo
2037 4960 2089 5016 ali-

438 5082 517 5137 qaem
540 5093 584 5101 —
608 5095 650 5102 -
675 5072 715 5120 est
736 5083 853 5139 regnum
876 5064 934 5118 Dei
956 5084 1012 5119 troo
1031 5083 1237 5138 possessurum.
1284 5065 1356 5120 Item
1380 5073 1444 5136 post
1468 5063 1598 5136 aliqua⁷:
1633 5067 1699 5131 Quo
1729 5067 1758 5122 io
1781 5085 1814 5122 rc
1837 5085 1886 5142 epo
1917 5087 1973 5123 uon
1998 5067 2090 5124 darbito

438 5169 636 5225 catecrouioum
662 5170 824 5226 catholicum
852 5201 895 5207 —
918 5200 962 5208 —
993 5170 1092 5226 cretico
1116 5170 1256 5244 baptizato
1279 5179 1460 5244 anteponere.
1508 5172 1585 5228 ldem
1609 5177 1644 5228 ad
1668 5170 1880 5228 Bonifacium⁸:
1915 5173 2090 5230 Firmissime

438 5283 498 5330 tenc
522 5283 547 5330 ct
569 5277 728 5332 nullotcaas
752 5276 855 5332 (tarditas
879 5296 985 5332 {romam
1010 5276 1139 5332 errtiooa
1163 5285 1187 5331 ct
1209 5277 1392 5332 scimioticrou
1416 5308 1460 5315 —
1476 5308 1520 5316 —
1544 5298 1645 5352 corpus
1663 5277 1769 5335 Christi
1790 5280 1867 5354 quod
1880 5289 1921 5336 cst
1942 5280 2087 5336 aecclesia.

548 5432 576 5502 l)
604 5431 710 5490 Contra
735 5433 811 5508 epist.
830 5435 965 5490 Porruca.
991 5436 1007 5489 l.
1027 5435 1082 5494 111.
1107 5432 1126 5502 ξ
1147 5435 1195 5494 lt.
1222 5434 1294 5510 Opp.
1312 5436 1366 5504 IX,
1384 5437 1435 5492 cot.
1454 5437 1505 5492 65.
1577 5437 1606 5506 2)
1626 5437 1730 5495 Concil.
1746 5437 1878 5496 Otmtcot
1896 5459 1918 5496 c.
1935 5441 1963 5508 6,
1991 5441 2091 5496 silensi
2108 5455 2135 5492 ts

444 5538 492 5608 VJ,
515 5541 568 5598 rot.
589 5539 682 5594 1226.
777 5540 806 5608 3)
833 5539 882 5611 Cf.
907 5560 997 5616 supro
1017 5562 1048 5615 p.
1071 5542 1141 5600 171.
1167 5561 1194 5596 a.
1214 5541 1242 5596 ⁶2.
1335 5540 1366 5610 4)
1394 5540 1442 5612 Cf.
1462 5542 1605 5617 EpistV,
1632 5544 1700 5602 tta.
1726 5565 1748 5600 r.
1770 5546 1796 5608 1,
1825 5545 1891 5600 ΕΕ.
1917 5546 1941 5614 1,
1964 5567 1994 5619 p.
2014 5547 2087 5601 363.

439 5643 470 5714 5)
494 5645 807 5720 Debaptiauoroatro
822 5647 930 5703 Donat.
953 5647 997 5716 VI,
1024 5667 1046 5704 c.
1067 5647 1115 5714 12,
1141 5645 1227 5716 §lat
1254 5646 1328 5722 Opp.
1353 5649 1407 5718 IX,
1433 5651 1483 5705 col.
1504 5649 1575 5706 168.
1646 5651 1676 5719 6)
1701 5651 1775 5706 Iota.
1801 5652 1855 5720 IV,
1881 5671 1903 5708 c.
1925 5651 1974 5721 18,
1999 5647 2088 5724 §25,

438 5751 455 5806 l.
473 5753 492 5806 l.
517 5753 567 5806 col.
589 5751 661 5806 136.
789 5753 818 5821 t)
845 5753 918 5808 Ibid.
943 5753 998 5822 IV,
1024 5774 1045 5808 c.
1073 5753 1123 5821 21,
1149 5750 1167 5822 ξ
1193 5753 1243 5822 28,
1275 5755 1293 5810 l.
1318 5757 1337 5810 l.
1363 5757 1412 5811 col.
1434 5755 1506 5812 138.
1631 5754 1662 5828 8)
1688 5755 1737 5827 Ψ.
1763 5758 1809 5813 De
1824 5759 1888 5836 fide
1910 5759 1953 5814 oti
1974 5757 2088 5814 Petrum

439 5876 461 5912 c.
488 5856 528 5912 82
554 5852 636 5932 (39),
664 5856 736 5932 opp.
758 5859 805 5927 VI,
830 5879 898 5934 app.
925 5861 976 5916 col.
1003 5859 1053 5915 32.
