4478 6442
479 443 540 504 134
799 399 802 410 ·
1023 447 1216 502 ADDENDA
1240 446 1289 500 ET
1313 445 1572 501 attenuatos.

477 635 630 701 Senensis
655 645 734 698 erat.
780 633 938 718 Rogemus
969 643 1076 696 alitem
1101 631 1238 696 subinde
1263 655 1304 695 cx
1328 631 1441 696 ordine
1464 632 1708 716 Prcdicatorum
1734 635 1833 697 etiam
1856 632 1919 696 fuit
1944 635 2114 719 episcopus,

475 764 670 828 quanrquam
695 739 790 803 aliurn
809 740 908 802 fuisse
925 739 1099 824 Rogcn'um
1124 737 1305 824 perhibent,
1329 739 1415 825 quod
1432 762 1544 803 verum
1568 751 1625 803 est.
1663 738 1817 804 Carmina
1833 751 1986 826 preterea
2008 740 2041 802 in
2056 739 2114 805 lau-

476 848 548 911 dem
572 847 716 926 Romane
737 845 826 910 urbis
845 844 1074 930 Grralphrcdus
1098 846 1288 930 composuit,
1313 846 1502 932 opusculum
1526 869 1655 932 quoque
1678 847 1737 910 Dc
1751 846 1887 910 anulo
1914 859 1953 910 ct
1976 845 2114 910 baculo

476 955 618 1018 carmine
642 954 783 1032 heroice,
804 954 958 1038 exiguum
981 965 1130 1039 preterca
1153 951 1342 1038 opusculum
1373 952 1431 1016 De
1463 963 1725 1016 sacramento
1755 955 1949 1039 eorporis
1973 963 2012 1016 et
2036 975 2114 1016 san·

475 1061 615 1146 guinis
640 1058 817 1140 Christi,
842 1057 985 1122 libellum
1009 1059 1143 1144 insuper
1164 1059 1222 1121 De
1247 1058 1482 1122 christiana
1505 1059 1676 1140 militia,
1701 1059 1832 1123 demum
1855 1059 2028 1124 Rationale
2051 1083 2139 1125 cums

475 1165 651 1254 pontificali
670 1167 777 1248 Petro,
798 1165 935 1252 ecclesie
953 1163 1106 1229 Senensis
1130 1164 1409 1252 archipresbitero,
1430 1165 1559 1248 vivifice
1584 1165 1687 1248 hostie
1704 1166 1827 1230 Christi
1850 1168 1999 1230 ministro
2023 1167 2115 1229 inten-

475 1275 608 1354 tissimo,
633 1273 762 1336 utilitati
786 1293 893 1335 rerum
918 1271 1100 1334 disinarum
1125 1284 1157 1334 ct
1181 1293 1359 1357 pauperum
1384 1271 1491 1335 officio
1515 1274 1773 1358 promptissimus
1798 1274 2066 1358 negociosissimo
2086 1275 2114 1336 in

475 1379 613 1444 ecelesia
638 1365 696 1442 sua
719 1391 786 1442 tum
811 1391 1000 1464 argumento
1025 1377 1086 1442 sihi
1114 1401 1173 1464 per
1197 1379 1304 1442 arnaria
1328 1378 1495 1442 verissimo
1520 1401 1600 1464 opus
1625 1377 1778 1464 dirigens.
1825 1378 1973 1442 Plurima
1997 1401 2114 1464 quoque

475 1486 527 1550 hic
552 1485 781 1572 Gualphredus
805 1487 994 1570 composuit,
1019 1496 1054 1550 ut
1078 1508 1172 1549 carus
1196 1483 1344 1549 omnibus
1369 1497 1465 1570 atque
1490 1484 1663 1570 plurimum
1688 1495 1842 1571 aceeptus
1867 1483 2052 1549 haberetur.

583 1593 714 1656 Similia
739 1593 777 1656 de
803 1593 983 1679 Guelfrnli
1006 1592 1067 1672 (II,
1088 1593 1325 1676 lose-4127)
1351 1594 1497 1678 operibus
1522 1593 1616 1656 Ferd.
1638 1593 1764 1680 ttpuettt
1784 1619 1814 1658 a.
1835 1595 1930 1655 1647.
1957 1596 2115 1658 naemei-iae
2132 1618 2151 1656 u

475 1699 582 1780 tradit,
601 1699 805 1764 [1611666666
823 1698 889 1778 III,
914 1699 970 1762 eol.
988 1701 1068 1761 626:
1095 1697 1291 1761 Gualsredus
1309 1747 1316 1760 .
1334 1748 1341 1761 .
1360 1747 1367 1760 .
1386 1699 1436 1760 vir
1451 1721 1528 1760 sane
1546 1698 1659 1761 doctus
1676 1710 1708 1762 et
1725 1698 1891 1784 eloquenS,
1912 1699 1983 1762 sire
2000 1698 2117 1763 luderet

475 1807 617 1870 carmine
642 1806 711 1868 sive
736 1803 839 1868 soluta
863 1805 1006 1868 oratione
1030 1805 1139 1890 graiis
1162 1803 1338 1869 incederet.
1375 1803 1506 1868 Sacram
1526 1803 1708 1868 Gothifredi
1732 1805 1880 1869 Bulienis
1905 1806 1937 1868 in
1956 1805 2117 1870 Orientem

475 1911 714 1998 expeditionem
746 1911 874 1976 heroice
900 1913 1041 1975 carmine
1073 1911 1261 1996 complexus
1286 1922 1343 1974 est.
1391 1910 1488 1990 Qtrod
1512 1933 1592 1996 opus
1623 1911 1657 1974 in
1681 1933 1825 1974 summae
1856 1911 1950 1975 aedis
1983 1913 2116 1976 sacrario

475 2018 580 2082 adhuc
605 2029 799 2082 asservatur.
847 2018 983 2104 Scripsit
1014 2019 1146 2103 insuper
1169 2017 1296 2098 librum,
1322 2019 1373 2082 cui
1401 2017 1526 2081 titulum
1550 2018 1643 2081 fecit:
1675 2018 1737 2082 ‘De
1762 2029 1899 2104 utroque
1924 2019 2116 2103 apostolieo’,

474 2124 529 2188 ubi
547 2123 714 2188 Urbanum
739 2124 917 2188 secundum
935 2123 1182 2209 (lilbcrtumque
1207 2125 1393 2210 antipapam
1417 2123 1596 2189 introduxit
1620 2123 1821 2210 subiecitque
1839 2124 1927 2210 quod
1948 2127 2153 2211 scripseratis

475 2255 631 2296 censurae
663 2232 807 2318 episcopi
832 2230 1021 2308 Florentini,
1050 2233 1111 2294 viri
1143 2233 1175 2294 in
1206 2233 1274 2294 iure
1306 2230 1494 2312 doctissimi,
1519 2230 1724 2295 Constantini
1755 2232 1901 2316 episcopi
1924 2231 2053 2296 Aretini
2081 2253 2117 2295 ae

474 2338 632 2424 praesulis
660 2337 852 2402 Tridentini.
904 2337 1015 2402 Altero
1045 2339 1121 2402 item
1152 2335 1234 2401 libro
1266 2338 1430 2400 Romanae
1460 2335 1550 2400 urbis
1581 2337 1694 2401 laudes
1725 2349 1774 2400 est
1804 2349 2014 2422 prosecutus3
2045 2339 2117 2402 item

474 2445 609 2508 alterum
635 2444 825 2530 opusculum
856 2444 896 2507 de
928 2443 1046 2508 animle
1074 2455 1106 2508 et
1135 2443 1261 2524 baculo,
1291 2443 1396 2528 deque
1426 2456 1627 2508 sacramento
1652 2445 1795 2530 eorporis
1820 2443 1953 2526 Christi,
1979 2444 2117 2508 libellum

474 2552 550 2614 item
576 2551 615 2614 de
640 2551 816 2614 eluistiana
838 2551 962 2632 militia,
986 2561 1053 2614 tum
1078 2561 1109 2614 ct
1133 2551 1311 2616 Rationale.

582 2659 668 2724 Fert.
684 2659 813 2738 Donati,
829 2684 856 2722 v.
872 2660 909 2722 el.
928 2659 1182 2722 in'hiiotlecarius
1200 2661 1286 2722 urbis
1299 2659 1454 2738 Senensis,
1468 2661 1522 2722 661
1536 2659 1618 2724 Titii
1631 2661 1728 2722 loeson
1747 2659 1848 2738 debeo,
1866 2661 1981 2722 litteris
1997 2662 2118 2722 66611161·
2132 2682 2153 2720 so

474 2790 520 2828 nie
543 2766 650 2829 docuit
672 2765 796 2829 innuliu
814 2765 994 2852 Guelfredi
1008 2791 1103 2851 opem
1120 2765 1291 2850 deperiisse
1314 2790 1410 2850 ireque
1433 2767 1533 2830 aliam
1556 2791 1661 2829 eorum
1685 2768 1867 2830 anemoriam
1888 2781 2005 2846 artare,
2028 2791 2115 2850 quam

475 2875 507 2936 in
531 2872 612 2936 Titii
633 2873 779 2936 chronica
805 2873 945 2952 Senensi,
977 2872 1014 2936 id
1042 2873 1127 2956 priori
1150 2872 1317 2936 udrrtodnnt
1351 2871 1515 2936 dolendum
1545 2885 1596 2936 est.
1648 2871 1735 2936 Certe
1759 2874 1821 2935 iam
1847 2875 1994 2935 61148.
2019 2871 2115 2952 Persi,

474 2977 592 3043 ‘Scor-ia
617 2979 670 3042 161
692 2979 861 3044 sesecundo
885 2978 923 3043 di
944 2977 1055 3042 Sieua’
1075 3003 1109 3064 p.
1129 2981 1198 3040 141.
1224 3003 1259 3040 66
1284 2979 1379 3042 ‘nella
1401 2980 1553 3064 saprestia
1578 2978 1631 3040 6161
1653 2979 1775 3041 duorno'
1799 2979 1888 3042 houd
1909 2981 2050 3066 oruplius
2074 2982 2115 3042 ia-

475 3087 581 3148 seuiri
601 3099 726 3149 16616166
749 3099 799 3150 est.

806 3242 934 3308 Liber
964 3243 1011 3308 dc
1042 3245 1254 3308 ecelesiae
1285 3245 1449 3307 unitate
1480 3243 1779 3308 conservanda.
2130 3269 2151 3309 a

579 3369 614 3431 P.
637 3371 707 3432 118.
745 3369 854 3448 Miror,
879 3369 1092 3433 ‘Publizistilt'
1114 3394 1146 3454 p.
1165 3371 1217 3432 55.
1250 3369 1443 3432 Welramunt
1473 3383 1627 3432 erratorem
1660 3370 1740 3433 libri
1764 3373 1867 3434 nostri
1881 3371 1992 3457 ¹fuisse
2022 3370 2114 3434 dertuo

473 3490 705 3562 arprtmeutatus
729 3477 766 3540 id
787 3477 870 3540 61111
890 3501 950 3539 nou
969 3479 1138 3561 persuasit.

578 3581 615 3646 P.
636 3583 826 3662 185-186,
850 3609 874 3645 6.
894 3584 922 3644 2.
962 3581 1141 3662 Gratidiani,
1165 3582 1402 3647 ‘Ileldeulierler
1426 3583 1482 3646 der
1505 3583 1678 3646 Derstsaleu
1703 3583 1898 3647 Kasserzeit’
1923 3583 1972 3663 Il,
1989 3585 2114 3670 ,6.112,

473 3689 588 3752 librum
620 3689 657 3752 de
687 3691 803 3753 6611616
834 3715 900 3752 erim
927 3689 955 3751 V
954 3692 996 3752 116
1021 3689 1114 3752 Luto·
1142 3715 1165 3752 e.
1192 3691 1222 3768 5,
1247 3715 1282 3775 p.
1308 3691 1381 3752 312.
1414 3689 1460 3754 ed.
1486 3689 1741 3778 Holder-Epper
1764 3690 1815 3753 hie
1838 3691 1909 3754 illie
1941 3693 2115 3755 ‘verbotenus

474 3813 641 3882 eoupruere
664 3809 742 3859 reete
767 3797 950 3874 obseruas-it,
974 3795 1031 3858 sed
1053 3797 1132 3859 1666
1157 3797 1212 3860 etto
1230 3799 1436 3882 posteriorem
1461 3821 1523 3860 esse
1540 3797 1634 3882 ‚falso
1658 3797 1821 3860 contendit.
2130 3822 2152 3861 6

911 3971 1110 4035 Walremi
1141 3983 1179 4035 et
1209 3971 1419 4036 Horrendi
1450 3971 1667 4058 epistolae.

578 4096 615 4160 P.
640 4097 714 4159 285.
753 4097 921 4181 Utramque
951 4097 1113 4182 epistolam
1144 4111 1382 4161 cornnzesuoraut
1410 4097 1575 4161 noerolium
1604 4096 1635 4161 S.
1661 4097 1817 4161 Disibodi
1844 4100 1951 4177 166611,
1982 4099 2115 4164 Holder·

477 4203 607 4289 Eppero'
627 4228 674 4267 me
704 4204 837 4282 docente,
868 4218 896 4268 et
924 4203 1079 4267 Nicotaus
1109 4204 1147 4267 de
1178 4203 1300 4289 Siepeu,
1329 4204 1472 4267 Chronic.
1505 4203 1671 4267 ecclesiast.
1705 4205 1751 4267 ed.
1780 4204 1898 4290 ll'epele
1922 4230 1959 4291 p.
1986 4207 2062 4286 284,
2092 4221 2117 4271 61

478 4308 678 4389 2111166166,
703 4311 751 4374 De
776 4309 834 4373 SS.
853 4312 1031 4388 ecclesiast..
1058 4309 1139 4396 tlpp.
1162 4335 1194 4396 p,
1213 4311 1287 4373 270.
1312 4311 1368 4375 hoc
1391 4311 1479 4374 titulo
1502 4309 1733 4372 Defensorium
1756 4331 1851 4395 pape,
1876 4314 1968 4375 euius
1993 4315 2114 4378 initium

472 4417 639 4479 secuudum
661 4416 866 4480 Tridentium
883 4419 974 4503 fuit:
997 4415 1089 4480 Sicut
1112 4414 1215 4479 bonus
1240 4415 1334 4480 homo
1359 4416 1398 4479 de
1422 4414 1518 4479 bono.
2133 4445 2156 4484 n

578 4522 614 4585 P.
633 4525 708 4603 286,
734 4525 753 4587 1.
772 4526 823 4586 36.
849 4548 928 4587 corr.
954 4521 1049 4585 subdi
1073 4544 1137 4586 non
1161 4533 1297 4607 oportet.

579 4629 614 4692 P.
634 4631 709 4708 287,
735 4632 754 4694 1.
773 4633 801 4693 4.
828 4631 847 4694 l.
874 4653 915 4693 cx
939 4629 1077 4692 adverso
1102 4639 1191 4711 sunt3
1217 4631 1261 4715 cf.
1284 4629 1343 4694 Tu.
1370 4631 1401 4710 2,
1419 4632 1455 4692 8:
1479 4630 1507 4692 is
1532 4631 1587 4714 qui
1611 4651 1653 4692 ex
1677 4627 1814 4694 adverso
1839 4643 1896 4694 est.

602 4736 688 4800 Ibid.
716 4738 735 4799 1.
755 4739 783 4800 5.
803 4739 821 4799 6
848 4737 906 4824 (cf.
933 4739 952 4800 1.
973 4739 1027 4820 10)
1051 4736 1198 4799 usurario
1223 4739 1258 4800 in
1280 4736 1410 4799 usuario
1436 4737 1653 4823 corripendum
1678 4751 1729 4800 661.

578 4842 614 4904 P.
633 4843 708 4922 288,
734 4845 753 4906 1.
772 4847 801 4906 4.
827 4865 924 4928 quam
948 4841 989 4904 ad
1013 4853 1044 4905 te
1069 4857 1247 4928 6666661666
1272 4857 1325 4922 661,
1350 4843 1547 4906 desideratur
1570 4843 1705 4928 aliquid.

602 4948 688 5012 Ibid.
715 4951 733 5013 1.
756 4951 804 5011 lt.
831 4953 1033 5034 interpuupos
1057 4951 1120 5012 ita:
1142 4958 1345 5033 potestatem,
1371 4947 1529 5032 alioquin:
1554 4948 1730 5034 Numquid.
2138 4979 2161 5017 u

579 5055 615 5117 P.
634 5055 710 5135 289,
735 5056 753 5119 l.
776 5059 824 5117 11.
861 5055 914 5141 Cf.
939 5055 1019 5118 Hor.
1045 5053 1109 5118 Sat.
1137 5055 1212 5134 Ι,4,
1229 5057 1288 5117 36:
1313 5077 1424 5118 omnes
1445 5055 1449 5140 1
1472 5053 1598 5118 Gestiet
1621 5078 1640 5118 a
1663 5055 1756 5120 furno
1780 5055 1955 5121 redeuntes
1980 5060 2077 5124 seire.

579 5161 614 5223 P.
634 5163 710 5240 290,
735 5163 754 5224 1.
773 5163 825 5224 26.
861 5161 945 5224 Nam
969 5159 1029 5224 hoe
1053 5159 1251 5224 intellexisse
1275 5161 1424 5226 66166166.

603 5268 691 5332 11161.
717 5269 736 5331 1.
756 5269 806 5331 31.
832 5269 917 5332 61111
939 5268 1030 5348 deest,
1055 5268 1122 5332 dele
1145 5282 1249 5332 uotam
1273 5266 1304 5330 d.

579 5374 615 5437 P.
634 5376 709 5454 291,
734 5375 753 5438 l.
772 5376 823 5439 38.
848 5375 960 5460 supple
976 5389 1052 5460 post
1074 5396 1215 5459 occupes
1238 5377 1360 5461 sianum
1386 5376 1610 5463 interropaudi.

579 5481 651 5544 Hos
674 5481 901 5545 eureis-dationes
924 5481 1197 5568 Ilolder-Eppero
1220 5483 1304 5545 socio
1328 5482 1429 5545 debeo.

800 5657 983 5720 Benonis
1014 5656 1272 5744 aliorumque
1304 5657 1583 5722 cardinalium
1614 5663 1784 5748 scripte.

578 5782 614 5845 P.
634 5783 707 5844 371.
737 5781 789 5866 Cf.
809 5807 888 5866 quoe
903 5807 1002 5867 supro
1011 5806 1047 5867 p.
1060 5783 1131 5844 733.
1150 5783 1195 5846 61
1209 5783 1397 5848 Bonizoneua
1415 5784 1453 5849 de
1468 5809 1550 5849 anuo
1560 5787 1727 5872 praedicti
1742 5787 1939 5876 0669661661
1957 5792 2121 5859 6111161661.
