4544 6420
475 385 535 448 128
1006 373 1236 443 rasscrrrus
1261 351 1318 424 DE
1347 380 1595 444 sersusners

472 579 680 666 sumpcianis,
705 601 770 664 qua
793 587 951 640 temerare
977 575 1097 638 audent
1120 573 1175 636 illa
1199 569 1421 637 sacratissima
1437 574 1538 638 verba
1555 576 1698 657 cationis,
1724 597 1860 660 quarum
1877 577 2030 640 virtutem
2049 599 2124 640 eva-

472 695 570 750 cuant
594 684 763 769 sacrilegio
789 684 839 746 sui
863 683 991 759 erroris,
1017 682 1115 745 etiam
1139 675 1318 743 secundum
1345 680 1425 744 illud
1448 680 1568 744 Leonis
1592 687 1715 767 pape¹:
1749 683 1824 747 Veri
1851 686 2011 770 sacrificii
2039 686 2125 748 iocus

472 807 557 857 estro
589 793 773 856 ractelesiama
801 815 862 853 riou
886 805 937 853 est.
985 788 1100 851 Nonne
1130 788 1244 850 merito
1276 785 1318 849 ad
1349 786 1504 850 iudicium
1536 800 1668 873 propter
1697 788 1873 852 nefandum
1903 789 2123 872 mendacium,

472 898 558 985 quod
582 898 695 961 dicunt
719 919 790 961 esse
816 919 933 981 corpus
951 893 1081 974 Christi,
1107 893 1194 979 quad
1211 915 1417 980 nequaquam
1434 904 1482 956 est
1499 917 1616 980 carpus
1634 894 1780 958 Christi?
1815 896 1931 959 Nonne
1947 897 2123 960 iustissime

308 1027 451 1074 soniare.
472 1005 513 1068 ad
536 1004 702 1084 iudicium,
735 1003 811 1089 quia
835 1002 1002 1086 decipiunt
1026 1000 1191 1064 indoctum
1217 1000 1380 1086 populum,
1413 1001 1496 1063 sicut
1519 1001 1683 1086 apostolus
1709 1001 1797 1083 dicit,
1829 1025 1888 1088 per
1911 1025 1985 1066 suos
2010 1003 2161 1067 dulcess

472 1133 636 1175 sermones
661 1121 693 1173 et
716 1109 961 1173 benedictiones
986 1107 1145 1171 seducunt
1168 1105 1314 1170 homines
1339 1109 1538 1188 innocentes,
1570 1119 1605 1170 ut
1629 1108 1716 1194 apud
1747 1110 1834 1194 ipsos
1860 1108 1979 1173 Christi
2005 1133 2124 1196 corpus

472 1241 542 1281 esse
568 1218 703 1281 credant
727 1229 759 1279 et
782 1214 823 1279 ab
848 1215 942 1295 hiisb,
968 1214 1054 1300 quod
1078 1215 1247 1299 porrigunt
1270 1212 1330 1276 sub
1354 1213 1415 1276 hac
1440 1215 1579 1295 nomine,
1605 1214 1733 1301 decepti
1751 1215 1938 1300 accipiant?
1978 1217 2124 1302 Proque

471 1325 667 1410 aceepeioue
685 1323 875 1386 Eutieianus
892 1343 978 1406 papa
1001 1331 1067 1384 tam
1091 1343 1191 1404 grave
1215 1321 1341 1404 inponit
1365 1343 1445 1383 onus
1470 1322 1692 1406 penitencie2:
1718 1323 1759 1386 b'i
1780 1326 1861 1408 quis,
1885 1324 2046 1408 inquiens,
2072 1325 2123 1388 de-

359 1457 450 1496 mna.
472 1432 555 1496 derit
583 1446 638 1496 tritt
666 1432 821 1516 accreperit
850 1431 1093 1492 caarruuniauem
1130 1428 1168 1490 de
1198 1453 1293 1490 rrmau
1323 1428 1455 1491 heretici
1483 1443 1510 1491 ct
1540 1432 1649 1508 nascit,
1685 1429 1770 1513 prrrrd
1799 1431 1930 1493 aeclesia
1956 1432 2124 1494 ‘catholicus

472 1539 672 1616 contradicit,
702 1551 813 1622 prostes.
849 1537 1024 1620 intelligens
1054 1559 1170 1597 auarum
1202 1538 1354 1620 iuteprum
1380 1539 1528 1619 peniteat.
1585 1535 1625 1599 b'i
1652 1551 1722 1599 arua
1753 1539 1812 1599 scit
1841 1551 1869 1600 at
1897 1538 2069 1624 ucplauerit
2098 1552 2126 1601 st
2146 1561 2172 1600 ra

465 1661 576 1731 postea
593 1646 808 1730 penitenciam
832 1646 937 1730 sperit,
961 1641 997 1704 X
1004 1651 1015 1678 ⁰
1034 1640 1154 1704 rrrraasd
1173 1644 1343 1726 patrissare
1392 1641 1467 1705 diii
1489 1641 1652 1705 rirdicoutf
1679 1643 1747 1704 VII
1749 1668 1759 1722 ,·
1789 1643 1919 1727 quidom
1945 1644 2123 1724 Irrarsouius,

473 1763 526 1815 utff
552 1751 580 1813 V
599 1750 719 1814 orariosd
741 1753 909 1835 perri-'taath
957 1748 1056 1810 ltern:
1090 1747 1131 1811 Si
1155 1751 1226 1832 qrris
1244 1749 1430 1833 pertuderit
1452 1749 1619 1812 hereticum
1644 1752 1772 1812 arissam
1796 1775 1885 1812 samur
1909 1751 2066 1814 celebrare
2092 1753 2124 1814 in

472 1861 601 1922 ear-testa
626 1857 780 1921 catholica
804 1871 832 1919 et
855 1857 960 1932 ueseit,
992 1855 1077 1940 qmrd
1103 1855 1255 1920 hereticus
1278 1869 1331 1934 est,
1357 1869 1466 1939 prostes
1493 1856 1669 1941 iuthh'parrs
1694 1855 1760 1918 LX
1780 1856 1848 1919 dies
1865 1860 2007 1942 peniteat
2015 1866 2037 1920 θ.
2087 1856 2127 1920 b'i

465 1989 529 2050 pro
559 1967 739 2028 reverencia
770 1965 846 2041 eiras,
878 1987 994 2025 ursarum
1027 1987 1119 2024 sarran
1144 1964 1316 2046 pastuum.
1366 1960 1406 2024 Si
1427 1985 1491 2046 pra
1523 1962 1750 2047 dorrrpuucioas
1775 1965 1900 2026 ecclesie
1924 1965 2074 2028 catholice
2098 1979 2126 2028 ct

473 2072 705 2136 crrrtsuatudirris
721 2071 947 2148 Iiaatauarum,
965 2067 1169 2154 proiciaturh
1186 2070 1224 2130 ab
1242 2069 1372 2130 ecclesia
1388 2070 1469 2131 sirm
1484 2068 1646 2148 hereticus,
1672 2071 1739 2132 uisi
1759 2071 1871 2134 lrabeat
1879 2073 2093 2155 penitenciam
2100 2081 2122 2133 ⁰.
2145 2095 2171 2131 rs

475 2178 574 2255 tirsum
598 2181 631 2241 si
651 2179 804 2256 habri-erit,
835 2175 871 2238 X
891 2175 1011 2239 usurasd
1031 2177 1201 2260 paenitente
1250 2172 1291 2238 Si
1316 2177 1477 2238 recesserit
1503 2176 1542 2238 ab
1567 2177 1697 2239 arrolasiu
1721 2177 1875 2240 catholica
1899 2180 1932 2240 iu
1956 2202 2123 2264 orruprepa-

472 2288 590 2348 cionem
614 2284 818 2348 hereticorum
843 2297 870 2346 et
892 2283 975 2346 ulios
994 2283 1199 2367 persuaserit,
1230 2284 1263 2344 si
1276 2297 1388 2366 postea
1405 2284 1642 2367 paru'tearu'am⁰
1666 2286 1772 2368 aperit,
1796 2283 1873 2346 XII
1891 2283 2012 2347 aura-osd
2030 2287 2123 2369 peni-

472 2406 532 2455 taut
540 2400 563 2470 ⁰,
587 2390 650 2452 III
669 2405 757 2454 estro
780 2391 943 2453 ecclesium
967 2403 995 2451 at
1018 2388 1086 2450 VII
1105 2387 1203 2452 iuteri
1224 2388 1385 2452 arreiiautes
1409 2403 1437 2452 et
1459 2388 1502 2450 II
1520 2388 1645 2452 (ulliusk
1669 2404 1756 2452 aratra
1781 2393 2033 2454 commu-aionem..
2074 2390 2124 2454 De

472 2499 535 2561 biis
560 2501 604 2561 ita
631 2501 663 2560 in
686 2499 857 2560 canonibus
881 2496 1017 2559 dieitur:
1039 2494 1119 2557 XII.
1145 2519 1227 2558 ‹rrtrao
1252 2497 1496 2558 coatrusrrrtt'anem
1520 2499 1587 2559 siue
1611 2497 1770 2560 oblacione
1791 2500 1959 2582 percipiat.

579 2603 695 2666 Nonne
720 2602 910 2687 dignissime
935 2600 977 2664 ad
1001 2600 1156 2664 iudicium
1188 2623 1246 2686 pra
1271 2600 1393 2663 inmani
1423 2600 1575 2682 falsitate,
1607 2603 1684 2687 quia
1713 2625 1777 2665 non
1808 2603 1914 2665 minus
1945 2613 1994 2665 est
2025 2604 2123 2666 sacri·
2143 2627 2169 2666 so

470 2709 591 2794 legium
616 2709 725 2772 dicere
750 2731 868 2793 eorpus
892 2707 1023 2788 Christi,
1055 2706 1142 2792 quod
1173 2730 1236 2771 nan
1261 2719 1310 2770 est
1334 2730 1451 2793 carpus
1476 2707 1607 2790 Christi,
1639 2731 1736 2793 quam
1764 2731 1885 2793 negare
1910 2732 1981 2772 esse
2006 2731 2123 2794 carpus

472 2815 603 2896 Christi,
628 2815 716 2902 quad
731 2838 845 2879 verum
869 2825 917 2878 est
941 2837 1058 2900 corpus
1076 2813 1221 2878 Christi?
1257 2813 1372 2877 Nonne
1397 2815 1576 2878 rectissime
1600 2814 1643 2878 ad
1666 2815 1822 2880 iudicium
1847 2828 1979 2902 propt-er
2002 2815 2124 2902 duplex

472 2922 689 3008 sacrilegium,
715 2945 778 3009 quo
803 2943 931 2985 sacrum
956 2920 996 2984 de
1017 2943 1109 2983 sacro
1126 2920 1286 3001 auferunt,
1311 2920 1387 2984 dum
1411 2920 1579 2985 invisibili
1605 2933 1638 2985 et
1661 2921 1721 2985 sub
1737 2921 1859 2985 visibili
1882 2925 1992 3008 specie
2016 2945 2123 2986 sacra-

472 3031 572 3094 menti
602 3029 645 3092 ad
675 3028 811 3092 salutern
843 3027 939 3113 digne
972 3027 1166 3090 sumentium
1198 3029 1379 3091 assensium
1403 3029 1548 3113 eorporis
1573 3027 1692 3092 Christi
1725 3029 1848 3093 scelere
1872 3053 1928 3094 sue
1953 3030 2124 3094 divisionis

470 3138 541 3200 lieri
565 3161 630 3200 non
654 3135 788 3199 sinunt?
830 3134 978 3198 Redeunt
1002 3135 1100 3219 igitur
1124 3134 1165 3196 ad
1182 3134 1338 3197 unitatem
1356 3134 1492 3198 ecclesie
1511 3158 1583 3199 cum
1600 3135 1700 3220 digna
1716 3137 1932 3222 penitencia⁰,
1958 3148 1992 3199 ut
2016 3159 2124 3200 sacra·
2143 3161 2168 3199 ss

471 3255 580 3307 menta
604 3242 735 3324 Christi,
766 3263 828 3327 que
852 3241 932 3305 ioris
956 3239 1077 3304 habent
1101 3239 1143 3303 ad
1166 3241 1332 3322 iudicium,
1364 3241 1442 3304 fiant
1466 3242 1512 3304 eis
1537 3243 1623 3304 intus
1647 3242 1748 3322 utilia,
1779 3242 1930 3306 effectiva
1953 3244 1986 3306 in
2011 3265 2123 3306 conse-

472 3351 622 3414 cracione
647 3361 679 3413 ct
702 3348 846 3413 salubria
869 3348 922 3411 in¹
949 3348 1176 3433 percepcione.

578 3456 631 3520 Ad
655 3467 836 3520 extremum
861 3454 1022 3518 silendum
1052 3477 1116 3518 non
1140 3465 1199 3534 est,
1230 3454 1317 3540 quad
1348 3477 1459 3518 omnes
1491 3456 1666 3518 scismatici
1696 3456 1762 3518 iam
1792 3455 1868 3518 olim
1899 3457 1931 3519 in
1964 3455 2123 3520 similibus

472 3565 538 3627 suis
569 3563 842 3627 exeommunicati
873 3573 947 3624 sunt
977 3561 1116 3646 ideoque
1147 3561 1245 3646 duplo
1275 3562 1353 3624 foris
1384 3575 1466 3625 sunt.
1514 3561 1597 3625 Nam
1623 3563 1705 3626 sicut
1732 3562 1765 3624 in
1790 3562 1951 3626 chronicis
1975 3563 2122 3648 legimns,

472 3683 584 3734 sancte
614 3671 769 3734 memorie
801 3667 980 3753 Gregorius
1004 3667 1082 3748 VII,
1115 3668 1193 3730 vir¹¹¹
1224 3668 1430 3752 apostolicus,
1463 3669 1512 3731 sui
1542 3670 1697 3754 temporis
1728 3669 1937 3750 scismaticos,
1969 3669 2124 3734 videlicet
2144 3696 2169 3734 sa

472 3777 674 3840 Henricum¹²
698 3777 927 3861 imperatorem
952 3776 1134 3838 seniorem³
1158 3784 1189 3837 ct
1213 3773 1428 3850 Wicbertum,
1457 3775 1601 3838 Romane
1627 3775 1765 3838 ecclesie
1789 3775 1984 3857 invasorem,
2014 3787 2046 3839 et
2070 3799 2123 3841 eo-

472 3906 543 3946 rum
566 3883 708 3946 fautores
733 3881 1060 3945 excornmunieavirt.
1109 3880 1166 3944 Set
1194 3893 1225 3943 et
1249 3879 1401 3944 Urbanus
1425 3881 1468 3962 Π,
1500 3903 1670 3945 successor
1700 3883 1779 3963 cius,
1810 3881 1844 3944 id
1874 3883 1980 3968 ipsum
2012 3883 2122 3947 faetta

472 3989 616 4053 Pascalis
641 4011 770 4074 quoque
794 3988 836 4070 ll,
869 4010 1038 4051 successor
1061 3985 1197 4066 Urbani,
1230 4010 1328 4072 super
1354 3989 1512 4052 iuniorem
1537 3989 1739 4052 Henricunrn
1764 3999 1796 4052 et
1820 3989 1982 4074 quendam
2006 3989 2123 4054 Burdi-

472 4119 557 4178 num,
590 4118 686 4181 quem
716 4095 802 4158 idern
827 4095 1024 4174 Henricusn,
1056 4096 1139 4158 sicut
1167 4105 1259 4178 pater
1287 4096 1356 4157 eius
1381 4094 1595 4174 Wiebertum,
1627 4095 1805 4181 apostolice
1836 4095 1906 4159 sedi
1937 4098 2122 4179 intruserat,

473 4202 610 4266 eandem
635 4203 1012 4266 excommunicacionem
1036 4200 1239 4264 confirmavit
1264 4211 1295 4263 et
1320 4200 1380 4264 hoc
1405 4201 1500 4264 modo
1526 4200 1791 4265 determinaviti:
2143 4229 2170 4268 ss

579 4417 605 4482 a)
628 4420 704 4472 locus
723 4421 814 4470 iterum
832 4419 901 4478 aaut,
918 4428 975 4484 post
993 4419 1074 4468 dela.
1137 4419 1164 4481 h)
1187 4419 1245 4469 heis
1264 4437 1284 4468 c.
1340 4419 1365 4478 c)
1387 4427 1441 4483 past
1459 4421 1510 4468 ulia
1530 4437 1607 4468 amrru.
1626 4421 1707 4470 cleta
1764 4418 1792 4484 d)
1813 4428 1867 4472 aun
1886 4440 1905 4472 c.
1961 4421 1987 4484 e)
2009 4418 2123 4487 penite.

471 4505 553 4572 l')IV
573 4510 666 4559 dicant
685 4527 705 4559 a.
787 4505 816 4573 g)
831 4517 889 4573 post
907 4509 960 4558 alra
978 4525 1056 4557 ararat
1075 4516 1197 4557 inritatum
1216 4509 1244 4557 ia
1263 4514 1310 4557 aut
1329 4527 1349 4557 e.
1431 4507 1457 4568 h)
1479 4510 1584 4574 patu,
1602 4519 1658 4574 post
1675 4511 1724 4559 dcl.
1743 4528 1763 4560 c.
1846 4507 1865 4574 1)
1886 4512 2026 4561 interulis
2046 4530 2124 4562 rrmuu

468 4607 525 4664 past
542 4607 667 4648 mutatum
685 4598 712 4648 ia
732 4599 804 4647 intra
822 4615 842 4648 e.
927 4594 957 4658 k)
979 4597 1050 4646 aduc
1069 4597 1269 4661 superscriberuio
1288 4615 1350 4646 corr.
1372 4598 1458 4648 adhuc
1478 4617 1498 4648 c.
1583 4595 1601 4662 l)
1621 4617 1741 4663 srrprcrscr.
1761 4619 1780 4649 c.
1863 4596 1900 4662 nr)
1919 4601 2028 4665 aprutium
2048 4601 2125 4650 unius

471 4688 535 4738 vocis
552 4705 658 4738 uacuum
676 4686 777 4752 reliquit
795 4705 815 4736 e.
889 4683 918 4749 n)
939 4687 973 4734 H.
993 4703 1013 4735 c.

583 4883 610 4952 1)
636 4885 723 4941 Iatrrro
746 4906 768 4942 s.
793 4884 957 4961 Aequana
994 4885 1035 4956 cf.
1064 4884 1108 4940 lib.
1133 4885 1333 4941 sestertiorum
1359 4906 1416 4960 per
1438 4886 1541 4962 Prasp.
1566 4889 1658 4962 Aaou
1684 4891 1859 4945 collectarum
1891 4909 1913 4945 c.
1938 4890 1987 4958 15,
2020 4889 2123 4965 Prosp.
2144 4911 2171 4948 ra

474 4991 547 5068 Opp
573 4986 673 5066 (Paris
699 4987 805 5066 1711),
838 4994 888 5048 col.
913 4992 995 5061 545‚·
1030 4991 1138 5047 Burch.
1163 4991 1264 5061 XXX,
1292 4991 1351 5048 105
1361 5015 1370 5060 ;
1403 4991 1488 5050 Grat.
1514 4994 1600 5050 Dccr.
1629 4993 1659 5052 C.
1681 4997 1706 5064 1,
1733 5016 1759 5070 q.
1780 4998 1806 5065 l,
1832 5017 1854 5052 c.
1875 4997 1932 5064 tl;
1969 4995 2071 5053 Libelli
2099 4997 2123 5067 I,

473 5098 546 5169 428,
561 5099 589 5154 5.
684 5097 714 5166 2)
741 5098 858 5174 Legitur
880 5099 909 5154 iu
933 5097 1003 5156 libro
1021 5097 1225 5172 paertharich,
1250 5099 1298 5173 qui
1321 5099 1494 5173 Hieronymo
1516 5101 1601 5156 tribui
1622 5104 1697 5170 salet,
1725 5100 1797 5176 opp.
1824 5103 1876 5172 XI,
1903 5103 1984 5172 tls·
2015 5103 2122 5160 Burcb.

474 5205 560 5261 Decr.
585 5205 669 5275 XIX,
691 5205 751 5260 105
761 5227 771 5274 ,·
796 5205 865 5261 Aus.
890 5205 944 5274 XI,
965 5205 1025 5260 195
1036 5226 1045 5273 ,’
1070 5204 1119 5261 Iao
1142 5205 1229 5260 Decr.
1248 5205 1315 5274 XV,
1336 5206 1394 5261 117
1405 5227 1415 5274 ,·
1441 5205 1525 5262 (irat.
1547 5207 1634 5263 Decr.
1662 5207 1694 5265 C.
1713 5207 1763 5278 24,
1789 5229 1834 5283 qu.
1856 5210 1882 5278 l,
1908 5230 1931 5265 c.
1949 5211 2001 5279 41,
2021 5211 2125 5286 paucis

472 5312 593 5368 raritatis.
664 5310 694 5382 3)
720 5312 754 5367 A.
775 5311 869 5368 loto.
890 5310 982 5367 1080,
1054 5311 1084 5380 4)
1109 5312 1143 5368 A.
1164 5311 1257 5367 late.
1279 5310 1371 5368 1080.
1442 5313 1472 5381 5)
1498 5315 1533 5369 Α.
1555 5313 1647 5370 loss.
1719 5315 1749 5382 6)
1769 5314 1816 5386 Cf.
1834 5315 1936 5371 bullam
1958 5316 2068 5373 Urbani
2083 5317 2123 5373 II.

467 5437 568 5492 papae
590 5438 619 5473 a.
641 5417 733 5474 1089.
752 5419 823 5492 Apr.
846 5419 882 5472 18
909 5414 992 5495 (Regi.
1010 5439 1037 5475 u.
1058 5414 1155 5492 5394)
1180 5419 1285 5487 dataro,
1311 5438 1394 5493 quam
1412 5439 1447 5475 ecs
1463 5419 1556 5475 codice
1574 5419 1703 5476 Udabici
1717 5421 1853 5491 sauma,
1871 5423 1948 5480 cuius
1965 5424 2125 5480 colhrbbues
2143 5445 2170 5482 ra

473 5523 500 5579 in
525 5524 641 5580 archiva
664 5525 802 5581 societatis
826 5533 940 5581 nostrae
963 5533 1092 5581 sarnatus
1116 5524 1178 5580 luris
1202 5525 1315 5580 editioni
1342 5524 1526 5595 adhibuimus,
1559 5526 1612 5582 Ph.
1637 5526 1725 5599 Jaffe'
1749 5523 1834 5600 (Bibl.
1856 5529 1886 5599 V,
1908 5527 1991 5604 153),
2026 5530 2126 5587 Mer-usi

473 5625 556 5704 (Coti.
581 5630 649 5700 XX,
668 5627 753 5704 719),
781 5631 879 5707 Μὶφιε
903 5626 1026 5704 (Patrai.
1051 5633 1099 5686 lat.
1121 5631 1191 5700 151,
1218 5633 1267 5688 cot.
1287 5627 1372 5706 299),
1398 5631 1448 5686 atii
1470 5632 1542 5705 typis
1566 5633 1711 5689 dederuut.
1753 5633 1850 5690 Utruru
1875 5644 2013 5692 tractatus
2036 5637 2126 5693 uestri

472 5745 571 5793 auctor
593 5737 702 5794 Urbani
724 5737 825 5793 bullam
844 5757 901 5811 per
925 5757 1048 5793 errarem
1067 5737 1202 5792 Pasclzuli
1224 5737 1359 5806 tribuerit,
1384 5757 1422 5794 aa
1447 5738 1490 5793 hic
1501 5740 1731 5812 praedecessoris
1753 5729 1917 5798 scatentium
1938 5743 2125 5800 caesarasuni-
