4386 6390
332 367 533 424 DIALOGUS
557 368 609 422 DE
634 365 901 424 PONTIFICATU
926 362 1102 420 SANCTAE
1127 353 1324 422 ROMANAE
1348 366 1571 422 ECCLESIAE.
1712 361 1776 423 545

132 554 169 618 de
192 555 339 619 Romano
368 555 514 641 imperio,
544 557 600 640 qui
628 577 662 618 se
689 577 793 641 usque
824 553 931 618 adhuc
962 578 1020 640 pro
1048 553 1143 618 domo
1168 554 1301 618 Domini
1332 578 1458 618 murum
1488 553 1777 641 inexpugnabilem
1795 579 1910 628 naias.

131 661 306 747 obponunt,
336 672 368 725 te
400 677 557 748 tamquam
588 664 811 727 inobedientem
835 678 862 727 et
885 678 1091 726 contumacem
1121 662 1315 743 invasorem,
1344 666 1549 748 apostaticum
1573 677 1601 726 et
1622 665 1776 726 alaman·-

130 794 197 832 cnm
229 769 420 833 auctoritate
444 768 509 832 Dei
541 779 572 832 et
603 767 770 833 beatorum
802 768 1020 853 apostolorum
1043 769 1133 832 Petri
1164 778 1196 832 et
1224 768 1319 832 Pauli
1350 791 1424 832 cum
1455 767 1603 832 omnibus
1635 770 1697 832 tuis
1729 790 1776 832 se-

130 874 288 961 quacibus
319 877 442 940 ainardo
466 877 672 940 anathematio
703 875 910 960 astringimus
934 890 962 940 et
984 901 1053 939 cum
1077 890 1201 940 auctore
1231 885 1285 940 tuo
1317 875 1443 940 diabolo
1474 876 1507 938 in
1532 885 1677 938 eternum
1702 897 1776 939 con-

99 1006 111 1046 s
129 982 320 1046 damnamus
332 987 352 1045 ¹.

237 1089 404 1153 Hactenus
428 1088 581 1153 adhibitis
604 1091 772 1175 utriusque
797 1089 967 1173 litigatoris
992 1087 1249 1173 allegationibus,
1280 1099 1407 1174 tempus
1438 1098 1470 1153 et
1498 1088 1588 1152 locus
1620 1089 1776 1174 exigeret,

129 1207 164 1259 ut
199 1195 299 1260 iudex
334 1219 392 1281 pro
427 1196 608 1260 dirimenda
642 1195 697 1260 lite
732 1205 841 1281 partes
880 1217 954 1258 suas
994 1196 1214 1280 interponeret
1253 1195 1481 1277 examinando,
1521 1205 1629 1281 partes
1669 1196 1777 1281 sepius

129 1302 371 1387 interroganda,
407 1313 520 1388 postea
549 1302 806 1388 pronuncianda.
861 1301 928 1366 Sed
962 1301 1015 1365 hic
1039 1301 1160 1366 'modus
1193 1302 1234 1366 ad
1266 1302 1441 1366 humanum
1473 1312 1598 1388 spectat
1629 1325 1777 1384 examen,

130 1408 217 1494 quad
248 1409 316 1472 salli
340 1420 454 1494 potest.
502 1409 620 1472 Noster
650 1409 759 1490 iudex,
792 1419 989 1473 secretorum
1014 1409 1170 1493 cognitor,
1195 1408 1340 1472 cordium
1365 1419 1534 1491 scrutator,
1563 1409 1777 1472 conscientias

87 1541 111 1578 ro
128 1517 319 1600 interrogat,
344 1526 376 1579 et
398 1515 497 1579 multo
521 1517 626 1580 minus
652 1539 748 1601 quam
772 1527 919 1580 terrenus
943 1515 1043 1578 iudex
1074 1539 1137 1579 non
1169 1515 1210 1578 ad
1241 1527 1362 1579 certam
1393 1514 1594 1601 probationis
1625 1517 1776 1601 speciem,

129 1622 189 1686 sed
213 1645 255 1686 ex
279 1624 439 1686 sententia
463 1624 561 1686 animi
585 1624 634 1686 sui
658 1623 818 1708 alligatur,
844 1621 922 1708 quid
938 1633 994 1686 aut
1010 1621 1131 1704 credat,
1149 1632 1204 1685 aut
1218 1645 1333 1708 parum
1351 1621 1412 1684 sibi
1429 1620 1600 1707 probatum
1618 1623 1777 1708 opinetur.

129 1729 254 1792 Verum
288 1731 431 1814 peccatis
465 1731 583 1792 nostris
620 1728 826 1814 exigentibus
861 1729 1001 1792 donnire
1036 1731 1099 1793 iam
1133 1738 1273 1814 putatur,
1305 1739 1337 1793 et
1367 1729 1545 1792 dormiente
1576 1729 1652 1792 Iesu
1688 1749 1777 1792 mare
1797 1726 1894 1819 ffiob

128 1833 288 1918 turbatur,
318 1835 470 1899 navicula
501 1835 638 1922 ecclesie
668 1835 813 1899 fluctuat.
865 1835 995 1899 Dormit
1025 1858 1102 1900 vero
1134 1837 1213 1922 ipse,
1244 1858 1286 1899 ne
1316 1858 1374 1899 nos
1406 1835 1617 1919 dormiamus3
1650 1834 1777 1916 dormit,

129 1953 166 2005 ut
188 1964 248 2005 nos
272 1943 389 2005 intuitu
412 1940 586 2028 periculosi
611 1941 772 2027 naufragii
796 1941 838 2005 ad
863 1942 1035 2006 clamorem
1060 1943 1248 2006 excitemur.
1288 1942 1436 2028 Eamque
1454 1944 1656 2022 sententiam,
1681 1964 1778 2027 quam

84 2072 109 2111 rs
129 2047 172 2111 ab
204 2060 315 2136 eterno
351 2071 449 2134 super
478 2049 540 2112 hac
570 2071 604 2112 re
639 2049 673 2112 in
707 2047 790 2111 libro
825 2049 1020 2134 prescientia
1056 2050 1263 2134 conscripsit,
1298 2048 1341 2112 ad
1375 2059 1517 2112 nostram
1553 2047 1776 2134 probationem

129 2155 237 2219 adhuc
269 2179 289 2218 a
319 2157 500 2240 cognitione
537 2156 703 2219 hominum
739 2154 918 2219 abscondit.
966 2156 1115 2220 *Dormit
1149 2157 1234 2242 ipse,
1267 2155 1430 2219 dormiunt
1460 2167 1491 2218 at
1521 2154 1686 2240 discipuli,
1721 2153 1779 2218 sed
1799 2179 1888 2219 *arsa

128 2261 226 2326 valde
250 2262 372 2348 dispari
396 2264 530 2326 ratione.
574 2264 664 2327 Venit
692 2265 824 2327 iterum⁸
848 2263 893 2327 ad
915 2264 1090 2349 discipulos
1112 2288 1184 2327 suos
1208 2279 1235 2328 et
1258 2266 1377 2328 incenit
1399 2287 1449 2327 eos
1473 2264 1669 2344 dor-inientes,
1692 2277 1781 2327 eraut
1799 2286 1956 2334 usitatam.

129 2373 212 2434 ettam
244 2371 331 2434 occdi
358 2395 463 2434 eorum
491 2373 626 2456 pracati.
675 2369 804 2450 Nescia,
830 2391 927 2455 quam
952 2368 1084 2432 obrem
1115 2369 1231 2455 prelati
1263 2368 1417 2458 ecclesie,
1447 2370 1502 2454 qui
1532 2367 1639 2432 locrim
1669 2379 1780 2432 tenent

130 2474 372 2562 discipulorum,
397 2498 512 2560 sopore
538 2476 801 2540 dissimulationis
826 2485 977 2540 tenentur
1000 2487 1032 2539 ct
1055 2475 1229 2539 dormitant
1251 2477 1284 2539 in
1308 2476 1369 2539 hoc
1394 2477 1529 2560 negocio
1554 2497 1592 2539 ac
1608 2474 1706 2557 velut,
1724 2476 1780 2560 qui

83 2607 111 2645 sn
130 2582 312 2667 litargiann
336 2583 466 2669 patitur,
490 2603 573 2667 pene
597 2605 658 2645 nec
683 2606 775 2646 suum
799 2605 905 2668 neque
930 2605 1059 2646 suorum
1077 2581 1253 2646 adtendere
1270 2582 1449 2669 periculum
1466 2594 1590 2646 aurant.
1629 2581 1780 2645 Forsitan

131 2689 173 2753 ad
204 2688 466 2753 contundendam
497 2688 683 2774 superbiam
713 2689 911 2775 aliquorum,
944 2688 984 2752 de
1016 2688 1133 2774 quibus
1164 2689 1339 2774 propbeta:
1371 2690 1466 2770 Dies,
1497 2689 1615 2774 inquit,
1648 2689 1784 2754 Domini
1800 2713 1881 2762 nas,
1891 2714 1924 2752 12.

131 2800 320 2860 exercituum
344 2821 437 2882 super
462 2820 578 2860 omnem
603 2798 769 2882 superbam
793 2812 822 2860 at
844 2798 994 2860 succisum
1020 2811 1048 2860 et
1073 2821 1168 2883 supm
1199 2821 1317 2861 amntem
1347 2812 1545 2884 arrogantem
1575 2811 1603 2860 et
1631 2797 1779 2861 bismilie-

130 2905 223 2967 bitur.
271 2901 315 2966 Et
344 2901 438 2965 alibi:
469 2902 533 2966 Pro
565 2928 598 2966 eo
629 2903 715 2987 quod
744 2904 857 2986 elevate
887 2918 958 2967 satit
973 2905 1047 2990 fllia
1073 2903 1156 2989 Spon
1182 2919 1209 2967 ct
1231 2905 1469 2968 ambulaverunt
1498 2918 1613 2968 autento
1645 2904 1724 2966 collo
1754 2918 1782 2967 et
1800 2927 1944 2978 n.s,1a.n.

130 3011 257 3073 nutibus
279 3011 438 3073 oculorum
463 3013 550 3074 ibant
572 3025 600 3073 et
622 3010 829 3095 plaudebant,
860 3011 1063 3074 anibulabant
1091 3025 1119 3074 et
1142 3011 1280 3096 pedibus
1310 3014 1377 3074 suis
1407 3013 1574 3096 composita
1599 3010 1705 3096 ‚arada
1733 3013 1780 3074 ia-

85 3115 292 3195 mandebant,
323 3116 499 3180 decalcabit
528 3117 684 3180 Dominus
714 3119 856 3180 'corticem
880 3118 1029 3202 filiarum
1061 3115 1160 3200 Spon,
1192 3131 1218 3179 et
1249 3119 1365 3180 crinem
1396 3141 1502 3180 aarum
1533 3117 1673 3180 nudabit.
1728 3115 1780 3179 Do

131 3220 250 3306 quibus
274 3221 443 3307 loquimur,
468 3223 567 3285 scitis.
592 3222 650 3285 'Et
673 3221 754 3286 tales
779 3233 853 3285 sunt
875 3221 931 3302 illi,
957 3221 1068 3307 quales
1092 3221 1193 3302 fuere,
1218 3244 1298 3307 quos
1318 3231 1409 3285 notat
1426 3221 1578 3286 Sidonius
1593 3223 1627 3285 in
1645 3221 1781 3307 epistola

131 3333 212 3392 sua²
235 3327 364 3392 dicens:
395 3329 458 3392 Illi
479 3332 591 3416 paneri
618 3331 777 3393 batttiuum
808 3331 892 3394 nibil
921 3329 1079 3408 ordin-um,
1109 3331 1194 3393 ntltt
1222 3344 1392 3415 temporum
1423 3330 1516 3394 cordi
1543 3343 1594 3393 est.
1642 3328 1682 3392 In
1698 3330 1780 3416 foro

132 3433 248 3518 Scitbp,
272 3438 306 3499 in
330 3437 471 3500 cubiculo
496 3439 612 3524 supere,
644 3440 677 3500 iu
701 3438 914 3500 eaaatt‘onibus
937 3439 1040 3523 arpia,
1072 3439 1106 3499 in
1130 3437 1386 3500 collocutionibus
1415 3451 1523 3520 statue,
1554 3439 1587 3499 in
1612 3438 1779 3520 questioni-

132 3543 188 3606 bus
211 3543 315 3628 bestia,
346 3545 380 3606 in
404 3545 611 3606 contractibus
638 3546 795 3629 trapezita,
822 3544 867 3606 ad
896 3543 1131 3628 iutellipendum
1162 3545 1261 3622 sauci,
1288 3542 1334 3606 ad
1363 3542 1570 3606 iudicandum
1602 3544 1710 3628 liqnei,
1737 3542 1782 3605 ad

87 3673 113 3710 so
130 3648 378 3712 succendendum
394 3650 549 3734 flammei,
581 3649 625 3712 ad
654 3649 874 3735 innasceudum
891 3651 1011 3737 ferrei,
1040 3649 1084 3713 ad
1099 3649 1285 3736 fallendum
1318 3651 1436 3734 cobios,
1464 3649 1509 3712 ad
1537 3648 1779 3734 superbiendum

131 3757 227 3834 taturi,
251 3755 296 3818 ad
318 3756 555 3819 consumendum
580 3758 761 3820 minotauri.
809 3754 861 3817 De
886 3741 1005 3834 cetero,
1037 3755 1202 3818 carissime
1234 3756 1421 3836 amicorum,
1452 3755 1579 3818 noverit
1607 3753 1780 3839 prudentia

130 3872 248 3942 vestra,
279 3871 430 3947 proptere
455 3861 513 3924 has
538 3871 569 3923 et
593 3860 673 3924 alias
698 3860 923 3924 dissidentium
950 3861 1034 3950 inter
1064 3884 1099 3924 se
1130 3862 1300 3942 rationum,
1331 3900 1375 3908 -
1405 3859 1485 3946 quas
1515 3861 1589 3925 ideo
1620 3861 1778 3941 succinxi,

131 3990 171 4030 ne
203 3965 326 4031 cartula
356 3969 390 4030 in
420 3966 563 4032 libellum
593 3968 811 4052 porrigeretur
841 4007 884 4014 -
917 3969 1106 4042 variantes,
1137 3966 1324 4032 *nonnullos
1355 3989 1436 4049 esse,
1468 3968 1523 4052 qui
1554 3989 1612 4052 pro
1642 3978 1777 4052 utraque
1797 3992 1881 4033 unas.

130 4083 222 4158 parte
246 4096 436 4159 suspensam
460 4074 566 4138 adhuc
590 4084 722 4138 teneant
745 4075 947 4138 sententiam.
984 4073 1050 4138 Sed
1074 4084 1105 4137 et
1128 4096 1186 4159 pro
1203 4074 1252 4137 his
1269 4095 1394 4155 vereor,
1419 4072 1681 4159 aequandaque,
1705 4095 1778 4158 pro·

88 4203 113 4243 ss
131 4179 213 4244 cella
236 4181 299 4244 ista
317 4189 436 4244 statuta
459 4182 493 4244 in
509 4181 652 4262 summi,
678 4181 818 4246 audituri
840 4182 904 4245 sint
926 4182 1159 4266 improperium
1175 4180 1416 4267 euangelicum:
1438 4181 1503 4258 Qui
1515 4205 1576 4244 non
1592 4195 1636 4244 est
1650 4205 1778 4260 meatum,
1797 4207 1956 4257 nasaniam.

131 4302 238 4351 contra
261 4313 308 4352 me
331 4303 375 4352 eat
397 4303 425 4352 et
447 4291 506 4373 qui
525 4314 587 4352 non
610 4289 732 4374 collinit
754 4297 902 4368 mecum0,
927 4289 1082 4375 disperpit
1105 4297 1136 4350 et
1160 4287 1254 4350 illud:
1283 4287 1355 4352 Non
1379 4287 1565 4351 ascendistis
1587 4311 1625 4350 ea
1646 4287 1778 4350 aduerso
1797 4313 1948 4362 naenias.

131 4408 159 4457 et
184 4418 244 4457 non
274 4395 461 4481 obposuistis
491 4419 544 4458 aas
574 4420 695 4458 antarum
721 4419 786 4480 pro
819 4395 909 4458 domo
933 4394 1046 4474 Israel,
1077 4409 1110 4458 at
1138 4397 1262 4458 staretis
1292 4398 1326 4458 iu
1353 4396 1457 4480 prelio
1488 4396 1522 4457 ia
1552 4394 1604 4458 dic
1635 4393 1776 4457 Domini.

131 4499 227 4563 ltem:
256 4500 403 4564 Callidus
427 4501 509 4565 uidit
530 4502 648 4564 malum
672 4515 700 4564 et
722 4501 946 4564 absconditae.
983 4500 1082 4563 Item:
1107 4501 1181 4564 Non
1204 4504 1383 4587 apuoscitur
1406 4503 1440 4564 in
1458 4503 1625 4586 prosperis
1647 4502 1778 4579 amicus,
1797 4501 1867 4594 {¹021}
1873 4501 1909 4603 {²33
1915 4500 1938 4592 ζ’.

238 4751 264 4815 a)
285 4755 375 4818 inquit
392 4771 412 4803 c.
495 4751 523 4812 b)
546 4753 673 4818 litargum
691 4771 712 4804 e.
792 4751 817 4815 c)
838 4769 875 4818 pp
894 4772 914 4803 a.
994 4751 1022 4815 d)
1044 4759 1147 4804 statrtta
1164 4763 1309 4818 comupmm
1327 4770 1375 4803 esse
1389 4762 1461 4818 puto,
1480 4751 1523 4802 sed
1540 4751 1705 4802 conlaturam
1720 4769 1779 4816 pro-

85 4853 114 4890 sa
131 4841 233 4892 babilam
251 4859 301 4891 ama
320 4842 411 4892 innati.
449 4843 556 4892 Mutata
574 4843 647 4903 caim,
671 4842 737 4908 quad
754 4842 789 4892 ad
806 4843 953 4892 cernentium
970 4843 1061 4907 optione
1079 4843 1221 4908 quadraret,
1245 4843 1286 4892 uic
1304 4843 1332 4892 in
1350 4848 1453 4892 statuta
1471 4841 1565 4890 mutati
1580 4841 1690 4905 potuisse
1708 4839 1779 4890 creda

132 4947 208 4995 tuque
226 4948 281 4980 nero
300 4931 403 4990 sedata,
423 4932 467 4980 etsi
487 4932 564 4981 testati
583 4931 675 4982 audito
693 4932 777 4981 atinus
794 4941 925 4997 repugnat,
941 4931 1048 4996 probare
1063 4948 1133 4996 posse
1152 4931 1257 4981 uidetur.
1331 4929 1356 4992 e)
1379 4949 1411 4980 m.
1431 4949 1451 4980 c.

241 5155 270 5244 1)
297 5162 345 5236 Of.
371 5165 448 5239 epist.
474 5165 554 5221 Alea.
581 5167 726 5222 laudatam
751 5186 784 5240 p.
811 5165 887 5219 241:
921 5173 1140 5234 commonentes,
1165 5173 1196 5220 ut
1220 5167 1292 5220 sicut
1315 5167 1368 5220 viri
1391 5165 1521 5220 catholici
1544 5181 1593 5218 vos
1620 5181 1670 5234 pro
1699 5165 1779 5218 domo

135 5273 245 5328 Domini
273 5289 365 5326 muros
394 5273 629 5344 inexpugnabiles
653 5273 802 5344 opponatis
833 5281 859 5328 et
880 5272 983 5343 infra:
1012 5289 1062 5326 nos
1086 5291 1171 5344 supra
1194 5274 1363 5328 nominatum
1389 5272 1574 5327 Octavianum
1596 5271 1780 5341 apostolicum

135 5387 164 5435 et.
188 5380 374 5434 scismaticum
398 5409 442 5416 -
465 5387 599 5450 tanquam
622 5381 834 5435 inobedientem
860 5385 888 5434 et
913 5387 1105 5434 contumacem
1129 5409 1171 5417 —
1193 5380 1303 5434 vinculo
1327 5379 1514 5434 anathematis
1539 5384 1568 5432 et
1593 5378 1778 5433 excommuni-

88 5501 116 5539 ts
134 5487 252 5541 cationis
275 5487 463 5540 astrinximus.
556 5476 585 5563 2)
610 5485 733 5560 Apollin.
758 5484 857 5542 Sidon.
883 5485 975 5560 Epist.
1001 5487 1018 5540 l.
1040 5486 1070 5555 V,
1090 5487 1118 5555 7,
1143 5482 1208 5557 §a
1234 5486 1275 5540 ed.
1302 5484 1483 5558 Luetjobann
1507 5477 1600 5558 (Aust.
1621 5491 1680 5538 ant.
1696 5477 1779 5556 VIII)

130 5612 162 5666 p.
189 5590 239 5648 82.

206 5729 305 5782 Libelli
325 5730 358 5780 de
379 5730 434 5782 lits.
467 5732 521 5782 111.
1533 5729 1566 5777 69
