4568 6428
467 395 660 452 EPISTOLA
683 397 736 451 DE
759 395 939 451 VITANDA
962 395 1076 451 MISSA
1099 394 1380 452 UXORA'I'ORUM
1404 393 1681 451 SAOERDOTUM.
1861 389 1898 450 ll

248 599 374 671 paretur.
425 583 503 648 Cum
526 585 683 648 entraneis
699 585 810 668 potius
832 584 1036 646 convivamur
1058 596 1086 646 et
1108 606 1177 646 cum
1194 583 1346 668 peponis,
1361 606 1468 667 ·quam
1492 605 1561 644 cum
1584 583 1640 660 eis,
1664 583 1723 668 qui
1742 582 1902 645 nobiseum

251 698 376 769 ercnt⁸,
399 692 431 754 si
452 689 627 754 viderimus
650 712 701 753 ecs
723 688 805 752 male
829 691 944 766 vivere,
968 701 1000 752 ut
1023 689 1203 752 erubescam
1225 703 1253 752 et
1275 684 1545 775 confundanturl'.
1583 686 1645 750 His
1661 687 1771 773 itaque
1787 686 1901 772 positis

251 797 369 860 iterum
399 806 496 880 atque
528 795 645 858 iterum
676 791 857 857 iaculamur
886 793 1021 878 sagittas
1051 793 1192 879 potentis
1222 802 1334 856 acutas
1366 815 1439 856 cum
1471 791 1667 857 carbonibus
1698 792 1901 856 desolatoriis

252 912 366 966 contra
388 899 611 965 fraudulentos
635 899 842 963 insidiatores
866 900 1024 963 eastitatis
1052 909 1084 962 et
1113 898 1304 985 versipelles
1334 897 1522 962 defensores
1546 898 1753 963 exserendae
1779 898 1901 984 inpuri-

218 1009 338 1072 statis.
375 1006 496 1071 Paulus
513 1005 678 1092 apostolus
701 1007 747 1069 ita
770 1003 883 1069 scribit
906 1004 949 1068 ad
971 1005 1150 1069 Romanos:
1175 1005 1264 1091 Bcpc
1287 1029 1341 1069 vcs
1357 1007 1494 1092 fratres,
1518 1020 1551 1070 ut
1574 1007 1739 1070 observetis
1761 1030 1822 1085 ecs,
1846 1007 1905 1091 qui
1919 1029 2069 1079 aenaea.

252 1115 463 1180 dissensiones
486 1128 514 1179 et
537 1112 729 1200 offendicula
745 1126 856 1198 preter
879 1112 1066 1192 doctrinam,
1089 1136 1183 1197 quam
1207 1136 1260 1175 vcs
1284 1111 1456 1190 didicistis,
1479 1113 1614 1199 faciunt
1636 1126 1664 1176 et
1687 1111 1838 1176 declinate
1861 1113 1901 1176 ab

253 1222 331 1285 illis.
378 1218 575 1283 Huiusmodi
605 1219 692 1282 enim
723 1216 853 1281 Christo
884 1217 1014 1281 domino
1045 1227 1155 1281 nostro
1185 1239 1250 1280 ncn
1280 1217 1436 1297 serviunt,
1468 1216 1527 1280 sed
1556 1239 1614 1281 suc
1645 1217 1751 1280 ventri
1781 1226 1814 1280 et
1844 1240 1903 1302 per

252 1325 366 1390 dulces
390 1347 555 1390 sermones
580 1335 612 1389 et
634 1322 879 1388 benedictiones
911 1323 1070 1387 seducunt
1100 1321 1200 1387 corda
1223 1323 1453 1387 innocentium.
1505 1322 1686 1387 leronimus
1720 1323 1755 1386 in
1778 1321 1902 1409 psalmo

253 1430 291 1496 O.
317 1454 415 1517 super
443 1431 530 1495 hunc
561 1434 730 1495 versum1:
768 1430 842 1495 Non
864 1431 1082 1518 proponebam
1112 1444 1181 1495 ante
1211 1431 1316 1494 oculos
1345 1453 1428 1494 meos
1458 1454 1523 1494 rem
1554 1433 1718 1510 iniustam,
1741 1431 1903 1517 facientes
1922 1454 2043 1501 rascas

204 1562 232 1599 io
245 1542 521 1626 prevaricationes
544 1537 643 1602 odivi
690 1535 764 1602 Sive
786 1551 884 1623 pater
905 1562 991 1600 meus
1013 1539 1079 1600 sive
1102 1550 1200 1600 mater
1222 1561 1291 1599 mea
1320 1538 1386 1600 sice
1402 1537 1515 1623 frater
1537 1561 1622 1600 meses
1648 1550 1704 1600 cut
1724 1559 1815 1600 soror
1837 1537 1903 1600 sive

252 1648 385 1718 amicus,
409 1659 510 1709 tamen
532 1647 565 1708 si
586 1644 773 1708 declinasset
794 1669 814 1706 c
838 1645 948 1708 umore
963 1643 1108 1722 Domini,
1131 1642 1212 1706 banc
1236 1641 1309 1706 odio
1325 1641 1475 1706 babebcm
1491 1655 1519 1706 et
1534 1643 1659 1706 omnino
1683 1642 1728 1707 ad
1750 1666 1818 1706 eum
1841 1664 1902 1704 non

252 1751 451 1831 accedebam,
482 1774 543 1814 non
573 1764 643 1814 aute
666 1751 903 1836 proponebcm⁰
931 1751 1204 1836 propinquitatem
1234 1762 1290 1812 cut
1317 1750 1497 1812 amiciciam
1521 1750 1642 1834 pietati
1667 1746 1765 1812 Deid.
1819 1746 1903 1810 Item

253 1879 352 1943 super
382 1857 467 1920 hunc
497 1878 645 1919 versum:
676 1855 750 1919 Non
781 1855 905 1920 adhesit
932 1855 1016 1919 mibi
1035 1877 1089 1918 ccr
1105 1878 1256 1940 pravum,
1288 1854 1494 1918 declinantem
1517 1880 1537 1919 a
1559 1878 1607 1918 me
1637 1855 1811 1942 malipnum
1840 1877 1902 1917 ncn
1919 1878 1981 1920 ms.

253 1965 480 2050 ccpncscebcm.
528 1963 598 2026 Hoc
622 1977 674 2041 est,
704 1965 737 2026 si
764 1976 833 2026 erat
854 1962 937 2026 mibi
963 1964 1084 2026 amictas
1107 1975 1162 2025 aut
1176 1963 1357 2046 proximus,
1387 1963 1452 2024 sive
1483 1963 1646 2047 episcopus
1673 1975 1729 2025 aut
1743 1962 1903 2046 presbiter

206 2091 234 2131 m
253 2072 319 2135 sive
343 2072 377 2134 in
401 2094 584 2155 qrracunque
607 2068 759 2156 dapnitate
782 2069 972 2147 comitatus,
996 2082 1097 2133 tamen
1120 2069 1153 2130 si
1166 2067 1366 2152 pervertebat
1386 2069 1457 2131 vias
1472 2091 1556 2146 suas,
1579 2070 1625 2132 sic
1641 2091 1709 2132 eum
1725 2068 1902 2155 fnqiebam,

254 2191 289 2241 ut
303 2179 432 2262 penitus
455 2178 523 2240 eius
546 2177 729 2238 memoriam
752 2197 813 2237 non
830 2175 986 2260 facerem.

362 2279 429 2346 Sed
452 2281 517 2344 iam
540 2280 695 2344 visacum
718 2277 831 2342 demus
856 2278 1012 2365 epistolae
1036 2289 1165 2342 nostrae
1196 2300 1239 2342 cx
1268 2280 1339 2365 ipsc
1362 2279 1525 2343 leronimo
1555 2279 1601 2350 sic
1632 2277 1675 2343 ad
1698 2277 1904 2343 Iheruchiam

255 2388 297 2452 de
320 2388 525 2472 monogamia
549 2383 750 2449 scribentes:
774 2385 961 2450 Patricrcbe
983 2409 1045 2449 non
1058 2386 1211 2473 *stapulas
1233 2409 1356 2465 mares,
1386 2388 1480 2450 immo
1504 2400 1533 2450 et
1554 2387 1742 2450 cmwubincs
1769 2386 1904 2450 babuere

248 2497 413 2582 plurimas
436 2508 472 2574 et,
495 2517 534 2557 ne
549 2494 605 2557 boc
620 2516 741 2578 param
764 2493 815 2571 sit,
839 2490 953 2556 David
973 2493 1098 2572 multas,
1122 2491 1270 2556 Salomon
1292 2493 1545 2557 innumerabiles.
1585 2491 1686 2556 Iudas
1701 2492 1747 2556 ad
1765 2491 1905 2555 Tbamar
1923 2517 2047 2560 aeneas.

208 2625 236 2663 sc
255 2601 366 2688 ‘quasi
392 2600 437 2665 cd
465 2615 599 2664 scortum
634 2598 813 2686 ingreditur
842 2612 871 2662 et
899 2600 988 2662 inacta
1023 2597 1208 2662 cecideruem
1245 2599 1381 2662 litteram
1414 2597 1490 2662 Osee
1516 2598 1674 2685 propbeta
1708 2622 1770 2662 non
1804 2599 1903 2661 solum
1922 2604 2001 2698 bill
2012 2659 2022 2698 ¹

255 2710 423 2787 meretrici,
446 2707 504 2771 sed
524 2705 686 2770 adulterae
702 2705 876 2790 copulatur.
916 2703 1040 2781 Quodsi
1059 2706 1166 2768 vobis⁰
1187 2706 1257 2768 iure
1273 2706 1470 2769 conceditur:
1492 2704 1719 2769 adhinniamus
1741 2703 1787 2768 ad
1801 2728 1905 2768 cosroes

248 2816 396 2902 feminas
419 2828 447 2878 et
470 2815 503 2876 in
526 2812 700 2897 eoeemplnm
717 2809 850 2874 Scdcme
866 2824 895 2874 et
911 2809 1064 2875 Gomorra
1080 2808 1126 2874 cd
1146 2810 1290 2874 ultimam
1314 2807 1432 2890 diens,
1457 2809 1727 2896 deprehendamur
1742 2811 1905 2875 vendentes

257 2935 285 2984 et
307 2934 446 2999 martes,
476 2920 620 2982 nubentes
650 2931 678 2981 et
706 2925 858 3002 nuptum8
884 2916 1049 2996 tradentes,
1080 2931 1108 2981 et
1136 2931 1207 2981 tunc
1236 2919 1279 2980 sit
1300 2918 1382 3003 finis
1411 2919 1567 3004 ccninpii,
1598 2916 1724 3002 quando
1754 2919 1905 2981 terminus

257 3028 347 3090 vitae.
391 3025 513 3102 Quodsi
526 3037 603 3110 post
625 3023 782 3086 dilnvium
806 3035 834 3086 et
855 3037 925 3086 ante
949 3021 1106 3087 diluvium
1129 3025 1231 3110 vipnit
1252 3023 1313 3087 illc
1334 3026 1504 3088 renuntia:
1527 3021 1676 3088 ‘Crescite
1700 3036 1728 3088 et
1749 3023 1903 3109 multipli-
1923 3043 1980 3084 eon.
1988 3043 2008 3090 s,
2018 3043 2037 3080 1.

209 3155 237 3194 es
256 3134 377 3196 camini
398 3145 426 3195 et
447 3131 561 3217 replete
576 3129 713 3208 terram’,
738 3127 819 3214 quid
832 3127 878 3192 ad
891 3153 956 3208 nos,
981 3113 1108 3213 inques
1122 3130 1207 3215 fines
1221 3129 1397 3194 seculorum
1413 3129 1608 3209 deverterunt,
1632 3131 1746 3214 quibus
1768 3129 1904 3194 dicitnr:
1922 3146 2072 3196 accense.

257 3238 407 3324 ‘Tempus
429 3239 519 3302 breve
548 3250 592 3300 est
621 3249 650 3299 et
678 3237 743 3298 iam
766 3236 885 3298 secures
908 3236 953 3298 ad
974 3230 1136 3299 radicem1¹
1163 3236 1311 3298 arborum
1334 3237 1445 3322 posita
1467 3250 1520 3316 est,
1550 3260 1608 3321 que
1637 3237 1753 3300 silvam
1777 3237 1862 3322 lepis*
1877 3250 1906 3300 et
1922 3251 2003 3292 Matth-
2011 3253 2031 3298 ³.
2040 3252 2073 3290 1⁰·

255 3347 437 3430 nuptiarum
462 3343 644 3429 enanpelicu
668 3344 808 3405 castitate
830 3337 1013 3405 succidit¹i
1053 3340 1186 3427 Tempus
1209 3341 1418 3428 amplectandi
1445 3357 1473 3406 et
1502 3357 1620 3428 tempus
1651 3343 1739 3430 lcnpe
1762 3343 1844 3429 fleri
1864 3343 1904 3406 ab
1922 3358 2042 3406 mass.

256 3451 461 3536 amplexibus.
509 3447 662 3512 Ieremias
685 3449 865 3534 captivitate
880 3444 1122 3533 propinquam*
1149 3471 1276 3512 uacrern
1299 3448 1488 3533 prohibetur
1511 3451 1672 3534 accepere5
1701 3448 1849 3512 Erecbiel
1870 3450 1903 3512 in
1923 3465 2009 3514 lar-16,
2018 3465 2037 3503 ι-

257 3557 432 3621 Babilcne:
455 3555 593 3618 ‘Mortua
616 3554 670 3618 est⁷
694 3555 806 3638 inquit,
830 3556 921 3616 ‘umor
936 3577 1005 3617 mea
1021 3567 1049 3617 et
1063 3567 1205 3639 apertam
1221 3553 1275 3617 est’
1299 3555 1411 3638 inquit,
1436 3557 1480 3616 ‘cs
1503 3553 1623 3618 meum’.
1667 3553 1735 3618 Nec
1755 3555 1905 3618 ducturus
1924 3571 1964 3611 ιιι.
1972 3571 2005 3620 24,
2016 3571 2047 3609 1⁸·

209 3688 238 3726 sc
256 3687 384 3728 uxorem
399 3685 454 3726 nee
477 3662 532 3725 ille
556 3663 614 3746 qui
635 3655 784 3724 dumerct¹
808 3659 921 3723 audire
944 3660 1035 3722 illurn
1052 3659 1259 3724 versiculum:
1282 3659 1381 3722 ‘Filii
1401 3661 1451 3723 tui
1462 3661 1543 3723 siem
1564 3660 1731 3724 novellatio
1748 3661 1905 3724 olivarum
1923 3677 1959 3720 1’1.
1968 3677 2014 3724 ιιι,
2021 3677 2042 3716 4.

256 3772 292 3833 in
315 3770 618 3833 circuituffl'mensce
641 3780 711 3830 tuoe
734 3779 762 3830 et
784 3765 895 3829 videas
909 3765 1002 3851 filice
1026 3766 1166 3842 tiliorum
1189 3765 1331 3828 tucrurn’.
1364 3764 1458 3828 Nunc
1474 3765 1512 3830 de
1528 3767 1754 3830 continentibus
1769 3765 1905 3829 dicitur:
1925 3782 2073 3830 neonem.

257 3874 336 3952 ‘Qui
356 3874 485 3939 adberet
506 3872 655 3952 Domino,
678 3896 759 3935 unus
781 3873 915 3958 spiritus
931 3885 974 3935 est
996 3885 1025 3935 et
1039 3871 1164 3935 cdbesit
1178 3872 1286 3935 anema
1308 3895 1377 3935 mea
1393 3885 1469 3957 post
1492 3885 1529 3950 te,
1552 3895 1599 3934 me
1622 3873 1757 3957 suscepit
1778 3870 1906 3935 deutera
1924 3889 2033 3938 rasas.

257 3979 330 4044 tua'.
377 3980 463 4044 Tunc
486 3980 609 4042 oculum
625 4001 690 4064 pro
714 3978 813 4057 oculo,
837 4001 918 4040 nanc
941 3978 1121 4042 verberanti
1140 3977 1307 4040 mamillam
1323 3978 1493 4062 prebemus
1515 3991 1543 4041 et
1565 3978 1706 4040 alteram.
1746 3975 1809 4039 Illc
1833 3991 1905 4040 tem-
1924 3995 2074 4044 ursianae.

250 4110 332 4173 pore
356 4087 558 4151 bellatoribus
581 4085 761 4149 dicebatur:
784 4084 968 4170 ‘Accinpere
989 4083 1100 4170 plodio
1123 4097 1173 4146 tac
1189 4106 1284 4168 super
1300 4083 1414 4170 femur
1434 4097 1530 4163 tuum,
1546 4082 1773 4170 potentissime'
1781 4107 1792 4164 ,·
1814 4081 1906 4146 mcdc
1925 4101 2034 4149 rana.

211 4217 239 4256 ss
258 4192 350 4256 audit
377 4191 506 4256 Petrus:
536 4189 656 4255 ‘Cende
683 4189 829 4277 pladium
860 4203 945 4253 tuum
974 4192 1009 4252 in
1040 4191 1186 4276 copinam
1216 4212 1315 4252 snam
1373 4188 1439 4266 Qui
1465 4191 1548 4253 enim
1564 4191 1759 4275 persenserit
1783 4187 1905 4275 plodio,
1924 4207 2084 4256 ustassai.

255 4298 366 4384 pladic
377 4297 547 4363 morietur).
573 4297 642 4361 Hee
658 4296 794 4360 dicimus
809 4319 870 4360 non
885 4308 1066 4381 separantes
1082 4294 1178 4380 lepem
1194 4307 1222 4358 et
1236 4295 1444 4381 euanpelinm,
1460 4309 1493 4358 nt
1503 4293 1646 4358 Marticn
1662 4295 1905 4380 calumpniatur,
1924 4312 1978 4355 sos.
1988 4313 2020 4360 rs,
2031 4314 2064 4351 ιι.

257 4404 429 4469 sedunum
453 4418 544 4490 atque
568 4402 695 4467 eundem
726 4404 930 4488 suscapientes
953 4401 1055 4464 Deum
1086 4403 1145 4485 qui
1164 4423 1229 4486 pro
1253 4402 1402 4465 varietate
1426 4414 1597 4486 temporum
1619 4415 1711 4485 atque
1739 4425 1906 4464 cansarum

251 4513 439 4596 principic¹¹
459 4525 488 4574 et
508 4512 571 4595 fine
586 4511 672 4588 serit,
697 4522 730 4572 ut
751 4522 852 4588 metat,
869 4508 1008 4593 plantat,
1031 4521 1066 4570 nt
1085 4507 1196 4570 babeat
1218 4506 1304 4591 quod
1324 4505 1476 4585 succidat,
1500 4509 1578 4570 iacit
1593 4506 1851 4593 fundamentum,
1874 4520 1909 4570 ut

257 4616 476 4704 aedificationi
496 4629 704 4680 consumamto
727 4615 830 4678 seculo
853 4614 973 4678 culmen
997 4614 1145 4698 trnponat.

210 4847 240 4886 ec
363 4829 390 4894 a)
412 4847 474 4882 cum
492 4831 543 4891 his,
564 4833 611 4898 qui
630 4831 709 4881 nobis
729 4829 843 4880 haerent
861 4829 928 4895 Anq.
1001 4824 1030 4889 b)
1052 4829 1225 4893 corrigentur
1242 4828 1309 4894 Auq.
1383 4824 1409 4889 c)
1431 4829 1631 4894 anteponebem
1650 4828 1722 4880 Hier.
1801 4825 1830 4888 d)
1851 4829 1906 4878 Do·

257 4922 323 4971 mini
341 4920 414 4971 Hier.
481 4917 507 4982 e)
530 4920 635 4982 Quodsi
654 4925 682 4969 et
701 4918 780 4969 nobis
799 4917 872 4968 Hier.
938 4913 959 4976 f)
982 4917 1017 4966 ab
1036 4914 1133 4966 ultimo
1152 4910 1197 4964 die
1215 4915 1289 4966 Hier.
1362 4912 1391 4982 g)
1412 4918 1510 4982 nuptui
1529 4917 1602 4967 Hier.
1676 4914 1705 4979 h)
1726 4918 1763 4968 ita
1780 4935 1801 4968 c.
1821 4917 1908 4982 Vntq.,·

257 5011 362 5060 radices
382 5009 455 5060 ister.
532 5005 553 5070 i)
575 5008 701 5059 succidat
720 5007 794 5057 Hier.
868 5001 896 5066 k)
919 5005 1072 5072 propinque
1091 5005 1165 5055 Hier.
1254 5001 1273 5065 Ι)
1295 5005 1369 5055 Hier.
1387 5004 1465 5056 cdd:
1483 5012 1599 5072 possunt
1616 5007 1647 5055 in
1665 5021 1748 5072 opere
1767 5004 1907 5070 coniugali

258 5097 343 5149 libere
361 5098 533 5164 prophetare.
571 5096 643 5148 Olim
662 5094 767 5162 gloriae
786 5100 845 5144 erat
864 5093 942 5144 illum
962 5093 1057 5143 audire
1077 5091 1251 5144 versiculum.
1318 5090 1356 5154 m)
1377 5093 1475 5143 Abbius
1492 5110 1556 5159 quae
1573 5110 1586 5144 e
1603 5095 1729 5159 scriptino
1746 5111 1818 5144 caera
1836 5094 1908 5144 verba

253 5187 399 5252 plernmpre
418 5194 515 5236 tantum
535 5185 622 5235 litteris
640 5183 780 5234 initialibus
797 5183 938 5247 cipiantur.
1012 5181 1040 5244 n)
1060 5182 1224 5247 principium
1243 5187 1271 5231 et
1291 5181 1351 5230 finis
1372 5181 1444 5232 Ister.

211 5407 239 5447 45
366 5385 395 5453 1)
420 5384 602 5442 Breviorium
616 5382 742 5459 spurium
759 5379 927 5457 inpsnlC,
953 5379 1027 5456 Opp.
1045 5381 1087 5438 ed.
1108 5379 1266 5437 Vallarsius
1284 5378 1349 5436 VII.
1365 5397 1434 5454 app.
1453 5381 1503 5436 ccl.
1522 5378 1596 5434 269.
1676 5379 1706 5450 2)
1725 5379 1818 5456 Epist.
1834 5379 1906 5448 123,

258 5490 343 5558 tls,
369 5488 442 5566 Opp.
467 5491 491 5560 Ι,
517 5492 567 5547 ccl.
586 5488 647 5546 909
665 5510 706 5565 sq.
