4418 6412
455 417 520 482 370
753 423 933 480 GERHOHI
956 420 1192 480 PRAEPOSITI
1214 418 1623 479 REICHERSBERGENSIS
1646 420 1814 476 LIBELLI.

454 611 584 699 publice
607 633 785 676 conscenso
805 608 944 675 ambone
968 632 1078 675 coram
1102 615 1199 696 rege¹
1223 632 1262 674 ae
1286 607 1488 696 principibus
1513 609 1665 694 omnique
1692 607 1879 694 frequentia
1901 605 2088 694 populicum

454 717 522 784 XII
545 716 810 804 astipulatoribus
841 717 1004 804 episcopis
1034 715 1155 781 famam
1186 739 1279 784 suam
1307 717 1488 781 iuramento
1517 715 1681 802 purgavit.
1728 711 1832 780 Cuius
1854 723 2003 779 tenorem
2023 715 2090 780 iura-

453 825 554 890 menti
577 826 612 888 in
634 823 729 890 huius
753 845 852 889 cause
876 822 1038 889 consimili
1059 823 1191 910 negotio
1206 823 1350 910 presenti
1373 821 1445 888 loco
1468 844 1535 886 non
1549 822 1655 909 piguit
1677 821 1861 886 inserere²z
1885 821 2040 886 Audieram
2053 840 2093 904 ut,

454 931 509 1016 ait,
526 933 654 1019 fratres
677 932 854 1012 karmsimi,
878 945 906 996 et
928 930 1122 1020 diuulpatam
1148 945 1192 996 est
1206 955 1270 1018 per
1293 931 1391 996 mubo
1415 931 1494 1012 loea,
1518 930 1655 1017 qualiter
1677 929 1817 994 homines
1839 929 1924 994 mali
1944 928 2095 993 adeersum

454 1063 502 1104 me
524 1041 763 1104 insurrexerunt
785 1052 813 1103 et
836 1038 1002 1104 debilitare
1025 1038 1189 1103 voluerunt
1211 1052 1239 1102 et
1260 1040 1413 1103 miserunt
1440 1061 1536 1124 super
1562 1061 1610 1102 me
1637 1037 1754 1124 previa
1782 1038 1930 1101 crimina.
1977 1034 2120 1122 Propters
2205 1095 2207 1126 ,

454 1169 550 1231 quam
572 1169 698 1210 causam
728 1147 786 1211 rste
813 1145 1070 1210 elemennssimus
1092 1169 1131 1209 ae
1152 1146 1371 1210 serenissimam
1394 1144 1527 1210 demam
1550 1143 1693 1208 Karalus
1716 1167 1780 1208 una
1803 1167 1874 1207 cum
1896 1142 2099 1208 sacmdotibru
2206 1129 2207 1172 l

455 1266 484 1318 et
505 1253 706 1339 optimatibus
734 1254 803 1317 suis
832 1254 924 1316 astam
948 1253 1097 1339 pmvenit
1125 1251 1172 1316 ad
1199 1251 1314 1316 urbem.
1365 1250 1616 1330 Quamobrem
1643 1273 1696 1339 epo
1719 1248 1785 1314 Leo
1801 1249 1959 1337 pontrJem
1986 1263 2101 1314 sancus

454 1359 617 1423 Romanae
640 1359 788 1424 ecclesiae
810 1385 831 1423 a
853 1361 976 1423 nemine
998 1359 1159 1424 iudicatus
1173 1383 1271 1444 neque
1286 1372 1419 1438 coaeum,
1442 1357 1501 1422 sed
1513 1371 1685 1444 sponmrma
1700 1380 1769 1421 mea
1785 1356 1952 1438 uoluntate
1969 1357 2103 1442 purifico

454 1491 502 1530 me
525 1467 559 1531 in
582 1479 745 1552 conspectu
767 1479 867 1531 vestm
890 1489 997 1530 eoram
1019 1465 1088 1530 Deo
1111 1479 1140 1530 et
1161 1465 1283 1552 anpelis
1306 1467 1384 1546 eius,
1408 1466 1467 1550 qui
1486 1465 1706 1530 conscientiam
1730 1488 1829 1528 meam
1853 1464 1951 1544 novit
1975 1476 2005 1526 et
2026 1462 2104 1527 bean

454 1571 547 1637 Petro
559 1573 708 1659 principe
727 1572 950 1659 apostolorum,
972 1573 1008 1637 in
1024 1574 1114 1636 cuius
1136 1585 1299 1658 eorupectu
1322 1573 1530 1652 consulimus,
1553 1573 1631 1658 quia
1654 1573 1732 1636 istas
1754 1571 1945 1635 criminosas
1968 1583 1999 1634 ct
2019 1569 2107 1634 seele-
2122 1593 2144 1631 n

454 1693 542 1744 ratas
564 1703 625 1760 res,
655 1703 735 1764 ques
765 1678 821 1744 illi
845 1678 985 1744 obiciunt
1012 1678 1104 1759 mibi,
1133 1701 1189 1742 nec
1208 1680 1396 1765 perpetravi
1416 1702 1470 1743 nec
1485 1691 1674 1764 perpetrare
1697 1679 1787 1742 iussi.
1840 1675 1941 1741 Tesn's
1964 1689 2011 1741 est
2032 1677 2110 1740 mibi

454 1786 553 1866 Dens,
584 1788 619 1850 in
642 1788 732 1850 cuius
754 1785 911 1850 iudicium
934 1786 1061 1849 venturi
1079 1809 1187 1848 sumus
1209 1799 1238 1850 et
1260 1787 1294 1850 in
1318 1787 1408 1849 euius
1431 1797 1594 1871 eortspectn
1616 1785 1812 1849 consistimus
1841 1783 1879 1848 ds
1902 1783 1960 1848 boe
1976 1798 2109 1870 prepter

454 1895 649 1980 suspiciones
671 1893 774 1958 maha
796 1891 951 1957 tollendas
973 1915 1043 1956 mea
1065 1905 1236 1978 spmttanea
1260 1892 1415 1957 uoluntate
1423 1893 1532 1979 focio,
1551 1915 1612 1956 non
1630 1893 1726 1976 quasi
1741 1913 1795 1978 epo
1814 1891 1896 1954 bane
1914 1889 2109 1954 comustudi·

455 2023 524 2064 nem
546 2013 602 2064 aut
623 1999 778 2064 meream
801 2001 836 2064 in
857 2012 965 2063 sancta
988 1999 1119 2063 ecclesia
1142 1999 1372 2064 accessoribus
1394 1999 1472 2062 meis
1494 2012 1523 2063 et
1537 1998 1704 2086 fratribus
1727 2011 1755 2062 et
1776 1999 1973 2084 coepiscopis
1997 1999 2111 2061 nostres

455 2109 626 2192 imponam,
648 2105 707 2170 sed
727 2120 761 2170 ut
781 2106 894 2170 melicas
917 2131 938 2169 a
961 2105 1049 2170 vobis
1071 2104 1245 2170 abscidatis
1267 2105 1397 2170 rebelles
1420 2107 1629 2192 capitationem
2129 2125 2150 2164 1⁵

562 2212 598 2278 Si
621 2213 726 2276 sancti
749 2211 886 2276 Romani
910 2210 1078 2298 pontifices
1110 2209 1192 2275 alius
1222 2211 1256 2274 in
1279 2233 1314 2276 se
1338 2212 1531 2276 sententiam
1554 2209 1766 2296 depositionis
1790 2219 1822 2274 et
1845 2209 2110 2274 excommunica-

454 2320 552 2384 tionis
576 2317 741 2400 dictando,
772 2317 854 2382 alius
878 2339 956 2382 vero
987 2318 1197 2403 semetipsum
1226 2316 1392 2383 humiliter
1420 2316 1591 2404 purgando
1621 2316 1663 2382 ab
1688 2315 1829 2382 ecclesia
1851 2315 1929 2398 Dei,
1953 2316 2010 2380 eui
2033 2327 2110 2380 tam-

292 2447 553 2514 1.'rtm.t,t.quam
577 2424 647 2490 celo
669 2422 855 2490 rationabili
878 2422 1043 2488 debebant
1065 2425 1294 2508 innocentiam,
1319 2423 1510 2490 scandalum
1530 2423 1685 2490 tulerunt.
1735 2422 1862 2512 Oportet
1884 2426 1968 2489 enim
1993 2425 2111 2510 episeo-

452 2558 530 2619 pum
553 2533 665 2598 babere
689 2534 896 2598 testimonium
919 2533 1031 2596 bonum
1055 2535 1149 2596 etiam
1171 2533 1261 2619 apud
1282 2557 1343 2614 eos,
1366 2541 1402 2596 ut
1425 2531 1471 2595 ait
1493 2529 1667 2618 apostolus,
1695 2533 1755 2617 qui
1766 2531 1861 2619 foras
1883 2545 1964 2596 sant.
2015 2528 2112 2611 Quod

456 2640 483 2703 si
507 2638 595 2725 apud
618 2660 673 2703 eos
698 2639 754 2725 qui
776 2637 855 2702 foris
879 2647 963 2720 sunt,
987 2648 1109 2724 quanto
1133 2639 1237 2724 magis
1261 2637 1349 2724 apud
1373 2637 1567 2703 domesticos
1590 2635 1693 2702 fidei?
1739 2636 1825 2702 Nam
1846 2647 1959 2720 restat,
1988 2647 2026 2702 ut
2048 2637 2113 2702 ait³
2129 2659 2153 2698 n

455 2767 539 2810 unus
561 2767 753 2831 magnorum
777 2743 983 2809 sacerdotum
1004 2741 1183 2830 Gregorius
1207 2767 1268 2810 nec
1292 2767 1326 2808 se
1350 2767 1412 2810 nee
1436 2742 1516 2810 alios
1541 2745 1720 2831 excipiens,
1743 2754 1780 2809 ut
1803 2745 1896 2810 cuius
1918 2744 1988 2808 vita
2013 2744 2110 2831 dispi-

457 2853 541 2917 citur
564 2851 662 2916 etiam
686 2851 872 2937 deprecatio
896 2861 1153 2937 contempnatur.

385 2981 438 3034 (ss).
563 2959 607 3024 Et
625 2957 714 3045 quid,
733 2959 780 3023 ait
798 2959 881 3044 quis,
900 2957 1024 3044 placuit
1042 2957 1152 3022 dicere
1175 2957 1322 3044 patribus
1345 2955 1435 3022 beafi
1450 2959 1540 3023 Petri
1555 2958 1714 3022 vicarium
1736 2968 1862 3023 tantum
1878 2957 1972 3023 celo*
1990 2957 2110 3022 debere

457 3064 701 3132 innocentiam?
747 3064 803 3131 Sic
834 3065 920 3128 enim
944 3065 990 3129 ait
1013 3063 1218 3130 Simmachus
1247 3069 1372 3151 papa⁴z
1403 3065 1552 3130 Aliorum
1582 3066 1741 3130 bominum
1765 3090 1877 3130 causas
1900 3065 1990 3130 Deus
2014 3068 2112 3130 voluit

451 3197 515 3260 per
535 3174 673 3238 besaines
695 3175 864 3237 terminare
871 3197 881 3254 ,·
904 3187 1099 3237 sacrosancte
1122 3196 1194 3237 vero
1216 3173 1302 3236 sedis
1317 3171 1459 3237 Romane
1475 3174 1637 3259 presulem
1659 3196 1715 3236 suo
1738 3175 1806 3238 sine
1829 3174 1988 3258 questione
2011 3197 2110 3237 reser-
2127 3194 2150 3234 n

458 3281 545 3345 cauit
572 3281 715 3344 arbitrie.
771 3279 876 3344 Voluit
904 3281 989 3344 beati
1009 3278 1099 3343 Petri
1124 3303 1315 3344 successores
1345 3279 1410 3344 celo
1440 3279 1579 3344 teritumb
1603 3280 1712 3364 debere
1743 3282 1952 3344 innocentiam
1982 3294 2012 3345 et
2039 3281 2108 3344 sub·

228 3395 438 3458 Quidesitceto
457 3387 603 3451 tilissimi
630 3385 819 3450 ducmsoru
853 3385 1005 3474 indapini
1036 3386 1221 3450 inviolatam
1251 3386 1395 3451 exhibere
1424 3389 1653 3451 conscientiam.
1709 3384 1812 3468 Quid,
1847 3386 2013 3472 inquiunt,
2049 3387 2109 3450 iste

227 3469 437 3590 debiibiaiim
457 3492 621 3556 Romanus
651 3491 800 3577 pontifex
829 3490 938 3556 dicere
962 3489 1014 3556 vel
1045 3488 1187 3556 seribere
1217 3492 1264 3556 sic
1287 3491 1401 3574 voluit,
1432 3494 1469 3574 si,
1497 3503 1534 3557 ut
1562 3501 1597 3556 tu
1627 3492 1720 3575 dicis,
1750 3493 1846 3557 etiam
1871 3491 2021 3574 ecclesie,
2046 3515 2108 3580 qne

390 3577 395 3590 ⁸
456 3599 609 3662 nimirum
632 3596 727 3662 sedes
743 3598 809 3661 Dei
832 3619 870 3662 ac
895 3597 1000 3662 celum
1023 3597 1179 3662 rationale
1203 3607 1262 3680 est,
1286 3621 1307 3663 a
1324 3599 1480 3664 Romanis
1504 3598 1711 3686 pontificibus
1734 3600 1922 3663 innocentia
1946 3598 2108 3664 debetur?

456 3703 510 3768 Ad
534 3704 621 3791 quod
644 3704 765 3787 audiat,
790 3705 847 3791 qui
870 3727 968 3791 super
990 3703 1040 3768 his
1064 3702 1191 3768 dubitat
1213 3704 1266 3768 vel
1289 3705 1492 3792 querendum
1507 3716 1608 3792 putat,
1625 3706 1778 3792 quoniam
1795 3704 1983 3771 Simmaeho
2007 3708 2109 3770 maior
2126 3728 2149 3767 so

281 3799 438 3904 fipffifss
458 3823 506 3875 est
530 3811 586 3898 qui
610 3812 670 3875 ait:
699 3811 775 3876 Sine
798 3813 968 3898 offensione
991 3825 1081 3876 estote
1103 3810 1214 3876 Iudeis
1237 3826 1266 3878 et
1289 3812 1402 3878 Grecis
1425 3827 1453 3878 et
1475 3815 1622 3878 eeclesiae
1645 3813 1718 3878 Dei.
1765 3811 1864 3876 Item:
1893 3812 2023 3899 Oportet
2043 3818 2107 3900 epi-

456 3943 583 4006 scopum
614 3920 726 3983 bonum
755 3920 867 3984 babere
897 3919 1103 3983 testimonium
1134 3919 1224 4004 apud
1246 3943 1296 3984 eos
1319 3923 1379 4010 qui
1392 3921 1484 4008 foris
1506 3933 1585 3984 sant.
1639 3918 1683 3982 Et
1710 3917 1860 3983 dominus
1883 3917 1976 3982 Iesus
2001 3919 2109 3984 adhue

346 3995 438 4090 elim
457 4026 561 4089 maior
583 4023 741 4089 ambobus
759 4025 836 4106 *hia
861 4023 933 4111 plus
958 4023 1044 4087 enim
1060 4046 1158 4109 quarn
1175 4023 1328 4089 Salemon
1352 4025 1415 4108 hic,
1439 4027 1537 4090 immo
1562 4037 1593 4090 et
1616 4027 1720 4090 maior
1739 4025 1904 4090 omnibus:
1932 4026 2000 4104 Qui
2019 4053 2108 4092 scan-

279 4103 438 4206 miiiis'iii
458 4133 654 4213 deliraverit,
681 4133 795 4218 inquit,
819 4157 914 4196 unum
938 4132 976 4196 ale
994 4133 1129 4218 pusillis
1152 4135 1233 4214 isus,
1257 4136 1316 4218 qui
1335 4136 1370 4198 in
1393 4157 1440 4198 me
1463 4134 1602 4214 madunt,
1626 4135 1753 4220 expedit
1774 4137 1807 4199 ei
1834 4144 1866 4197 et
1889 4143 2001 4197 cetera
2024 4156 2108 4221 quae

335 4263 437 4314 unns.
457 4237 565 4302 dicere
589 4238 775 4324 perhorreo.
821 4237 878 4302 Ait
909 4239 1006 4302 ctiam
1036 4238 1124 4323 ipse:
1157 4237 1199 4303 Si
1226 4241 1333 4304 oculus
1363 4253 1433 4304 tuus
1463 4240 1569 4304 domm
1591 4240 1788 4305 scandalimt
1817 4256 1853 4320 te,
1884 4265 1957 4306 erue
1984 4267 2054 4306 erem
2082 4257 2111 4306 et
2126 4261 2150 4301 ss

336 4370 438 4419 n.1s,r.
450 4348 563 4431 proice
585 4347 641 4410 abs
664 4360 699 4410 te.
746 4344 846 4408 Item:
870 4345 1002 4410 Necesse
1018 4359 1071 4425 est,
1094 4345 1209 4430 inquit,
1234 4360 1268 4409 ut
1288 4348 1415 4410 veniant
1435 4347 1600 4427 scandala,
1624 4371 1660 4410 ve
1675 4361 1776 4412 auum
1792 4348 1922 4427 bomini,
1939 4372 2109 4434 perquem

456 4452 758 4531 wandalmarum,
788 4472 849 4514 nec
879 4472 1034 4536 magnum
1065 4450 1233 4536 excipiens
1260 4473 1322 4514 nec
1350 4452 1518 4516 minorem.
1565 4451 1693 4533 Quibus
1717 4451 1988 4518 manifestissimis
2013 4454 2108 4519 dietis

458 4555 634 4621 Salvatoris
654 4568 687 4621 et
705 4557 890 4643 apostolicis
913 4557 1101 4622 Simachum
1117 4579 1236 4643 papam
1255 4580 1461 4644 nequaquam
1479 4557 1673 4624 crediderim
1689 4561 1828 4624 sensisse
1852 4563 2026 4644 contraria,
2050 4561 2109 4626 sed

456 4662 490 4726 id
514 4662 626 4746 solum,
651 4663 739 4750 quod
761 4663 840 4728 nulli
864 4663 1029 4728 hominum
1052 4663 1102 4727 fas
1126 4673 1184 4746 est,
1215 4663 1249 4727 in
1272 4664 1453 4730 Romanum
1480 4665 1667 4751 pontificem
1697 4666 1781 4731 ferre
1805 4666 2108 4755 condempnationis

456 4768 611 4834 indicium
628 4770 681 4835 vel
696 4770 738 4834 ad
756 4771 1025 4856 expurgationem
1042 4771 1091 4833 sui
1109 4791 1236 4855 cogere,
1261 4772 1345 4836 sicut
1359 4771 1533 4836 Marcellus
1558 4795 1577 4836 a
1598 4774 1728 4838 nemine
1744 4772 1865 4838 iudicio
1890 4774 2108 4862 condempno·
2125 4795 2150 4834 so

455 4875 551 4939 tionis
575 4875 736 4940 iudicatus
761 4886 809 4940 est
833 4876 1015 4941 dicentibus
1040 4877 1071 4940 ei
1093 4874 1261 4940 fidelibus:
1288 4877 1353 4942 ‘Tu
1377 4878 1492 4964 collige
1517 4901 1650 4944 eausam
1673 4889 1762 4944 nram
1784 4881 1819 4943 in
1839 4880 1911 4943 sinu
1934 4881 2012 4964 tuo',
2037 4883 2108 4968 ipse

455 4982 489 5044 in
513 5005 547 5044 se
570 4981 727 5046 iudicium
756 4982 828 5046 tulit
859 4983 1108 5070 dampnationis.
1156 4983 1310 5048 Similiter
1334 4994 1366 5048 et
1388 4985 1456 5049 Leo
1481 5009 1501 5048 a
1524 4987 1653 5050 nemine
1683 4984 1726 5050 ad
1756 4987 2027 5072 expurgationem
2058 4989 2109 5052 sui

456 5097 587 5152 coaetus
604 5099 662 5172 est,
687 5089 744 5153 scd
761 5112 920 5180 summum
937 5088 1043 5153 celum
1067 5110 1105 5154 ae
1130 5089 1191 5152 ccli
1215 5089 1378 5155 habitator
1393 5092 1496 5174 Deus,
1521 5091 1749 5156 subtilissimus
1765 5093 1919 5157 videlicet
1942 5093 2109 5159 discussor

456 5205 488 5258 et
509 5194 691 5280 indagator,
722 5195 784 5260 hoc
813 5197 847 5259 in
871 5197 940 5259 eius
965 5195 1062 5259 corde
1093 5194 1218 5259 loeutus
1250 5209 1308 5260 est.
1356 5197 1452 5278 Quod
1476 5200 1503 5262 si
1527 5197 1638 5264 valens
1667 5198 1708 5262 de
1737 5199 1877 5264 ecelesia
1899 5200 1965 5264 Dei
1994 5200 2107 5266 tollere

562 5394 589 5460 s)
609 5395 669 5447 nelo
688 5414 709 5448 c.
781 5393 810 5458 b)
831 5403 860 5447 tn
878 5414 899 5447 c.
973 5393 999 5459 a)
1019 5397 1096 5448 asinio
1114 5399 1142 5448 in
1160 5416 1240 5464 nrarp.
1262 5416 1309 5452 ser.
1328 5417 1349 5451 e.
2125 5407 2151 5446 ⁴⁵

565 5557 594 5630 l)
620 5559 686 5616 Scit.
713 5560 824 5616 Karolo
848 5559 966 5636 illapso.
1052 5557 1083 5634 2)
1105 5561 1198 5634 Jaffe',
1223 5561 1296 5619 Bibl.
1321 5562 1375 5632 IV,
1394 5583 1428 5638 p.
1448 5562 1520 5620 378.
1607 5559 1637 5637 3)
1660 5561 1762 5620 Nescio
1784 5562 1838 5620 ubi.
1923 5561 1954 5634 4)
1981 5563 2110 5622 Ennodii

456 5665 560 5723 libellus
577 5685 636 5741 pro
658 5667 774 5740 synodo,
794 5663 866 5741 Opp.
893 5667 935 5722 ed.
954 5667 1045 5743 Vopel,
1070 5669 1131 5724 ΛΑ.
1148 5669 1212 5740 VII,
1231 5689 1265 5744 p.
1284 5669 1335 5740 61,
1360 5669 1523 5741 Himellae,
1548 5669 1661 5726 Decret.
1679 5669 1823 5727 Pseudois.
1845 5689 1877 5744 p.
1896 5669 1977 5742 672,Ι
2003 5669 2034 5728 0.
2053 5671 2106 5741 IX,

456 5792 501 5849 qu.
528 5772 556 5844 3,
582 5791 605 5829 c.
626 5773 675 5829 14.
