4426 6398
552 373 735 430 Monncffl
757 374 902 432 EXUIIS
926 374 957 431 S.
980 375 1197 433 LAURENTII
1222 375 1469 434 OPUSCULUM.

616 559 682 641 Qui
705 582 839 647 presens
862 561 985 626 ederat.
1031 561 1130 649 Isque
1154 533 1252 626 fidem
1275 560 1375 645 dedit,

613 667 730 732 Iurene
754 667 927 757 ecclesiam
950 668 1089 754 prodere
1113 668 1290 733 venditam.
1352 734 1354 740 ,

614 775 683 861 Ipsi
705 796 782 861 pers
805 774 911 840 fueret
933 785 1032 862 pecte
1054 777 1203 864 pecunie,

614 881 753 967 Propter
775 904 873 969 quam
896 882 992 948 modo
1016 893 1091 947 sunt
1113 882 1228 968 predis
1250 882 1393 950 vendita.

553 1003 586 1052 35
618 985 673 1052 Sic
698 988 820 1053 eiectus
844 987 914 1053 ebit
936 999 1047 1075 postor
1069 988 1229 1076 ydoneus,

614 1093 848 1182 Pastoremque
872 1117 966 1159 suum
989 1118 1065 1181 pers
1089 1097 1235 1182 sequitur
1257 1099 1378 1183 gregis,

614 1199 676 1282 Hli,
699 1211 777 1266 note
799 1200 918 1289 quibus
941 1223 1008 1266 vox
1032 1213 1102 1268 eret
1124 1202 1246 1286 illius¹3

614 1307 797 1373 Externum
820 1330 882 1374 nec
906 1310 993 1373 enirn
1017 1308 1163 1375 collibuit
1185 1312 1288 1398 sequi.

615 1414 753 1480 Occurri
776 1415 922 1500 profugis
947 1416 993 1479 sic
1018 1418 1112 1502 quasi
1135 1415 1219 1499 liliis,

551 1538 586 1587 40
616 1523 818 1609 Suscepique
843 1533 943 1587 cess⁸
965 1529 1142 1609 pauperet
1190 1522 1273 1589 Sunt
1295 1522 1352 1607 ibi,

615 1628 750 1693 *Donec
773 1630 947 1716 precipias,
970 1640 1007 1694 ut
1029 1628 1123 1694 sileet
1144 1652 1245 1712 merc,

613 1736 859 1824 Ventorumque
882 1737 993 1821 gravis
1018 1735 1169 1801 concidat
1192 1738 1331 1822 impetus
1341 1741 1362 1800 ³.

614 1843 730 1908 Annus
753 1853 867 1929 postes
889 1843 954 1906 ism
977 1844 1098 1906 tercius
1123 1843 1212 1907 exiit.

615 1949 758 2030 Quartus
780 1973 868 2014 nunc
892 1949 1015 2034 egitur3
1040 1971 1180 2036 spesque
1205 1949 1330 2014 diutins

551 2072 584 2121 45
613 2056 665 2120 De
690 2068 721 2120 te
745 2055 866 2142 pendet
889 2057 935 2119 eis
959 2078 1034 2120 cum
1056 2057 1225 2143 patientis.

612 2163 685 2228 Hoc
709 2186 793 2228 anno
817 2162 1005 2245 monachos,
1030 2164 1085 2250 qui
1109 2163 1267 2249 patientia

613 2269 818 2356 Suscepcreb
842 2269 954 2355 lupum
976 2267 1196 2356 vituperabili,

612 2376 729 2442 Presul
750 2375 878 2459 Leodii,
902 2376 954 2440 vir
976 2375 1114 2459 bonus0,
1139 2377 1265 2464 expulit
1274 2382 1296 2459 ⁴,

612 2483 702 2549 Dum
725 2483 868 2548 clement
891 2483 1043 2570 Symonis
1066 2482 1143 2547 fede
1164 2485 1307 2569 negotis.

551 2607 585 2657 50
612 2591 683 2678 Ipsi
705 2592 894 2678 quesierunt
916 2613 968 2655 me
992 2589 1167 2676 specialius
1176 2591 1237 2674 ‘¹-53

612 2697 778 2784 Dispersis
802 2697 876 2761 ideo
900 2718 966 2761 non
990 2719 1050 2784 ego
1074 2697 1173 2762 defui.

522 2811 527 2822 '
611 2804 678 2868 Per
698 2814 813 2886 terres,
840 2826 901 2890 per
923 2808 1048 2889 sques⁶
1071 2804 1149 2887 dux,
1175 2825 1283 2870 comes
1308 2805 1410 2885 extiti,

612 2911 728 2976 Donec
753 2933 827 2974 cum
851 2911 939 2974 socio
964 2912 1132 2996 composui
1154 2933 1265 2998 grege.

613 3018 708 3083 Nunc
732 3040 844 3082 ornnes
867 3018 991 3104 pariter
1013 3039 1107 3082 servo
1130 3016 1279 3100 fideliter,

551 3142 584 3191 55
614 3125 679 3206 Qui
702 3146 822 3189 venere
846 3125 946 3210 prius,
971 3125 1092 3210 quique
1115 3125 1302 3207 novissime,

611 3231 809 3296 Reddendos
831 3253 977 3311 numero,
1001 3231 1030 3294 si
1052 3231 1171 3317 plscet,
1194 3231 1321 3316 integro

613 3339 728 3404 Preter
751 3337 973 3420 Gundvinum,
999 3339 1055 3424 qui
1078 3336 1253 3402 tumulatus
1277 3348 1335 3402 est.

612 3447 682 3511 Nec
705 3446 900 3510 Laurentius
923 3443 999 3508 hinc
1022 3445 1092 3508 iure
1116 3453 1223 3530 potest
1246 3445 1339 3530 queri
1348 3454 1371 3507 ⁰.

611 3552 758 3617 Primum
779 3572 921 3637 namque
944 3571 1048 3632 meus,
1072 3573 1169 3636 quem
1192 3573 1280 3633 snus,
1304 3551 1359 3615 hic
1381 3551 1451 3616 fuit.

550 3675 585 3725 oo
612 3659 753 3744 Tungris
776 3657 863 3722 hunc
887 3657 951 3721 elui
964 3660 983 3720 ².
1030 3656 1125 3721 Nunc
1148 3658 1248 3743 igitur
1270 3681 1378 3723 meum

614 3765 762 3851 Suscepi,
787 3765 941 3850 qnoniam
965 3785 1060 3828 cerus
1084 3775 1153 3828 eret
1176 3763 1301 3828 michi'.

977 3965 1037 4029 XI.

611 4075 752 4138 Prosens
777 4085 846 4138 erat
868 4073 1092 4155 Laurentius„

665 4181 758 4244 Miles
782 4179 893 4244 David
916 4179 1119 4262 fortissimus,

666 4287 732 4368 Qui
754 4309 870 4373 passus
894 4296 944 4350 est
966 4285 1147 4351 martirium

664 4393 804 4478 Propter
826 4393 930 4480 Mene
953 4392 1064 4456 filium.
1086 4391 1089 4400 ’

568 4519 583 4566 5
611 4500 764 4586 Vicitque
789 4499 901 4564 mundi
923 4500 1104 4586 principem

664 4604 927 4671 Desiderabilem
951 4627 1092 4691 sequens

291 4807 319 4874 u)
341 4823 425 4861 censs
442 4826 506 4859 corr.
526 4823 591 4859 cess
608 4825 629 4858 c.
711 4805 739 4868 b)
761 4809 901 4872 suscipere
919 4823 940 4856 o.
1022 4802 1048 4866 c)
1069 4806 1107 4855 ito
1124 4822 1162 4867 c.;
1179 4805 1246 4871 quod
1264 4813 1346 4857 temen
1364 4807 1399 4858 od
1416 4809 1551 4860 secundus
1568 4825 1630 4874 ques
1645 4819 1721 4874 postu
1738 4820 1762 4862 st
1778 4819 1838 4863 onte

138 4918 166 4957 so
184 4909 208 4952 st
220 4909 308 4966 postca
325 4899 357 4950 dc
377 4897 475 4950 Otherto
487 4897 605 4964 protudit,
624 4897 726 4947 minime
743 4895 860 4962 qsmdrat,
879 4895 930 4944 nisi
948 4894 1040 4944 ironice
1057 4894 1152 4944 dictum
1170 4895 1218 4955 sit,·
1242 4893 1278 4960 cs.
1294 4895 1344 4957 XI,
1358 4898 1406 4956 31,·
1424 4897 1488 4959 XII,
1504 4899 1545 4966 15,
1626 4895 1654 4960 d)
1675 4899 1798 4965 spnulius
1816 4917 1836 4952 o.

184 4986 211 5052 e)
231 4994 324 5055 potest
343 4990 421 5055 queri
439 4988 540 5039 omniuo
553 4994 657 5052 praeter
675 4985 783 5036 tussam
802 5002 819 5051 p
837 4984 866 5033 in
885 4985 935 5034 loco
952 5001 1010 5035 roso
1027 4984 1081 5034 olio
1098 5001 1177 5034 mono
1196 4985 1302 5048 supplet.

294 5169 323 5240 1)
348 5143 592 5244 1011.'10‚4sq..·
622 5185 691 5222 oves
714 5166 793 5220 illurn
816 5172 985 5237 sequuntur,
1009 5166 1076 5236 quie
1098 5167 1192 5220 sciunt
1216 5183 1313 5220 vocem
1337 5167 1408 5235 eius,
1439 5169 1560 5223 alienum
1590 5178 1687 5226 cutem
1710 5190 1766 5228 non
1789 5191 1835 5228 se-

184 5280 320 5350 qunntur.
391 5273 422 5343 2)
447 5273 512 5330 rs.
535 5272 754 5342 semesum,-
778 5271 892 5343 esur,
910 5270 962 5326 ss.
1033 5269 1064 5344 s)
1089 5270 1138 5342 of.
1157 5271 1254 5328 Marc.
1272 5272 1301 5342 4,
1320 5271 1371 5328 ss.
1442 5273 1473 5342 4)
1497 5275 1532 5330 A.
1549 5274 1643 5333 ross.
1670 5261 1760 5334 Mart.
1779 5277 1816 5334 21
1825 5301 1836 5350 ,-

184 5384 225 5455 cf.
242 5381 297 5440 SS.
317 5381 399 5452 VIII,
418 5401 451 5456 p.
470 5379 544 5435 278.
626 5377 656 5448 5)
675 5378 710 5434 L.
728 5380 746 5434 l.
764 5398 787 5434 c.
805 5377 862 5447 48,·
887 5377 943 5449 SS.¹
961 5377 1042 5448 VIII,
1061 5398 1095 5453 p.
1115 5377 1152 5434 27
1158 5378 1194 5433 8:
1219 5380 1346 5435 monachi
1367 5382 1557 5438 communibus
1580 5384 1835 5456 supplicationibus

137 5513 165 5552 rs
183 5491 212 5544 in
235 5490 372 5545 communi
403 5489 518 5543 statutis
548 5487 803 5558 prosternebantur
833 5485 950 5558 singulis
979 5487 1110 5540 noctibus
1137 5486 1168 5540 in
1190 5493 1292 5558 crypte
1314 5495 1382 5542 ente
1407 5490 1496 5545 ultsre
1520 5491 1624 5546 bestee
1648 5491 1755 5547 Murice
1779 5492 1835 5546 vir-

183 5597 255 5669 ginis
279 5603 310 5652 et
333 5596 369 5650 ud
392 5595 530 5650 tumulum
553 5593 644 5648 sencti
668 5593 794 5664 episcopi
814 5592 1010 5648 Wolbodonis.
1108 5588 1140 5664 6)
1165 5587 1214 5664 Os.
1239 5593 1256 5648 l.
1279 5595 1297 5649 l.
1323 5614 1345 5650 c.
1369 5592 1420 5651 49.
1446 5596 1481 5650 de
1503 5597 1702 5654 monachorum
1726 5597 1834 5654 ilium.

186 5697 217 5776 7)
240 5701 264 5758 Ι.
286 5721 308 5758 c.
333 5700 363 5758 ln
387 5700 503 5759 ecclesia
529 5720 553 5756 s.
579 5698 697 5756 Marios
718 5698 883 5774 Ibnprerssi.
