4410 6406
424 363 488 426 256
716 369 896 425 GERHOHI
920 367 1154 424 PRAEPOSITI
1177 364 1584 424 REICHERSBERGENSIS
1609 366 1774 422 LIBELLI.

424 555 553 622 Christo
578 556 732 643 apostolis
757 567 789 620 et
811 579 871 643 per
887 555 1048 644 apostolos
1071 553 1166 619 nobis
1190 553 1355 618 traditum.
1390 553 1504 640 Neque
1529 554 1616 617 enim
1640 555 1783 618 sanctius
1806 553 1883 618 binc
1908 563 1958 618 est
1984 574 2085 639 quam

423 674 493 728 erat
515 665 615 750 prius,
640 686 714 728 cum
738 662 781 728 ad
805 662 874 728 sola
892 661 995 727 verba
1011 662 1147 727 Domini
1170 659 1336 747 solamque
1361 659 1580 725 dominicam*
1604 661 1783 724 orationem
1806 659 2085 742 consecrabatur,

423 770 481 834 sed
503 770 645 835 maxime
670 769 789 852 decuit,
813 779 850 834 ut
872 768 964 850 fides,
989 790 1053 856 que
1078 767 1185 833 adhuc
1208 778 1279 832 erat
1301 767 1355 831 illo
1379 775 1526 853 tempore
1549 766 1650 850 rudis,
1675 777 1707 832 et
1729 779 1765 831 ut
1788 768 1834 831 ait
1853 767 1991 854 quidam
2016 777 2086 830 tam

423 875 538 942 doctus
562 899 661 963 quam
682 875 789 940 fidelis
801 880 821 959 ¹,
853 879 973 964 aprcsti
993 876 1121 940 turbido
1145 877 1239 956 cultu,
1269 874 1356 939 auda
1380 875 1533 955 humeros,
1558 877 1682 939 intortae
1705 899 1819 955 comas,
1849 890 1953 941 exerta
1981 877 2085 940 lucer-

423 998 478 1065 tos,
505 981 562 1048 ubi
591 983 700 1048 ornari
730 983 844 1069 potuit,
876 984 1018 1046 maxime
1048 983 1083 1045 in
1111 981 1174 1046 hac
1204 991 1296 1068 parte
1327 991 1484 1066 tanquam
1513 981 1678 1067 incapite
1708 1003 1766 1046 suo
1798 981 2025 1062 deauraretur,
2050 991 2120 1045 ets

422 1091 516 1176 quasi
546 1089 723 1154 murenulis
754 1090 862 1154 aureis
889 1088 1110 1154 vermiculatis
1141 1099 1276 1173 argento
1308 1087 1463 1152 decenter
1493 1097 1672 1152 ornaretur.
1718 1088 1833 1174 Igitur,
1858 1088 2022 1175 quamvis,
2047 1099 2087 1152 ut

423 1194 502 1277 dixi,
526 1196 609 1260 necb
634 1194 752 1260 talibus
776 1195 896 1260 additis
920 1204 1089 1281 augeatur,
1117 1216 1179 1259 nec
1202 1193 1322 1259 talibus
1347 1195 1564 1280 pretermissis
1588 1195 1753 1259 minuatur
1774 1195 1944 1280 integritas
1970 1217 2085 1259 sacra-

326 1304 523 1367 ·r.ss·.menti
554 1301 726 1367 aChristo
758 1303 934 1384 constituti,
966 1313 1086 1384 tamen,
1118 1303 1145 1366 si
1176 1303 1249 1388 quis
1280 1306 1335 1365 'ea
1365 1303 1558 1365 temerarius
1589 1301 1780 1388 decerperet
1810 1323 1873 1388 que
1904 1301 2085 1366 dominicis

423 1407 531 1474 verbis
561 1420 670 1495 patres
703 1411 807 1474 sancti
838 1408 1045 1490 addiderunt,
1075 1407 1296 1494 parificandus
1328 1418 1415 1472 esset
1442 1405 1599 1472 militibus
1622 1409 1818 1473 vestimenta
1841 1406 1962 1473 Christi
1995 1409 2084 1472 scin-

423 1514 574 1581 dentibus
605 1527 638 1581 et
669 1513 900 1581 dividentibus.
948 1515 1007 1580 Illa
1030 1537 1109 1580 vero
1133 1514 1297 1580 dominica
1319 1513 1422 1579 verba
1452 1514 1593 1601 desuper
1617 1525 1771 1580 contexta
1801 1537 1861 1602 per
1882 1525 1997 1598 totum,
2023 1514 2084 1578 ubi
2108 1537 2133 1574 m

265 1647 403 1695 nuaram.
423 1621 570 1687 Christus
594 1622 759 1688 inducitur
782 1645 837 1688 ore
860 1624 991 1710 proprio
1015 1622 1151 1710 loquens
1175 1633 1207 1686 et
1230 1622 1360 1687 dicens:
1387 1623 1532 1710 Accipite
1555 1637 1583 1688 et
1605 1624 1791 1688 maduca
1814 1648 1853 1688 ea
1875 1625 1931 1688 hoc
1954 1647 2085 1704 omnes,-

423 1731 479 1796 hoc
501 1744 546 1794 est
567 1733 650 1796 eutha
666 1755 780 1818 corpus
796 1755 905 1795 meum.
941 1731 1087 1816 decapite
1111 1745 1139 1794 et
1161 1731 1255 1794 titire
1278 1755 1317 1794 ez
1339 1731 1396 1794 hoc
1417 1754 1538 1812 omnes,
1561 1731 1612 1794 hic
1636 1745 1680 1796 est
1702 1733 1784 1794 euim
1801 1730 1889 1794 colia
1910 1733 2085 1817 sanguinis

422 1840 487 1902 mei
507 1846 539 1901 et
563 1847 681 1918 cetera,
706 1859 809 1923 usque
833 1819 889 1902 hoc
905 1838 1012 1925 facite
1040 1840 1074 1901 in
1097 1861 1197 1901 meum
1220 1839 1558 1901 commemorationem:
1587 1834 1652 1917 illa,
1682 1837 1827 1922 inquam,
1851 1834 1954 1900 verba
1979 1859 2084 1922 super

423 1964 540 2029 panem
565 1955 598 2007 et
620 1944 732 2008 vinum
756 1943 838 2026 firsa,
863 1941 981 2029 quibus
1005 1940 1238 2008 accedentibus
1262 1942 1306 2006 ad
1328 1943 1423 2028 panis
1447 1943 1570 2006 etvini
1593 1964 1681 2028 aqua
1704 1943 1798 2007 mixti
1821 1941 2021 2008 elementum
2045 1943 2084 2007 fit

270 2073 403 2123 uniam
423 2061 672 2133 sacramentum,
704 2049 949 2114 similitudinem
980 2058 1205 2136 representant
1234 2048 1319 2113 illius
1350 2049 1458 2113 tunice
1490 2048 1632 2136 desuper
1655 2057 1817 2130 contexte,
1842 2072 1940 2136 quam
1967 2071 2080 2136 neque
2103 2071 2130 2110 ιι

422 2156 501 2242 ipsis
526 2155 647 2221 Christi
678 2155 926 2221 crucifixoribus
956 2156 1050 2222 licuit
1080 2155 1238 2222 scindere.
1285 2155 1358 2220 Hoc
1382 2166 1431 2220 est
1453 2153 1590 2220 verbum
1614 2153 1768 2220 brevians
1791 2165 1824 2220 et
1846 2179 2080 2220 consummans

422 2271 524 2327 totam
547 2263 777 2349 integritatem,
801 2285 864 2349 que
889 2274 938 2327 est
961 2263 995 2328 in
1014 2264 1108 2350 panis
1133 2273 1165 2328 et
1187 2263 1256 2326 vini
1280 2272 1495 2345 sacramento,
1520 2263 1548 2326 si
1571 2262 1688 2344 eidem,
1714 2264 1767 2327 cui
1790 2285 1830 2327 ea
1846 2261 1996 2327 Christus
2022 2262 2079 2327 ad·

421 2367 536 2452 hibuit,
560 2368 708 2434 adhibita
731 2369 852 2434 fuerint
874 2369 1044 2452 elemento,
1069 2372 1133 2434 ritu
1155 2368 1309 2434 videlicet
1332 2368 1566 2450 ecclesiastico,
1590 2391 1687 2456 quem
1710 2369 1864 2434 traditum
1888 2371 2010 2434 scimus
2035 2369 2078 2436 ab

421 2477 493 2562 ipso
510 2475 650 2541 Christo.
691 2476 788 2557 Quod
812 2478 840 2540 si
863 2476 916 2540 vel
938 2475 1109 2541 babtizans
1133 2476 1272 2563 aliquis⁰
1295 2474 1350 2540 vel
1373 2475 1561 2539 sacrificans
1585 2475 1701 2562 aliquis
1725 2475 1933 2540 traditionem
1953 2475 2078 2541 Christi

422 2582 637 2669 derelinquat,
660 2584 707 2648 ita
729 2593 766 2646 ut
788 2584 822 2647 in
845 2583 1053 2670 perficiendis
1078 2584 1289 2648 sacramentis
1306 2582 1386 2646 alias
1403 2581 1636 2646 elementorum
1653 2583 1788 2668 species,
1806 2606 1903 2669 quam
1920 2606 1977 2648 eas
1995 2607 2078 2671 quas
2097 2605 2123 2645 ao

422 2687 570 2754 Christis
593 2690 733 2755 instituit
755 2689 920 2773 adhibeat,
945 2690 998 2754 vel
1021 2688 1123 2754 verba
1148 2688 1264 2778 [ipsadl
1289 2690 1392 2776 ipsius
1417 2687 1537 2754 Christi
1560 2690 1777 2775 pretermittat
1799 2699 1832 2754 et
1854 2701 2042 2755 contemnat
2051 2703 2076 2774 ⁰,

336 2820 403 2865 aaa.
421 2795 475 2860 hic
501 2819 566 2860 non
590 2795 718 2883 perficit
742 2798 979 2883 'integritatem
1010 2797 1221 2862 sacramenti:
1252 2798 1351 2860 irnmo
1382 2794 1470 2882 quod
1500 2797 1569 2882 agit
1597 2819 1663 2860 non
1693 2797 1797 2882 magis
1827 2795 1928 2862 habet
1957 2821 2076 2863 nomen

422 2904 626 2986 sacramenti,
651 2925 751 2990 quam
773 2903 829 2968 illa
851 2926 904 2967 res
927 2926 1046 2968 nomen
1070 2902 1206 2968 domus‘
1230 2913 1337 2990 potest
1360 2901 1492 2985 habere,
1517 2904 1570 2968 cui
1594 2904 1775 2968 constiterit
1798 2902 1852 2968 vel
1875 2915 1999 2969 tectum
2022 2905 2075 2970 vel

421 3010 563 3095 parietes
586 3010 640 3075 vel
663 3010 875 3076 fundamenta
899 3010 1024 3076 deesse.
1071 3011 1187 3076 Posset
1215 3019 1324 3074 autem
1352 3009 1467 3075 domus
1491 3032 1573 3092 esse,
1597 3012 1651 3074 cui
1674 3011 1801 3096 pictura
1824 3012 1997 3097 parietum,
2020 3012 2075 3076 vel

422 3115 507 3181 clavi
530 3117 723 3204 tegularum,
747 3118 801 3182 vel
826 3128 935 3182 cetera
958 3117 1037 3182 talia
1060 3117 1221 3198 deessent,
1247 3127 1357 3203 posset
1381 3139 1509 3204 quoque
1533 3119 1635 3182 oratio
1660 3118 1848 3200 consistere,
1873 3119 1926 3182 eui
1950 3119 2073 3183 contin·
2092 3139 2116 3179 ιι

421 3233 513 3307 geret
536 3247 647 3289 omnes
665 3236 776 3312 partes
796 3225 949 3290 orationis
972 3234 1082 3310 preter
1096 3247 1214 3288 nomen
1238 3233 1271 3288 et
1285 3222 1423 3288 verbum
1443 3224 1596 3292 deesses:
1621 3222 1787 3290 subtracto
1810 3234 1919 3288 autem
1942 3227 2072 3290 nomine

422 3339 454 3393 et
469 3328 581 3414 verbo,
605 3355 671 3396 non
695 3342 781 3396 esset
803 3331 889 3396 unde
913 3333 1162 3396 constitueretur
1184 3331 1297 3396 oratio.
1345 3329 1400 3396 Sic
1423 3331 1457 3394 in
1481 3329 1676 3395 celebrando
1699 3328 1855 3395 babtismi
1876 3331 1930 3395 vel
1954 3333 2072 3397 missae

422 3436 530 3500 officio
553 3438 716 3503 interdum
733 3438 896 3525 quaedam
920 3436 1161 3520 subtrabuntur,
1186 3459 1271 3524 quae
1295 3459 1315 3501 a
1338 3436 1459 3501 sanctis
1482 3435 1630 3523 patribus
1654 3439 1802 3524 apposita
1824 3449 2014 3522 noscuntur,
2037 3449 2073 3503 ut

422 3565 496 3607 cum
511 3544 750 3629 periclitantem
766 3546 924 3610 infantem
939 3543 1153 3626 babtizamus,
1178 3553 1211 3608 et
1234 3543 1303 3608 sola
1325 3541 1371 3607 ibi
1386 3541 1490 3607 verba
1505 3545 1600 3607 unius
1622 3544 1698 3608 trini
1721 3545 1861 3608 nominis
1885 3546 2070 3628 recitamus,

420 3648 474 3714 vel
498 3673 571 3715 cum
595 3651 757 3716 interdum
784 3652 959 3717 Gloriam
982 3653 1112 3716 eccelsia
1136 3660 1168 3714 et
1195 3651 1297 3716 Credo
1321 3654 1355 3716 iu
1378 3643 1473 3715 staura
1500 3651 1776 3736 pretermittimus,
1802 3661 1835 3716 et
1856 3661 1969 3716 mmen
1992 3653 2071 3718 inte-
2088 3675 2112 3713 ιι

421 3757 572 3842 gritatem
597 3759 896 3823 sacramentorumh
911 3758 1108 3844 perficimus.
1147 3756 1192 3821 At
1215 3757 1242 3820 si
1266 3755 1471 3821 babtizantes
1494 3780 1593 3821 unam
1617 3756 1731 3822 saltem
1754 3780 1928 3845 personam
1953 3758 1994 3823 de
2017 3761 2070 3823 tn·-

420 3862 481 3928 bus
504 3866 652 3951 personis
675 3866 844 3929 nominare
867 3875 1123 3946 contemnamus,
1147 3863 1200 3928 vel
1224 3864 1446 3929 sacrificantes
1470 3874 1502 3929 et
1525 3865 1635 3929 omnia
1657 3886 1721 3951 que
1745 3887 1765 3928 a
1788 3866 1908 3929 sanctis
1924 3865 2070 3951 patribus

419 3972 570 4058 apposita
593 3982 668 4035 sunt
691 3973 876 4054 recitantes,
893 3970 1058 4035 Christum
1081 3971 1114 4034 in
1132 3993 1214 4035 cena
1237 3993 1296 4034 sua
1318 3970 1504 4058 loquentem
1521 3993 1586 4035 non
1601 3970 1855 4054 introducamus,
1879 3995 1945 4037 non
1965 3983 2071 4059 potest

420 4079 581 4143 nominari
604 4087 842 4143 sacramentum
867 4077 955 4163 quod
978 4077 1115 4163 agimus.
1162 4077 1249 4142 Hinc
1272 4087 1322 4142 est
1345 4077 1433 4164 quod
1456 4079 1560 4142 sancti
1583 4087 1693 4163 patres
1717 4079 1815 4142 etiam
1839 4079 1873 4141 in
1896 4078 2004 4143 heresi
2028 4078 2070 4144 ab

420 4184 571 4249 hereticis
594 4186 629 4248 in
651 4185 782 4249 nomine
805 4184 913 4247 Patris
937 4193 970 4248 et
992 4183 1067 4247 Filii
1092 4194 1125 4247 et
1148 4183 1287 4271 Spiritus
1319 4185 1422 4248 sancti
1453 4182 1634 4248 babtizatos
1664 4183 1840 4271 prohibent
1862 4183 2069 4268 rebabtizari,
2088 4206 2113 4246 ιι

323 4317 402 4359 *aare
421 4301 635 4376 agnoscentes
658 4293 692 4355 in
717 4292 763 4355 eis
788 4299 988 4355 caracterem
1013 4289 1145 4371 Christi,
1169 4290 1204 4354 id
1226 4300 1276 4354 est
1299 4291 1518 4376 integritatem
1542 4292 1748 4354 sacramenti.
1796 4290 1863 4355 *Ab
1887 4291 1938 4354 his
1962 4301 2070 4356 autem

421 4397 573 4461 hereticis
603 4395 797 4480 babtizatus,
826 4395 882 4484 qui
908 4419 973 4462 non
996 4395 1207 4461 babtizabant
1237 4397 1270 4459 in
1295 4397 1425 4460 nomine
1449 4397 1555 4460 Patris
1581 4407 1613 4460 et
1635 4397 1711 4461 Filii
1735 4407 1767 4462 at
1790 4397 1931 4484 Spiritus
1955 4400 2069 4480 sancti,

421 4513 617 4568 censuerunt
646 4527 711 4569 non
740 4515 807 4569 tam
837 4502 1098 4586 rababtizandos,
1123 4526 1220 4590 quam
1249 4526 1291 4567 ex
1314 4504 1440 4588 integro
1464 4501 1690 4586 babtizandus,
1714 4505 1792 4591 quia
1814 4527 1880 4568 non
1903 4515 2071 4591 reputatur

421 4607 574 4674 babtismi
598 4621 847 4693 sacramentum,
871 4608 928 4675 ubi
952 4610 1132 4675 secundum
1154 4611 1252 4675 ritum
1275 4610 1432 4674 divinitus
1462 4609 1616 4674 traditum
1644 4612 1806 4675 invocatio
1830 4613 1906 4675 trini
1930 4613 2070 4677 nominis

371 4767 372 4770 ,
419 4739 485 4780 non
507 4715 544 4780 fit
567 4739 666 4804 super
695 4740 779 4804 aque
803 4715 941 4782 visibilis
973 4717 1177 4782 elementum.
1224 4717 1396 4781 Donatista
1420 4727 1530 4781 autem
1554 4727 1586 4780 et
1609 4717 1664 4781 alii
1687 4717 1780 4782 multi
1803 4716 1939 4782 heretici
1963 4742 2069 4783 sacra·
2087 4740 2113 4779 ιι

419 4833 530 4887 menta
553 4824 666 4888 divina
689 4825 754 4889 ritu
777 4824 1021 4889 aecclesiastico
1046 4821 1228 4888 celebrant:
1254 4833 1287 4887 et
1309 4822 1383 4886 ideo
1399 4820 1514 4887 beatus
1530 4822 1732 4909 Augustinus
1748 4823 1909 4890 violenter
1924 4824 2071 4890 decertat

420 4929 452 4992 in
470 4928 666 5016 quibusdam
690 4932 842 5018 scriptis²
865 4931 943 4996 sua¹
963 4940 1076 4996 contra
1103 4928 1357 4994 rebabtizatores
1381 4953 1401 4994 a
1422 4928 1542 4994 talibus
1565 4928 1804 4995 babtizatorum
1828 4941 1861 4995 et
1884 4942 1997 4996 contra
2020 4954 2069 4996 re-

420 5035 621 5102 ordinatores
638 5060 659 5102 a
673 5036 793 5102 talibus
810 5037 1042 5120 ordinatorum,
1063 5035 1263 5101 defendensk
1277 5035 1432 5100 videlicet
1446 5037 1666 5122 integritatem
1682 5048 1969 5120 sacramentorum,
1993 5038 2070 5103 ficet

420 5141 461 5206 ab
486 5143 638 5208 hereticis
663 5142 916 5227 celebratorum,
948 5145 1178 5230 integritatem,
1202 5145 1346 5230 inquam,
1370 5165 1436 5206 non
1459 5143 1631 5208 utilitatem
1655 5143 1767 5208 talium
1791 5155 2069 5210 sacramentorum

419 5248 575 5332 defendit,
600 5251 677 5337 quia
708 5250 759 5315 ea¹
786 5261 880 5314 extra
903 5243 1075 5315 ecclesiam
1097 5272 1194 5337 posse
1218 5250 1350 5336 quidem
1372 5251 1490 5333 inesse,
1522 5249 1580 5314 sed
1603 5273 1669 5315 non
1691 5273 1787 5337 posse
1812 5250 1969 5337 prodesse
1993 5275 2068 5317 con·
2087 5275 2113 5314 ιι

526 5411 553 5477 a)
575 5432 614 5467 or.
634 5416 705 5467 dom.
725 5417 750 5466 2.
764 5417 788 5466 3.
861 5411 890 5476 b)
911 5430 961 5465 nec
982 5441 1014 5448 -
1034 5421 1170 5480 augeatur
1187 5415 1237 5466 des.
1257 5418 1281 5466 2.
1299 5418 1323 5466 3.
1397 5411 1422 5477 c)
1445 5415 1544 5481 aliquis
1562 5416 1610 5466 del.
1626 5417 1649 5465 l.
1723 5413 1751 5475 d)
1772 5413 1839 5467 derat
1858 5419 1881 5467 1.
1955 5415 1981 5480 a)
2003 5434 2068 5469 con·

419 5509 541 5569 tempnat
561 5506 584 5554 2.
657 5501 680 5567 l)
701 5511 758 5571 pot.
779 5505 850 5556 dom.
871 5505 895 5554 2.
916 5505 941 5554 3.
1014 5501 1042 5570 g)
1065 5504 1159 5556 deesse
1174 5512 1233 5570 post
1251 5505 1382 5556 orationis
1403 5506 1427 5554 2.
1448 5506 1472 5554 3.
1545 5503 1573 5566 h)
1594 5506 1758 5555 sacramenti
1778 5508 1803 5556 3.
1876 5501 1897 5566 i)
1917 5507 1984 5557 deest
2002 5509 2026 5558 2.
2043 5505 2069 5558 3.
2121 5573 2122 5576 ¹

420 5589 449 5655 k)
471 5594 620 5644 defendens
641 5620 674 5628 -
694 5593 895 5644 celebratorum
914 5611 962 5643 orn.
982 5591 1006 5642 3.
1079 5591 1099 5654 Ι)
1122 5609 1154 5642 aa
1169 5601 1228 5658 post
1246 5593 1331 5644 aeccl.
1351 5595 1375 5644 2.
1395 5595 1419 5642 3.

466 5697 468 5702 ¹
529 5720 558 5792 1)
583 5695 720 5778 Proderit.
738 5721 885 5795 Psychom.
910 5719 1005 5784 aaz.
1025 5719 1084 5789 23,-
1108 5721 1149 5792 cf.
1169 5718 1273 5780 Corum.
1296 5719 1326 5776 in
1343 5741 1390 5796 ps.
1410 5720 1460 5790 64,
1486 5721 1603 5792 Beluae,
1630 5723 1748 5780 Marcell.
1772 5724 1803 5794 V,
1822 5743 1856 5799 p.
1875 5723 1934 5792 74‚·
1960 5723 2067 5800 Miqrra,
2092 5686 2096 5694 ι

423 5828 530 5886 Patrol.
548 5831 596 5886 lat.
614 5837 632 5885 t.
650 5828 721 5899 194,
739 5829 789 5885 col.
806 5828 856 5884 lt.
927 5825 957 5897 2)
977 5825 1025 5898 Cf.
1042 5826 1198 5884 Deuadedr't
1214 5826 1299 5884 Liber
1315 5835 1415 5884 conta
1437 5827 1584 5884 invasores
1607 5828 1646 5898 II,
1671 5825 1737 5902 gs,
1762 5829 1862 5886 labelli
1880 5829 1921 5901 II,
1942 5850 1973 5905 p.
1993 5829 2066 5887 324.
2086 5845 2113 5884 ao
