4568 6428
478 409 517 471 te
845 413 1036 472 neuram
1059 413 1111 468 nn
1134 379 1414 468 snuumffillrrs
1438 413 1758 471 annnsrrcoaun.

475 625 549 666 earo
572 626 641 668 mea
664 625 734 667 vere
757 602 845 665 cibus
868 615 896 664 et
917 603 1047 688 sanquis
1070 625 1154 665 meus
1177 625 1247 665 vere
1264 609 1362 685 potua
1384 616 1436 666 eet.
1469 601 1534 666 Hic
1557 601 1650 666 hodie
1673 625 1734 665 non
1756 603 1891 665 sumitur
1914 602 1953 664 ab
1969 601 2127 680 tanton,

472 709 625 794 paganis,
655 706 780 786 laten,
809 707 979 772 aeccleame
1006 709 1155 772 inimices.
1203 706 1278 770 Huc
1308 728 1412 793 usque
1435 706 1627 771 leronimus.
1673 705 1849 792 Apostolus
1873 728 2002 793 quoque
2026 705 2125 770 dicit:

333 831 454 879 Bonna
475 813 517 880 Si
543 816 616 899 qais
644 815 794 899 spiritum
822 812 945 877 Christi
972 837 1033 876 noa
1062 813 1165 892 habet,
1200 814 1252 878 ln'c
1282 837 1343 878 nen
1373 828 1418 878 eet
1446 816 1522 878 eius.
1576 812 1660 877 Item
1690 810 1839 878 Christus
1870 814 1904 876 in
1935 811 2125 898 euangelio:

298 937 455 986 lob-mlum·
475 919 598 985 Menate
622 922 657 985 in
679 945 737 998 nte,
761 934 789 984 et
811 943 864 1006 epo
887 922 922 983 in
938 921 1033 984 vehsa
1070 918 1296 983 Pretereamus
1321 918 1510 1005 parabolam
1527 917 1668 1005 palmitis
1691 931 1826 1005 propter
1849 917 2013 1002 scribendi
2037 941 2125 984 com·

475 1024 643 1110 pendium,
668 1035 837 1088 teneamus
860 1025 1055 1088 sententiam
1079 1013 1176 1110 quam
1200 1023 1337 1089 adiecit:
1372 1026 1437 1104 Qui
1458 1041 1561 1090 nannet
1583 1029 1617 1090 r'a
1640 1051 1687 1090 me
1717 1041 1746 1090 et
1768 1051 1822 1114 epo
1847 1029 1880 1090 r'n
1904 1049 1952 1106 eo,
1984 1027 2035 1090 tic
2051 1027 2158 1114 ferta

468 1133 616 1219 fractum
639 1133 783 1211 malmm,
814 1134 892 1217 quia
921 1134 989 1196 sine
1012 1155 1059 1196 me
1083 1132 1167 1196 nittt
1182 1135 1314 1218 potestis
1329 1134 1455 1220 faeere.
1492 1130 1534 1196 Si
1554 1135 1626 1217 queis
1650 1135 1684 1196 (ἠ
1706 1157 1754 1196 me
1784 1155 1846 1196 non
1870 1135 2029 1212 manserit,
2053 1135 2125 1196 mit-

475 1252 553 1303 tetur
579 1240 681 1326 foras
709 1240 791 1302 sicut
817 1238 943 1323 palmes
973 1252 1001 1302 et
1023 1252 1149 1316 arescet,
1180 1252 1208 1302 et
1231 1239 1376 1325 colligent
1405 1263 1473 1302 eum
1504 1253 1532 1303 et
1562 1241 1594 1302 ia
1625 1241 1782 1302 caminum
1813 1241 1932 1302 mittent
1961 1253 1989 1302 et
2023 1239 2123 1303 ardet.

475 1344 591 1408 Frater
614 1343 742 1424 dilecte,
767 1343 878 1408 confer
901 1341 1003 1407 verba
1020 1341 1141 1407 Christi
1165 1365 1239 1407 cum
1262 1343 1372 1408 verbis
1397 1343 1535 1430 apostoli
1559 1353 1591 1408 et
1607 1341 1746 1424 videbis,
1772 1345 1850 1430 quia
1865 1366 1930 1408 non
1954 1354 2124 1408 manentes

476 1449 535 1515 sed
563 1449 755 1514 recedentes
779 1472 799 1513 a
828 1446 958 1513 Christo
990 1461 1022 1513 et
1051 1451 1173 1513 unitate
1205 1448 1384 1514 aecclesiae
1416 1448 1562 1514 membra
1593 1448 1714 1514 Christi
1744 1472 1809 1513 non
1840 1461 1914 1513 sunt
1945 1461 1977 1514 et
2007 1451 2125 1536 spiritu

476 1555 595 1620 Christi
621 1567 732 1620 carent
756 1565 788 1620 et
811 1555 897 1620 foras
921 1555 1012 1618 missi
1035 1554 1119 1619 aridi
1142 1567 1216 1620 sunt
1240 1567 1272 1620 et
1295 1556 1436 1620 fructum
1459 1579 1524 1619 non
1547 1555 1680 1637 fuciunt,
1705 1557 1782 1642 quia
1805 1557 1874 1620 sine
1892 1554 2021 1620 Christo
2038 1568 2123 1637 sunt,
2145 1580 2171 1619 10

476 1663 532 1748 qui
556 1662 653 1726 dixit:
686 1661 762 1728 Sine
786 1687 833 1726 me
856 1662 959 1726 nictit
974 1665 1106 1748 potestis
1128 1664 1253 1750 facere.
1302 1661 1389 1743 Quia
1418 1663 1518 1748 igitur
1549 1663 1618 1726 sine
1647 1661 1777 1726 Christo
1808 1673 1897 1742 sunt,
1928 1673 2124 1748 potestatem

475 1767 617 1834 faciendi
641 1768 764 1832 fructus
793 1769 979 1832 amiserunt.
1025 1767 1155 1832 Palmae
1185 1791 1250 1832 non
1280 1791 1415 1833 manens
1442 1769 1476 1831 in
1499 1769 1565 1832 vite
1596 1769 1682 1833 foras
1713 1769 1850 1832 mittitur
1880 1781 1913 1832 et
1942 1770 2061 1833 arescit
2091 1779 2125 1858 et

475 1875 549 1940 ideo
573 1874 713 1939 fructum
736 1897 801 1939 non
824 1873 913 1954 facit,
945 1875 1022 1960 quia
1044 1875 1078 1938 in
1101 1877 1224 1939 unitate
1247 1896 1313 1939 non
1337 1885 1395 1954 est,
1420 1886 1453 1939 et
1477 1873 1704 1939 heresiarchae
1728 1875 1797 1938 sive
1827 1875 2003 1939 scismatici
2027 1874 2123 1957 illius,

384 1997 455 2038 ‘tto
476 1982 560 2046 sicut
585 1982 619 2044 in
642 1979 740 2045 'libro
765 1981 890 2066 Regum
914 1980 1042 2066 legitur,
1074 2003 1187 2044 manus
1211 1991 1345 2045 extenta
1376 1983 1503 2045 exaruit
1533 1993 1565 2045 et
1596 1981 1696 2045 altare
1727 1980 1869 2044 dicisum
1900 1991 1959 2046 est.
2006 1981 2124 2046 Munus

361 2069 456 2172 ιὲζῗῖξζ
475 2087 693 2152 hereticorum
717 2097 750 2151 et
772 2087 1029 2151 scismaticorum
1053 2085 1146 2150 arida
1170 2099 1228 2168 est,
1252 2098 1288 2151 ut
1310 2087 1410 2152 nichil
1434 2087 1594 2169 conficiat,
1618 2087 1719 2151 altare
1737 2089 1873 2151 scissum
1890 2098 1948 2168 est,
1973 2099 2008 2152 ut
2024 2088 2125 2153 nichil
2145 2109 2171 2149 rs

476 2195 628 2279 excipiat,
652 2191 752 2258 nichil
777 2193 949 2274 contineat,
974 2192 1074 2258 nichil
1097 2192 1277 2258 astantibus
1301 2192 1447 2280 prebeat.

582 2301 733 2364 Docuisti
756 2321 825 2381 nos,
851 2299 927 2364 Iesu
947 2299 1086 2380 Christe,
1112 2298 1152 2363 de
1177 2298 1406 2364 recedentibus
1430 2323 1450 2364 a
1472 2311 1514 2380 te,
1540 2299 1628 2386 quod
1651 2309 1725 2364 sunt
1749 2299 1832 2363 aridi
1857 2310 1889 2363 et
1912 2301 1982 2364 sine
2006 2299 2124 2364 fructu.

475 2405 571 2472 Nunc
595 2415 728 2471 econtra
752 2405 832 2492 quid
854 2415 1022 2470 manentes
1053 2406 1087 2470 in
1109 2417 1141 2470 te
1166 2417 1275 2492 agant,
1306 2406 1386 2493 quid
1417 2405 1570 2488 efficiant,
1602 2429 1700 2492 quam
1730 2416 1924 2492 potestatem
1955 2406 2125 2471 efficacem

476 2511 628 2594 habeant,
653 2522 755 2576 restat
777 2511 907 2592 doceas,
932 2523 1092 2598 quatenus
1115 2511 1209 2597 plene
1231 2525 1264 2576 et
1280 2512 1424 2598 perfecte
1441 2512 1482 2576 de
1498 2513 1548 2577 his
1566 2511 1692 2576 duobus
1710 2514 1866 2599 oppositis
1883 2512 1962 2599 quid
1979 2511 2123 2594 credere,

339 2635 456 2684 lot-1⁵³·
476 2619 555 2706 quid
578 2617 800 2683 indubitanter
823 2619 942 2682 sentire
967 2617 1121 2705 expediat
1144 2618 1362 2704 intelligamus
1386 2620 1506 2683 certius
1530 2641 1572 2682 ex
1597 2641 1651 2682 ore
1675 2629 1741 2683 tue.
1789 2619 1837 2700 Si,
1864 2619 1980 2706 inquit,
2004 2645 2125 2686 manaa-
2145 2641 2172 2680 ao

475 2729 548 2792 rit-ie
573 2729 606 2790 t'n
629 2751 676 2790 me
700 2739 728 2790 et
752 2727 843 2790 uerba
867 2751 936 2790 men
960 2728 994 2789 in
1019 2727 1105 2790 nobie
1128 2729 1310 2806 meruerint,
1341 2726 1544 2812 quodcunque
1576 2728 1738 2790 volueritis
1761 2729 1876 2813 petetis
1898 2741 1927 2790 et
1946 2727 2005 2813 fiet
2029 2727 2124 2790 nebia

474 2831 627 2896 Notanda
650 2842 725 2895 sunt
748 2829 850 2895 verba
874 2829 995 2924 Christi
1019 2840 1148 2894 etcum
1172 2854 1298 2895 summa
1322 2833 1499 2918 gratiarum
1522 2831 1678 2896 relatione
1702 2831 1939 2917 amplectenda.
1977 2831 2017 2896 Si
2037 2857 2125 2896 man·

473 2941 590 3018 seritis,
614 2938 728 3024 inquit,
753 2941 788 3002 t'n
811 2963 866 3002 me.
899 2936 988 3001 Ecce
1012 2937 1129 3001 unitas.
1161 2938 1206 3002 Et
1228 2941 1321 3003 verba
1346 2965 1413 3004 mea
1437 2943 1472 3004 a'n
1495 2942 1582 3004 vobis
1605 2943 1785 3004 manserint.
1823 2939 1910 3003 Ecce
1928 2936 2123 3002 obedientia.

480 3045 691 3130 Quodcunque
715 3046 877 3109 nolueritis
895 3047 1008 3130 petetis
1032 3058 1059 3108 et
1074 3047 1134 3131 fiet
1157 3047 1251 3110 vobis.
1299 3045 1387 3109 Ecce
1412 3055 1568 3131 potestas,
1593 3067 1670 3110 cece
1695 3045 1846 3126 efficatia,
1871 3067 1948 3109 ecce
1972 3045 2075 3108 virtus
2092 3046 2126 3108 in

474 3153 647 3238 peticione.
694 3150 811 3216 Unitas
835 3151 916 3236 petit
940 3161 973 3214 et
995 3151 1163 3237 impetrat3
1195 3151 1372 3215 scismatici
1396 3163 1428 3215 et
1452 3152 1587 3216 heretici
1611 3162 1725 3237 petunt
1747 3174 1808 3215 nec
1832 3152 2016 3238 impetrant,
2048 3151 2127 3237 quia
2145 3170 2172 3212 ss

436 3250 441 3257 ’
473 3279 539 3321 non
562 3269 651 3322 recte
674 3266 789 3342 petunt
812 3278 851 3320 eo
876 3256 963 3342 quod
988 3265 1081 3320 extra
1103 3258 1261 3320 unitatem
1284 3267 1406 3343 petant,
1431 3269 1464 3321 et
1479 3258 1554 3322 ideo
1578 3259 1681 3322 oratio
1698 3281 1810 3322 eorum
1826 3259 1867 3322 sit
1883 3258 1917 3321 in
1937 3267 2124 3344 peccatum,

475 3373 508 3428 et
530 3363 603 3426 ideo
629 3365 685 3449 qui
709 3385 751 3426 ex
775 3384 937 3427 consensu
960 3364 1078 3426 erroris
1102 3384 1176 3426 cmn
1201 3364 1247 3425 eis
1272 3375 1342 3427 orat
1365 3362 1419 3428 vel
1442 3386 1560 3450 panem
1584 3375 1774 3428 execratum
1798 3387 1872 3428 cum
1896 3365 1943 3436 eis
1973 3364 2008 3426 in
2032 3362 2126 3427 altari

476 3491 588 3534 eorum
611 3467 762 3550 comedit,
787 3468 842 3533 vel
856 3469 979 3550 vinnm,
1004 3468 1092 3554 quod
1116 3479 1165 3532 est
1188 3468 1344 3532 devince
1368 3459 1583 3535 Sodomorum
1607 3493 1681 3534 cum
1705 3472 1752 3535 eis
1768 3469 1863 3551 bibit,
1888 3470 2126 3534 contaminatur

475 3586 622 3662 peccate,
647 3574 838 3640 maledictus
855 3598 875 3638 a
890 3575 964 3639 Deo
982 3576 1075 3659 quasi
1092 3597 1209 3660 panem
1233 3574 1339 3639 luctus
1356 3575 1507 3658 comedit,
1531 3578 1643 3664 utique
1667 3578 1752 3640 sieut
1767 3576 1892 3662 palmes
1907 3598 1974 3640 non
1989 3597 2125 3640 manens

474 3683 507 3746 in
530 3683 608 3764 vite,
640 3681 699 3746 sed
729 3681 839 3748 aridus
870 3693 902 3745 et
932 3681 1006 3745 ideo
1032 3680 1233 3767 colligendus
1257 3693 1289 3745 et
1311 3683 1347 3745 in
1369 3684 1479 3768 ignem
1503 3683 1678 3747 mittendus
1707 3693 1740 3747 et
1764 3706 1905 3746 arsurus.
1953 3683 2126 3747 Sarmenta
2144 3703 2171 3742 ao

475 3789 561 3852 enim
584 3789 714 3875 precisa
737 3789 863 3852 cunctis
894 3786 992 3872 lignis
1022 3799 1097 3851 sunt
1120 3787 1245 3868 viliora,
1271 3790 1348 3874 quia
1371 3788 1467 3853 nullis
1491 3789 1603 3854 usibus
1635 3789 1841 3876 deputantur,
1874 3788 1932 3853 sed
1955 3789 2040 3874 igni,
2071 3787 2126 3852 vel

390 3972 397 3986 α
473 3895 508 3958 in
530 3895 597 3960 vite
622 3896 694 3976 sint,
726 3894 780 3959 vel
809 3895 843 3958 in
866 3895 942 3980 igne
966 3904 1061 3958 enmt
1091 3895 1160 3957 sine
1191 3895 1307 3958 neniae
1338 3894 1474 3959 alicuius
1505 3895 1657 3960 mediato.
1705 3894 1794 3976 Quid
1824 3894 1962 3981 amplius
1984 3893 2125 3982 dicam?

304 3999 455 4103 {gffgfss'ss
473 4000 563 4086 Lege
593 4000 693 4066 libros
723 4001 831 4087 Moysi
862 4009 894 4064 et
918 3999 1075 4086 quicquid
1105 3999 1145 4064 de
1177 4023 1275 4065 corvo
1307 4000 1449 4065 evolanti
1480 4001 1521 4066 de
1552 4002 1651 4067 archa
1681 4013 1714 4066 et
1744 4000 1901 4088 quicquid
1930 4000 1971 4065 de
1996 3999 2121 4066 Chaml
2212 4025 2219 4038 ·

310 4123 454 4173 tn1na10·
473 4106 647 4172 maledicto
672 4118 704 4172 et
728 4106 886 4194 quicquid
908 4108 942 4170 in
965 4107 1143 4193 vespertini
1168 4107 1320 4171 sacrificii
1344 4105 1497 4171 Abrahae
1522 4107 1692 4190 divisione,
1723 4106 1780 4172 ubi
1804 4119 1929 4172 tantum
1958 4129 2036 4173 aves
2059 4129 2125 4171 non

309 4229 454 4274 (1111116.
474 4223 549 4278 sunt
572 4212 708 4294 divisae,
733 4212 891 4300 quicquid
915 4211 955 4276 de
979 4212 1113 4276 Dathan
1137 4224 1169 4277 et
1191 4212 1319 4277 Abiron
1349 4224 1382 4278 et
1412 4215 1537 4278 emotis
1562 4216 1617 4299 qui
1642 4214 1782 4279 alienum
1806 4215 1915 4299 ignem
1939 4212 2125 4278 obtulerunt
2144 4233 2170 4273 ss

473 4321 645 4406 repereris,
676 4319 738 4384 hoc
762 4330 875 4384 contra
899 4319 1059 4384 hereticos
1084 4329 1116 4382 et
1138 4320 1340 4383 scismaticos
1364 4321 1397 4384 in
1422 4331 1647 4405 argumentum
1671 4321 1876 4385 verissimum
1899 4317 1960 4384 tibi
1983 4340 2122 4384 assume.

376 4441 405 4481 ‘t
414 4443 454 4483 ³17·
472 4425 562 4512 Lege
587 4424 706 4490 librum
722 4425 868 4512 'Regum
891 4435 933 4507 et,
958 4425 1041 4489 sicut
1064 4435 1271 4511 pretaxatum
1295 4438 1353 4507 est,
1378 4425 1419 4490 de
1443 4425 1604 4491 aecclesia
1628 4439 1660 4491 et
1684 4427 1753 4490 eius
1777 4425 1984 4507 adversariis,
2009 4447 2123 4490 secure

472 4531 627 4618 intellige.
666 4531 756 4618 Lege
780 4532 955 4619 prophetas
980 4541 1012 4596 et
1035 4531 1192 4618 quicquid
1216 4541 1328 4596 contra
1350 4531 1516 4614 Israelem,
1541 4555 1583 4596 ex
1607 4554 1670 4619 quo
1695 4554 1714 4596 a
1738 4531 1834 4596 domo
1849 4531 1962 4596 David
1985 4543 2018 4596 et
2035 4530 2124 4596 cultu
2226 4594 2229 4602 ,

472 4637 538 4701 Dei
562 4650 730 4724 separatus
755 4650 813 4720 est,
837 4638 991 4720 dixerint,
1017 4649 1129 4703 contra
1153 4638 1314 4703 hereticos
1338 4649 1370 4702 et
1394 4640 1595 4704 scismaticos
1619 4638 1708 4703 dicta
1731 4661 1802 4703 esse
1826 4649 1937 4720 restat,
1966 4637 2124 4724 quicquid

472 4766 551 4809 vero
575 4755 688 4809 cenna
715 4743 832 4809 Iudam
863 4755 895 4809 et
917 4745 1090 4810 Beniamin
1121 4743 1273 4826 dixerint,
1304 4744 1340 4809 id
1368 4745 1404 4808 in
1433 4745 1662 4830 redargutione
1693 4744 1874 4810 aecclesiae
1904 4743 2123 4830 delinquentis
2142 4765 2169 4803 ((1

472 4850 628 4937 intellige.
681 4852 770 4937 Lege
810 4849 929 4915 librum
960 4849 1019 4916 Iob
1062 4862 1094 4916 et
1124 4852 1271 4916 invenies
1316 4851 1404 4937 quod
1447 4862 1561 4916 contm
1597 4851 1736 4915 eundem
1769 4851 1949 4916 aecclesiae
1986 4849 2124 4936 figuram

473 4969 641 5043 gerentem
664 4969 729 5022 tres
752 4956 801 5021 illi
824 4979 998 5044 personam
1021 4957 1238 5023 hereticorum
1262 4968 1412 5044 gerentes
1436 4956 1610 5023 debachati
1633 4980 1699 5022 non
1722 4956 1907 5039 obtulerint,
1932 4956 1991 5021 sed
2005 4953 2066 5020 Iob
2089 4957 2124 5019 in

475 5061 580 5149 figura
604 5062 794 5128 aecclesiae.
834 5063 1012 5128 Veniamus
1036 5063 1079 5128 ad
1101 5087 1222 5129 novum
1246 5051 1567 5146 testamentumsubi
1590 5063 1696 5150 pridie
1720 5047 1827 5151 quam*
1840 5073 2008 5150 pateretur
2029 5062 2123 5127 Iesus

473 5166 622 5234 Christus
645 5168 794 5234 dominus
817 5181 927 5235 noster
949 5171 1088 5234 instituit
1111 5171 1196 5234 sacri
1220 5172 1365 5256 corporis
1389 5181 1421 5235 et
1444 5172 1585 5256 preciosi
1608 5171 1776 5257 sanguinis
1800 5171 1851 5233 sui
1874 5179 2122 5233 sacramentum.

476 5273 557 5355 eris
580 5275 731 5359 instituit,
756 5275 835 5361 quid
857 5276 1005 5358 instituit,
1031 5277 1084 5340 cui
1108 5276 1255 5357 instituit,
1281 5275 1338 5341 ubi
1361 5277 1509 5358 instituit,
1534 5275 1577 5341 ad
1598 5276 1678 5362 qnid
1693 5275 1857 5341 instituit?
1888 5276 2031 5340 Domine
2046 5274 2124 5339 Iesu
2141 5294 2168 5335 n

287 5447 291 5454 ,
367 5378 453 5472 1¹32}
473 5378 613 5464 Christe,
637 5385 676 5447 ab
700 5384 829 5448 oecnln's
851 5385 929 5448 meis
951 5382 1069 5447 manda
1092 5407 1140 5447 me
1162 5398 1191 5447 et
1213 5385 1252 5448 ab
1268 5385 1384 5449 alten-tis
1399 5409 1502 5470 parce
1523 5408 1613 5448 aereo
1635 5398 1686 5448 tao
1713 5386 1833 5464 eterit,
1857 5397 1891 5448 at
1912 5383 2125 5469 complaceant

473 5489 535 5554 tibi
555 5489 681 5574 eloquia
706 5491 772 5554 oria
795 5503 823 5554 et
844 5489 1006 5555 meditatio
1031 5488 1137 5554 cordia
1160 5492 1225 5554 mei
1245 5493 1279 5554 (ἠ
1304 5505 1465 5576 conspecta
1489 5505 1539 5555 tuo
1562 5515 1691 5577 semper.
1724 5489 1867 5553 Domine
1890 5488 1966 5552 Iesu
1983 5485 2121 5568 Christe,

334 5617 365 5657 n.
374 5618 394 5666 e,
403 5618 424 5657 e.
432 5619 452 5657 1.
471 5594 562 5658 mitte
587 5616 687 5658 unum
711 5593 752 5659 de
776 5592 973 5681 Seraphinb,
998 5595 1054 5681 qui
1085 5592 1226 5659 carbone
1257 5594 1298 5658 de
1330 5594 1423 5660 altari
1453 5618 1513 5681 per
1531 5594 1701 5682 'forcipem
1733 5592 1859 5660 sublato
1889 5604 2007 5682 purget
2035 5591 2124 5657 labia

367 3946 392 3985 el

579 5754 606 5818 a)
628 5758 680 5808 cha
698 5756 845 5810 maledicto
867 5755 897 5820 (t)
917 5775 937 5808 c.
1010 5755 1039 5820 b)
1061 5760 1178 5825 serapin,
1197 5759 1214 5809 h
1230 5768 1316 5824 postea
1334 5775 1454 5825 euperem.
1467 5777 1488 5810 a
