4386 6390
481 391 714 448 TRACTA'I'US
738 391 814 446 PRO
840 387 1095 444 CLERICORUM
1120 389 1305 447 CONUBIO.
1657 387 1716 448 591

179 580 224 645 Et
247 578 438 644 Gelasius¹z
470 579 654 644 huiusmodi
681 593 736 643 ont
764 581 803 644 oh
836 579 977 665 indipnis
1001 580 1158 664 questibus
1181 580 1324 643 neemiam
1346 580 1574 660 abstinendum,
1604 595 1659 645 oct
1689 584 1721 645 in

73 713 265 774 quocumque
291 687 400 774 prodo
422 689 553 775 fuerint
577 688 690 772 positi,
720 711 794 750 ntem
815 711 835 749 o
859 686 1060 750 clericalibus
1090 687 1213 773 officiis
1242 687 1397 750 abstine-re
1420 701 1577 773 separator.
1625 685 1721 752 Nice·

72 817 148 858 num
180 795 313 880 insuper
336 791 509 858 concilium
538 791 646 856 lucide
677 791 863 856 manifestat
893 813 952 878 per
974 790 1097 856 clerum
1121 814 1249 856 omnem
1276 791 1454 877 significari
1477 791 1641 876 clericum,
1665 793 1721 858 ubi

73 899 191 964 dicit‘2:
225 901 274 964 De
298 901 348 964 hio
371 902 430 986 qni
450 902 675 964 conamini-ionel
691 902 877 986 privantur,
900 924 955 963 seo
977 924 1015 964 ac
1037 899 1130 978 clero,
1153 923 1207 964 seo
1230 924 1269 964 ece
1292 901 1445 964 laicorum
1462 900 1583 980 ordine,
1600 903 1639 966 oh
1656 904 1720 987 epi-

43 1010 178 1094 saaopio
197 1032 256 1093 per
280 1030 529 1092 unamquamque
545 1008 744 1092 provintiam
773 1009 955 1071 sententiam
986 1007 1143 1092 repuleris
1173 1006 1317 1086 obtineat,
1345 1021 1378 1070 ot
1406 1007 1444 1072 hi
1470 1010 1529 1093 pai
1548 1009 1723 1072 abitiantur

73 1116 112 1179 ah
135 1115 214 1178 aliis
242 1138 304 1178 noo
331 1115 535 1199 recipianter.
582 1111 768 1176 Ridiculum
795 1113 881 1176 enim
905 1111 1035 1176 videtur
1057 1113 1232 1176 canonicos
1256 1122 1289 1176 et
1310 1111 1411 1176 laicos
1436 1115 1722 1178 exconmunicatos

73 1220 145 1284 aliis
168 1243 232 1285 non
255 1218 495 1300 comminare,
520 1228 553 1282 et
576 1217 721 1300 clericos,
752 1241 817 1282 non
841 1219 1025 1300 canonicos,
1057 1219 1084 1282 si
1109 1220 1370 1283 exconmunicati
1395 1221 1469 1300 sint,
1495 1221 1571 1305 quia
1595 1219 1635 1285 de
1659 1220 1721 1285 illis

72 1326 161 1391 nulla
183 1325 367 1413 prohibitio,
397 1326 425 1389 si
448 1346 490 1389 ex
514 1324 600 1390 clero
624 1349 690 1389 non
713 1335 797 1406 sunt,
829 1325 871 1389 ad
894 1327 1142 1390 conmunionem
1166 1325 1347 1390 admittere.
1383 1326 1602 1391 Interdicatur
1624 1328 1722 1413 igitur

74 1434 160 1497 omni
184 1434 240 1520 qui
270 1434 304 1496 in
329 1431 415 1496 clero
439 1442 497 1514 est,
529 1431 561 1496 id
586 1442 636 1495 est
665 1433 751 1496 omni
776 1431 905 1512 clerice,
936 1431 1052 1496 mulier
1075 1430 1321 1496 subintroducta
1345 1444 1377 1497 et
1400 1433 1579 1497 secundum
1603 1443 1723 1498 statuta

33 1566 56 1604 m
73 1563 234 1605 canonum
258 1541 299 1621 ei,
324 1541 379 1626 qui
403 1561 437 1603 se
462 1540 658 1603 continentie
682 1561 748 1602 non
770 1540 907 1620 voverit,
932 1538 1130 1604 concedatur
1151 1538 1294 1625 legitime
1318 1549 1429 1625 nupta.
1468 1539 1624 1625 Alioquin
1648 1563 1722 1605 cum

74 1671 115 1711 ex
138 1656 324 1711 sanctorum
348 1656 476 1731 patrum
493 1646 719 1710 constitutione
744 1645 967 1732 principaliter
990 1645 1103 1732 legalis
1128 1647 1273 1732 episcopi
1296 1645 1353 1710 fiat
1377 1646 1492 1711 electio
1517 1645 1557 1710 de
1583 1647 1723 1735 ecclesia

73 1755 105 1816 in
129 1775 195 1840 qna
218 1751 416 1818 ordinandus
440 1761 498 1834 est,
530 1752 557 1814 si
580 1773 757 1838 numquam
780 1753 946 1816 canonicis
970 1774 1089 1816 uxores
1113 1751 1234 1817 babere
1259 1754 1452 1839 permissum
1483 1765 1541 1834 est,
1574 1765 1630 1818 ant
1653 1756 1721 1818 ina-

72 1861 156 1924 niter
180 1860 299 1924 clamat
319 1859 457 1922 Paulus:
481 1849 581 1924 Unim
605 1863 714 1924 oneris
739 1862 838 1928 m'rom
864 1857 984 1922 debere
1009 1858 1094 1944 elegi
1118 1860 1317 1945 episcopum,
1342 1869 1399 1923 aut
1420 1861 1635 1945 pretermissis
1659 1860 1721 1924 illis
1741 1887 1885 1936 numae.

73 1969 129 2053 qui
159 1965 201 2031 ab
231 1965 367 2030 infantia
398 1988 457 2030 sua
485 1987 545 2052 per
575 1965 718 2050 singulos
748 1964 870 2051 gradus
900 1967 934 2029 in
965 1965 1112 2030 ecclesiis
1142 1964 1366 2048 militaverint,
1400 1967 1434 2029 in
1464 1969 1721 2052 transgressione

31 2100 54 2138 o
72 2072 178 2138 locum
203 2084 375 2138 extraneos
399 2071 560 2159 quoslibet
590 2084 622 2135 et
652 2082 765 2136 contra
794 2083 985 2159 preceptum
1015 2072 1153 2158 predicti
1183 2072 1321 2158 apostoli
1351 2072 1448 2137 rudes
1478 2073 1649 2160 neophitos
1680 2074 1722 2137 ed
1741 2101 1801 2140 me.

71 2191 161 2244 tante
186 2179 352 2266 dignitatis
375 2181 503 2266 apicem
526 2177 688 2265 oportebit
711 2180 907 2264 promoveri·

179 2287 346 2351 Isidorus3
368 2309 446 2350 vero
476 2287 537 2350 ait:
569 2285 682 2351 Omnes
712 2289 771 2372 qui
797 2290 833 2350 in
862 2287 1069 2351 ecclesiastici
1095 2290 1270 2352 rathisterii
1295 2287 1451 2376 prodibam
1482 2288 1626 2352 ordinati
1652 2303 1724 2353 sont

70 2397 260 2483 perreroliter
282 2395 394 2459 elerici
415 2397 624 2458 nonrinontor.
675 2393 761 2471 eri⁴
784 2408 839 2458 aot
861 2397 1077 2458 castimoniam
1102 2396 1252 2460 inviolati
1273 2396 1417 2480 corporis
1432 2409 1586 2480 perpetuo
1610 2396 1723 2460 hahere

72 2502 225 2583 strideant,
249 2500 324 2565 ooth
348 2503 442 2565 unitae
464 2502 664 2565 rnominronii
683 2502 808 2565 cinerato
824 2501 1023 2588 foderentur.
1073 2501 1186 2566 Omnis
1209 2523 1287 2565 vero
1312 2499 1450 2565 clericus
1473 2511 1529 2564 aut
1553 2503 1721 2567 continens

29 2609 213 2672 meritant
237 2608 440 2692 coniugatus,
471 2616 526 2670 aut
555 2606 780 2670 fornicarius‘.
828 2605 894 2686 Qui
925 2629 1001 2692 ergo
1030 2609 1219 2693 coniugatos
1251 2606 1405 2691 abiciunt,
1435 2608 1626 2672 fornicarios
1657 2631 1721 2673 non

72 2713 339 2801 reprehendendo
348 2713 372 2795 l,
402 2715 501 2776 immo
525 2713 746 2799 preponendo,
770 2713 854 2777 filios
877 2713 1026 2799 gehenne
1050 2713 1197 2778 efficiunt
1219 2715 1314 2800 ignis.
1360 2713 1428 2779 Ant
1450 2737 1515 2779 non
1539 2715 1720 2796 audierunt,

71 2831 127 2884 aut
143 2820 347 2885 dissimulent
363 2843 397 2883 se
414 2819 553 2900 audisse,
577 2819 758 2906 apostolum
774 2819 952 2884 dicentem:
976 2821 1042 2899 Qui
1058 2822 1187 2887 adheret
1209 2825 1376 2901 meretrici,
1401 2847 1495 2886 terram
1512 2847 1625 2908 corpor
1649 2825 1720 2911 effi·
1740 2846 1890 2896 aconem.

72 2931 164 3010 cr‘tnr,
188 2928 244 3013 qui
267 2925 415 2991 omnibus
438 2925 589 2991 fidelibus
612 2927 769 3013 loquitur:
798 2928 937 2992 rh'escitis
960 2931 1036 3014 poio
1060 2953 1194 3015 corporo
1218 2944 1320 2994 neena
1343 2931 1488 3016 templum
1514 2944 1558 2994 est
1580 2929 1722 3015 Spiritus
1740 2954 1813 2994 mo.

71 3038 176 3099 sanct-i
196 3060 283 3120 qoem
309 3035 427 3100 hahetis
450 3061 469 3099 o
494 3035 570 3098 Deo.
610 3032 706 3098 Unde
731 3043 822 3097 extat
845 3033 1020 3098 conclusio.
1059 3034 1284 3120 Augustinuse
1308 3036 1342 3098 in
1364 3033 1447 3098 libro
1472 3035 1512 3099 de
1536 3034 1622 3098 bono
1646 3058 1720 3100 con-

28 3167 53 3206 ss
71 3141 209 3228 iugali⁵z
242 3140 357 3206 Soracte
389 3166 460 3229 erpo
483 3156 555 3205 enrrt
577 3165 710 3227 corporo
734 3144 969 3228 cooiepotororn
984 3141 1085 3228 fldem
1109 3143 1175 3206 sibi
1195 3155 1223 3206 et
1238 3141 1376 3206 Domino
1398 3145 1599 3207 servantiam.
1648 3141 1720 3222 Quo

72 3250 226 3312 sanctitas
249 3248 394 3312 aufertur
416 3247 598 3312 fornicariis
622 3249 692 3332 ipso
717 3246 863 3332 apostolo
879 3256 1028 3328 testante,
1054 3248 1109 3333 qui
1133 3248 1194 3310 ait:
1217 3248 1343 3312 Tellena
1358 3273 1431 3334 erpo
1447 3250 1585 3313 membra
1602 3248 1724 3313 Christi
1740 3275 1812 3314 mo.

64 3358 195 3444 faciam
225 3357 363 3420 nterahro
393 3357 583 3436 meretricis,
613 3356 715 3428 (absit.
750 3352 794 3416 Et
817 3353 893 3438 quia
923 3356 1024 3418 omnis
1040 3355 1227 3440 fornicator
1250 3379 1311 3418 noo
1335 3355 1425 3419 hahet
1455 3355 1656 3420 hereditatem
1686 3359 1720 3421 ia
1739 3381 1856 3432 apost.

71 3487 165 3550 repno
193 3461 315 3526 Christi
335 3475 363 3526 et
386 3462 459 3540 Dei,
487 3460 548 3524 hoc
572 3461 701 3546 estqui
725 3471 828 3524 estum
851 3458 980 3548 luxurie
1004 3460 1149 3523 devitare
1175 3461 1275 3545 eupit,
1300 3469 1465 3524 ettamen
1489 3458 1719 3526 sublimitatem

72 3569 268 3656 continentie
293 3567 538 3654 apprehendere
555 3577 695 3649 veretur,
719 3590 760 3630 ne
785 3567 866 3630 forte
890 3567 1109 3651 temptationis
1133 3564 1264 3631 morbus
1287 3565 1330 3630 ad
1346 3577 1517 3653 peccatum
1541 3589 1615 3631 eum
1639 3591 1720 3632 mor-

27 3703 54 3741 so
71 3674 134 3738 tale
165 3674 332 3739 detencius
362 3674 483 3756 trahat,
514 3675 787 3738 incontinenciam
818 3695 911 3736 suem
940 3671 1085 3758 legitimo
1115 3672 1257 3737 refrenet
1287 3673 1448 3758 coniugio,
1480 3685 1512 3737 et
1543 3673 1722 3739 salvabitur

71 3782 180 3845 anima
203 3783 282 3845 eiua.
330 3782 455 3846 Deerat
486 3782 572 3845 enim
602 3783 765 3868 coniopoie
795 3795 839 3845 est
867 3783 995 3844 caet-itae
1010 3780 1211 3866 procreandi
1231 3795 1259 3845 et
1280 3780 1439 3845 reddendi
1459 3782 1601 3846 earnalis
1625 3783 1724 3847 debiti

63 3889 167 3975 fides,
196 3889 252 3953 hoc
282 3903 326 3952 est
354 3913 432 3974 opos
462 3891 655 3974 noptiornm,
686 3889 742 3952 hoc
769 3889 808 3952 ab
832 3889 920 3952 omni
940 3890 1072 3951 crimine
1095 3887 1241 3974 defendit
1263 3889 1422 3974 apostolos
1446 3888 1597 3954 dicendo:
1626 3889 1670 3954 Et
1691 3892 1724 3954 si
1740 3913 1887 3964 resonas.

71 3998 230 4081 acceperis
253 4019 390 4073 tenorem,
414 4019 475 4059 oon
487 3997 635 4080 peccasti.
675 3994 785 4059 Sient⁷
809 3993 917 4057 enims
942 3996 1124 4080 temporalis
1146 3996 1268 4058 sanitas
1292 4009 1319 4058 et
1342 3995 1543 4060 imbecillitas
1566 4020 1627 4059 non
1650 4011 1722 4062 sont

72 4102 133 4166 doro
157 4102 253 4182 molo,
277 4126 409 4188 qnorum
432 4102 563 4166 alteram
587 4104 629 4166 sit
644 4105 751 4188 peina,
775 4100 850 4165 sedf
867 4103 988 4165 sortitam
1012 4115 1039 4164 et
1062 4100 1273 4164 inmortalitas
1298 4101 1360 4165 dno
1381 4102 1460 4166 boma
1484 4115 1565 4181 sont,
1589 4127 1720 4186 qnorum

26 4235 52 4275 aa
70 4209 224 4272 alterom⁸
247 4212 289 4274 sit
303 4210 425 4288 melios,
449 4211 520 4272 item
536 4211 667 4272 scientia
691 4222 719 4272 et
735 4207 888 4272 vanitosl.
908 4255 915 4269 .
933 4255 939 4269 .
959 4257 965 4270 .
983 4206 1058 4270 Non
1074 4205 1155 4270 dimi
1181 4207 1267 4270 molo
1289 4222 1362 4271 sont
1376 4209 1541 4272 cenobium
1565 4222 1593 4272 et
1608 4209 1719 4296 forni-

70 4317 162 4396 catio,
185 4339 317 4400 quornm
340 4317 471 4380 alternat
495 4317 537 4378 ait
555 4318 659 4400 peios,
681 4315 739 4378 sed
761 4314 822 4378 dno
846 4315 926 4377 hona
949 4327 1020 4378 sont
1043 4314 1207 4377 coneha-'om
1230 4311 1321 4400 [etl]
1346 4316 1565 4395 *continencia
1589 4339 1719 4400 qaorum
1739 4339 1817 4381 *rest

70 4422 202 4486 alteram
225 4436 270 4486 est
292 4423 411 4486 melios.
460 4419 525 4500 Qui
549 4442 626 4506 ergo
650 4418 832 4484 venialibus
856 4420 1102 4504 coniugatorum
1132 4420 1277 4504 peccatis
1308 4430 1473 4505 tamquam
1498 4419 1720 4484 criminalibus

70 4528 298 4592 conmunicare
322 4527 445 4608 nolunt,
470 4537 502 4591 et
525 4526 747 4591 criminalibus
765 4526 996 4590 fornicatorum
1017 4524 1144 4590 delictis
1167 4535 1333 4612 tamquam
1351 4523 1533 4590 venialibus
1557 4537 1589 4591 et
1612 4526 1719 4592 dome-

71 4634 159 4698 sticis
183 4655 351 4697 assensum
375 4631 521 4719 prebent,
551 4633 699 4697 incidunt
728 4635 762 4696 in
789 4632 933 4697 illudve
957 4631 1044 4718 quod
1069 4631 1148 4696 dicit
1170 4632 1305 4696 Esaias:
1338 4633 1379 4698 Va
1409 4635 1496 4698 vobr's
1526 4637 1586 4720 qai
1613 4635 1721 4700 dicitis
1740 4661 1864 4711 nosse.

25 4769 53 4807 m
70 4742 183 4805 honum
206 4742 334 4821 mahom,
358 4755 386 4806 et
408 4743 526 4805 matam
550 4743 670 4805 borram.
717 4739 761 4803 Et
784 4740 817 4802 in
841 4738 921 4802 illud
944 4738 1098 4824 apostoli:
1126 4738 1282 4816 Quoniam
1306 4739 1400 4827 dipni
1422 4755 1495 4804 sont
1523 4756 1630 4822 morte,
1660 4766 1720 4806 raon
1740 4768 1874 4818 sorano.

176 4955 203 5018 a)
225 4959 434 5009 communionem
452 4975 472 5008 a.
543 4955 572 5020 b)
594 4957 822 5008 estromenta.
885 4955 910 5018 c)
931 4957 1075 5008 fornicaris
1094 4974 1114 5007 c.
1178 4953 1206 5018 d)
1228 4956 1397 5022 reprehendo
1417 4974 1437 5008 c.
1493 4954 1518 5019 e)
1540 4958 1681 5024 Angustus
1699 4977 1720 5011 c.

68 5045 90 5109 s)
111 5049 164 5098 ista
182 5047 242 5097 odd
257 5049 323 5114 rlnp.
389 5045 418 5112 g)
440 5046 505 5098 altr'r‘r
523 5063 544 5097 c.
608 5045 725 5111 h)o1md
744 5047 915 5112 Arcpostinam
933 5047 978 5096 cal.
992 5047 1051 5096 324.
1070 5055 1208 5112 remeatur
1225 5045 1300 5096 hoec:
1319 5063 1375 5097 non
1395 5047 1450 5097 duo
1470 5046 1542 5097 mala
1561 5054 1633 5108 sunt,
1653 5065 1719 5113 qno·

69 5153 128 5186 rum
142 5139 248 5188 vanitas
268 5138 354 5204 peius,
374 5138 421 5186 sed
440 5138 557 5186 scientia
577 5143 604 5186 ot
623 5137 722 5186 caritas
742 5136 796 5186 duo
815 5137 887 5187 bona
907 5141 977 5194 suut,
998 5150 1114 5200 quorum
1128 5136 1228 5184 caritas
1247 5134 1353 5195 melius,
1373 5153 1436 5201 quae
1453 5136 1493 5186 hic
1502 5135 1610 5200 formose
1628 5138 1720 5188 roeme-

67 5235 137 5276 root.
210 5225 230 5288 i)
251 5243 363 5276 ‹nr-mex
382 5227 427 5275 dio
446 5243 467 5276 c.
541 5222 569 5284 k)
592 5231 718 5275 atoma.

22 5444 51 5484 m
178 5424 207 5496 1)
234 5425 326 5501 Epist.
347 5425 396 5494 14,
421 5444 444 5480 c.
465 5424 513 5494 15,
539 5423 582 5480 ed.
607 5423 685 5480 Thiel
701 5443 734 5499 p.
754 5422 831 5490 371,·
856 5421 1009 5479 Hinschine
1027 5443 1060 5497 p.
1079 5422 1152 5478 652.
1246 5421 1275 5492 2)
1303 5421 1334 5481 C.
1357 5423 1387 5492 5,
1414 5423 1521 5494 Monoi,
1548 5423 1616 5482 Call.
1642 5445 1718 5481 (rone.

69 5531 109 5602 ΙΙ,
133 5534 183 5590 col.
202 5531 276 5588 679.
373 5529 403 5606 3)
427 5531 473 5586 De
495 5530 645 5588 ecclesiast.
670 5529 748 5608 offic.
774 5531 792 5586 l.
810 5529 850 5598 Il,
876 5549 898 5585 c.
920 5530 946 5598 l,
973 5527 1047 5604 Opp.
1073 5530 1114 5585 ed.
1140 5529 1279 5586 Areoalos
1302 5529 1348 5599 VI,
1370 5550 1402 5605 p.
1421 5530 1494 5587 413.
1588 5529 1618 5604 4)
1644 5531 1717 5588 Ihid.

68 5659 92 5694 c.
111 5639 139 5710 2,
164 5640 181 5695 l.
200 5640 217 5694 l.
236 5658 269 5713 p.
288 5638 361 5694 414.
447 5634 478 5712 b)
503 5635 534 5695 O.
555 5637 604 5706 11,
629 5633 717 5708 §ld
744 5635 817 5712 Opp.
843 5637 884 5691 cd.
909 5634 1021 5720 Bcrred.
1043 5635 1090 5704 VI,
1116 5637 1165 5692 col.
1185 5635 1257 5692 327.
1355 5636 1386 5704 6)
1412 5637 1485 5693 Ibid.
1512 5657 1534 5693 c.
1556 5638 1604 5708 ll,
1629 5634 1648 5711 ξ
1669 5639 1717 5708 12,

68 5747 118 5803 cel.
137 5744 210 5802 327.
303 5745 333 5815 l)
358 5745 429 5802 lhid.
454 5765 477 5800 r.
496 5745 524 5815 s,
549 5739 615 5817 §th
640 5745 690 5800 col.
710 5743 783 5798 324.
806 5742 907 5799 ordine
930 5750 1043 5799 circlate.
