4396 6390
485 403 549 464 440
775 408 955 464 GERHOHI
976 407 1209 464 PRAEPOSITI
1231 407 1636 466 REICHERSBERGENSIS
1660 408 1825 464 LIBELLI.

866 603 900 659 A.
1710 603 1747 659 B.

307 690 466 794 „qufllj
485 701 679 789 quibusdam
707 701 948 784 contradicitur,
977 723 1074 787 quarn
1104 725 1147 765 ex
1175 702 1278 766 inten·
1399 701 1494 766 Absit
1533 713 1639 766 autem
1678 724 1697 766 a
1735 709 1945 765 sacrosancta
1981 699 2104 767 Romana

483 809 570 873 tione
594 820 691 894 atque
714 806 847 872 consilio
863 807 1012 894 Eugenio
1037 830 1141 894 papae
1161 809 1194 871 in
1217 807 1277 872 hoc
1333 808 1493 874 aecclesia
1537 806 1610 872 talis
1648 807 1776 872 macula
1814 816 1847 870 et
1885 828 1983 891 ruga,
2022 807 2105 891 qualis

483 925 622 980 tractatu
651 915 887 1000 proposuimus,
916 925 951 978 ut
981 915 1049 978 eius
1077 916 1110 978 in
1140 914 1201 978 hac
1225 913 1277 978 vel
1331 916 1460 979 nomine
1484 915 1593 978 curiae
1624 915 1767 979 notatur!
1816 911 1914 994 Quod
1937 933 2053 976 nomen
2071 913 2107 977 his

320 1045 464 1095 uicinius.
483 1017 624 1086 tenenda
647 1021 699 1084 vel
723 1043 787 1084 non
809 1020 951 1084 tenenda
974 1019 1128 1084 iudicium
1153 1031 1276 1084 tenere·
1332 1022 1387 1108 qui
1410 1020 1559 1086 mollibus
1583 1021 1764 1085 vestiuntur
1788 1030 1820 1083 et
1846 1019 1881 1082 in
1905 1016 2054 1082 domibus
2073 1042 2110 1083 rc·
2124 1039 2173 1086 a

483 1150 564 1208 mus,
589 1148 785 1213 quamquam
808 1126 971 1191 Romanos
998 1125 1168 1212 pontifices
1196 1127 1276 1190 anti-
1331 1151 1407 1214 gum
1424 1137 1507 1208 sunt,
1525 1139 1621 1213 atque
1637 1125 1799 1190 iudicibus
1814 1125 1941 1189 cunctis
1958 1125 1992 1187 in
2008 1123 2112 1189 iudicio

483 1257 564 1320 quos
594 1234 628 1296 in
651 1233 765 1296 eadem
796 1234 955 1296 sententia
985 1231 1078 1297 nobis
1109 1245 1276 1297 consenta-
1331 1235 1497 1320 sanguinis
1522 1243 1737 1319 cooperantur
1759 1231 1803 1296 ad
1825 1230 2008 1295 vindictam
2030 1231 2114 1294 male-

482 1361 561 1404 neos
584 1338 787 1420 haberemus,
812 1340 917 1403 coacti
941 1361 1050 1403 sumus
1067 1350 1168 1404 totum
1191 1363 1276 1404 nunc
1331 1341 1503 1420 factorum,
1541 1362 1606 1404 non
1645 1336 1893 1424 inprobabiliter
1931 1334 2115 1417 attribuitur,

483 1446 599 1512 offerre
623 1445 735 1510 lectori
758 1445 971 1532 pensandum,
1001 1445 1088 1532 quod
1117 1455 1193 1510 tunc
1222 1445 1276 1510 ob·
1331 1449 1416 1511 sicut
1453 1445 1528 1511 olim
1567 1447 1693 1509 senatui
1729 1445 1875 1509 Romano
1915 1441 2117 1528 congruebat,

483 1553 613 1618 tulimus
629 1551 774 1616 Romano
790 1552 936 1638 pontifici
959 1551 1212 1634 diiudicandum,
1232 1563 1276 1635 ut,
1332 1553 1461 1639 quando
1490 1551 1550 1616 sub
1573 1551 1735 1616 iudicibus
1759 1552 1873 1615 cinctis
1882 1561 1907 1632 ⁸,
1936 1551 2118 1634 inperatori·
2135 1581 2163 1616 r·

483 1661 561 1746 quia
582 1658 636 1723 ille
660 1669 788 1744 gratum
812 1669 843 1723 et
866 1671 972 1723 ratum
998 1658 1111 1723 habuit
1135 1659 1221 1746 quod
1244 1661 1277 1724 in
1331 1659 1402 1742 bus,
1419 1657 1638 1741 dictatoribus,
1655 1657 1852 1738 consulibus,
1867 1678 1934 1720 non
1950 1653 2042 1720 urbis
2058 1667 2119 1718 tan-

330 1765 544 1840 aom.s‚1s.hoc
574 1774 713 1829 tractatu
736 1787 756 1828 a
779 1764 872 1830 nobis
901 1765 1089 1846 affirmatur,
1118 1788 1212 1830 omne
1242 1788 1276 1830 os
1331 1779 1408 1848 tum,
1429 1766 1486 1830 sed
1503 1777 1536 1829 et
1550 1763 1637 1829 orbis
1653 1765 1830 1829 dominium
1847 1762 1910 1826 sibi
1926 1759 2118 1826 vendicavit

483 1868 668 1936 obstruatur
684 1873 846 1936 contraria
861 1871 1046 1936 docentium
1063 1883 1094 1936 et
1110 1870 1278 1936 roboretur
1331 1873 1454 1936 Verum
1485 1873 1562 1958 quia
1591 1871 1685 1936 sedes
1715 1881 1792 1935 tunc
1826 1867 2007 1955 imperialis
2041 1890 2120 1930 nunc

482 1977 563 2042 fides
587 1978 752 2043 hominum
771 1977 934 2042 hominem
956 1979 990 2042 in
1005 1978 1078 2043 Deo
1095 1978 1276 2064 glorifican-
1330 1979 1417 2043 facta
1452 1989 1501 2043 est
1539 1978 1730 2064 apostolica,
1766 1975 1842 2041 dum
1877 1974 2059 2039 Antiochus
2092 1983 2120 2037 et

482 2087 572 2166 tium,
597 2085 694 2149 immo
718 2107 738 2148 a
760 2085 857 2148 Patre
881 2107 1005 2149 summo
1029 2107 1153 2172 summe
1181 2083 1276 2170 glori-
1331 2085 1449 2150 Remus
1496 2082 1678 2149 concedunt
1717 2083 1814 2148 Petro
1861 2082 1953 2167 regni
2002 2080 2119 2160 solium,
2137 2111 2173 2154 t

482 2192 614 2256 ficatum
648 2193 872 2255 venerantium
907 2202 940 2254 et
973 2191 1176 2271 adoratione,
1212 2213 1277 2277 qua
1331 2191 1466 2256 cedente
1491 2213 1618 2277 quoque
1648 2191 1843 2276 imperatore
1867 2187 2120 2253 Constantinoa

482 2297 568 2363 solus
583 2297 676 2361 Dens
693 2307 742 2361 est
757 2296 941 2362 adorandus
957 2297 1171 2379 adorantium,
1193 2299 1276 2361 sicut
1331 2299 1433 2362 Roma
1464 2297 1589 2362 seniore
1620 2296 1662 2360 ad
1691 2318 1818 2378 novam,
1844 2317 1942 2381 quam
1967 2292 2119 2359 Constan-

483 2403 578 2470 docet
608 2403 788 2467 Effesinurn
821 2404 993 2468 concilium
1004 2408 1024 2486 ¹,
1056 2405 1147 2468 cuius
1178 2403 1274 2487 dicta,
1331 2403 1497 2490 tinopolim
1521 2427 1540 2468 a
1563 2427 1620 2468 suo
1649 2404 1776 2469 nomine
1800 2404 1942 2484 vocavit,
1974 2424 2040 2466 non
2067 2403 2119 2466 im·

482 2512 635 2597 quoniam
651 2509 732 2574 alias
748 2511 923 2596 posuimus,
949 2511 1000 2575 hic
1018 2509 1196 2598 repetenda
1210 2533 1275 2574 non
1330 2512 1445 2576 merito
1482 2511 1517 2575 in
1544 2505 1632 2574 urbe
1666 2509 1770 2575 Roma
1806 2508 2038 2596 preferendum
2075 2519 2119 2571 est

481 2627 642 2704 putamus.
688 2616 770 2680 Item
801 2639 884 2702 quae
915 2617 955 2680 de
985 2616 1174 2702 pontificum
1204 2640 1275 2704 pro·
1331 2639 1449 2681 nomen
1479 2616 1657 2681 aecclesiae
1681 2616 1801 2681 nomini
1825 2616 1945 2696 curiae,
1972 2614 2120 2701 quoniam

315 2715 462 2804 [Detsena-
482 2721 677 2788 motionibus
708 2723 844 2809 aliisque
875 2724 1028 2786 institutis
1059 2722 1102 2787 ad
1125 2723 1276 2788 decorem
1331 2734 1364 2787 et
1387 2723 1429 2804 hi,
1453 2725 1509 2809 qui
1528 2745 1613 2788 nunc
1632 2725 1666 2787 in
1683 2745 1722 2787 ea
1737 2745 1771 2786 se
1787 2723 1911 2786 faciunt
1926 2733 2092 2786 senatores
2101 2727 2120 2801 ²,

327 2787 450 2855 tonnus]
483 2830 596 2895 domus
620 2829 685 2893 Dei
708 2829 944 2916 pcrtinentibus
974 2830 1039 2893 iam
1062 2828 1149 2894 dicto
1172 2832 1275 2916 ponti·
1332 2831 1392 2894 etsi
1415 2828 1558 2895 habeant
1572 2839 1763 2916 potestatem
1780 2830 1849 2892 sine
1870 2828 2040 2914 sanguinis
2057 2829 2121 2892 vin-

481 2937 536 3001 fioi
552 2937 696 3000 Romano
716 2947 855 3001 tractatu
878 2935 994 3021 psalmi
1017 2937 1111 3000 huius
1134 2939 1276 3001 insinua·
1330 2937 1418 3002 dicta
1440 2936 1601 3001 tractandi
1625 2947 1657 3000 et
1682 2934 1849 3000 iudicandi
1872 2957 1990 3000 causas
2013 2934 2123 2998 civiles

482 3039 597 3124 vimus,
614 3043 766 3131 quoniam
791 3040 853 3106 sibi
877 3042 918 3107 ab
934 3044 1005 3129 ipso
1021 3043 1210 3130 approbata,
1235 3067 1275 3108 ue
1332 3055 1363 3108 et
1386 3043 1458 3108 lites
1474 3044 1630 3124 forenses,
1647 3041 1919 3130 quemadmodum
1935 3041 2034 3106 docet
2050 3041 2139 3105 bea—

483 3150 555 3237 quis
586 3171 625 3214 ea
654 3159 745 3234 putet
775 3149 1034 3236 contempnenda
1062 3150 1116 3213 vel
1148 3149 1276 3214 convel-
1331 3159 1382 3214 tus
1398 3150 1513 3214 Petrus
1536 3151 1570 3214 in
1594 3149 1794 3214 ordinatione
1811 3147 1990 3213 Clementis
2001 3152 2022 3229 ⁸,
2048 3157 2150 3211 atta—

483 3255 587 3336 lenda,
618 3277 682 3320 non
712 3256 817 3342 piguit
846 3278 904 3320 nos
933 3256 987 3320 hic
1017 3257 1170 3337 inserere,
1200 3258 1276 3343 qnia
1331 3279 1405 3320 men
1421 3256 1595 3343 grandiora
1606 3254 1706 3321 Urbis
1723 3265 1755 3320 et
1770 3254 1857 3320 orbis
1873 3255 2007 3340 negotia
2031 3253 2159 3340 longe

482 3361 590 3426 hostes
602 3361 811 3444 Iherusalem,
829 3364 917 3426 cives
931 3361 1098 3427 Babilonis
1111 3386 1175 3428 non
1186 3364 1277 3450 piget
1331 3363 1593 3449 superexcedunt
1620 3384 1730 3427 eorum
1760 3361 1881 3426 iudicia
1911 3371 2162 3446 spectantque-¹.⁵

481 3467 532 3532 his
556 3469 717 3532 contraria
741 3467 858 3532 docere
882 3468 936 3534 vel
959 3491 1067 3555 agere.
1332 3468 1374 3533 ad
1389 3470 1568 3534 Romanum
1584 3469 1769 3556 pontificem
1789 3470 1858 3533 sive
1881 3467 1968 3532 illius
1984 3469 2168 3532 vicarios

693 3575 776 3639 Lino
793 3587 825 3638 et
840 3573 932 3640 Oleto
957 3574 1150 3656 consimiles,
1175 3577 1204 3640 ei
1227 3586 1383 3662 tanquam
1402 3574 1497 3640 beato
1513 3577 1611 3640 Petro
1627 3575 1764 3640 fideliter
1780 3585 2010 3662 cooperantes3
2036 3576 2157 3639 item-

695 3703 757 3767 que
782 3681 824 3746 ad
847 3681 1065 3747 Romanorum
1089 3683 1316 3769 imperatorem
1339 3683 1408 3748 sive
1437 3681 1523 3747 illius
1547 3683 1704 3747 vicarium
1727 3679 1817 3746 urbis
1842 3681 2051 3768 prefectum,
2073 3683 2153 3767 qui

695 3786 736 3852 de
759 3809 819 3852 sua
842 3788 999 3873 dignitate
1015 3790 1149 3875 respicit
1163 3799 1344 3875 utrumque,
1361 3788 1514 3853 videlicet
1530 3788 1681 3853 domnum
1697 3811 1825 3875 papam,
1850 3788 1903 3852 cui
1927 3787 2008 3852 facit
2027 3788 2142 3852 homi-

693 3895 793 3976 nium,
811 3905 843 3958 et
861 3894 1014 3959 domnum
1037 3897 1273 3981 imperatorem,
1299 3918 1397 3982 aquo
1414 3896 1534 3982 accipit
1554 3917 1631 3960 suae
1647 3895 1814 3981 potestatis
1838 3895 1978 3980 insigne,
2003 3893 2142 3959 scilicet

694 4011 841 4065 exertum
866 4001 1008 4086 gladium
1017 4005 1039 4065 ⁴.

800 4106 892 4172 Sicut
915 4109 1000 4172 enim
1024 4107 1066 4190 hi,
1092 4129 1227 4194 quorum
1250 4109 1384 4173 interest
1407 4109 1585 4173 exercitum
1605 4130 1718 4194 campo
1743 4106 1886 4188 ductare,
1911 4129 2058 4194 congrue
2081 4108 2123 4172 in·

693 4215 876 4278 vestiuntur
894 4237 953 4300 per
968 4213 1133 4296 vexillum,
1158 4215 1205 4278 sic
1221 4237 1286 4279 non
1307 4213 1497 4279 indecenter
1520 4237 1562 4280 ex
1584 4216 1757 4300 longousu
1779 4215 1943 4300 prefectus
1960 4213 2062 4279 Urbis
2085 4213 2118 4279 ab
2131 4236 2173 4278 ι

693 4318 943 4408 imperatoribus
967 4321 1173 4405 cognoscitur
1202 4321 1371 4386 investitus
1400 4343 1460 4408 per
1482 4320 1625 4408 gladium
1649 4331 1761 4386 contra
1782 4321 2010 4386 malefactores
2027 4319 2117 4386 Urbis

694 4437 852 4508 exertum,
876 4437 911 4491 ut
933 4426 1087 4491 videlicet
1116 4425 1224 4512 gladio
1254 4427 1397 4514 legitimo
1427 4438 1563 4514 pereant
1592 4429 1647 4514 qui
1677 4427 1820 4513 gladium
1850 4449 1915 4491 non
1944 4425 2117 4512 legitimum

318 4524 370 4592 [De
382 4529 463 4579 Urbis
693 4534 892 4620 accipientes
912 4531 1092 4597 vindictam
1114 4534 1280 4618 sanguinis
1303 4544 1424 4598 temere
1447 4544 1613 4620 usurpant.
1659 4533 1827 4598 Profectus
1851 4556 1929 4597 vero
1947 4533 2048 4598 Urbis
2071 4533 2118 4598 de-

306 4594 463 4714 rliiliilil
695 4662 793 4726 super
816 4639 878 4704 sibi
901 4639 977 4703 dato
1001 4638 1109 4725 gladio
1137 4648 1213 4704 tunc
1236 4639 1379 4726 legitime
1409 4641 1508 4704 utitur
1530 4639 1573 4704 ad
1594 4639 1772 4705 vindictam
1800 4639 1968 4721 malorum,
1996 4639 2120 4705 laudem

695 4768 772 4810 vero
795 4745 962 4827 bonorum,
988 4745 1117 4832 quando
1141 4744 1260 4809 exinde
1290 4756 1356 4809 tam
1386 4745 1503 4810 domno
1527 4769 1642 4834 papae,
1668 4769 1764 4833 quam
1788 4745 1906 4812 domno
1935 4747 2119 4832 imperatori
2134 4764 2173 4808 ot

695 4851 738 4915 ad
760 4850 1037 4917 honorificandum
1062 4851 1284 4916 sacerdocium
1308 4863 1341 4916 et
1362 4853 1533 4939 imperium
1556 4852 1737 4936 famulatur,
1761 4855 1922 4940 promissa
1944 4852 1999 4917 vel
2021 4854 2120 4917 iurata

694 4960 822 5044 utrique
844 4957 999 5022 fidelitate
1023 4979 1062 5023 ac
1086 4968 1215 5022 servata
1241 4959 1326 5022 inter
1349 4980 1404 5022 eos
1428 4958 1485 5022 tali
1508 4957 1723 5042 distinctione,
1748 4959 1852 5046 qualis
1877 4970 1925 5024 est
1952 4959 2120 5024 interduo

693 5063 865 5128 luminaria
891 5069 1041 5150 magna⁵,
1070 5086 1133 5152 que
1156 5063 1248 5128 Deus
1278 5065 1323 5128 ita
1353 5066 1476 5130 creavit
1506 5077 1538 5130 et
1568 5064 1738 5148 ordinavit,
1762 5075 1797 5130 ut
1820 5065 1957 5130 alterum
1979 5077 2125 5152 preesset

588 5261 614 5327 a)
635 5281 698 5316 corr.
716 5282 747 5316 en
765 5267 870 5316 cunctis
889 5265 922 5316 B.

494 5495 495 5498 Ἴ
592 5426 620 5497 1)
647 5425 696 5500 Of.
721 5427 790 5502 Syn.
816 5429 922 5504 mpla.
948 5449 970 5486 c.
996 5429 1024 5499 8,
1051 5429 1151 5487 Manui
1174 5428 1242 5488 Coll.
1267 5449 1342 5487 conc.
1363 5428 1427 5499 VII,
1452 5430 1502 5486 col.
1528 5429 1584 5500 su·
1614 5428 1767 5488 Hinscbias
1784 5450 1817 5506 Ρ.
1841 5429 1914 5486 280.
2025 5429 2055 5500 2)
2078 5429 2173 5486 Det!

481 5542 580 5592 screatu
601 5534 726 5592 restituto
749 5554 774 5592 o.
794 5535 825 5591 V.
842 5534 999 5594 innocentii
1013 5535 1053 5593 ΙΙ.
1078 5537 1121 5594 ed.
1138 5536 1296 5605 Daciam,
1314 5535 1400 5593 Liber
1408 5536 1518 5612 ponb'f.
1535 5536 1576 5607 II,
1594 5556 1627 5612 Ρ.
1647 5537 1708 5593 385
1717 5558 1727 5606 ,·
1752 5535 1859 5594 Ottonir
1876 5536 2003 5614 Fmanp.
2019 5535 2119 5595 Otroia

488 5640 552 5712 VII,
578 5661 600 5696 c.
620 5640 670 5697 27.
747 5639 778 5710 3)
804 5638 852 5713 Os.
869 5641 1022 5699 ffinsclsius
1039 5661 1073 5717 Ρ.
1092 5642 1143 5698 32.
1212 5641 1243 5712 4)
1270 5639 1317 5714 Os.
1336 5642 1382 5700 De
1404 5643 1528 5720 investiy.
1546 5643 1711 5700 Antiati-isti
1726 5643 1749 5713 1,
1775 5663 1797 5700 c.
1816 5643 1866 5713 37,
1890 5663 1982 5720 supra
1998 5663 2032 5720 Ρ.
2050 5642 2118 5699 344.

483 5745 514 5816 5)
539 5745 671 5804 Eandem
693 5746 929 5823 comparationem
951 5767 977 5805 v.
1000 5767 1091 5824 supra
1107 5768 1142 5824 p.
1160 5747 1232 5804 282.
