4386 6390
460 367 523 430 594
874 375 1108 434 TRACTA'I'US
1132 378 1208 435 PRO
1234 378 1488 436 CLERICORUM
1512 377 1698 435 CONUBiO.

459 559 587 646 vulgari
617 564 804 647 protervis·
827 563 992 646 feriantur,
1022 587 1181 630 canonum
1212 567 1382 648 sententia,
1412 589 1477 632 non
1507 565 1663 630 laicorum
1687 565 1826 629 insania.
1870 563 2039 628 Doceadus
2065 581 2100 629 est

460 671 542 732 eru‘m
562 671 711 755 populus,
736 668 900 758 Celestino
924 676 1032 758 papa¹
1054 681 1203 756 testante,
1227 699 1287 738 aaa
1310 674 1492 760 sequendus.

567 774 661 839 Nunc
684 798 762 840 vero
786 789 975 863 prepostero
999 778 1111 843 ordine
1138 781 1172 843 in
1196 777 1341 866 qualibet
1364 779 1519 865 parochia
1542 801 1640 864 super
1662 801 1762 842 unum
1786 776 1956 841 infelicem
1980 775 2101 863 presby·

363 902 441 944 uae.
460 890 564 944 terum
589 881 688 967 quotl
712 893 787 946 sunt
811 885 945 966 'rustici
977 895 1024 949 tot
1054 896 1128 950 sunt
1157 885 1388 968 archidiaconi,
1414 907 1509 972 quem
1534 887 1620 950 enirn
1650 907 1710 950 nec
1734 894 1874 970 tangere
1906 905 1970 947 nec
1995 881 2103 966 ledere,

281 987 580 1060 er.a0a.1,ao.immo⁰
605 989 658 1052 cui
681 1011 796 1074 parere
821 999 853 1053 ct
876 989 1030 1055 honorem
1047 991 1173 1056 deferre
1190 991 1381 1057 debuerant.
1416 991 1658 1073 Contumeliosi,
1683 990 1826 1077 superbi,
1852 990 1933 1054 elati
1956 989 2128 1074 insidiaris

462 1093 642 1176 detrahere,
667 1094 880 1160 dehonestare
904 1107 1001 1184 atque
1026 1097 1155 1164 abicere
1179 1122 1244 1164 non
1267 1109 1405 1164 cessant.
1451 1098 1548 1164 Unde
1571 1097 1608 1162 fit
1631 1098 1671 1162 de
1695 1097 1774 1162 villa
1797 1097 1839 1163 ad
1864 1095 1979 1161 villam
2004 1107 2106 1161 contra

461 1210 580 1264 statuta
603 1223 763 1266 canonum
788 1213 820 1267 et
842 1203 974 1268 decreta
998 1215 1126 1291 patrum
1149 1205 1204 1270 illa
1227 1206 1380 1291 frequens
1403 1205 1608 1270 sacerdotum
1637 1205 1877 1286 transmutati0,
1908 1205 1996 1267 sicut
2020 1205 2106 1286 enim,

321 1329 442 1378 nouas.
460 1317 496 1371 ut
519 1308 564 1370 ait
587 1309 761 1394 apostolus,
793 1313 906 1376 rnulr'er
935 1313 1052 1377 uiuente
1082 1316 1196 1377 marito
1224 1313 1369 1378 adraltcro
1394 1313 1564 1392 iudicatur,
1593 1315 1627 1376 si
1639 1315 1749 1402 fuerit
1770 1337 1840 1376 cum
1865 1313 1934 1376 alio
1960 1313 2042 1391 viro,
2069 1312 2108 1374 its

461 1414 601 1478 ecclesia
624 1415 815 1502 presbytero
840 1415 902 1480 sibi
926 1417 995 1482 iure
1020 1440 1184 1501 concesso,
1209 1419 1236 1483 si
1260 1441 1333 1484 eum
1356 1419 1474 1485 iniuste
1497 1417 1695 1505 reprobabit,
1726 1416 1875 1482 adultera
1900 1427 1961 1498 est,
1991 1418 2019 1480 si
2041 1439 2108 1480 con·

343 1541 443 1592 resur.
461 1521 627 1584 mittatur‘¹
651 1544 689 1586 eo
713 1523 844 1586 vivente
875 1523 980 1588 alieno
1011 1523 1215 1611 presbytero.
1263 1525 1471 1611 Quapropter
1493 1547 1605 1589 omnes
1629 1535 1725 1588 sunt⁰
1749 1523 1892 1588 adulteri
1917 1535 1951 1588 et
1974 1546 2108 1610 nequam
2123 1549 2143 1588 a

461 1637 551 1691 cetus
575 1629 862 1715 prevaricatorum.
908 1630 951 1695 Et
974 1629 1035 1695 hec
1059 1642 1109 1696 est
1132 1655 1151 1695 a
1173 1632 1334 1696 Paterinis
1359 1645 1429 1696 orta
1452 1631 1633 1696 dissensio²
1655 1641 1687 1696 et
1709 1632 1798 1696 facta
1822 1653 1990 1696 canonum
2014 1641 2108 1694 trans·

461 1735 594 1818 gressio,
619 1735 675 1821 qui
699 1734 775 1798 dum
800 1757 834 1800 sc
858 1736 967 1821 legum
992 1737 1143 1802 custodes
1167 1739 1262 1802 altius
1286 1738 1390 1802 videri
1414 1739 1535 1820 volunt,
1560 1737 1641 1824 legis
1664 1739 1835 1802 veritatem
1861 1738 2107 1802 convertrmtin

461 1863 613 1904 errorem.
653 1839 737 1905 Nam
762 1843 909 1928 quamvis
933 1845 1101 1908 verissime
1125 1844 1295 1934 predicent
1320 1845 1524 1910 sacerdotiun
1547 1844 1756 1926 mundiciam,
1779 1843 1982 1908 falsissimet
2006 1853 2106 1907 tamen

461 1946 681 2033 dogmatizant
705 1971 815 2013 eorum
845 1971 959 2035 preces
984 1961 1016 2014 et
1038 1953 1210 2016 missarum
1241 1951 1431 2038 sollempnia
1460 1949 1581 2016 debere
1612 1948 1780 2037 reprobari
1810 1961 1948 2036 propter
1978 1949 2106 2014 alicuius

461 2055 647 2140 suspitionis
677 2055 855 2120 infamiam.
901 2055 1005 2121 Adest
1028 2081 1106 2122 vero
1130 2058 1183 2122 vel
1207 2060 1380 2144 pertinatia
1407 2059 1652 2144 pervicatiamss,
1683 2080 1744 2122 nec
1774 2057 1893 2122 minori
1924 2057 2140 2143 insipientias

461 2160 631 2247 predicant
646 2161 729 2226 filios
754 2161 945 2228 clericorum
971 2164 1013 2228 ad
1029 2187 1138 2230 sacros
1156 2166 1307 2230 ordinesh
1323 2165 1507 2252 promoveri
1523 2164 1576 2229 vel
1592 2163 1737 2251 quolibet
1749 2163 1976 2229 ecclesiastico
1993 2163 2106 2227 honore

461 2265 638 2332 sublimari.
692 2267 783 2348 Quos
816 2269 983 2356 redarguit
1016 2270 1132 2336 beatus
1163 2271 1364 2358 Augustinus
1398 2273 1432 2335 in
1462 2270 1544 2335 libro
1576 2270 1616 2335 de
1647 2269 1732 2335 bono
1764 2269 1954 2356 coniugali³
1985 2269 2105 2334 dicens:

467 2375 685 2461 Undecumque
713 2377 899 2441 noscantur¹
927 2379 1076 2460 borsines,
1105 2382 1139 2444 si
1159 2379 1237 2444 citio
1255 2395 1423 2466 pareatum
1455 2403 1515 2444 uon
1544 2393 1695 2444 sectentur
1717 2393 1745 2442 ct
1767 2379 1871 2443 Deum
1896 2392 1977 2442 recte
2001 2379 2106 2456 colant,

461 2482 582 2546 horseeti
602 2497 630 2546 et
651 2484 738 2548 sulci
758 2499 855 2548 eruut.
891 2483 935 2548 Et
951 2483 1133 2549 Isidorum:
1161 2485 1226 2562 Qui
1239 2485 1341 2550 Deum
1366 2500 1442 2551 recte
1459 2485 1597 2566 credunt,
1622 2486 1742 2550 arellius
1765 2500 1885 2550 terreae
1898 2487 2105 2570 peueratrbais

461 2590 595 2653 mactilla
618 2591 832 2677 obfuscantur.
874 2588 953 2679 Opci
977 2612 1055 2656 vero
1079 2591 1122 2656 ad
1145 2590 1332 2673 videndum,
1357 2591 1511 2678 surdique
1534 2591 1577 2656 ad
1600 2590 1807 2673 audiendum,
1833 2601 1865 2654 et
1888 2589 1977 2654 tardi
2000 2589 2042 2653 ad
2063 2592 2138 2654 in-sr

460 2692 670 2780 telligendum
698 2697 881 2760 auctoritati
912 2699 1008 2761 ctiam
1033 2697 1177 2763 Romane
1202 2699 1340 2784 ecclesie
1371 2721 1405 2763 se
1435 2699 1594 2762 contraire
1617 2720 1682 2762 non
1706 2699 1857 2778 sentiunt,
1883 2720 1948 2784 que
1974 2696 2014 2760 de
2038 2696 2104 2760 filiis

395 2857 400 2869 .
461 2800 652 2866 clericorum
682 2825 747 2866 non
778 2802 880 2867 solum
911 2804 1105 2890 apostolicos
1129 2807 1226 2887 viros,
1258 2805 1437 2870 sedetiam
1466 2806 1500 2869 in
1524 2804 1728 2870 destmendis
1757 2801 1928 2868 heresibus
1953 2803 2104 2890 gloriosos

461 2917 613 2996 patronos
630 2906 750 2974 habere
767 2909 939 2995 gloriatur:
965 2910 1052 2998 quod
1069 2911 1210 2998 quidem,
1235 2923 1270 2976 ut
1292 2934 1412 2996 negare
1436 2934 1501 2976 non
1516 2921 1661 2998 possunt,
1685 2912 1869 2976 inserantur
1892 2921 2005 2974 nostro
2028 2921 2103 2974 trae

461 3015 542 3079 tatui
565 3015 666 3101 aliqui
690 3016 882 3081 clericorum
905 3016 963 3081 lilii
986 3027 1074 3107 tante
1099 3017 1265 3104 dignitatis
1289 3019 1383 3104 apice
1408 3017 1581 3082 sublimati.

567 3122 780 3212 Bonifatius⁶
795 3128 919 3190 actione
935 3125 1107 3206 Rorucnue,
1131 3149 1170 3190 ecc
1184 3125 1302 3213 putrel
1325 3125 1464 3190 locando
1482 3127 1675 3212 presbytero,
1698 3123 1839 3188 XLIIII.
1863 3146 1884 3188 a
1900 3124 2011 3189 Petra.
2045 3124 2135 3188 Hice

462 3227 595 3315 depulso
612 3229 748 3312 Eulalio,
773 3253 870 3316 quern
886 3230 1045 3296 dissensio
1068 3233 1102 3295 in
1118 3231 1204 3296 clero
1220 3231 1307 3296 facta
1324 3231 1541 3314 ordinaverat,
1567 3232 1758 3296 constitutus
1775 3243 1823 3295 est
1846 3231 2102 3295 aValentiniano

461 3345 493 3400 et
515 3335 661 3401 Honorio
685 3347 822 3422 augusto
846 3336 935 3402 urbis
959 3338 1060 3402 Rome
1085 3339 1266 3425 episcopus.
1313 3338 1378 3402 Hie
1408 3337 1508 3402 multa
1539 3349 1571 3402 et
1599 3337 1748 3424 preclara
1775 3337 1884 3402 edicta
1912 3339 2102 3402 constituens

462 3442 608 3507 ecclesiis
631 3465 691 3528 per
713 3441 827 3507 urbem
849 3443 986 3508 Romam
1009 3443 1260 3509 innumerabilia
1283 3444 1370 3509 dona
1392 3445 1563 3510 concessit.
1603 3445 1719 3510 Fetia⁶
1734 3447 1859 3510 actio-ae
1874 3445 2049 3526 Romanus,
2069 3469 2103 3508 cc

454 3549 569 3635 patre¹
595 3551 703 3615 Felice
719 3553 914 3638 presbytero,
937 3551 975 3614 L.
1000 3573 1019 3614 a
1042 3551 1149 3616 Petro.
1196 3551 1260 3616 Hic
1284 3551 1452 3616 damnavit
1475 3553 1645 3638 episcopos
1660 3549 1864 3616 Acchahium
1881 3549 2101 3616 Constantino-

460 3655 638 3741 politanum
655 3663 687 3720 et
702 3656 834 3720 Petrum
850 3656 1109 3722 Alexandrinum
1125 3658 1295 3722 hereticos.
1331 3659 1511 3746 ApupiteaI
1526 3662 1650 3724 notione
1666 3659 1838 3738 Romanus,
1862 3683 1903 3722 ca
1915 3673 2011 3745 patre
2028 3659 2134 3723 Gor-u

441 3763 558 3830 ,diano
574 3765 769 3850 presbytero,
792 3763 930 3828 LVIIII.
955 3785 975 3828 a
997 3765 1105 3829 Petro.
1141 3766 1206 3830 Hic
1229 3780 1298 3830 ortu
1321 3769 1517 3852 episcopatus
1546 3768 1600 3830 sui
1626 3766 1748 3830 libellos
1770 3765 1980 3862 anathematis
2003 3780 2102 3831 conae

461 3893 593 3934 canones
615 3884 643 3934 et
665 3885 772 3935 contro
785 3871 973 3936 Dioscoron
998 3875 1031 3936 ia
1055 3873 1157 3938 medio
1173 3874 1299 3958 ecclesie
1320 3875 1514 3960 conpreputis
1536 3873 1678 3937 cucurbas
1700 3873 1845 3936 incendio
1868 3875 2060 3959 consumpsit
2078 3886 2103 3936 et

567 4084 593 4148 a)
616 4089 772 4154 proptervia
790 4106 811 4139 c.
875 4085 903 4151 b)
925 4089 998 4154 quod
1017 4107 1037 4140 c.
1102 4086 1128 4152 c)
1149 4091 1222 4142 inmo
1240 4107 1261 4140 c.
1328 4085 1356 4151 d)
1378 4091 1542 4140 conmitatur
1560 4107 1580 4140 c.
1642 4085 1667 4152 e)
1688 4105 1754 4156 seqre
1774 4087 1800 4138 al
1819 4105 1864 4139 a·
1896 4085 1918 4150 f)
1939 4087 2067 4140 falsisime
2082 4106 2101 4138 e.

460 4172 488 4242 g)
509 4177 549 4226 hic
566 4177 683 4227 mum
701 4177 778 4228 inesse
790 4186 870 4243 patet,
895 4178 938 4228 aed
955 4179 1021 4244 quod
1038 4195 1089 4228 aaa
1108 4187 1160 4229 tuto
1177 4179 1265 4229 macri
1279 4187 1367 4244 puteat,
1380 4179 1491 4244 fortasse
1511 4181 1691 4245 pervicatium
1709 4177 1839 4244 leqeudusa
1863 4186 1907 4228 est.
2005 4173 2032 4238 h)
2052 4193 2101 4228 non

458 4267 625 4332 supplendum
644 4267 750 4318 videtur.
822 4267 843 4328 i)
865 4274 1015 4318 nascuntur
1033 4284 1053 4318 c.
1126 4265 1156 4330 k)
1178 4269 1264 4334 patrie
1283 4286 1304 4318 c.
1377 4265 1397 4330 l)
1418 4275 1495 4335 parte
1513 4285 1534 4318 c.
2115 4272 2136 4314 tt

570 4444 599 4520 1)
623 4447 680 4504 Ed.
707 4447 904 4504 Schiiaernann
922 4468 956 4524 p.
975 4447 1048 4518 768,
1073 4468 1097 4505 c.
1116 4448 1144 4518 3,
1169 4447 1323 4506 Hinsclrius
1341 4469 1373 4524 p.
1393 4449 1465 4505 561.
1563 4445 1594 4522 2)
1617 4447 1663 4504 De
1686 4447 1782 4523 quibua
1805 4447 1847 4519 cf.
1872 4445 2045 4504 Bortizouem
2066 4445 2104 4502 od

459 4553 552 4623 amic,
578 4552 676 4610 Libell.
701 4555 735 4610 de
758 4553 804 4610 tiu
826 4553 850 4624 I,
870 4573 903 4629 p.
922 4553 985 4610 593
1002 4575 1062 4630 sqq.
1134 4553 1164 4625 3)
1191 4553 1222 4613 C.
1239 4556 1287 4624 16,
1312 4552 1399 4629 518,
1426 4554 1499 4630 Opp.
1517 4556 1560 4612 ed.
1578 4555 1685 4612 Beued.
1705 4553 1754 4624 VI,
1779 4555 1829 4612 col.
1848 4551 1927 4622 330;
1951 4554 1993 4625 cs.
2016 4572 2102 4628 supro

452 4681 486 4736 p.
505 4659 578 4730 575,
603 4679 631 4717 a.
650 4659 679 4730 6,
704 4659 799 4719 Ivoais
814 4659 893 4717 Prol.
911 4661 940 4718 iu
956 4663 1058 4718 decret.
1083 4656 1191 4736 (lvonis
1214 4662 1292 4738 epist.
1311 4662 1407 4720 Parth.
1426 4659 1523 4738 1610)
1541 4682 1575 4737 p.
1594 4661 1668 4732 516,
1692 4660 1739 4718 ubi
1760 4660 1831 4718 idem
1855 4661 1931 4717 locres
1953 4661 2102 4728 laudem

457 4768 571 4824 Decret.
589 4766 635 4837 VI,
653 4785 677 4823 c.
692 4766 765 4838 415,
776 4787 811 4843 p.
827 4767 900 4824 236.
970 4767 1001 4832 4)
1018 4767 1054 4824 Iu
1068 4765 1171 4826 Genea.
1186 4787 1209 4824 c.
1224 4768 1274 4830 31.
1292 4765 1381 4844 §aa
1405 4769 1445 4841 cf.
1462 4789 1553 4843 supra
1562 4788 1595 4844 p.
1611 4767 1683 4838 575,
1701 4787 1730 4825 a.
1749 4769 1777 4824 I.
1849 4763 1880 4842 5)
1898 4766 1984 4824 Liber
1994 4766 2100 4842 pontis.

459 4875 501 4930 cd.
518 4873 668 4930 Duchesue
684 4873 708 4944 I,
727 4894 761 4949 p.
780 4872 854 4930 227.
873 4874 946 4931 228.
1023 4874 1054 4944 6)
1078 4874 1153 4931 Ibid.
1165 4895 1198 4950 p.
1218 4874 1298 4944 252;
1322 4876 1362 4947 cs.
1379 4875 1475 4932 lvonis
1490 4874 1604 4952 Probp.
1629 4875 1658 4931 ia
1682 4875 1758 4931 decr.
1783 4875 1801 4930 l.
1818 4875 1837 4930 l.
1856 4893 1890 4949 p.
1909 4873 1987 4930 517:
2012 4875 2050 4928 Et
2071 4881 2102 4927 nt
2116 4887 2139 4925 re

458 4982 493 5036 de
524 4982 626 5037 nostris
657 4982 830 5052 temporibus
860 4989 1013 5050 taceamus,
1045 4983 1118 5037 sicut
1148 4983 1253 5055 legitur
1283 4983 1311 5037 in
1339 4983 1436 5038 Gestis
1467 4983 1653 5038 Romanorum
1683 4980 1862 5053 pontificum,
1894 4980 1976 5037 Felix
2003 4981 2101 5036 tertius

457 5089 571 5144 natione
595 5087 736 5142 Romanus
760 5106 795 5143 ex
817 5094 898 5159 patre
922 5087 1019 5144 Felice
1044 5089 1213 5161 presbytero
1236 5089 1290 5144 fuit
1313 5107 1331 5144 a
1353 5089 1527 5160 temporibus
1552 5087 1673 5144 Odoacri
1702 5089 1778 5160 regis
1801 5106 1891 5159 usque
1915 5089 1952 5142 ad
1976 5095 2102 5160 tempora

456 5195 624 5250 Theoderici
647 5193 733 5266 regis.
767 5193 840 5250 Item
857 5195 996 5266 Agapitus
1020 5196 1134 5251 natione
1150 5195 1291 5250 Romanus
1316 5213 1351 5252 ex
1373 5203 1455 5267 patre
1473 5195 1616 5251 Gordiano
1636 5194 1806 5266 presbytero
1830 5212 1952 5249 summus
1975 5193 2101 5265 pontifex

455 5302 520 5356 fuit.
556 5301 687 5356 Gelasius
710 5301 825 5356 natione
849 5301 921 5356 Afer
945 5319 979 5358 ex
1001 5308 1083 5372 patre
1109 5303 1241 5373 episcopo
1257 5303 1372 5358 Valerio
1395 5303 1471 5358 sedit
1494 5320 1581 5357 annos
1605 5305 1675 5370 tres,
1699 5319 1812 5357 menses
1829 5299 1908 5368 VIII,
1933 5301 1996 5357 dies
2019 5299 2099 5354 XIX.

456 5408 591 5464 silverius
620 5408 735 5464 natione
760 5405 919 5480 Campanus
949 5425 983 5462 ex
1005 5414 1087 5478 patre
1111 5408 1263 5464 Honnisda
1285 5409 1410 5465 Romam
1435 5409 1566 5480 episcopo
1590 5409 1665 5464 sedit
1688 5425 1792 5463 annum
1814 5425 1911 5474 unum,
1938 5425 2049 5462 menses
2065 5407 2099 5474 V,
2117 5418 2140 5458 et

455 5517 517 5572 dies
533 5515 615 5570 XXI.
650 5515 813 5571 Deusdedit
831 5515 945 5569 natione
962 5514 1104 5568 Romanus
1121 5533 1155 5570 ex
1170 5522 1251 5586 patre
1269 5515 1414 5586 Stephano
1430 5516 1600 5571 subdiacono
1616 5516 1692 5571 sedit
1708 5531 1796 5570 annos
1811 5521 1880 5582 tres,
1898 5514 1960 5569 dies
1977 5513 2099 5568 XXIIII.

455 5623 621 5678 Theodorus
644 5623 758 5677 natione
783 5620 910 5676 Graecus
934 5639 968 5676 ex
991 5628 1073 5692 patre
1096 5622 1246 5677 Theodoro
1271 5622 1403 5693 episcopo
1426 5623 1502 5677 sedit
1525 5641 1611 5677 annos
1626 5622 1678 5690 VI,
1701 5640 1814 5679 menses
1829 5621 1866 5690 V,
1891 5622 1953 5678 dies
1976 5619 2100 5676 XXIIII.

457 5727 505 5800 Of.
529 5747 619 5803 supra
637 5747 670 5803 p.
690 5727 763 5797 577,
788 5728 805 5783 l.
824 5726 876 5782 41.
969 5723 999 5801 I)
1024 5726 1085 5783 Lib.
1103 5727 1214 5802 pontif.
1239 5727 1263 5798 l,
1282 5747 1316 5803 p.
1335 5725 1408 5783 287.
1431 5727 1504 5784 286.
