4544 6420
433 363 474 426 92
779 368 953 424 anacam
976 367 1173 423 ssorsxsrs
1198 339 1490 422 nncfflDlaoour
1512 367 1737 422 mvscsrvn.

433 556 515 621 biles
540 579 581 620 ex
605 569 729 634 remota
752 555 886 639 regione
911 576 1065 640 personas
1090 553 1278 632 edisseram,
1310 559 1345 613 ut
1376 554 1513 618 coneilio
1537 553 1706 640 presidens
1731 553 1876 638 generali
1900 553 2085 640 amplitudi-

433 687 507 727 nem
531 675 606 726 trrae
630 662 800 748 potestatis
825 658 1057 746 gloriabundus
1081 660 1271 746 inspiceres,
1296 671 1328 724 et
1352 659 1521 725 ambitioni
1545 661 1747 725 satisfaceret
1764 659 1992 746 contemplatio
2010 659 2085 724 sub·

433 769 616 834 ieotorum‘?
656 768 694 832 ln
711 791 774 854 quo
791 790 899 853 opero,
924 778 1044 852 qrram⁸
1061 789 1217 852 peruersa
1233 767 1353 832 fuerint
1368 769 1486 848 omnia,
1511 780 1696 854 promptum
1712 781 1761 831 est
1777 769 1906 832 intueri.
1945 767 1998 832 Ad
2022 767 2085 832 hoc

434 878 520 941 enim
545 875 683 940 concilia
707 873 866 939 celebrari
889 886 1075 938 sanctorum
1099 887 1227 960 patrum
1251 877 1360 939 sanxit
1382 877 1568 956 arroteritae,
1599 874 1733 938 atinde
1757 877 1913 939 virtutum
1937 875 2086 940 doctrina

432 983 655 1068 malorumque
681 983 840 1046 correctio
864 982 1061 1067 proveniret,
1087 993 1119 1044 et
1142 981 1232 1045 velut
1256 983 1430 1064 exercitus,
1458 983 1508 1046 sui
1531 981 1684 1046 facultate
1710 995 1895 1068 conspecta,
1922 984 2025 1068 ipsam
2050 1005 2123 1046 ses

432 1090 560 1176 plenius
584 1089 725 1153 ecelesia
748 1100 851 1152 mater
875 1087 1099 1172 agnosceretb,
1123 1098 1168 1170 ut,
1193 1088 1368 1154 adversum
1391 1091 1470 1152 vitia
1494 1090 1639 1153 severius
1664 1088 1871 1174 insurgendo,
1895 1091 2085 1154 instantium

432 1195 592 1260 bellorum
616 1195 795 1281 triumphos
820 1207 930 1281 posset
947 1194 1161 1259 confidentius
1184 1197 1359 1282 auspicari.
1395 1196 1442 1258 Te
1459 1219 1538 1260 vero
1563 1195 1605 1258 ad
1629 1194 1690 1259 hoo
1715 1217 1754 1258 ea
1778 1218 1987 1276 convocasse,
2013 1197 2084 1282 quis

434 1302 570 1385 dubitat,
595 1315 630 1367 ut
654 1302 773 1388 cupido
798 1303 906 1366 animo
930 1312 984 1365 tuo
1010 1311 1042 1364 et
1064 1300 1192 1366 libidini
1216 1301 1404 1367 dominandi
1428 1325 1550 1366 morem
1575 1325 1717 1388 gereres,
1749 1315 1782 1365 et
1805 1325 1878 1366 orrnr
1903 1305 2085 1366 satietatem

433 1410 574 1474 discrete
599 1409 799 1495 singularum
825 1431 996 1473 causarum
1020 1407 1112 1472 lucra
1135 1431 1200 1473 non
1223 1421 1379 1495 prestant,
1404 1410 1508 1495 ipsam
1525 1409 1665 1494 plurium
1691 1407 1860 1473 multitudo
1885 1421 2085 1495 congregata

435 1516 600 1598 conflaret,
631 1515 713 1602 proh
742 1515 849 1579 dolor!
882 1525 914 1578 ot
944 1513 1128 1578 miserabile
1160 1513 1306 1580 cadentis
1338 1515 1497 1580 ecclesiae
1529 1515 1784 1580 detrimentum?
1831 1515 1974 1580 Videre⁰
2005 1515 2085 1580 mihi
2105 1541 2131 1578 ro

434 1623 559 1706 videor,
590 1637 621 1688 te
646 1623 739 1708 quasi
763 1634 892 1686 taurum
916 1622 1093 1707 pingrrem²
1116 1623 1149 1686 in
1173 1621 1303 1686 sublimi
1327 1622 1516 1708 synodalem
1542 1622 1729 1686 cathedram
1754 1623 1923 1704 insedisse,
1948 1623 2084 1708 disposi-

334 1755 416 1799 ana
434 1743 548 1816 tosqrre
580 1730 714 1794 inferius
739 1728 917 1793 catholicos
942 1751 983 1792 ex
1008 1727 1121 1792 ordine
1149 1738 1268 1814 patres,
1300 1729 1455 1815 quicquid
1482 1731 1533 1793 'in
1557 1730 1664 1794 oarrsis
1689 1731 1819 1793 conscia
1842 1731 1989 1793 veritatis
2012 1753 2084 1816 pre-

434 1837 547 1902 tendat
574 1838 687 1918 orati0,
719 1837 791 1922 pari
821 1835 1048 1921 desperatione
1079 1834 1269 1920 languentes
1301 1834 1361 1900 sub
1391 1837 1514 1900 incerto
1545 1837 1668 1900 ruentis
1700 1838 1878 1900 sententiae
1909 1836 2083 1918 fluctuare,

433 1943 536 2008 malos
552 1967 641 2023 vero,
666 1954 786 2029 quanto
807 1942 1026 2029 impudentius
1043 1941 1186 2027 quidem,
1210 1954 1299 2008 tanto
1323 1945 1499 2008 animosius
1524 1945 1720 2023 insistentes,
1745 1943 1863 2022 efferri,
1889 1967 1969 2030 quos
1994 1943 2083 2029 polli-

436 2052 491 2116 citi
514 2051 568 2114 vel
599 2050 707 2114 collati
737 2051 881 2113 muneris
912 2048 1109 2113 confidentia
1140 2051 1274 2114 suscitat
1305 2062 1337 2114 et
1360 2050 1494 2114 inducit.
1542 2049 1638 2130 erod
1669 2073 1733 2114 non
1764 2052 1833 2114 sine
1865 2050 2007 2136 quodam
2037 2052 2083 2114 in·
2105 2072 2130 2111 a

435 2158 632 2244 dignationis
656 2169 745 2220 motu
769 2156 847 2220 mihi
871 2155 1002 2219 mented
1025 2155 1176 2238 reformo,
1208 2155 1284 2220 dum
1315 2159 1584 2244 intemperantiae
1613 2170 1687 2221 tuae
1712 2157 1866 2222 recordor
1889 2159 2083 2243 impensum,

435 2265 522 2352 quod
546 2265 589 2329 ad
613 2265 764 2328 decorem
788 2264 945 2328 ecclesiae
970 2265 1115 2328 noscitur
1137 2265 1327 2328 institutum.
1374 2264 1590 2350 Pervulgatus
1614 2277 1664 2328 est
1687 2264 1897 2328 conciliorum
1927 2265 2029 2329 honos
2054 2275 2085 2328 et

435 2371 576 2456 digmitas
601 2369 767 2456 abrogata,
793 2368 911 2456 quibus
935 2382 966 2435 te
991 2370 1174 2457 presedisse
1199 2381 1325 2435 constat
1350 2383 1381 2435 et
1403 2393 1490 2435 nova
1508 2371 1660 2457 gentibus
1676 2371 1822 2435 Romano
1846 2395 1934 2435 more
1953 2371 2084 2436 decreta

435 2479 602 2542 formasse.
651 2477 756 2564 Super
787 2500 850 2564 quo
875 2479 1018 2562 graviter
1041 2477 1239 2562 indignatus,
1266 2477 1383 2542 festive
1407 2476 1501 2542 simrrl
1526 2489 1558 2541 et
1581 2477 1715 2542 honeste
1744 2501 1844 2542 senex
1868 2479 2086 2542 Veneterrsis²

435 2585 544 2650 illusit.
590 2585 623 2648 Is
648 2608 719 2648 cum
745 2583 787 2648 ad
811 2583 975 2671 quoddam
1000 2583 1173 2648 concilium
1197 2595 1288 2648 tuum
1312 2587 1396 2648 inter
1419 2586 1630 2671 coepiscopos
1654 2597 1789 2648 vocatus
1813 2585 1953 2666 adesset,
1978 2597 2083 2672 pasto·
2105 2606 2132 2644 so

435 2692 537 2756 ralem
559 2693 686 2778 virgam
710 2691 824 2755 rudem
848 2703 880 2755 et
902 2692 1150 2777 incompositam
1173 2691 1314 2778 pretulit,
1339 2691 1527 2756 indumento
1544 2693 1658 2770 veteri,
1684 2691 1771 2778 quod
1794 2691 1895 2756 multa
1918 2693 1983 2755 iarn
2007 2693 2084 2756 scis-

436 2822 511 2863 sura
534 2800 684 2884 mpisset,
709 2800 856 2862 amictus.
903 2798 1127 2883 interrogatur
1151 2799 1259 2883 igitur,
1284 2821 1342 2862 our
1365 2799 1399 2862 in
1422 2809 1488 2862 tam
1512 2798 1569 2862 vili
1594 2809 1626 2862 et
1649 2800 1794 2863 irrisorio
1819 2797 1932 2862 habitu
1955 2822 2085 2884 prooes-

436 2908 539 2971 sisset.
586 2904 754 2969 Libertate
779 2906 998 2976 oonsoientiae
1022 2906 1180 2969 munitus:
1207 2905 1323 2986 ‘Tale’,
1347 2907 1462 2992 inquit,
1488 2905 1690 2970 ‘concilium‘
1717 2905 1788 2968 talis
1813 2905 1908 2970 decet
1932 2906 2085 2970 omatus’.

543 3012 658 3093 Qualis
689 3011 730 3076 ab
753 3013 846 3076 initio
870 3012 1077 3098 pontificatus
1108 3013 1155 3076 tui
1187 3013 1343 3092 extiteris,
1375 3013 1481 3076 miuus
1512 3011 1618 3098 pleno,
1650 3012 1708 3075 sed
1731 3014 1842 3077 veraci
1867 3035 2014 3077 sermone
2039 3013 2085 3076 di·

435 3132 562 3206 gestum
586 3131 644 3184 est.
691 3119 785 3183 Nunc
809 3142 898 3201 vero,
923 3119 1002 3205 quid
1026 3120 1141 3204 egeris,
1166 3118 1243 3183 dum
1267 3117 1425 3182 adversus
1450 3119 1621 3183 ecclesiam
1646 3118 1789 3206 procella
1812 3122 2014 3204 tempestatis
2038 3122 2085 3183 iu·
2104 3140 2131 3179 2⁵

435 3239 591 3312 surgeret,
618 3238 855 3313 consequenter
878 3225 1119 3290 annectendum
1135 3237 1201 3289 cst.

355 3395 414 3434 ruo.
542 3371 571 3432 3.
619 3367 702 3432 Cum
728 3367 872 3432 sublatus
897 3391 914 3432 e
939 3368 1045 3432 modio
1069 3367 1176 3432 bonae
1201 3369 1377 3432 memoriae
1402 3391 1487 3454 papa
1510 3367 1697 3431 Honorius8
1727 3377 1833 3432 terrae
1858 3391 1986 3454 corpus,
2016 3368 2085 3432 celo

326 3501 415 3544 narse
436 3477 593 3562 spiritum,
618 3498 677 3539 sua
693 3474 828 3560 singulis
845 3453 956 3538 debita
971 3477 1179 3560 resignasset,
1204 3475 1300 3560 eique
1317 3476 1524 3538 successione
1542 3475 1676 3560 dignum
1693 3477 1851 3539 canonica
1869 3481 2085 3562 'srrrrogasset

436 3583 560 3662 electio,
586 3583 757 3646 ecclesiam
782 3582 847 3646 Dei
870 3583 987 3646 Petrus
1011 3580 1064 3646 ille
1088 3583 1177 3646 Petri
1201 3582 1321 3645 Leonis
1352 3583 1472 3645 invasit
1482 3587 1503 3645 ⁴.
1550 3582 1664 3646 Placet
1687 3581 1747 3646 hoo
1771 3582 1842 3647 loco
1867 3583 1945 3647 mihi
1969 3585 2085 3647 utrius-

436 3714 498 3777 que
523 3713 681 3776 personae
706 3688 893 3753 describere
918 3690 1116 3776 qualitatem,
1145 3699 1181 3752 ut
1204 3688 1245 3752 de
1270 3687 1396 3752 duobus
1421 3689 1558 3752 similem
1583 3689 1696 3752 similis
1721 3689 1858 3776 elegisse
1882 3690 2030 3776 proberis
2055 3703 2087 3754 et
2106 3711 2132 3750 ao

411 3827 413 3832 ·
437 3796 590 3883 cupidum
622 3796 759 3883 cupidus
790 3797 955 3861 adorasse.
1002 3796 1207 3860 Parcendum
1238 3807 1348 3860 tarnen
1379 3809 1427 3859 est
1458 3795 1650 3860 (absconitati
1681 3794 1865 3878 verborum,
1897 3795 1974 3860 dum
1997 3798 2085 3861 Petri

435 3905 504 3967 vita
526 3917 685 3984 narratur,
711 3917 743 3966 et
766 3926 874 3966 rerum
890 3905 1012 3966 veritas
1036 3925 1219 3967 semronum
1244 3901 1410 3989 pallianda
1434 3901 1563 3985 decore,
1587 3916 1623 3967 ut
1647 3903 1748 3967 bonos
1772 3902 1902 3967 babitus
1926 3903 2086 3968 honestati

436 4009 612 4094 legentium
643 4010 825 4073 videatur-t
878 4009 975 4072 Libet
1010 4011 1109 4094 igitrrr
1143 4011 1300 4095 preterire
1336 4011 1502 4095 antiquam
1533 4011 1712 4074 nativitatis
1744 4012 1813 4074 eius
1845 4012 2026 4096 originem⁶
2055 4025 2088 4074 ct

436 4115 613 4200 ignobilem
644 4116 780 4179 similem
811 4117 1007 4201 prosapiam,
1038 4139 1099 4180 nec
1123 4116 1293 4181 Iudaicum
1324 4139 1441 4181 nomeu
1469 4115 1609 4180 arbitror
1633 4118 1871 4202 opponendum,
1904 4118 1944 4182 de
1969 4116 2086 4204 quibus

544 4349 570 4406 al
591 4371 671 4402 om.c.
728 4349 755 4408 bl
778 4359 958 4417 cognosceret
977 4353 1011 4401 Ι).
1026 4352 1058 4402 G.
1072 4353 1103 4402 P.
1159 4353 1185 4414 c)
1201 4355 1286 4404 videri
1299 4371 1319 4404 o.
1335 4355 1368 4403 1).
1424 4353 1797 4406 dlmenteeormuentemc.
1854 4354 2087 4414 cloensiliuml).
2107 4367 2133 4405 aa

547 4552 575 4618 1)
600 4551 663 4606 Hor
687 4553 744 4606 loeo
769 4553 912 4623 Aruulfus
941 4553 1065 4627 orrrplunr
1091 4551 1215 4610 (iirurdr'
1242 4561 1380 4609 susurrum
1411 4553 1574 4632 sipirifioure
1605 4553 1720 4609 ridente.
1841 4554 1871 4624 2)
1898 4555 2087 4625 Morcuuuus,

438 4659 582 4734 qrisoopus
595 4659 753 4714 Venetensr's
770 4653 1033 4734 (loeo-1128),
1051 4657 1166 4714 coercitio
1179 4658 1273 4714 1117.
1293 4659 1483 4735 Enpolr'snroe,
1496 4659 1679 4735 praesidente
1693 4660 1831 4730 (r'r'rurdo,
1850 4661 1985 4718 eelcbrruo
2002 4661 2087 4718 iuter·

430 4766 526 4836 ,titisse
550 4785 585 4821 cc
608 4765 678 4821 notis
701 4765 787 4840 qrsius
811 4763 920 4820 corrcr'lir'
943 4759 1056 4838 (diensi
1079 4764 1163 4834 XXI,
1184 4761 1258 4840 184)
1284 4775 1310 4822 et
1332 4787 1367 4823 ex
1391 4767 1506 4841 epistola
1530 4775 1661 4842 apparet,
1687 4787 1743 4842 qua
1767 4787 1785 4823 u
1806 4765 1936 4824 (r'irrrrdo
1960 4769 2001 4824 ud
2024 4789 2088 4826 oon·

437 4872 528 4929 eitiunt
558 4892 636 4928 urano
664 4872 789 4946 sequenti
818 4871 847 4926 iu
876 4872 1000 4927 secunda
1030 4871 1266 4948 qtrcdraqesirnae
1301 4872 1474 4930 bebdomada
1506 4873 1689 4950 Eupolisrnoe
1724 4873 1918 4930 celebrandurn
1953 4875 2088 4932 incitabar

438 4975 551 5052 (blansi
574 4981 591 5034 l.
610 4999 632 5035 c.
651 4981 700 5035 eol.
719 4973 802 5051 185).
874 4977 904 5046 3)
929 4979 1013 5035 Anno
1032 4978 1125 5035 1130.
1151 4980 1178 5034 d.
1199 4979 1248 5035 13.
1268 4979 1429 5036 Februarii.
1500 4979 1530 5049 4)
1547 4980 1594 5036 Dc
1610 4979 1740 5056 ornbipuu
1757 4980 1886 5046 electione
1902 4981 1973 5037 anui
1993 4981 2086 5037 1131.
2106 4999 2134 5038 ro

430 5086 529 5157 frisius
559 5094 676 5162 sperasset
704 5085 740 5140 R.
767 5085 894 5159 deffel,
920 5084 987 5140 ‘Die
1009 5085 1222 5160 Pupstrrelrleu’
1242 5106 1274 5161 p.
1294 5085 1354 5142 267
1373 5108 1433 5163 sq.;
1465 5087 1502 5143 E.
1530 5087 1724 5156 Mr'r'lrtbnelrer,
1750 5086 1817 5142 ‘Die
1839 5087 1961 5163 strer'tipe
1984 5086 2087 5162 Pupst·

439 5194 515 5250 nudi
536 5194 585 5249 des
607 5191 716 5249 Jadres
735 5191 847 5260 113tt',·
886 5191 927 5248 W.
952 5191 1129 5261 Bernlrordi,
1155 5193 1277 5248 ‘Lotlror
1299 5213 1324 5249 r.
1352 5193 1557 5269 Srqrplr'uburp'
1576 5213 1609 5268 p.
1629 5193 1691 5248 280
1708 5213 1749 5269 sq.
1869 5191 1900 5267 5)
1926 5193 1974 5265 Cf.
1998 5215 2089 5271 nqrra

438 5319 460 5356 r.
481 5302 507 5355 l.
533 5299 560 5356 in
578 5299 650 5377 fine.
697 5298 784 5354 Hane
807 5298 923 5376 Aruulfi
939 5297 1115 5373 preclieitiunr,
1145 5301 1179 5355 de
1202 5319 1259 5374 qua
1282 5299 1349 5355 olibi
1371 5319 1478 5375 quoque
1498 5299 1649 5376 gloriatur,
1673 5300 1831 5357 sinrnlutum
1856 5321 1922 5370 esse,
1949 5319 1991 5372 eu,
2016 5321 2089 5377 quae

437 5407 466 5462 iu
491 5408 541 5463 boo
564 5416 590 5462 et
611 5407 640 5462 iu
662 5405 835 5480 sequentibus
859 5413 939 5462 tauto
963 5425 1022 5461 cnm
1047 5407 1186 5480 uolrrptote
1209 5406 1340 5480 explicat,
1370 5406 1533 5474 osteuduut;
1564 5426 1588 5462 u.
1616 5385 1802 5463 illir'lrlbuclrer
1826 5409 1843 5462 Ι.
1863 5428 1885 5463 c.
1906 5427 1938 5482 p.
1957 5407 2008 5465 53.
2029 5409 2088 5478 54;

440 5511 575 5568 Schellert
599 5533 631 5588 p.
658 5513 707 5569 35.
830 5510 861 5581 6)
893 5511 939 5567 De
968 5521 1031 5568 ortu
1055 5512 1229 5587 sarnumque
1252 5512 1333 5568 Petri
1356 5513 1459 5569 Leonis
1483 5512 1582 5585 seruus
1612 5514 1806 5570 disseruerunt
1827 5514 1863 5570 R.
1890 5515 2007 5589 prffel
2028 5517 2045 5571 Ι.
2064 5535 2087 5572 o.
2107 5531 2134 5570 so

432 5639 465 5693 p.
485 5619 546 5674 278
564 5639 605 5694 sq.
632 5619 690 5675 291
711 5641 771 5695 sq.,·
804 5619 841 5674 E.
868 5618 1054 5676 rttutthacter
1077 5622 1094 5675 l.
1113 5639 1135 5675 o.
1155 5639 1188 5693 p.
1207 5618 1247 5675 60
1264 5639 1306 5695 sq.
1314 5641 1324 5688 ;
1354 5619 1389 5675 F.
1409 5617 1608 5696 Gregorocius,
1634 5619 1810 5678 ‘Gesrlriolrto
1834 5622 1885 5676 der
1910 5620 1994 5678 Stndt
2015 5622 2088 5679 Rom

438 5725 474 5782 itu
500 5726 679 5782 Mittelnlter’
705 5727 757 5794 11⁷,
785 5727 846 5781 383
863 5745 904 5800 sq.
