4418 6412
405 432 469 496 402
696 438 875 496 GERHOHI
899 437 1131 495 PRAEPOSITI
1153 438 1561 496 REICHERSBERGENSIS
1584 439 1750 494 LIBELLI.

404 625 667 713 deprehenditur.
712 625 809 691 Unde
832 647 874 690 nc
898 624 938 690 de
961 626 1100 690 Romani
1122 626 1285 712 pontificis
1308 624 1430 691 iudicio
1453 648 1512 690 nos
1535 637 1656 690 temere
1686 625 1833 690 iudicare
1864 624 2061 708 iudicemur,

405 732 445 798 de
469 732 566 798 simili
589 754 689 798 causa
708 733 847 797 Romani
869 732 1031 819 pontificis
1055 732 1224 797 audiamus
1247 732 1414 798 iudicium.
1460 732 1552 797 Dicit
1575 733 1660 796 enim
1676 732 1745 797 Leo
1761 731 1861 796 IIIItu
1877 730 2062 796 Lbdcwico

405 843 582 926 augusto¹z
605 840 674 904 Nos
696 843 729 904 si
750 843 1009 926 incompetenter⁸
1031 839 1161 926 ala‘qoid
1182 842 1302 928 aqimus
1325 854 1361 905 et
1374 843 1409 905 in
1431 839 1568 906 subdote
1590 842 1690 905 iustae
1713 841 1792 927 lepis
1814 842 1976 904 tramitem
1999 863 2064 903 aare

293 969 385 1011 nassa
405 949 666 1026 conservavimus,
692 961 790 1012 resno
812 971 850 1011 ac
873 949 1039 1012 massoram
1056 949 1240 1011 ‘umerorum
1257 961 1366 1011 cuncta
1385 948 1527 1011 colamus
1549 946 1714 1012 emendare
1737 947 1871 1027 iudicio,
1893 949 2062 1032 quoniam,

404 1056 437 1118 si
456 1077 522 1134 noa,
552 1055 611 1140 qui
638 1055 744 1118 aliena
775 1053 918 1118 detentus
948 1055 1114 1142 corripere,
1137 1055 1255 1139 peiora
1284 1055 1514 1134 committimus,
1538 1067 1616 1118 certe
1638 1077 1700 1117 noa
1724 1055 1867 1117 caritatis
1889 1053 2093 1138 discipulae

403 1160 461 1224 sed
482 1161 568 1246 quod
589 1160 725 1225 dolentes
755 1159 891 1224 dicamus
914 1162 1034 1224 erimus
1046 1183 1110 1247 ρνο
1132 1162 1263 1225 caeteris
1291 1163 1412 1225 errores
1440 1162 1594 1247 mupestri.
1641 1158 1723 1223 Item
1748 1157 1930 1244 Gregorius
1955 1157 2062 1223 Felici

405 1265 597 1352 episcopal:
630 1265 671 1331 Si
697 1291 734 1331 ea
765 1266 963 1346 destruerem,
993 1291 1073 1353 quae
1102 1281 1309 1332 antecessores
1338 1269 1440 1332 noemi
1465 1280 1647 1347 statuerant,
1676 1290 1737 1330 noa
1768 1280 1974 1346 emanator,
2005 1265 2065 1330 sed

227 1395 383 1444 marturam.
404 1397 528 1438 eversor·
558 1397 621 1438 esse
651 1376 729 1438 iuste
759 1375 989 1459 comprobarer,
1019 1387 1144 1438 testante
1174 1375 1315 1438 vertam
1347 1397 1428 1452 voce,
1464 1397 1543 1458 quae
1573 1375 1638 1438 ait:
1670 1371 1766 1438 Omne
1796 1397 1929 1460 repetam
1961 1375 1997 1437 ia
2028 1397 2062 1437 se

406 1483 508 1567 ν’ρονινη
533 1479 671 1545 diuisam
695 1503 755 1544 nea
777 1481 873 1545 stabit
895 1493 923 1544 et
945 1479 1076 1544 domme
1095 1479 1247 1544 adversas
1269 1505 1302 1544 sa
1326 1479 1432 1544 divim
1455 1479 1636 1544 destructam.
1684 1478 1788 1564 Igitur
1811 1479 1839 1542 si
1863 1501 1940 1542 curn
1964 1479 2062 1563 regni

404 1583 550 1650 hostibus
566 1607 586 1650 a
601 1586 747 1650 Romano
763 1585 915 1673 pontifice
940 1583 1191 1650 assentientibus
1216 1583 1343 1650 domnis
1366 1582 1585 1649 cardinalibus
1608 1585 1730 1649 factum
1754 1595 1803 1648 est
1826 1585 2061 1672 qualecunque
2081 1607 2105 1645 ιο

403 1691 655 1774 laudamentum,
680 1693 757 1778 quia
779 1690 855 1756 inde
879 1703 1059 1778 permotum
1081 1702 1130 1756 est
1151 1714 1288 1778 regnum
1312 1701 1345 1755 et
1367 1692 1469 1756 scissa
1484 1701 1533 1756 est
1556 1690 1727 1773 aeeclesia,
1750 1691 1871 1756 iustum
1894 1701 1955 1774 est,
1980 1713 2060 1756 con-

404 1822 519 1886 gruum
536 1811 595 1881 est,
619 1799 839 1864 necessarium
855 1809 904 1862 est
927 1797 970 1862 ad
985 1798 1180 1864 medicinam
1196 1799 1277 1862 tanti
1291 1797 1379 1880 mali,
1400 1808 1436 1862 ut
1458 1807 1514 1862 aut
1535 1807 1673 1884 negetur
1687 1797 1832 1862 factum³
1854 1809 1911 1862 aut
1935 1798 2059 1862 iustum

280 1929 385 1978 rurae
405 1905 652 1988 demonstretur,
687 1929 728 1969 ne
759 1904 799 1970 de
830 1906 981 1991 opinione
1017 1903 1171 1992 ambigua
1205 1905 1239 1968 in
1269 1903 1430 1970 aecclesia
1458 1903 1525 1968 Dei
1559 1926 1624 1968 non
1654 1904 1757 1970 selum
1792 1904 2060 1970 scandalizentur

284 2036 385 2086 ruma.
403 2011 522 2100 pusilli,
546 2012 669 2093 sedet,
694 2014 721 2076 si
743 2012 814 2076 fieri
837 2022 953 2099 potest,
977 2013 1011 2076 in
1035 2033 1177 2076 errorem
1200 2010 1415 2076 inducantur⁰
1440 2012 1538 2075 etiam
1561 2009 1667 2076 electi.
1712 2011 1757 2076 Et
1780 2011 1912 2098 quidem
1935 2037 2058 2078 necesse

404 2134 457 2200 est,
481 2134 515 2184 ut
537 2123 663 2185 veniant
683 2119 847 2200 scandala,
870 2119 927 2184 sed
950 2121 1137 2199 velamini,
1158 2143 1218 2206 ρον
1240 2143 1328 2204 quenz
1352 2119 1538 2183 scandalum
1562 2121 1652 2183 venit.
1695 2117 1761 2198 Qui
1784 2117 1846 2183 boc
1871 2117 1966 2200 dixit,
1991 2141 2057 2182 non
2075 2140 2100 2180 rs

404 2247 533 2311 papam,
563 2248 628 2290 non
659 2224 867 2306 cardinalem,
898 2246 963 2289 non
994 2225 1193 2311 episcopum,
1223 2247 1289 2288 non
1319 2225 1547 2310 imperatorem
1571 2226 1710 2312 excepit,
1742 2224 1800 2288 sed
1830 2223 2057 2290 indifferenter

405 2333 591 2418 inprecatus
623 2341 687 2396 est:
720 2332 760 2396 Ve
791 2333 920 2412 lomim,
944 2355 1008 2418 ρον
1037 2356 1126 2417 qoem
1156 2332 1342 2396 scandalum
1373 2334 1463 2396 venit.
1511 2329 1636 2396 Caveat
1664 2332 1763 2418 igitur
1789 2330 1927 2396 domnus
1958 2354 2053 2418 papa,

355 2463 385 2503 n.
405 2449 519 2504 cavete
539 2459 597 2502 vos
621 2459 760 2525 quoque,
786 2436 897 2502 domni
920 2436 1112 2520 cardinales,
1135 2459 1176 2502 ne
1200 2459 1260 2524 per
1279 2446 1421 2502 vestram
1444 2438 1695 2502 taciturnitatem
1719 2437 1909 2503 scandalum
1932 2441 2053 2522 veniat,

300 2569 384 2610 uasa.
405 2546 502 2609 immo
520 2546 596 2631 quia
618 2545 684 2607 iam
700 2545 799 2626 venit,
823 2566 864 2609 ne
888 2543 945 2609 diu
968 2557 1098 2609 maneat
1121 2543 1208 2609 nullo
1232 2565 1274 2608 ex
1290 2542 1383 2608 vobis
1401 2548 1553 2629 ‘negante
1578 2555 1634 2609 aut
1655 2545 1850 2609 iustificante
1875 2544 1956 2609 illud
1979 2568 2053 2610 con-

405 2651 626 2738 promissionis
650 2659 780 2736 pactum
803 2648 855 2714 vel
882 2673 943 2737 per
964 2652 1094 2714 nuntios
1124 2649 1258 2715 idoneos
1282 2650 1334 2714 vel
1357 2672 1417 2737 per
1439 2651 1592 2737 epistolas
1616 2661 1731 2734 certas,
1756 2653 1849 2716 cuius
1873 2651 2053 2738 divulgatio
2071 2675 2098 2714 ro

405 2759 532 2845 peperit
554 2769 587 2821 et
610 2755 759 2821 dilatavit
780 2757 941 2821 inminens
965 2757 1093 2840 scisma,
1110 2779 1174 2843 quo
1198 2768 1231 2822 et
1254 2756 1470 2822 sacerdotium
1485 2767 1641 2844 gravatur
1663 2769 1696 2822 et
1718 2781 1855 2844 regnum
1870 2769 2052 2846 quassatur,

406 2863 500 2950 quasi
522 2863 658 2928 alterum
681 2884 740 2950 per
762 2862 899 2927 alterurn
924 2865 965 2928 sit
988 2862 1229 2945 destruendum,
1254 2887 1329 2929 cum
1352 2865 1458 2950 potius
1489 2864 1625 2929 alterum
1655 2865 1757 2930 altero
1781 2867 1822 2929 sit
1852 2865 2052 2930 fulciendum

406 2981 438 3035 ct
460 2981 610 3034 neutrum
633 2969 726 3035 alteri
748 2968 1020 3057 permiscendum.
1060 2969 1156 3034 Unde
1179 2970 1334 3036 Nicolaus
1357 2994 1443 3059 papa
1464 2971 1618 3036 Michaeli
1641 2981 1778 3057 auguste
1803 2971 1951 3037 scribens
1976 2973 2053 3037 dicit

404 3078 490 3141 inter
506 3081 648 3141 cetere⁴:
670 3077 747 3142 Cum
763 3077 809 3142 ad
823 3102 928 3142 oerum
946 3092 1065 3142 ventum
1082 3093 1127 3142 est
1140 3079 1271 3143 eundem
1286 3103 1388 3167 νορονη
1403 3093 1495 3165 atque
1503 3081 1697 3167 pontificem,
1710 3081 1794 3144 ultra
1809 3083 1876 3145 sibi
1888 3105 1945 3145 nec
1957 3083 2052 3167 impe·

407 3200 492 3250 rator
514 3186 588 3249 iura
608 3186 810 3270 pontificatus
825 3187 967 3270 arra’pait
989 3209 1042 3250 nec
1059 3185 1213 3273 pontifex
1226 3209 1335 3250 nemea
1352 3188 1590 3271 imperatorium
1605 3188 1780 3272 reciperit,
1804 3190 1953 3272 quoniam
1971 3189 2054 3252 idem
2072 3208 2098 3247 ss

406 3291 561 3356 mediator
576 3291 643 3356 Dei
656 3305 684 3356 et
698 3291 867 3372 homanum,
892 3292 980 3356 tomo
997 3292 1085 3356 Iesus
1101 3290 1254 3372 Christus,
1274 3295 1322 3357 sie
1337 3293 1457 3356 actibus
1467 3295 1616 3378 proprias
1631 3307 1660 3357 et
1674 3292 1881 3380 dignitatibus
1896 3295 2054 3358 desanaus

405 3399 518 3486 officia
531 3401 693 3484 potestatis
708 3401 869 3484 utriusque
885 3398 1035 3464 discrerit
1043 3401 1183 3484 ρνορνία
1199 3400 1304 3463 colena
1318 3399 1507 3464 medicinali
1526 3400 1701 3465 bumilitate
1716 3425 1840 3464 sarsum
1856 3403 1978 3487 efferri,
1994 3426 2053 3465 aaa

405 3506 541 3569 bumana
553 3506 702 3592 superbia
714 3529 825 3568 rura-aa
838 3507 871 3569 in
883 3507 1013 3594 inferno
1025 3505 1173 3592 denaerpi,
1187 3520 1219 3570 ut
1230 3519 1259 3568 et
1268 3505 1439 3570 christiani
1448 3508 1722 3592 t'mperotorespro
1733 3521 1859 3572 aeteram
1872 3509 1938 3571 cita
1946 3511 2053 3594 ponti-

397 3613 516 3698 ficibus
528 3611 705 3699 indigerent
715 3612 914 3698 etpoatijices
923 3635 988 3698 ρνο
1000 3636 1094 3676 cursu
1109 3609 1348 3697 temporaliumd
1360 3613 1569 3676 tantammodo
1583 3637 1689 3677 reram
1701 3614 1924 3698 imperialibus
1936 3615 2055 3702 legibus

408 3728 571 3798 atterentur,
599 3720 746 3804 qtmtiaus
769 3719 929 3804 spiritalis
955 3720 1036 3782 actio
1060 3719 1243 3782 carnalibus
1266 3717 1399 3782 distaret
1419 3719 1598 3784 incursibus
1621 3733 1650 3783 et
1671 3719 1741 3784 ideo
1764 3720 1908 3784 militans
1931 3721 2001 3787 Deo
2022 3746 2055 3786 se
2073 3742 2099 3782 so

244 3849 386 3899 ammas.
406 3826 533 3888 minime
545 3827 683 3911 negociis
696 3826 892 3889 secutaribus
905 3825 1092 3910 implicaret,
1109 3848 1147 3888 oc
1164 3826 1302 3888 vicissim
1320 3848 1378 3888 aon
1397 3825 1451 3888 itte
1468 3827 1558 3890 rebus
1574 3825 1695 3890 divinis
1707 3827 1871 3912 presidere
1884 3828 2052 3892 cideremr.

295 3956 386 3998 nasa.
513 3928 548 3994 Si
572 3928 633 3994 hec
663 3929 776 4015 regula
806 3931 839 3993 in
864 3928 940 3994 sede
972 3928 1151 4015 apostolica
1180 3927 1372 4017 deprompta
1396 3940 1428 3994 et
1455 3930 1592 4016 apostoli
1614 3930 1709 3995 Pauli
1731 3933 1915 3997 testimonio
1947 3933 2053 3999 *robo-

405 4045 476 4100 rata
503 4049 696 4120 servaretur,
720 4059 806 4101 nunc
837 4037 871 4100 in
898 4035 974 4100 sede
998 4034 1177 4123 apostolica
1204 4036 1292 4100 etin
1318 4045 1386 4100 tota
1413 4037 1574 4101 aecelcsia
1601 4037 1782 4103 sacerdotio
1806 4049 1838 4102 et
1860 4061 1963 4124 regno
1988 4042 2054 4104 suis

404 4142 549 4206 terminis
581 4153 732 4208 contento
762 4166 828 4230 pax
859 4153 955 4225 esset,
983 4165 1080 4230 quam
1111 4141 1304 4207 aecclesiam
1332 4164 1419 4207 nune
1449 4141 1559 4207 turbat
1588 4145 1748 4208 inminens
1779 4146 1898 4210 scisma
1923 4158 2053 4211 conten-

405 4249 492 4314 tione
523 4248 656 4332 crudeli,
687 4251 782 4336 quasi
815 4249 868 4314 vel
899 4249 1115 4314 sacerdotium
1145 4271 1166 4312 a
1195 4271 1296 4334 regno
1326 4248 1379 4313 vel
1410 4271 1429 4313 a
1460 4249 1641 4315 sacerdotio
1675 4273 1812 4338 regnum
1844 4251 1969 4317 destrui
2001 4253 2054 4318 vel
2073 4273 2099 4314 as

406 4353 545 4442 obprimi
574 4355 691 4438 valeat,
715 4358 760 4420 ita
790 4367 826 4420 ut
848 4356 984 4421 alterum
1008 4356 1077 4419 sine
1101 4354 1202 4420 altero
1227 4354 1419 4419 dominetur.
1463 4355 1559 4437 Quod
1581 4379 1646 4420 non
1668 4357 1714 4422 ita
1737 4359 1806 4440 erit,
1831 4359 1910 4445 quia
1933 4369 2053 4425 unum-

406 4483 469 4548 que
492 4483 595 4548 usquc
625 4464 659 4526 in
685 4461 783 4526 finem
813 4462 914 4527 seculi
944 4461 1148 4548 permanebit
1176 4461 1231 4526 illo
1261 4460 1413 4548 pontifice
1437 4484 1476 4528 ac
1499 4484 1576 4548 rege
1599 4473 1772 4551 utrumque
1794 4465 1986 4532 moderante
2017 4489 2055 4532 ac

285 4593 386 4642 rasas.
406 4578 566 4648 servante,
595 4569 652 4653 qui
680 4568 781 4632 linum
814 4568 978 4655 fumigans
1012 4592 1077 4634 non
1111 4570 1280 4655 extinguet
1314 4578 1347 4634 et
1381 4568 1541 4633 calamum
1576 4580 1763 4656 quassatum
1797 4595 1864 4636 non
1898 4583 2053 4657 conteret,

407 4672 511 4738 donec
535 4674 633 4737 eiciat
654 4674 697 4738 ad
719 4675 889 4738 victoriam
912 4675 1077 4741 iudicium.
1113 4675 1225 4762 Usque
1250 4674 1292 4739 ad
1314 4674 1394 4739 illud
1417 4674 1573 4741 iudicium
1597 4675 1695 4742 stabit
1717 4679 1751 4741 in
1767 4678 1929 4744 aeeclesia
1948 4703 2054 4745 sacer·

243 4807 387 4856 astruam.
407 4778 529 4845 dotium
551 4778 629 4844 licet
650 4779 812 4866 fumigans
837 4792 869 4845 et
891 4804 956 4846 nen
978 4783 1024 4846 ita
1046 4780 1250 4864 luminosum,
1275 4783 1360 4847 sicut
1382 4782 1444 4847 fuit
1465 4784 1499 4847 in
1522 4783 1595 4867 illis,
1621 4782 1738 4870 quibus
1763 4783 1970 4851 dictumest:
1996 4789 2055 4853 Vos
2071 4808 2098 4846 4ο

407 4890 480 4952 estes
503 4888 559 4952 lue
580 4888 700 4952 maadi.
748 4885 855 4952 Stabit
878 4898 909 4952 et
931 4911 1068 4975 regnum
1090 4887 1166 4953 licet
1185 4899 1380 4953 commotum
1404 4900 1437 4953 et
1460 4889 1585 4954 calamo
1609 4890 1718 4976 fragili
1742 4901 1774 4955 et
1797 4903 1951 4979 quassato
1976 4895 2054 4958 assi-

406 4992 562 5057 milatum.
610 4991 749 5060 Stabunt
772 4991 867 5058 ambe
891 4994 952 5059 hec
975 5017 1084 5058 rerum
1107 4994 1257 5078 culmina,
1282 4994 1386 5060 donec
1410 4997 1507 5060 eiciat
1530 4995 1679 5062 dominus
1707 4997 1750 5062 ad
1772 4999 1944 5064 victoriam
1972 4999 2053 5064 iudi-

407 5101 492 5164 cium
509 5120 694 5186 supremum
711 5109 743 5164 et
758 5111 949 5182 extremum,
965 5123 1026 5164 nec
1044 5102 1141 5165 estin
1156 5098 1361 5187 beneplacito
1378 5102 1453 5185 Dei,
1474 5113 1511 5167 ut
1526 5103 1662 5169 alterum
1680 5104 1865 5170 destruatur
1882 5104 1925 5170 ab
1942 5106 2052 5172 altero.

513 5261 539 5325 a)
560 5267 749 5331 incopetsntsr
766 5281 787 5316 c.
841 5263 869 5326 b)
891 5265 978 5315 omnis
997 5266 1113 5316 scicntia
1132 5271 1159 5315 et
1178 5265 1222 5316 lex
1241 5265 1304 5317 Bcn.
1361 5265 1386 5330 c)
1408 5285 1471 5318 corr,
1490 5285 1520 5318 er
1538 5270 1680 5320 mittantur
1697 5287 1718 5321 c.
1774 5269 1802 5333 d)
1823 5270 2015 5338 temperalium
2033 5289 2053 5322 c.

516 5407 544 5484 1)
570 5408 640 5469 eoa.
663 5410 738 5466 erra.
763 5430 808 5466 nr.
826 5410 878 5481 41,
904 5409 952 5466 ‘ru
976 5411 1075 5468 arear
1099 5411 1130 5483 V,
1149 5431 1183 5488 p.
1202 5410 1280 5482 aen·
1303 5411 1391 5485 Jafft
1409 5433 1454 5470 nr.
1474 5413 1577 5484 aare·
1602 5413 1687 5473 ora.
1714 5413 1745 5474 e.
1770 5415 1811 5487 ιι,
1836 5437 1881 5492 qa.
1901 5389 1930 5487 r,
1956 5437 1979 5474 ο.
2001 5419 2052 5473 41.
2071 5430 2096 5468 a

408 5513 438 5590 2)
470 5515 623 5593 Supposita
653 5516 768 5591 epistola
797 5516 898 5593 legitur
929 5513 1003 5594 Opp.
1035 5518 1078 5575 ed.
1102 5517 1210 5574 Bened.
1242 5517 1287 5590 II,
1319 5521 1369 5576 col.
1396 5519 1497 5590 127&
1528 5520 1740 5598 Hinscbiasp.
1766 5521 1839 5578 ⁷49.
1889 5521 1938 5596 Cf.
1968 5523 2052 5583 Orat.

408 5622 439 5681 G.
454 5623 517 5679 XX
521 5624 551 5693 V,
576 5643 622 5698 qa.
641 5621 669 5692 2,
695 5642 717 5679 c.
736 5623 765 5678 4.
847 5622 877 5693 3)
904 5621 952 5695 Cf.
974 5623 1021 5681 De
1043 5623 1168 5701 inoestip.
1188 5625 1399 5698 Antichristil,
1425 5646 1447 5683 c.
1466 5625 1516 5683 52.
1598 5627 1629 5698 4)
1655 5628 1748 5704 rpus.
1766 5629 1795 5685 8.
1820 5631 1862 5686 od
1876 5629 2053 5701 Mcbaelern,

408 5729 508 5787 Marsi
529 5738 547 5785 t.
565 5730 632 5799 XV,
657 5730 707 5786 col.
726 5728 806 5800 214,·
829 5729 915 5803 Jaffr'
935 5751 980 5788 ar.
1000 5730 1102 5800 2796,·
1127 5731 1168 5802 cf.
1192 5730 1238 5787 De
1260 5731 1389 5810 aedificio
1412 5732 1470 5789 Dei
1490 5753 1580 5809 supra
1597 5754 1631 5810 p.
1652 5735 1729 5806 147;
1754 5735 1875 5793 Libellus
1899 5737 1933 5792 dc
1956 5737 2055 5794 ordine

406 5837 541 5894 ᾱοποννιοι
561 5857 593 5912 ρ.
612 5835 693 5906 me,-
719 5833 822 5894 Comm.
846 5837 875 5894 ia
893 5857 940 5913 ps.
959 5837 1010 5894 64.
1035 5838 1128 5910 infru.
1290 5819 1292 5824 ,
