4544 6420
447 382 508 444 146
734 385 912 444 onuuour
933 312 1607 442 111111οὲ111ΒῆἶῦΗΕΒεΒΕΒοΕΝειε
1630 386 1795 442 urantur.

304 599 428 648 usuras.
446 574 574 656 iudicis,
606 579 665 662 qui
685 591 854 662 postquam
884 574 1033 640 occiderit
1062 583 1185 658 corpu&
1215 549 1314 637 buter
1336 588 1517 660 potestatem
1547 577 1667 640 mimo
1696 578 1836 640 unimam
1866 579 1900 640 r'n
1928 577 2099 664 peltensium

269 705 429 755 mussan.
448 685 540 770 ipsis.
588 681 655 747 Sed
683 681 770 746 dicet
793 681 927 767 uliquis:
960 679 1088 745 ‘Nonne
1113 685 1147 742 et
1169 670 1242 760 ipse
1267 679 1370 744 iustus
1393 679 1493 744 iudex
1519 679 1642 763 Cessri,
1667 703 1751 767 quse
1776 691 1851 746 sunt
1873 680 2005 746 Cesaris
2028 681 2100 746 red-

448 786 557 852 denda
580 788 751 875 precepit?
787 787 902 853 Nonne
925 787 988 853 hoc
1012 789 1118 874 ipsum
1138 785 1291 872 exemplo
1316 786 1510 851 confirmans
1535 785 1706 873 didragma
1729 788 1909 874 persolvit?
1945 788 2028 870 Quis
2053 799 2102 853 est

448 917 526 981 ergo
551 896 733 982 episcopus,
762 896 817 981 qui
843 917 877 959 se
902 893 1030 958 Christo
1054 894 1108 958 vel
1132 893 1230 958 etiam
1254 895 1375 958 Petro*
1399 895 1555 958 maiorem
1583 894 1708 958 faciens
1738 894 1904 978 tributum,
1936 896 2024 983 quod
2055 894 2100 959 illi

271 1025 429 1074 stamar.
449 1001 623 1082 solverunt,
655 1011 768 1066 contra
799 1000 980 1067 doctrinam
1003 1001 1096 1065 Pauli
1121 999 1258 1087 apostoli
1281 999 1497 1088 potestatibus
1521 1000 1763 1066 sublimioribus
1794 1002 1958 1088 denegare
1988 1025 2136 1090 prosu-s

448 1109 555 1172 matl'
588 1107 642 1174 Ad
659 1108 748 1195 quod
763 1107 1008 1196 respondemus,
1033 1109 1110 1194 quia
1133 1109 1167 1171 in
1191 1107 1251 1172 hoc
1276 1109 1346 1194 ipso
1371 1118 1505 1172 cunctos
1529 1108 1701 1194 episcopos
1718 1107 1847 1174 Christo
1867 1132 1887 1172 a
1902 1109 2000 1174 Petro
2025 1131 2100 1174 con-

448 1215 571 1280 firmari
602 1227 761 1302 optamus,
792 1227 838 1298 ut,
869 1216 953 1280 sicut
982 1213 1036 1278 ille
1066 1237 1132 1279 non
1163 1214 1203 1279 de
1234 1214 1348 1280 loculis
1372 1214 1486 1296 Iudae,
1517 1215 1572 1300 qui
1600 1226 1693 1279 erant
1716 1217 1896 1280 communis
1920 1239 2102 1304 pauperum

447 1321 661 1405 substantiae,
686 1322 745 1387 sed
769 1320 899 1387 aliunde
924 1323 1052 1408 accepit
1076 1323 1232 1408 precium,
1257 1321 1345 1408 quod
1361 1319 1477 1385 Cesari
1501 1319 1649 1385 daretur:
1674 1323 1721 1386 sic
1745 1334 1777 1386 et
1801 1323 1947 1410 episcopi
1970 1346 2034 1387 non
2060 1323 2100 1387 de

449 1428 658 1494 facultatibus
682 1429 874 1511 aecclesiae,
899 1451 962 1515 que
987 1429 1063 1493 solis
1086 1427 1286 1515 pauperibus
1311 1439 1343 1492 et
1359 1427 1432 1492 Deo
1456 1426 1668 1493 militantibus
1692 1427 1790 1492 debet
1813 1450 1885 1493 esse
1910 1431 2100 1510 communis,

360 1559 431 1604 urs.
450 1535 509 1600 sed
532 1535 674 1618 aliunde,
706 1537 733 1599 si
757 1546 900 1622 possent,
931 1534 1086 1600 militibus
1111 1547 1143 1600 et
1166 1537 1237 1620 regi
1261 1536 1481 1627 ministrarent
1507 1535 1605 1599 ‘illud
1628 1534 1851 1616 adtendentes,
1879 1536 1968 1623 quod
1995 1538 2101 1601 sancti
2122 1566 2149 1604 ro

449 1648 580 1728 patres¹
604 1641 718 1706 dicunt
739 1641 946 1728 sacrilegium
966 1664 1037 1706 esse
1058 1665 1126 1706 rem
1143 1665 1324 1728 pauperum
1340 1665 1405 1706 non
1421 1641 1621 1728 pauperibus
1638 1665 1783 1728 erogare.
1820 1643 1855 1708 Si
1871 1666 1950 1708 vero
1966 1645 2101 1709 faculta-

449 1760 514 1813 tem
531 1749 710 1814 aecclesiae
727 1749 903 1835 imperator
920 1759 976 1812 aut
992 1748 1073 1812 alius
1089 1750 1242 1836 princeps
1258 1760 1395 1835 peteret,
1409 1761 1625 1834 congruenter
1640 1750 1813 1836 episcopus
1830 1773 1903 1815 cum
1916 1750 2010 1815 beato
2022 1749 2100 1815 Arn-

449 1854 568 1938 brosio,
586 1855 674 1942 quod
690 1878 789 1942 supra
804 1856 982 1942 posuimus,
999 1854 1211 1942 responderet
1222 1861 1249 1919 ²:
1274 1856 1340 1921 Nec
1357 1857 1526 1945 mr'clsifas
1542 1872 1586 1922 est
1600 1857 1735 1936 trudere,
1756 1883 1810 1922 neo
1825 1860 1894 1938 tsbr',
1919 1861 2100 1945 imperator,

449 1965 576 2050 capedit
590 1967 742 2050 aocrpere.
780 1960 877 2043 Quod
892 1986 951 2049 pro
968 1963 1068 2048 regia,
1090 1975 1125 2026 ut
1148 1962 1270 2044 dicunt,
1294 1963 1424 2028 iusticia
1440 1961 1480 2026 de
1497 1962 1594 2026 rebus
1610 1985 1790 2050 pauperum
1806 1963 1930 2050 aliquid
1946 1965 2100 2052 episcopo

449 2070 626 2156 imperator
642 2082 837 2155 extorquere
855 2067 1052 2155 disponeret,
1077 2068 1192 2133 melius
1217 2080 1304 2134 esset
1320 2091 1394 2134 cum
1409 2067 1506 2134 beato
1521 2069 1699 2134 Laurentio
1716 2069 1842 2152 ardere,
1860 2072 1913 2136 cui
1928 2071 2100 2136 facultates
2122 2100 2147 2140 u

450 2177 630 2242 aecclesiae
646 2199 707 2240 nec
723 2177 808 2261 ignis
824 2176 930 2262 potuit
946 2187 1150 2263 extorquere,
1167 2199 1264 2261 quam
1281 2177 1443 2240 iusticiam
1460 2175 1623 2240 forensem
1640 2177 1708 2240 sive
1725 2177 1865 2242 aulicam
1881 2179 1963 2242 tanti
1978 2179 2100 2264 ponde-

380 2287 381 2290 ’
449 2307 533 2366 rare,
558 2285 651 2371 quasi
676 2295 789 2348 contra
813 2282 958 2346 divinam
980 2282 1142 2346 iusticiam
1168 2281 1223 2346 illa
1238 2305 1297 2347 nos
1313 2282 1416 2368 possit
1433 2305 1602 2365 excusare,
1620 2306 1693 2346 curn
1709 2249 1797 2348 nulla
1813 2297 2100 2372 quantumcunque

449 2403 543 2457 vetus
561 2389 772 2474 cousuetudo,
790 2401 1076 2476 quantumcunque
1093 2413 1113 2452 a
1129 2388 1262 2476 regibus
1278 2389 1406 2454 firmata
1423 2391 1608 2454 constitutio
1625 2392 1727 2476 possit
1743 2390 1795 2454 vel
1812 2390 1932 2456 debeat
1953 2403 2048 2474 stare,
2074 2395 2101 2456 si

450 2499 660 2586 propheticis,
678 2495 877 2582 euangelicis
894 2507 991 2582 atque
1008 2496 1193 2583 apostolicis
1210 2497 1364 2561 institutis
1381 2497 1546 2561 invenitur
1560 2520 1753 2582 repugnare.
1790 2497 1857 2563 Sed
1877 2499 1984 2564 adhuc
2001 2498 2101 2564 obici·

451 2616 511 2686 tur,
525 2606 603 2691 quia
617 2627 682 2668 non
699 2604 824 2690 possint
840 2603 986 2689 episcopi
1002 2602 1158 2668 militibus
1175 2626 1215 2667 ea
1227 2604 1390 2690 denegare
1408 2627 1471 2690 que
1488 2627 1508 2668 a
1523 2605 1590 2668 suis
1603 2603 1890 2690 predecessoribus
1907 2605 1969 2671 illis
1983 2630 2100 2693 cogno-
2120 2635 2148 2674 so

451 2723 585 2776 scuntur
607 2711 744 2798 prestita
767 2732 850 2792 esse,
875 2711 1017 2774 maxime
1042 2711 1070 2773 si
1093 2711 1268 2797 antiquitas
1292 2713 1431 2775 accessit
1454 2709 1624 2792 beneficio,
1649 2723 1684 2775 ut
1707 2712 1795 2776 ineo
1820 2714 1861 2777 sit
1884 2713 2024 2800 quedam
2042 2737 2102 2801 per

450 2818 567 2883 multas
591 2829 693 2888 etates
717 2818 811 2904 quasi
835 2816 1033 2881 hereditaria
1056 2818 1230 2882 successio.
1276 2815 1330 2881 Ad
1354 2818 1442 2904 quod
1465 2818 1710 2904 respondemus,
1742 2819 1829 2906 quod
1852 2820 2102 2906 predecessores

451 2926 606 3013 episcopi,
639 2927 695 3013 qui
725 2923 787 2989 hoc
817 2925 976 3006 fecerunt,
1007 2925 1069 2988 nisi
1099 2925 1290 3010 perignem
1314 2926 1513 3010 penitentiae
1542 2947 1601 3011 pro
1626 2925 1796 3012 sacrilegio
1821 2929 1991 2992 commisso
2016 2939 2101 3015 post-

451 3032 583 3098 modum
613 3033 677 3096 sint
705 3033 844 3118 purgati,
874 3041 906 3095 et
936 3030 982 3094 illi
1013 3029 1136 3117 absque
1161 3029 1260 3095 dubio
1283 3032 1451 3117 perierunt
1475 3043 1507 3095 et
1530 3032 1596 3096 suis
1621 3031 1863 3098 suecessoribus
1887 3033 2102 3100 hereditatem

452 3139 642 3226 perditionis
665 3138 867 3220 dimiserunt,
891 3139 954 3201 nisi
979 3160 1018 3202 ea
1042 3137 1193 3202 studeant
1216 3140 1390 3222 corrigere,
1416 3161 1478 3225 que
1503 3136 1544 3202 ab
1569 3137 1631 3202 illis
1656 3150 1768 3202 contra
1791 3139 1856 3203 Dei
1880 3139 1971 3226 leges
1994 3143 2101 3207 sciun-
2121 3171 2148 3210 ss

451 3259 504 3311 tur
533 3257 722 3334 presumpta
752 3267 834 3310 esse.
881 3245 964 3309 Nam
989 3246 1016 3308 si
1039 3267 1170 3308 manum
1201 3246 1411 3331 apposuerint
1441 3245 1483 3308 ad
1506 3245 1566 3308 ea.b
1591 3246 1770 3310 secundum
1800 3246 1890 3332 leges
1921 3248 2044 3314 aulicas
2067 3251 2101 3314 in

452 3364 611 3442 potestate
635 3352 772 3418 militum
797 3350 1029 3433 confirmanda,
1059 3374 1121 3437 que
1146 3351 1209 3416 illis
1233 3375 1292 3438 per
1315 3352 1420 3437 legem
1447 3351 1523 3440 [Dei
1533 3351 1557 3440 ο)
1583 3351 1623 3416 de
1648 3375 1746 3417 manu
1769 3367 1844 3418 sunt
1867 3356 2101 3442 extorquenda,

452 3462 536 3526 sicut
565 3459 660 3524 Iudei
695 3459 791 3524 hodie
821 3461 984 3541 viventes,
1017 3459 1170 3545 quoniam
1200 3457 1347 3544 patribus
1376 3460 1442 3522 suis
1475 3457 1595 3523 Christi
1630 3460 1893 3526 interfectoribus
1928 3463 1962 3526 in
1992 3485 2101 3529 errore

452 3568 641 3650 succedunt,
667 3565 707 3630 ab
732 3589 843 3630 eorum
867 3565 1097 3652 dampnatione
1121 3564 1219 3629 alieni
1243 3589 1308 3630 non
1331 3579 1421 3630 sunt:
1447 3567 1493 3630 sic
1519 3567 1663 3653 episcopi
1687 3567 1779 3632 malis
1805 3569 1966 3656 episcopis
1991 3593 2101 3636 succe-

452 3675 575 3756 dentes,
599 3675 663 3739 nisi
686 3673 770 3738 male
795 3673 945 3738 ordinata
968 3671 1120 3737 studeant
1143 3672 1185 3736 ad
1208 3672 1356 3737 ordinem
1379 3674 1498 3736 iustum
1523 3673 1710 3753 reformare,
1742 3673 2006 3762 dampnationem
2030 3700 2101 3763 pre-
2121 3704 2148 3742 so

452 3781 662 3846 decessorum
686 3803 751 3844 non
775 3789 910 3865 possunt
933 3779 1084 3843 evadere.

562 3910 612 3971 16.
648 3906 722 3970 Non
738 3903 836 3968 debet
852 3904 950 3968 alicui
966 3905 1083 3968 mirum
1100 3902 1214 3982 videri,
1240 3903 1327 3990 quod
1351 3904 1384 3966 in
1401 3903 1631 3988 distinguendo
1655 3905 1900 3971 aecclesiastica
1923 3919 1956 3973 et
1979 3909 2103 3994 regalis

452 4012 565 4079 tandiu
588 4014 797 4092 inmoramur,
822 4012 898 4096 quia
922 4011 984 4074 hoc
1007 4011 1050 4075 ad
1066 4021 1260 4075 structuram
1277 4010 1408 4090 edificii,
1433 4010 1473 4074 de
1498 4034 1561 4097 quo
1585 4021 1725 4076 tractare
1749 4013 1978 4100 disposuimus,
2004 4016 2101 4102 pluri·

377 4230 432 4275 trs.
560 4213 624 4272 Ex³
647 4219 754 4290 synodo
778 4235 868 4288 papae
885 4216 986 4271 Hilarii
1009 4235 1072 4288 cap.
1088 4213 1191 4270 1111202
1217 4215 1298 4272 Illud
1318 4217 1395 4292 quod
1411 4216 1534 4292 qusquis
1557 4217 1691 4273 rornrnist't
1708 4217 1852 4294 epscopus
1875 4219 1952 4276 ittet
1988 4251 2033 4260 -
2048 4251 2100 4291 -,

453 4323 591 4401 quidquid
614 4323 645 4381 in
667 4323 724 4380 alio
747 4342 804 4379 non
827 4321 970 4392 resecabit,
1002 4322 1130 4380 inveniet.
1177 4323 1308 4379 Gelasius
1332 4322 1493 4390 cresconio,
1516 4323 1634 4379 Iohanni
1658 4332 1687 4379 et
1709 4325 1831 4381 Messala
1860 4327 1999 4398 episcopis
2026 4329 2102 4384 inter
2120 4345 2146 4385 ss

453 4427 587 4489 cetera⁴:
613 4430 799 4486 Decessorum
822 4437 936 4499 statuta,
961 4459 1005 4468 -
1027 4459 1072 4468 —
1094 4431 1177 4485 enam
1199 4432 1273 4486 ritule
1289 4430 1378 4501 sactu
1402 4430 1553 4505 corripere.

561 4537 702 4593 Adrianus
725 4554 800 4608 papa
823 4532 1056 4609 Engalrammo⁵z
1085 4533 1296 4593 Comtitutiones
1319 4566 1363 4575 —
1385 4566 1429 4574 —
1451 4536 1554 4593 nullius
1576 4537 1634 4594 sint
1654 4539 1791 4595 momenti.
1973 4613 1976 4620 Ι

560 4645 713 4717 Gregorius
736 4645 764 4698 in
789 4639 957 4716 Registrot:
984 4641 1125 4718 Inperiali
1146 4641 1336 4699 constitutione
1359 4651 1457 4716 operte
1479 4644 1615 4700 runcinam
1640 4654 1688 4715 est,
1712 4677 1756 4684 -
1771 4677 1815 4686 -—
1832 4666 1891 4723 pro
1915 4647 2028 4720 iresectis
2051 4650 2101 4706 lta-

452 4752 543 4809 benda
565 4759 638 4808 sunt.

559 4859 744 4914 innocentius
766 4876 842 4929 papa
865 4857 1004 4929 episcopis
1033 4875 1087 4927 per
1110 4857 1303 4912 Macedoniarn
1326 4853 1525 4912 constitutis⁷:
1552 4857 1650 4916 Grave
1673 4879 1729 4916 reon
1753 4861 1876 4936 oportuit
1898 4862 1988 4919 viden
2004 4862 2100 4939 piissi-
2119 4882 2146 4921 so

452 4966 504 5024 mes
527 4996 571 5004 -
593 4963 720 5022 —sine
737 4963 895 5039 penitentia
918 4963 1149 5038 condempnatur.

559 5154 586 5218 a)
609 5157 706 5206 PENO
720 5153 750 5217 (1)
770 5173 791 5206 c.
865 5151 892 5214 b)
915 5171 962 5205 ens
980 5172 1001 5204 c.
1074 5152 1101 5214 c)
1121 5155 1204 5218 mppl.
1224 5152 1280 5204 Pes.

563 5318 592 5394 1)
618 5319 666 5392 Os.
685 5319 803 5375 Hieron.
829 5338 871 5393 ep.
891 5318 941 5374 66.
967 5319 1008 5374 ad
1029 5317 1204 5386 Parauaea,
1231 5315 1304 5392 Opp.
1330 5316 1353 5386 I,
1380 5320 1429 5375 col.
1449 5318 1521 5375 397.
1593 5319 1623 5390 2)
1650 5321 1741 5397 Epist.
1761 5321 1811 5379 30.
1837 5326 1879 5381 ad
1901 5325 2101 5384 Marcellinum

453 5425 540 5501 git,
567 5425 641 5502 opp.
666 5426 706 5495 II,
732 5427 781 5482 col.
800 5425 874 5481 857.
990 5425 1020 5494 3)
1044 5426 1087 5480 Ex
1110 5427 1217 5497 synodo
1241 5425 1341 5480 Hilarii
1364 5454 1409 5462 —
1432 5425 1564 5482 habenda
1586 5436 1652 5483 sunt
1683 5449 1718 5486 aa
1741 5429 1849 5488 Deusd.
1876 5431 1937 5489 Lib.
1963 5434 1986 5502 1,
2010 5431 2030 5506 ξ
2050 5434 2099 5505 12,

451 5555 481 5609 p.
501 5533 562 5590 310
579 5553 621 5608 sq.
714 5533 745 5600 4)
772 5532 950 5604 deenseld,
977 5531 1070 5607 Epist.
1090 5539 1170 5606 pont.
1191 5551 1223 5606 p.
1245 5529 1293 5599 10,
1317 5529 1405 5603 Jaffc'
1426 5531 1498 5587 717.
1580 5532 1611 5602 5)
1638 5533 1729 5609 Capit.
1754 5537 1917 5613 Anpt'lrami
1939 5560 1961 5596 e.
1981 5541 2031 5610 36,
2057 5543 2099 5598 ed.
2119 5559 2145 5598 ss

453 5640 607 5696 Hinsclrius
625 5659 658 5714 p.
677 5640 750 5696 764.
843 5635 875 5712 6)
897 5637 968 5714 1209.
994 5637 1048 5708 IX,
1068 5637 1138 5693 197.
1165 5636 1287 5694 Ianuar.
1305 5635 1436 5708 Caralit,
1463 5637 1531 5694 ΕΕ.
1557 5639 1596 5709 II,
1615 5661 1648 5715 p.
1668 5641 1738 5698 186.
1832 5644 1862 5714 7)
1889 5645 2101 5705 schoenemann

448 5767 481 5823 p.
501 5747 573 5816 591,
599 5766 642 5821 ep.
663 5746 719 5815 18,·
743 5745 897 5802 ffinscbius
914 5764 947 5820 p.
967 5743 1039 5800 545.
