4426 6398
445 352 509 416 658
955 354 1190 414 TRACTATUS
1214 354 1503 414 EBORACENSES.
1538 355 1594 410 III.

277 535 425 639 ,cffifssffssj
445 559 478 612 et
494 545 660 612 Christum
684 555 717 610 et
740 545 797 632 qui
820 542 910 609 ‘vult
933 567 971 608 eo
996 544 1144 630 superior
1165 542 1237 608 fieri
1261 554 1293 608 et
1309 541 1464 608 Christo?
1506 543 1592 608 Unus
1616 543 1702 606 enim
1726 564 1801 607 cum
1826 563 1867 606 eo
1892 555 1939 606 eet
1960 544 2096 628 spiritus.

268 643 425 744 Msslffi‘ffi
444 656 584 741 Propter
600 675 698 739 quam
714 653 871 716 unitatem
893 653 964 738 ipse
981 649 1130 716 Christus
1154 651 1197 715 ad
1212 650 1389 736 discipulos
1405 671 1480 714 suos
1496 648 1638 737 loquitur
1655 649 1785 714 dicens:
1813 649 1882 727 Qui
1902 673 1959 714 vos
1982 651 2099 734 recipit,

300 751 425 799 ²¹⁰h'²’⁸'
446 787 493 826 *me
516 763 631 846 resipuit
653 775 690 840 et,
721 762 781 845 qui
801 761 1007 845 conspersit,
1038 783 1086 822 ute
1108 761 1229 844 spernit
1251 773 1280 823 et
1302 760 1361 844 qui
1382 782 1435 822 vos
1458 760 1567 846 tanpit,
1595 760 1695 846 toupit
1716 759 1814 843 quusi
1827 757 1999 843 pupillum
2022 757 2103 820 oculi

446 870 515 934 otei.
564 866 657 932 Sicut
680 888 757 951 ergo
782 864 931 929 Christus
955 863 1084 928 anullo
1108 863 1302 928 iudicandus
1326 875 1385 946 est,
1412 865 1480 927 ita·
1504 885 1565 928 nec
1588 863 1862 949 Rothomagcnsis
1886 862 2099 948 archiepisco-

446 996 506 1060 pus
530 972 571 1038 ab
595 972 659 1037 ullo
683 973 747 1036 nisi
770 994 790 1035 a
813 970 880 1036 solo
902 970 975 1034 Deo
1000 980 1049 1034 est
1072 970 1276 1036 iudicandus.
1324 970 1420 1054 Quia,
1444 981 1480 1035 ut
1503 971 1595 1035 aiunt
1618 969 1732 1035 beatus
1748 970 1878 1052 Petrus,
1896 967 2049 1033 Clemens
2071 981 2127 1034 ets

445 1078 624 1144 Anacletus
637 1085 658 1161 ¹,
687 1078 794 1143 nullus
818 1079 991 1164 episeopus
1021 1078 1084 1141 nisi
1107 1100 1128 1142 a
1151 1077 1219 1142 solo
1242 1078 1315 1142 Deo
1340 1088 1389 1143 est
1411 1076 1616 1142 iudicandus.
1664 1078 1785 1143 Omnes
1810 1077 1934 1141 etenim
1959 1077 2100 1162 episcopi

446 1187 493 1251 dii
516 1196 600 1268 sunt,
625 1196 658 1251 et
680 1184 727 1249 dii
749 1185 812 1250 nisi
836 1208 857 1249 a
879 1184 946 1249 solo
970 1184 1043 1249 Deo
1072 1193 1147 1248 sunt
1176 1184 1354 1250 iudicandi.
1402 1184 1467 1266 Qui
1491 1185 1599 1266 etiam,
1623 1185 1700 1272 quia
1723 1185 1818 1248 servi·
1833 1183 1901 1247 Dei
1926 1195 2012 1264 sunt,
2040 1205 2101 1246 non

295 1319 428 1367 nomiae.
447 1295 510 1358 nisi
533 1316 553 1357 a
576 1291 644 1357 solo
660 1293 734 1356 Deo
758 1301 833 1356 sunt
856 1291 1033 1356 iudicandi.
1070 1291 1134 1356 Suo
1158 1295 1241 1356 euim
1264 1293 1391 1357 domiuo
1413 1306 1497 1358 stant
1518 1307 1574 1356 out
1595 1292 1718 1357 cudunt.
1753 1289 1821 1354 Alii
1845 1313 1908 1354 nec
1934 1301 2022 1352 stant
2043 1311 2101 1353 nec

319 1426 428 1476 eacan
448 1399 569 1465 cadunt
591 1411 624 1464 et
646 1399 721 1464 ideo
745 1397 786 1462 ab
811 1398 874 1462 alio
898 1397 1065 1463 iudicandi
1088 1399 1175 1462 nonb
1199 1407 1283 1463 sunt.
1331 1398 1425 1480 Nam,
1457 1399 1485 1462 si
1508 1397 1550 1462 ab
1574 1397 1637 1461 alio
1662 1397 1857 1476 iudicentur,
1882 1396 1988 1477 Deus,
2012 1399 2098 1462 altio-

448 1533 523 1572 oum
547 1508 703 1586 dominus,
729 1507 816 1571 Deus
839 1508 1002 1586 ultionum,
1027 1507 1123 1570 libere
1146 1530 1241 1594 operis
1264 1504 1418 1569 ultionem
1442 1504 1542 1569 faciet
1565 1503 1605 1569 de
1629 1502 1862 1568 iudicantibus,
2118 1531 2137 1569 ιι

556 1612 623 1678 Sed
647 1623 849 1676 revertamur
871 1613 914 1677 ad
929 1613 1132 1699 propositum
1149 1621 1182 1676 et
1197 1611 1378 1694 rideamne,
1402 1621 1480 1676 ειιιο
1498 1609 1768 1696 Rothomagensis
1792 1609 2061 1696 archiepiscopus
2084 1633 2103 1673 a

448 1721 595 1784 Romano
611 1719 764 1806 pontifice
781 1719 821 1784 de
838 1718 1060 1784 inobedientia
1076 1729 1237 1784 causetur.
1269 1718 1364 1800 Quia,
1388 1719 1504 1805 inquit,
1528 1740 1593 1782 non
1609 1718 1724 1804 recipit
1737 1717 1986 1781 Viennensem²
2002 1716 2101 1780 archi·

449 1829 639 1913 episcopum
663 1828 747 1890 sicut
769 1827 969 1912 magistrum,
994 1827 1127 1911 etquis
1150 1848 1215 1890 non
1238 1824 1307 1890 vult
1330 1848 1405 1890 curn
1428 1847 1546 1890 vocare
1570 1825 1771 1910 magistrum.
1812 1823 1880 1888 Sed
1904 1823 1995 1888 dicat
2017 1846 2101 1887 nuuc

449 1935 613 1998 Romanus
632 1932 789 2019 pontifex,
807 1932 862 1996 ubi
879 1932 957 2014 vult,
975 1931 1063 2019 quod
1077 1932 1348 2018 Rothomagensis
1367 1931 1632 2018 archiepiscopus
1646 1931 1867 1996 Viennensem
1883 1940 1982 1995 vocet
2003 1931 2101 2015 magi-

450 2050 560 2122 strum,
585 2051 818 2126 superterram
842 2063 884 2104 an
904 2061 1007 2125 super.
1019 2038 1149 2127 celum?
1186 2039 1222 2104 Si
1238 2063 1337 2126 super
1352 2039 1468 2127 celum,
1485 2037 1541 2103 ubi
1557 2038 1618 2102 hoc
1635 2038 1775 2124 precipit
1791 2036 1953 2118 Christus,
1970 2035 2028 2100 ubi
2044 2036 2101 2101 hoc
2119 2065 2138 2104 ιε

449 2146 545 2210 docet
569 2145 708 2232 Spiritus
733 2147 889 2210 sanctus?
935 2146 998 2211 Vel
1027 2144 1084 2210 ubi
1115 2146 1242 2232 legitur,
1271 2145 1359 2233 quod
1389 2145 1442 2210 ille
1466 2169 1487 2210 a
1509 2145 1582 2210 Deo
1606 2145 1762 2231 magister
1785 2144 1880 2209 huius
1910 2146 1945 2208 in
1971 2144 2040 2208 celo
2064 2145 2103 2207 sit

450 2252 667 2317 constitutus?
707 2251 806 2316 Caret
828 2254 938 2339 itaque
964 2253 1024 2318 hoc
1048 2265 1081 2318 et
1104 2255 1228 2318 ratione
1253 2264 1286 2318 et
1307 2253 1511 2318 auctoritate.
1551 2251 1587 2318 Si
1610 2273 1689 2339 ergo
1713 2274 1812 2338 super
1833 2261 1968 2332 terram,
1993 2250 2101 2314 audiat

272 2384 429 2432 noxiosam.
450 2359 615 2424 Christum
630 2359 858 2446 prohibentem
875 2358 1025 2424 omnibus
1042 2359 1211 2446 discipulis
1235 2360 1301 2424 suis
1326 2370 1358 2424 et
1382 2359 1560 2424 dicentem:
1585 2358 1652 2425 Nec
1676 2361 1832 2424 vocemini
1850 2362 2000 2445 resp-sistri
2012 2383 2103 2444 super

450 2481 593 2548 terram5·
615 2493 694 2530 ursus
724 2481 768 2531 est
797 2470 879 2532 enim
903 2470 1052 2554 ntaptster
1075 2482 1183 2548 vester,
1214 2468 1317 2532 idest
1343 2467 1495 2532 Christus.
1543 2464 1622 2531 Ideo
1647 2487 1724 2550 ergo
1748 2465 1809 2529 iste
1833 2487 1898 2528 non
1923 2463 1994 2528 vult
2017 2463 2103 2527 illum

450 2595 568 2636 vocare
592 2574 794 2658 magistrum,
819 2574 896 2660 quia
919 2572 1068 2638 Christus
1098 2575 1247 2660 precipit,
1278 2595 1319 2638 ne
1344 2583 1479 2638 vocetur
1501 2573 1666 2658 magister,
1693 2573 1745 2637 cui
1775 2594 1842 2634 non
1865 2571 1937 2635 vult
1961 2593 2033 2634 esse
2060 2573 2104 2633 in·
2120 2599 2141 2637 so

451 2678 608 2744 obediens
631 2703 671 2743 ac
695 2678 825 2744 rebellis
849 2691 947 2766 atque
971 2681 1161 2745 contrarius.
1198 2680 1331 2760 Quare
1356 2703 1420 2744 non
1437 2678 1535 2744 dehet
1558 2679 1598 2743 de
1622 2676 1845 2744 inobedientia
1870 2678 2012 2759 causari,
2031 2679 2105 2762 quia

451 2787 555 2872 magis
586 2784 684 2850 debet
714 2785 869 2851 oboedire
900 2786 1040 2869 Christo,
1071 2809 1169 2875 quarn
1197 2787 1379 2852 Viennensi
1409 2786 1657 2872 archiepiscopo
1688 2783 1741 2849 vel
1770 2784 1919 2848 Romano
1951 2783 2103 2868 pontifici.

307 2975 308 2980 η
451 2891 575 2956 Neuter
598 2893 697 2979 igitur
719 2892 834 2958 horum
859 2892 957 2958 debet
980 2895 1093 2958 vocari
1124 2895 1279 2980 magister
1308 2903 1559 2980 superterram,
1585 2891 1746 2978 quiahoc
1771 2889 1921 2955 Christus
1945 2889 2104 2976 prohibet,

354 3025 431 3075 ·ρ.ιε.
452 2999 513 3064 hoc
535 2999 628 3064 Deus
653 2998 809 3082 defendit,
834 2999 917 3064 hoc<i
942 3011 974 3066 et
997 3010 1128 3066 sanetus
1152 3013 1241 3065 vetat
1265 3001 1415 3087 Spiritus.
1784 3065 1785 3068 ,

560 3105 627 3171 Sed
650 3107 853 3194 alloquamur
877 3111 957 3190 'eos,
981 3131 1040 3172 eur
1062 3107 1164 3172 velint
1187 3131 1258 3172 esse
1282 3109 1429 3194 magistri
1453 3107 1723 3192 Rothomagensis
1747 3105 1998 3192 archiepiscopi.
2040 3105 2104 3169 Aut
2122 3132 2143 3170 ss

453 3214 540 3277 enim
563 3212 637 3278 ideo
661 3213 722 3278 hoc
739 3212 861 3296 volunt,
881 3224 916 3278 ut
932 3237 1007 3279 eum
1022 3214 1170 3295 doceant,
1195 3225 1260 3298 aut,
1285 3226 1409 3279 utnon
1432 3197 1580 3278 doceant.
1616 3213 1652 3280 si
1675 3223 1784 3293 autem
1808 3223 1934 3276 utnon
1958 3212 2104 3294 doceant,

453 3321 662 3406 perspicuum
685 3331 744 3402 cst,
769 3319 857 3407 quod
881 3343 923 3385 ex
946 3322 1092 3407 appetitu
1123 3323 1229 3385 inanis
1253 3321 1355 3410 glorie
1371 3303 1412 3386 et
1435 3344 1477 3386 ex
1500 3321 1586 3386 fastu
1609 3321 1768 3408 tirannice
1791 3319 2024 3384 dominationis
2048 3319 2106 3382 hoc

453 3426 586 3490 faciunt.
623 3427 659 3491 Si
677 3450 758 3492 vero
782 3439 817 3492 ut
841 3427 990 3510 doceant,
1014 3428 1093 3515 quid
1117 3451 1190 3492 eum
1215 3428 1332 3494 docere
1356 3428 1492 3494 volunt?
1527 3428 1653 3493 Illudne
1679 3427 1766 3514 quod
1787 3428 1905 3492 Petrus
1931 3439 1964 3491 et
1986 3426 2105 3490 Paulus

325 3559 433 3606 canus.
454 3543 487 3596 et
502 3536 602 3598 ceteri
626 3534 880 3620 predicaverunt
895 3535 1032 3622 apostoli
1048 3559 1091 3599 an
1107 3535 1221 3600 aliud?
1257 3537 1323 3602 Sed
1343 3540 1376 3602 ai
1396 3539 1468 3622 quie
1483 3537 1578 3601 aliod
1592 3536 1742 3616 docuerit,
1766 3537 1817 3600 vel
1831 3536 2107 3612 adortooioeerr't‘,

450 3655 557 3727 preter
580 3641 666 3727 quod
687 3643 952 3708 adnunciavimus
975 3645 1072 3724 vobis,
1095 3643 1201 3728 inquit
1219 3642 1351 3724 Paulus,
1376 3645 1449 3707 licet
1470 3643 1599 3730 capetus
1623 3643 1661 3707 de
1685 3643 1759 3728 celo,
1783 3641 1971 3706 anathemes
1987 3645 2038 3706 sit.
2075 3639 2107 3705 Si
2123 3667 2145 3706 to

454 3769 532 3810 vero
556 3747 590 3811 id
606 3747 694 3833 quod
717 3748 999 3812 adnunciaverunt
1013 3749 1131 3813 Petrus
1148 3762 1180 3812 et
1194 3749 1327 3830 Paulus,
1352 3749 1412 3814 hoc
1436 3747 1600 3835 superfluo
1624 3747 1757 3832 faciunt,
1782 3749 1860 3834 quia
1883 3747 1934 3812 his
1960 3745 2106 3811 omnibus

455 3853 654 3918 sufficienter
670 3853 804 3918 edoctus
821 3865 870 3918 est
894 3867 925 3918 et
948 3877 1069 3936 eorum,
1090 3866 1246 3942 quantum
1269 3857 1303 3919 in
1320 3855 1447 3920 homine
1473 3865 1531 3938 est,
1555 3855 1735 3942 plenariam
1758 3853 1858 3920 habet
1882 3855 2054 3926 scientiam
2077 3865 2107 3918 et

454 3962 580 4024 ratione
605 3972 703 4043 caret,
727 3971 763 4025 ut
787 3983 871 4043 eum,
895 3963 951 4048 qui
975 3961 1090 4027 doctus
1114 3973 1172 4046 εει,
1198 3962 1336 4028 doceant
1359 3963 1399 4027 de
1423 3963 1483 4044 his,
1507 3963 1548 4027 de
1573 3961 1691 4049 quibus
1715 3961 1830 4026 doctus
1854 3971 1913 4026 est.

563 4067 630 4132 Sed
648 4069 765 4132 iterum
782 4067 1007 4155 alloquamur⁸
1023 4091 1088 4152 eos,
1105 4081 1212 4134 utrum
1228 4092 1360 4155 preesse
1376 4080 1501 4134 tantum
1517 4069 1563 4133 illi
1579 4068 1681 4134 velint
1696 4092 1738 4133 an
1754 4069 1852 4134 eh'arn
1869 4069 2038 4154 prodesse.
2075 4067 2107 4132 Si

455 4196 586 4259 preesse
600 4185 724 4239 tantum
737 4175 860 4257 volunt,
875 4175 937 4240 hoc
951 4175 1026 4240 ideo
1041 4177 1175 4258 faciunt,
1187 4186 1223 4240 ut
1237 4174 1278 4240 ab
1294 4199 1332 4241 ao
1344 4177 1519 4241 timeantur
1533 4177 1614 4240 etin
1627 4175 1688 4240 hoc
1704 4185 1816 4240 contra
1830 4186 1983 4240 naturam
1999 4198 2108 4262 super·
2125 4200 2148 4240 ss

455 4279 557 4344 biunt.
585 4279 706 4346 Contra
721 4293 869 4346 naturam
885 4283 1005 4369 quippe
1021 4282 1189 4369 superbire
1205 4295 1255 4350 est
1268 4281 1310 4347 ab
1326 4281 1434 4372 equali
1448 4282 1531 4348 velle
1546 4283 1663 4347 timeri.
1696 4281 1731 4347 Si
1745 4303 1824 4346 vero
1839 4283 1939 4347 etiam
1953 4282 2108 4368 prodesse

456 4386 577 4468 volunt,
601 4386 636 4450 id
653 4388 708 4473 qui
731 4388 802 4451 fieri
818 4399 933 4474 potest,
958 4413 1031 4454 curn
1055 4413 1130 4454 eum
1152 4389 1235 4455 adeo
1251 4401 1390 4476 gravam
1406 4401 1437 4454 ct
1453 4391 1648 4476 opprimunt,
1665 4399 1701 4454 ut
1717 4388 1815 4453 eundi
1830 4389 1969 4454 Romam
1985 4399 2019 4453 et
2035 4371 2108 4453 con·

456 4493 559 4557 ciliish
574 4517 666 4559 suam
681 4493 859 4558 exhibendi
874 4498 1072 4580 presentiam
1087 4498 1315 4562 necessitatem
1330 4497 1447 4561 cotidie
1463 4498 1640 4582 imponant,
1654 4494 1741 4583 quod
1755 4494 1891 4582 implere
1906 4497 2032 4582 nequit,
2048 4497 2109 4560 nisi

455 4601 537 4664 mori
560 4599 639 4664 velit
662 4610 694 4664 et
718 4600 863 4665 habitum
880 4601 1043 4688 deponere
1067 4603 1233 4689 religionis
1257 4613 1289 4667 et
1311 4605 1441 4668 mentiri
1457 4626 1491 4668 se
1508 4626 1589 4686 esse,
1607 4602 1695 4689 quod
1718 4613 1862 4684 nonest,
1885 4613 1917 4666 et
1940 4624 2007 4667 non
2027 4625 2108 4684 esse,

312 4732 393 4780 saar,
404 4732 435 4770 11.
456 4704 544 4792 quod
561 4718 618 4788 est,
635 4706 722 4792 quod
738 4707 844 4772 nullus
860 4707 984 4795 absque
1000 4720 1103 4774 morte
1120 4711 1227 4798 anime
1248 4710 1357 4776 facere
1378 4709 1508 4796 potest?
1547 4710 1590 4775 Os
1606 4713 1699 4791 enim,
1720 4711 1807 4796 quod
1820 4713 1978 4791 mentibu,
1995 4711 2111 4775 occidit
2125 4735 2151 4773 ιο

342 4838 378 4876 m.
387 4839 407 4888 ε,
417 4839 436 4877 ι.
455 4815 605 4877 animum.
642 4813 685 4876 Et
708 4813 750 4878 ad
773 4814 882 4878 Deum
906 4814 1041 4880 dicitur:
1065 4817 1183 4882 Perdes
1206 4842 1320 4899 omrres,
1344 4821 1403 4903 qui
1423 4819 1591 4903 loquuntur
1614 4817 1820 4883 mandacium.
1857 4817 1964 4882 Omne
1988 4817 2108 4902 quippe

455 4918 663 4983 mendacium
686 4943 706 4983 a
729 4920 859 4985 diabolo
883 4932 942 5004 est,
967 4924 1022 5008 qui
1046 4935 1095 4987 est
1118 4945 1203 4987 mors
1227 4933 1260 4987 et
1283 4923 1432 5010 perditio.
1479 4923 1543 4988 Tot
1568 4923 1678 5010 itaque
1703 4924 1736 4987 in
1759 4924 1815 4988 via
1839 4921 2002 4987 obsistunt
2025 4925 2108 5008 peri·

457 5025 540 5108 cula,
571 5036 618 5090 tot
647 5026 775 5116 insidiq,
806 5037 853 5092 tot
882 5039 1038 5114 raptores,
1070 5040 1117 5094 tot
1146 5041 1370 5116 persecutores
1398 5041 1510 5118 sancte
1535 5030 1682 5118 ecclesie,
1707 5040 1743 5094 ut
1765 5040 1899 5116 propter
1921 5052 1978 5094 eos
2002 5029 2109 5093 nullus

456 5133 503 5195 ire
534 5134 637 5218 possit
658 5134 805 5215 Romam,
836 5135 898 5198 nisi
929 5135 1072 5220 deponat
1101 5136 1266 5222 religionis
1296 5136 1444 5202 habiturn
1474 5149 1507 5201 et
1537 5137 1729 5202 mentiatur-¹
1756 5158 1791 5200 se
1822 5158 1894 5200 esse
1924 5136 2047 5200 laicum
2078 5147 2110 5200 et

563 5295 590 5360 a)
611 5300 650 5349 ita
663 5324 696 5333 -
709 5299 874 5349 iudicandus
894 5301 910 5350 l.
925 5302 949 5350 5.
969 5301 1036 5350 linea
1053 5300 1131 5350 πώεα
1148 5301 1282 5366 εειείφιει.
1338 5298 1366 5364 b)
1387 5319 1508 5367 superscr.
1563 5298 1589 5362 c)
1611 5303 1684 5369 quod
1702 5301 1847 5368 superserit.
1860 5318 1923 5352 corr.
1939 5317 2001 5364 ειυς
2021 5301 2110 5350 ablatae
2126 5311 2153 5350 te

455 5403 532 5452 usqne
551 5394 678 5438 causetur
697 5388 763 5437 linea
774 5389 860 5438 nahra.
916 5387 944 5450 d)
965 5391 983 5440 h
1002 5406 1123 5454 superem.
1178 5387 1204 5451 e)
1225 5391 1253 5440 vi
1271 5407 1392 5456 superam.
1446 5389 1467 5452 i)
1489 5390 1534 5440 the
1553 5407 1675 5455 asperior.
1730 5386 1759 5456 g)
1782 5389 1963 5455 adloquamur
1980 5407 2045 5440 corr.
2064 5388 2109 5440 oll.

456 5472 484 5537 h)
504 5476 564 5525 lmec
579 5477 652 5526 verba
669 5494 745 5542 mqrae
762 5477 797 5527 od
816 5478 977 5528 monachum
992 5495 1021 5543 p.
1032 5480 1091 5540 659,
1106 5480 1122 5528 t.
1134 5481 1157 5528 l.
1177 5479 1243 5530 tinea
1255 5480 1283 5530 in
1295 5497 1373 5545 τηειρ.
1387 5480 1515 5545 insipiam.
1569 5475 1591 5542 i)
1613 5480 1807 5530 mentiatur-
1820 5486 1904 5544 neget
1922 5479 1990 5529 lineo
2000 5479 2109 5544 sobaprr.

590 5601 619 5678 1)
642 5605 816 5661 Pseudoisid.
842 5607 884 5662 ed.
909 5606 1064 5663 Hinsclius
1081 5627 1114 5681 p.
1133 5606 1184 5678 42,
1210 5628 1232 5663 c.
1252 5607 1302 5678 38,
1325 5628 1358 5683 p.
1378 5608 1428 5678 85,
1454 5628 1477 5663 c.
1496 5606 1548 5663 39.
1642 5606 1672 5678 2)
1697 5607 1785 5666 Immo
1809 5607 2044 5684 Luqduncnscm;
2068 5608 2108 5678 cf.

458 5708 509 5764 ‘N.
523 5708 621 5766 Arch!
645 5712 713 5782 XV,
733 5730 767 5786 p.
787 5711 985 5769 260—264.
