4478 6396
262 1484 418 1534 uncturam.

442 395 504 456 224
733 401 913 457 GERHOHI
937 401 1168 456 PRAEPOSITI
1193 399 1602 456 REICHERSBERGENSIS
1626 399 1790 454 LIBELLI.

440 587 683 653 aecclesiastico
700 587 873 674 baptizatis
891 611 1027 674 regnum
1043 586 1163 652 Christi
1180 597 1213 650 et
1228 588 1380 652 virtutem
1398 588 1593 652 sacramenti
1610 583 1812 668 contradicit,
1830 607 1969 667 mecum,
1986 587 2098 666 immo,

439 705 474 758 ut
497 694 538 758 de
558 716 608 759 me
625 693 742 782 pusillo
760 705 918 775 taceatur,
936 717 1009 758 cum
1026 694 1201 758 Anastasio
1218 717 1305 780 papa
1321 704 1408 758 non⁸
1425 694 1531 775 sentit,
1557 694 1612 780 qui
1636 693 1777 757 affirmat
1799 714 1916 757 munus
1940 691 2099 778 baptismi

440 802 538 865 otiam
561 823 621 887 per
643 800 725 865 tales
750 801 862 865 datum
887 801 929 865 ad
952 802 1187 887 percipientem
1211 802 1382 886 pervenire
1406 799 1575 864 illibatum.

546 927 579 990 S.
616 924 713 990 Certe
738 925 794 990 uhi
821 926 883 990 hoc
907 925 1051 1011 loquitur
1073 949 1160 1012 papa
1183 926 1387 1007 Anastasius,
1418 948 1482 989 non
1514 924 1710 989 determinat
1740 947 1775 989 se
1806 947 1904 1010 agere
1937 924 1977 988 de
2004 923 2100 986 ‘solis

439 1031 627 1097 infantibus.
1676 1039 1678 1048 '
2121 1056 2135 1093 s

544 1139 583 1202 R.
619 1139 663 1203 At
687 1149 775 1203 certe
799 1138 994 1204 determinat
1018 1161 1052 1202 se
1077 1161 1174 1224 agero
1195 1139 1235 1203 de
1253 1139 1328 1203 solis
1347 1139 1511 1202 Christum
1535 1137 1729 1219 amantibus,
1754 1136 1810 1202 ubi
1835 1137 1914 1202 dicit
1938 1137 2101 1224 populum

439 1245 524 1310 dona
547 1246 613 1309 Dei
641 1247 804 1311 sitientem
834 1247 868 1310 in
891 1247 1055 1332 mysteriis
1086 1269 1151 1310 non
1180 1247 1280 1310 fuisse
1312 1245 1482 1309 exclusum
1512 1245 1762 1331 participatione
1788 1243 1955 1330 dampnati
1988 1266 2101 1308 sacer-

439 1352 532 1416 dotis.
579 1352 696 1417 Liceat
719 1375 797 1438 ergo
821 1352 901 1416 mihi
925 1351 1089 1417 Christum
1120 1351 1305 1416 amantibus
1329 1353 1470 1416 infantes
1494 1353 1639 1436 iungere,
1671 1350 1711 1414 de
1736 1349 1854 1437 quibus
1879 1350 1976 1416 audio
2002 1349 2100 1415 Chri-

439 1469 521 1523 stum
547 1459 675 1522 dieere:
701 1459 802 1525 Sinite
819 1461 977 1546 paruulos
1001 1463 1106 1524 uenire
1130 1461 1175 1524 ad
1197 1486 1252 1524 rua

546 1583 578 1648 S.
616 1584 775 1664 Quamvis
799 1595 834 1647 tu
857 1607 908 1647 me
933 1583 1133 1648 saecularem
1164 1583 1265 1664 dicas,
1297 1583 1395 1648 liceat
1424 1581 1503 1646 mihi
1533 1605 1619 1646 nunc
1644 1581 1764 1662 dicere,
1789 1582 1877 1668 quod
1900 1584 1968 1646 scio
1993 1605 2099 1668 queu-
2122 1609 2148 1646 ra

439 1691 513 1754 dam
545 1690 744 1776 spiritualem
776 1699 809 1754 et
839 1689 1043 1772 catholicum,
1076 1691 1153 1754 satis
1184 1691 1217 1753 in
1249 1689 1409 1755 aeeclesia
1439 1689 1656 1753 reverendum
1680 1691 1795 1770 virum,
1827 1688 1885 1752 tibi
1915 1689 2098 1753 obiecisse:

439 1797 537 1880 Quid,
562 1798 589 1860 si
614 1807 765 1883 parentes
789 1797 932 1878 infantis,
957 1796 1151 1888 accedentes
1176 1797 1217 1861 ad
1234 1798 1401 1878 creticum,
1426 1797 1568 1860 sentiunt
1592 1819 1666 1860 cum
1683 1797 1803 1860 erotica
1829 1807 1942 1860 contra
1957 1796 2098 1860 Deum?

545 1922 582 1985 R.
619 1921 716 2001 Quod
739 1920 826 1984 bona
842 1919 923 1984 lidos
940 1931 1110 2006 parentum
1127 1922 1239 2007 prosit,
1263 1920 1430 1985 habemus.
1466 1921 1583 1985 Utrum
1600 1943 1678 1985 vero
1695 1920 1738 1984 ad
1754 1932 1918 1984 aeternam
1936 1919 2096 2007 dampna-

438 2029 558 2093 tionem
582 2026 725 2114 legitimc
750 2027 923 2114 baptizatis
948 2026 1125 2091 infantibus
1156 2026 1330 2091 infidelitas
1354 2049 1464 2090 eorum
1493 2039 1619 2109 noceat,
1650 2051 1714 2092 non
1745 2026 1913 2108 habemus,
1946 2050 2022 2092 cum
2047 2028 2095 2091 cis

438 2136 540 2221 prosit
562 2133 644 2198 fides
668 2133 857 2216 aecclesiae,
880 2156 945 2220 qua
962 2132 1105 2198 creditur
1128 2133 1345 2221 undecunque
1369 2135 1433 2198 ritu
1453 2133 1695 2198 aecclesiastico
1713 2133 1912 2198 celebratum
1928 2133 2094 2220 baptisma
2116 2161 2141 2200 rs

439 2242 586 2305 conritari
611 2240 751 2328 Spiritus
782 2241 886 2305 saneti
917 2239 1012 2322 dona,
1044 2241 1105 2304 nisi
1137 2239 1194 2304 ubi
1223 2241 1309 2304 hunc
1340 2239 1485 2304 excludit
1516 2263 1571 2304 cor
1595 2240 1765 2326 possidens
1789 2241 1933 2326 pravitas
1959 2242 2092 2323 cretica,

438 2371 521 2435 quae
546 2370 611 2412 non
634 2349 718 2411 inest
742 2346 919 2412 infantibus
944 2357 1054 2433 utpote
1078 2347 1163 2412 inter
1186 2347 1349 2412 sinistram
1374 2358 1405 2412 et
1425 2347 1594 2411 dexteram
1612 2347 1797 2411 discernere
1813 2371 1878 2411 non
1894 2347 2091 2412 valentibus.

438 2454 503 2535 Qui
535 2455 695 2518 tamensi
723 2454 766 2518 ad
790 2476 891 2518 annos
923 2455 1016 2518 etatis
1048 2454 1211 2540 legitimae
1242 2455 1462 2540 pervenerint,
1494 2454 1634 2540 perdunt
1663 2465 1833 2540 acceptam
1863 2455 1896 2518 in
1927 2453 2092 2540 baptismo

437 2562 591 2646 gratiam,
621 2562 684 2625 nisi
716 2561 903 2625 deserentes
934 2583 973 2624 ac
1005 2560 1202 2624 detestantes
1234 2561 1351 2624 cresim
1382 2561 1519 2647 diligant
1549 2560 1742 2625 catholicam
1772 2559 1977 2626 aecclesiam.
2026 2561 2093 2642 Qui

438 2690 515 2731 vcro
547 2667 648 2731 adulti
679 2668 757 2731 foris
788 2666 1005 2753 baptizantur,
1036 2667 1086 2731 his
1110 2669 1268 2754 congruit,
1294 2667 1382 2755 quod
1404 2666 1519 2732 beatus
1542 2666 1744 2753 Augustinus
1768 2667 1811 2732 ad
1835 2669 1988 2732 Orosium
2012 2670 2091 2733 scri-
2112 2695 2139 2733 aa

438 2773 518 2840 bens
543 2773 659 2839 dicit1:
694 2775 855 2854 Qecartteis,
886 2774 1000 2860 inquit,
1034 2800 1127 2838 laurera
1157 2777 1313 2860 baptisma
1343 2779 1386 2840 sit
1414 2791 1442 2838 et
1471 2778 1664 2857 ereticorum,
1695 2801 1799 2840 eorum
1823 2777 1944 2840 scilicet
1973 2779 2033 2862 qui
2058 2779 2093 2840 iu

438 2884 562 2947 nurraine
584 2881 693 2947 Patris
717 2896 744 2945 ct
768 2881 856 2946 Filii
876 2896 904 2946 et
928 2881 1070 2968 Spiritus
1099 2885 1203 2946 salicti
1231 2883 1398 2968 bapta'zont,
1430 2897 1458 2946 ct
1479 2885 1648 2948 aecclesiae
1672 2897 1783 2963 tarnan,
1812 2885 1888 2968 quio
1904 2884 1998 2970 forts
2022 2909 2091 2947 aec-

346 3013 373 3056 ·.
407 3016 419 3056 1.
438 2989 566 3053 ciceiani
583 2989 790 3076 baptt'zantur,
816 3013 876 3052 non
894 2991 1031 3052 'iuvamur
1055 2989 1242 3074 baptismum
1266 2990 1312 3052 ad
1325 2991 1468 3070 substent,
1491 2990 1549 3054 aad
1569 2990 1804 3076 adpcrnitiern,
1829 2991 1972 3054 habentes
1996 2993 2090 3054 ninu'-

438 3121 508 3158 rai-m
524 3097 673 3182 farinam
696 3097 896 3174 sacramenti,
920 3109 948 3158 et
971 3097 1115 3158 uirtutem
1138 3098 1205 3158 eiius
1228 3098 1422 3182 ahraapantes.
1460 3095 1533 3159 Hoc
1558 3095 1598 3159 de
1622 3095 1672 3158 his
1689 3094 1810 3159 dictum
1828 3095 1879 3176 sit,
1896 3097 1952 3181 qui
1968 3095 2092 3160 habent

436 3224 532 3288 posse
564 3200 606 3264 ad
635 3200 863 3287 abnegandam
887 3200 939 3264 vel
963 3223 1027 3264 non
1052 3199 1279 3286 abnegandam
1303 3203 1456 3266 virtutem
1480 3203 1684 3266 sacramenti.
1726 3202 1810 3265 Nam
1835 3201 1875 3265 de
1899 3201 2089 3285 infantibus,
2110 3229 2136 3268 aa

437 3309 493 3395 qui
516 3308 578 3373 hoc
601 3331 696 3395 posse
720 3331 785 3372 non
809 3306 939 3390 habent,
964 3307 1050 3371 idem
1074 3306 1189 3371 beatus
1214 3307 1291 3372 alibi
1316 3308 1394 3373 dicit
1418 3307 1565 3373 scribens
1589 3308 1631 3372 ad
1647 3309 1890 3373 Bonifaciumt:
1915 3309 1988 3374 Non
2006 3311 2092 3374 illud

437 3431 463 3480 ta
486 3431 616 3497 rraoucat,
646 3417 732 3503 quod
761 3416 891 3502 quidam
916 3440 977 3479 nou
1001 3441 1036 3479 ea
1053 3416 1123 3503 fide
1147 3416 1192 3479 ad
1214 3417 1402 3502 baptismum
1418 3417 1664 3503 percipiendum
1680 3419 1838 3503 paruulos
1862 3419 2034 3503 offerentes,
2058 3433 2091 3482 ut

434 3526 541 3610 pratia
564 3525 734 3610 spirituali
754 3523 799 3586 (((1
823 3524 917 3586 rt'uinr
941 3537 1158 3610 reponerentur
1173 3537 1341 3602 aeternam,
1364 3524 1421 3588 sad
1442 3548 1492 3588 eos
1508 3539 1625 3609 piuant
1648 3525 1703 3587 hoc
1727 3524 1864 3588 remedio
1887 3526 2089 3610 tenporalcrn

437 3633 569 3695 retinere
593 3631 643 3694 ecl
665 3632 803 3716 reot'pcrc
826 3631 1000 3693 saratinum.
1040 3629 1115 3692 Nou
1137 3632 1219 3693 enim
1235 3645 1407 3716 propterea
1432 3631 1584 3694 illicacta
1608 3645 1840 3717 regenerantur,
1864 3633 1941 3716 quia
1964 3655 2026 3694 nou
2049 3633 2088 3695 ab

437 3739 507 3800 istis
523 3738 581 3801 hac
598 3739 764 3801 iittoatione
781 3737 963 3822 offeruntur.
1000 3734 1091 3799 Idem
1109 3734 1186 3799 alibi
1197 3739 1224 3798 3:
1249 3735 1423 3801 Forculum
1447 3739 1507 3801 etsi
1526 3737 1664 3800 norrduut
1672 3737 1759 3824 fides
1783 3739 1853 3818 ilia,
1877 3763 1956 3824 quae
1973 3741 2008 3802 iu
2024 3763 2088 3802 cre·
2107 3764 2134 3804 so

438 3843 575 3907 dentium
593 3844 746 3906 uoltcntote
763 3845 912 3922 conm'stit,
937 3845 1002 3906 iarn
1025 3856 1125 3906 utriaco
1144 3845 1245 3928 i'psius
1254 3844 1341 3930 fidei
1353 3858 1581 3908 sacramentum
1588 3844 1720 3930 fidelem
1729 3847 1828 3933 facit.
1865 3843 1925 3907 His
1950 3846 2088 3908 auctori-

436 3947 556 4013 tatibus
587 3949 701 4012 muniti
732 3947 844 4011 fideles
876 3947 1014 4011 dicimus
1045 3948 1184 4011 infantes
1215 3947 1407 4035 baptizatos,
1439 3951 1537 4012 etiam
1563 3948 1622 4013 sub
1646 3949 1832 4014 infidelibus
1855 3949 2045 4036 parentibus
2069 3975 2089 4015 a

437 4054 685 4141 quibuscunque
709 4052 967 4140 baptizatoribus
992 4055 1025 4117 in
1049 4056 1178 4119 nomine
1202 4056 1309 4120 Patris
1332 4066 1365 4120 et
1386 4055 1462 4119 Filii
1487 4068 1519 4119 et
1542 4056 1682 4141 Spiritus
1706 4058 1811 4121 sancti
1834 4056 2086 4144 baptizantibus

437 4161 481 4224 Hi
505 4184 594 4242 vero,
619 4162 675 4247 qui
698 4163 851 4224 virtutem
875 4162 1070 4225 sacramenti
1093 4184 1158 4226 non
1183 4147 1472 4226 catholicamente
1497 4160 1670 4248 abnegant,
1692 4187 1831 4228 vacuum
1850 4174 2088 4229 sacramentum

438 4291 471 4331 se
495 4266 617 4332 habere
642 4268 757 4350 sciant,
782 4265 900 4354 quibus
925 4267 1004 4332 illud
1027 4279 1134 4354 potest
1158 4269 1316 4355 adaptari,
1342 4268 1429 4355 quod
1453 4268 1566 4332 scribit
1588 4269 1656 4333 Leo
1673 4269 1812 4355 Magnus
1834 4271 1970 4335 Nicetae
1986 4270 2087 4358 Aqui·
2106 4297 2132 4337 aa

436 4374 575 4459 legiensi
590 4373 740 4438 dicaam:
765 4375 817 4440 Hi
837 4377 896 4460 qui
916 4377 1103 4462 baptismum
1127 4378 1166 4440 ab
1183 4379 1306 4441 creticis
1328 4391 1521 4462 occeperunt,
1546 4402 1614 4440 ozam
1639 4379 1792 4464 baptizati
1811 4393 1902 4443 autea
1925 4403 1987 4443 raon
1996 4380 2087 4467 fuis-

437 4495 512 4563 sent,
535 4483 602 4546 sola
627 4484 731 4546 sancti
745 4480 887 4568 Spiritus
911 4485 1106 4547 inuocatione
1121 4508 1184 4570 par
1200 4485 1429 4570 impositionem
1452 4509 1564 4547 rnarius
1587 4485 1801 4570 confirmandi
1820 4501 1900 4566 aunt,
1924 4488 2002 4572 quia
2010 4489 2087 4574 for·

438 4613 521 4652 mana
537 4603 655 4652 tantiam
672 4591 824 4674 baptismi
843 4590 911 4652 sine
933 4591 1193 4676 sanctificationis
1209 4592 1320 4655 uirtute
1335 4605 1543 4676 sutuecperunt.
1580 4590 1668 4654 Ecce
1692 4589 1794 4654 habes
1818 4590 1858 4655 de
1883 4602 2087 4656 sacramento

347 4722 376 4761 ι.
412 4749 418 4762 .
437 4693 592 4780 baptismi
615 4693 703 4781 quod
725 4695 845 4780 petisti.
893 4694 1111 4759 Transeamus
1136 4699 1235 4759 *nunc
1260 4695 1302 4759 ad
1325 4705 1435 4759 cetera
1458 4697 1651 4760 ereticorum
1676 4707 1880 4762 sacramenta
1903 4700 1951 4762 sic
1975 4698 2087 4762 annul-

437 4800 535 4865 landa
564 4811 596 4864 et
627 4800 801 4884 cassanda,
832 4811 867 4865 ut
897 4824 986 4865 more
1017 4801 1186 4866 columbae
1217 4801 1296 4865 nihil
1325 4802 1437 4865 vivum
1468 4802 1683 4884 comedentis,
1718 4803 1842 4868 nullum
1872 4803 2087 4892 dampnamus
2106 4832 2133 4871 a

437 4907 600 4972 hominem
624 4906 804 4972 catholicae
828 4908 955 4972 mentis.

544 5013 577 5078 S.
612 5013 666 5077 De
698 5025 901 5079 sacramento
932 5013 1145 5079 ordinationis
1174 5037 1239 5079 non
1271 5025 1320 5078 est
1350 5038 1430 5102 opus
1460 5016 1634 5098 immorari,
1667 5018 1744 5102 quia
1772 5017 1917 5105 intelligo
1948 5041 1991 5083 ex
2021 5019 2088 5083 iam

438 5119 541 5201 dictis,
567 5143 648 5207 quos
673 5143 747 5186 cum
772 5121 955 5206 dampnatis
980 5119 1219 5186 ordinatoribus
1243 5120 1435 5208 dampnatos
1459 5145 1605 5209 quosque
1629 5123 1710 5187 velis
1740 5124 1816 5188 inde
1845 5124 1960 5190 haberi
1988 5148 2087 5190 exeu-

542 5337 569 5399 a)
592 5356 617 5388 n.
637 5357 658 5389 s.
679 5341 728 5389 ὶοοο
747 5356 803 5388 raso
821 5356 842 5388 c.

546 5535 574 5607 1)
600 5535 685 5595 Grat.
710 5537 756 5594 Da
781 5545 934 5594 consecrat.
958 5537 1032 5594 Dist.
1059 5537 1112 5606 IV,
1137 5557 1160 5594 c.
1187 5537 1245 5608 29,·
1276 5539 1316 5609 cs.
1348 5559 1421 5614 quae
1446 5539 1602 5616 Friedbcrp
1632 5543 1674 5597 ad
1701 5542 1774 5598 hunc
1804 5544 1891 5598 luctun
1921 5543 2132 5601 col.1370.aa

436 5645 563 5701 adnotat.
666 5642 697 5713 2)
725 5643 780 5718 ἰὴ).
807 5643 857 5700 98.
883 5645 925 5701 ad
945 5643 1047 5715 Bonis.
1072 5641 1091 5716 ᾗ
1116 5643 1144 5713 5,
1172 5642 1245 5720 opp.
1271 5644 1311 5714 II,
1337 5647 1389 5702 col.
1415 5645 1476 5701 265
1496 5647 1531 5702 F.
1625 5646 1655 5716 3)
1680 5647 1754 5704 luia.
1779 5645 1867 5721 §lu
1893 5652 1943 5706 col.
1970 5649 2086 5707 26811.

438 5747 468 5822 l)
493 5749 585 5826 Epist.
606 5748 677 5820 159,
701 5747 767 5823 §L
793 5752 835 5806 cd.
862 5751 939 5807 Bau.
966 5750 989 5820 I,
1015 5753 1065 5807 col.
1087 5749 1178 5807 1334,
