4410 6406
773 367 891 424 LIBER
913 369 966 424 DE
990 368 1224 426 SIMONIACIS.
1761 363 1826 432 269

526 560 586 613 de.
601 563 623 611 l.
1345 561 1422 612 Codd.
1442 563 1467 612 2.
1486 563 1511 612 3,

164 646 326 710 cessitate
361 644 547 732 compulsus
582 643 625 708 sd
654 642 820 708 dominum
855 666 974 730 papam
1029 643 1131 708 hensa
1154 656 1213 728 est,
1237 655 1271 709 et
1296 644 1380 730 pelle
1411 667 1470 710 sua
1500 644 1647 731 spoliata,
1678 655 1712 710 at
1740 669 1828 711 nunc

164 749 400 816 Innocentium
415 753 488 838 ipso
500 760 638 816 vocante
650 751 737 832 veni,
750 751 804 815 cui
819 773 871 815 me
887 773 974 815 seru-
1029 750 1146 837 pellem
1169 751 1268 816 talem
1290 752 1426 834 invenit,
1453 753 1487 815 in
1511 775 1576 838 qua
1599 753 1657 816 vix
1679 751 1828 838 dignosci

165 861 266 941 tanti,
291 881 365 924 cum
388 869 524 945 peteret,
549 879 614 943 qua
636 856 701 922 fide
720 857 808 939 vivo,
830 879 894 943 qua
917 878 974 942 spe
1029 858 1141 943 possit,
1158 857 1288 944 quando
1311 858 1347 921 in
1363 880 1402 922 ea
1417 880 1483 922 non
1498 881 1587 923 more
1603 858 1711 948 vulpis
1727 860 1828 924 utitur

131 991 146 1030 a
169 965 303 1051 gaudeo
320 977 352 1030 et
368 988 433 1052 qua
449 987 528 1051 erga
539 966 649 1029 Deum
664 973 697 1028 et
712 963 974 1028 sanctameccle-
1029 966 1157 1047 astutia,
1188 986 1249 1029 uec
1273 966 1404 1029 omnino
1428 976 1565 1051 apparet
1588 967 1682 1052 quasi
1711 964 1826 1048 bestia,

170 1075 257 1137 siam
281 1072 464 1154 dilectione,
490 1071 619 1136 Christo
648 1070 800 1152 donante,
831 1091 974 1152 moveor,
1030 1070 1088 1134 sed
1105 1073 1198 1157 quasi
1218 1072 1288 1136 ovis
1305 1071 1493 1136 domestica.
1529 1070 1613 1136 Cum
1630 1073 1716 1136 enim
1732 1094 1828 1138 ceno·

168 1191 330 1266 tanquam
353 1180 380 1242 si
403 1179 549 1243 audisset
579 1200 622 1242 ex
645 1199 700 1241 ore
723 1199 807 1258 meo,
839 1176 879 1241 de
903 1178 974 1241 viro
1028 1175 1156 1242 biorum
1179 1178 1297 1264 prelati
1323 1175 1365 1242 ab
1389 1178 1449 1260 his,
1474 1200 1555 1264 quos
1578 1179 1613 1242 in
1635 1201 1729 1243 suum
1753 1201 1827 1244 con-

172 1288 267 1350 cuius
284 1287 344 1351 hee
360 1296 436 1350 sunt
451 1286 587 1371 concepi
596 1296 620 1367 ⁸,
644 1282 785 1370 benigne
803 1285 853 1348 sui
869 1284 975 1369 grstia
1030 1285 1162 1349 sortium
1185 1285 1357 1371 recipiunt,
1387 1307 1523 1348 munera
1547 1286 1692 1370 exigrmt,
1722 1285 1827 1371 ipsam

172 1415 226 1457 me
250 1392 374 1474 habuit,
398 1391 677 1479 opusculumqueb
707 1401 785 1456 tunc
809 1413 829 1454 a
851 1412 903 1454 me
933 1390 974 1454 de
1029 1391 1251 1476 symoniacam
1286 1391 1458 1455 avaritiam
1491 1392 1622 1455 nomine
1656 1389 1827 1456 oblationis

123 1524 152 1563 ιο
173 1498 236 1564 hac
266 1499 339 1585 ipsa
362 1499 531 1584 questione
563 1497 719 1562 dictatum
750 1519 808 1561 suo
839 1519 975 1560 assensu
1029 1507 1158 1582 tegunt:
1182 1498 1334 1562 nimirum
1350 1499 1428 1561 satis
1444 1498 1631 1583 improprie,
1649 1520 1724 1562 cum
1739 1496 1828 1562 aliud

173 1604 350 1686 roboravit,
376 1615 407 1668 et
430 1627 490 1690 per
504 1603 629 1669 litteras
654 1626 729 1668 suas
746 1602 877 1668 domino
900 1624 974 1666 meo
1030 1605 1071 1668 sit
1087 1603 1218 1686 oblatio,
1235 1603 1323 1668 aliud
1340 1605 1485 1686 exacti03
1505 1603 1595 1668 aliud
1611 1603 1698 1690 quod
1714 1615 1828 1690 sponte

173 1711 407 1797 salzburgensi
431 1710 678 1797 archiepiscopo
701 1731 809 1774 meam
831 1710 975 1796 parvita-
1029 1711 1173 1792 offertur,
1197 1709 1285 1776 aliud
1308 1710 1510 1796 quodetiam
1535 1709 1577 1774 ab
1592 1711 1704 1775 invitis
1722 1711 1827 1774 aufer-

172 1830 239 1882 tem
254 1816 489 1882 defensandam
503 1817 752 1898 commendavit,
766 1827 883 1902 quam⁰
900 1816 974 1880 ideo
1029 1827 1082 1880 tur
1104 1826 1137 1881 et
1160 1827 1379 1902 extorquetur.
1417 1816 1491 1881 Non
1514 1817 1561 1881 sic
1584 1814 1700 1881 beatus
1722 1816 1828 1881 Bene-

171 1948 231 2011 pre
256 1927 373 1990 ceteris
391 1925 501 2010 optavi
519 1923 618 1988 miehi
634 1922 840 1988 defensorem
856 1921 926 1986 dari
943 1933 976 1986 et
1030 1921 1135 1987 dictus
1166 1924 1199 1987 in
1222 1922 1338 2008 regula
1359 1945 1419 1986 sua
1441 1923 1589 2008 precepit
1616 1922 1698 2005 fieri,
1729 1924 1827 1988 immo

127 2058 152 2096 15
170 2031 255 2112 fieri,
272 2033 426 2117 quoniam
444 2041 476 2094 et
494 2032 564 2116 ipse
584 2053 649 2094 non
664 2031 771 2093 minus
788 2051 885 2115 quam
902 2051 973 2114 ego,
1029 2029 1116 2093 istud
1131 2030 1235 2094 vetuit
1256 2029 1337 2112 fieri,
1361 2028 1512 2110 doeens1,
1531 2039 1568 2093 ut
1582 2052 1754 2115 pauperes,
1772 2031 1828 2116 qui

171 2140 271 2202 immo
295 2161 354 2224 pro
379 2159 436 2201 sue
460 2137 661 2200 auctoritatis
685 2137 854 2200 maiestate
874 2134 974 2200 multo
1028 2157 1147 2221 pueros
1167 2158 1242 2200 suos
1259 2135 1408 2219 offertmt,
1433 2134 1623 2221 simpliciter
1638 2137 1828 2222 petitionem

170 2245 277 2329 magis
307 2245 377 2330 ipse
408 2244 545 2329 insignis
576 2243 851 2329 archiepiscopus,
876 2264 973 2328 quam
1029 2242 1160 2324 faciant,
1192 2265 1212 2306 a
1235 2240 1391 2306 divitibus
1419 2251 1528 2306 autem
1550 2240 1740 2329 parentibus
1763 2266 1828 2306 non

170 2373 234 2436 ego
250 2350 388 2437 pusillus
404 2349 552 2432 clericus,
577 2349 638 2414 hoc
655 2349 801 2413 decertat
816 2346 973 2431 obtinere,
1029 2351 1105 2414 sinit
1135 2347 1267 2434 quidem
1302 2348 1427 2435 aliquid
1461 2350 1566 2434 exigi3
1603 2349 1662 2414 sed
1692 2351 1719 2413 si
1750 2349 1828 2436 quid

171 2458 261 2544 quod
283 2458 438 2543 princeps
462 2456 575 2520 mundi
605 2455 700 2520 huius
723 2479 789 2520 non
813 2456 916 2520 solum
938 2457 973 2519 in
1029 2466 1143 2541 sponte
1157 2455 1304 2538 offerunt,
1318 2456 1498 2540 acquiescit
1508 2477 1605 2541 posse
1617 2456 1730 2541 recipi,
1741 2454 1829 2541 quod

123 2591 150 2630 ao
171 2587 207 2628 se
224 2566 306 2650 ipso,
324 2563 493 2628 sedetiam
510 2565 544 2626 in
560 2561 714 2628 membris
731 2562 798 2627 suis
815 2561 856 2626 ab
870 2561 973 2626 eccle·
1027 2563 1074 2626 ita
1097 2571 1264 2648 receptum
1287 2573 1394 2648 potest
1422 2561 1580 2648 appellari
1603 2560 1734 2644 oblatio,
1763 2585 1828 2626 non

171 2673 221 2734 sia
244 2672 404 2757 separatis
423 2669 511 2734 idem
534 2669 580 2733 ita
603 2670 645 2733 sit
667 2668 840 2752 iudicatus,
857 2679 892 2732 ut
908 2691 973 2734 om·
1029 2670 1167 2733 exactio.
1204 2667 1352 2733 Christus
1376 2669 1474 2732 etiam
1493 2667 1587 2732 diviti
1611 2669 1741 2734 cuidam
1756 2690 1828 2756 per-

170 2779 249 2842 nino
274 2778 437 2842 contemni
462 2774 590 2858 debeat,
616 2777 765 2862 quamvis
788 2799 848 2862 per
866 2798 973 2840 sacra·
1028 2775 1147 2839 lectam
1158 2776 1404 2840 conversionem
1415 2774 1566 2857 suadens,
1576 2798 1643 2840 non
1652 2777 1710 2840 ait:
1723 2774 1827 2857 Vade,

151 2895 284 2947 menta
306 2905 412 2947 vacua
441 2884 628 2946 inveniatur
657 2884 690 2946 in
714 2881 867 2968 angelum
891 2882 973 2947 lucis
1028 2881 1134 2946 vende
1152 2903 1236 2967 quae
1252 2880 1365 2963 habes,
1382 2893 1414 2946 et
1430 2881 1511 2946 affer
1526 2883 1619 2964 mihi3
1637 2882 1695 2946 sed
1711 2884 1764 2963 da,
1781 2884 1828 2946 in-
1846 2905 1985 2955 nuaram

171 2990 432 3076 transfiguratus.
1029 2990 1108 3074 quit,
1118 2990 1329 3075 paoperibus,
1342 3003 1370 3053 et
1384 2992 1466 3069 oeni,
1482 3014 1609 3075 sequere
1624 3015 1680 3054 me.
1711 2989 1828 3053 Petrus

124 3123 153 3162 so
240 3096 384 3161 Factus‘¹
408 3119 478 3160 sum
502 3096 660 3182 insipiens
684 3095 724 3159 de
742 3095 791 3160 his
810 3094 973 3182 loquendo
1030 3117 1159 3181 quoque
1183 3093 1347 3181 apostolus
1372 3117 1576 3159 communem
1598 3096 1700 3160 vitam
1718 3096 1828 3161 lhero-

173 3225 238 3288 que
262 3203 547 3288 inperfectionem
570 3224 676 3266 meam
700 3201 974 3288 superexcellunt,
1030 3202 1152 3265 solimis
1175 3223 1293 3286 regens
1318 3224 1337 3265 s
1360 3201 1490 3264 nemine
1511 3223 1570 3264 sua
1586 3202 1699 3287 exigit,
1717 3225 1828 3288 quam-

174 3308 233 3372 sed
257 3310 335 3394 quia
364 3319 496 3373 coactus
527 3309 596 3372 dixi
628 3331 691 3395 que
715 3308 795 3390 dixi,
821 3309 919 3374 credo
944 3320 976 3373 et
1030 3331 1127 3395 quam
1144 3331 1184 3372 ea
1199 3308 1266 3372 suis
1282 3305 1421 3394 pedibus
1437 3309 1596 3393 apposita,
1611 3308 1828 3394 quasivolun-

174 3426 290 3501 spero⁰
314 3415 356 3479 ab
380 3417 452 3502 ipsa
467 3417 638 3479 incarnata
652 3415 718 3480 Dei
742 3417 904 3502 sapientia
927 3417 974 3479 in·
1028 3417 1145 3478 tariam
1161 3413 1358 3478 oblationem
1373 3416 1507 3500 recepit.
1542 3413 1706 3479 Ananiam
1723 3426 1755 3480 et
1771 3415 1829 3480 Sa-

173 3521 355 3608 perfectum
373 3544 482 3586 meum
498 3544 594 3608 posse
610 3521 734 3608 perfici,
759 3545 779 3585 a
802 3523 895 3587 cuius
920 3520 974 3585 ad·
1029 3521 1157 3608 phiram
1185 3543 1244 3585 sua
1268 3519 1397 3586 Christo
1421 3520 1585 3585 destinare
1613 3544 1677 3586 non
1702 3523 1827 3608 exegit3

127 3655 155 3694 so
174 3630 328 3692 versariis
345 3639 478 3694 coactus
494 3651 564 3692 sum
581 3629 737 3714 insipiens
754 3629 825 3693 lieri
842 3639 878 3693 ut
893 3628 973 3708 dixi,
1030 3628 1089 3692 sed
1112 3649 1152 3691 ea
1174 3627 1239 3690 iam
1256 3627 1418 3692 destinata
1434 3626 1563 3692 Christo
1578 3627 1777 3711 vendicavit,
1798 3641 1830 3693 et

173 3757 241 3800 non
264 3734 367 3800 solum
390 3735 504 3800 altiora
528 3757 580 3799 me
599 3735 844 3820 perscrutando,
869 3735 976 3800 sedet
1029 3736 1064 3798 in
1094 3757 1206 3798 eorum
1236 3731 1439 3798 fraudatores
1475 3733 1620 3798 debitam
1650 3735 1829 3799 vindictam

176 3841 348 3906 scribendo
379 3841 422 3907 ad
449 3841 556 3907 virum
587 3843 870 3928 sapientissimum,
901 3865 975 3907 cum
1031 3842 1187 3922 exercuit,
1205 3863 1269 3927 quo
1293 3840 1444 3926 exemplo
1468 3839 1606 3904 debetur
1628 3840 1690 3906 illis
1709 3865 1830 3927 magna

177 3950 238 4012 sim
268 3947 484 4012 stultissimus.
536 3947 608 4012 Non
640 3949 726 4012 enim
756 3949 870 4033 ignoro
902 3950 974 4034 quis
1030 3949 1199 4028 severitas,
1214 3948 1269 4034 qui
1285 3947 1439 4011 fraudant
1453 3945 1507 4011 vel
1522 3945 1666 4012 decimas
1678 3947 1732 4010 vel
1748 3947 1828 4012 alias

178 4056 230 4118 oui
253 4053 377 4138 loquar,
406 4053 464 4117 sed
488 4055 638 4140 exemplo
662 4053 794 4119 Abrabe
819 4054 974 4120 dicentis:
1001 4069 1002 4076 ’
1030 4052 1211 4118 oblationes
1235 4055 1300 4118 iam
1323 4054 1396 4117 usui
1420 4055 1600 4119 communis
1620 4053 1707 4118 vitae
1731 4054 1828 4118 desti-

130 4187 158 4226 so
176 4160 309 4246 Loquar
330 4161 376 4226 ad
391 4161 551 4225 dominam
567 4187 668 4226 meum
683 4187 751 4226 cum
774 4161 835 4227 sim
852 4165 934 4228 ez'nt's
949 4177 977 4226 et
1030 4171 1138 4224 natas:
1155 4171 1188 4225 et
1204 4161 1278 4225 ideo
1294 4183 1359 4225 non
1376 4159 1498 4228 debent
1514 4160 1648 4247 culpari,
1665 4161 1759 4225 cums
1776 4160 1829 4225 vel
1847 4182 1987 4232 sennan.

170 4269 283 4354 pulvis
307 4277 339 4330 ot
362 4289 434 4352 ego,
459 4288 533 4331 cum
556 4268 641 4330 inter
663 4267 791 4353 linguas
817 4268 974 4354 derogan-
1031 4266 1141 4332 debita
1172 4266 1234 4331 sibi
1265 4266 1428 4354 stipendia
1458 4269 1594 4352 exigrmt
1616 4269 1772 4354 episcopi,
1797 4279 1829 4333 et

175 4375 256 4437 tium
278 4375 408 4437 nomine
432 4395 504 4438 meo
529 4374 589 4436 sim
606 4372 773 4456 obscurus,
798 4373 841 4437 ad
863 4386 905 4456 te,
925 4375 976 4437 vir
1029 4374 1147 4460 reliqui
1171 4374 1281 4438 altaris
1304 4375 1453 4454 ministri,
1477 4373 1531 4437 vel
1553 4373 1697 4459 graviter
1719 4376 1828 4439 ineos

176 4491 299 4562 sancte,
316 4478 420 4544 abbas
433 4478 695 4562 Clarevallensis,
712 4480 755 4544 ad
770 4490 814 4562 te,
830 4481 974 4565 inquam,
1029 4481 1199 4544 vindicant
1222 4481 1278 4567 qui
1300 4480 1379 4544 talia
1402 4479 1607 4546 defraudant.
1645 4480 1731 4545 Illud
1750 4503 1828 4546 vero

174 4589 315 4650 nominis
339 4609 378 4651 ac
398 4589 465 4651 vite
489 4586 632 4667 illustris,
657 4608 730 4650 cum
755 4586 854 4651 semel
872 4588 975 4673 cepis·
1030 4587 1118 4672 quod
1147 4587 1181 4651 in
1204 4587 1324 4650 divinis
1347 4587 1502 4650 ministris
1526 4588 1662 4672 exigunt
1683 4611 1749 4652 non
1773 4587 1827 4652 de-

130 4721 158 4758 ro
177 4715 245 4757 sem
268 4693 366 4780 loqui,
391 4691 562 4759 brevitatis
582 4692 810 4778 compendium
834 4695 974 4758 necessi·
1029 4693 1108 4775 bita,
1125 4693 1204 4780 quid
1220 4703 1270 4757 est
1287 4694 1350 4756 nisi
1366 4694 1572 4779 apertissima
1587 4695 1745 4779 symonia,
1770 4693 1827 4758 sed

176 4808 242 4863 tate
266 4811 398 4864 coactus
423 4800 551 4864 excessi
574 4821 748 4885 meumque
768 4821 899 4864 sensum
919 4801 975 4886 qui
1028 4823 1115 4866 novo
1138 4799 1236 4886 pallio
1259 4800 1387 4882 vestita,
1411 4810 1533 4863 utnon
1557 4800 1660 4885 possit
1682 4801 1826 4885 agnosci,

177 4905 339 4970 seculares
363 4906 500 4971 clericos
524 4916 557 4969 et
578 4908 720 4970 maxime
752 4906 974 4971 conducticias
1030 4907 1107 4971 dum
1131 4906 1254 4993 Symon
1277 4927 1392 4990 magus
1417 4904 1539 4991 Symon
1563 4905 1680 4970 Petrus
1703 4907 1829 4992 appetit

177 5012 311 5076 offendit
340 5013 415 5076 ideo
446 5010 505 5076 tibi
528 5023 684 5098 tanquam
706 5014 791 5099 patri
814 5014 974 5099 spirituali
1029 5013 1144 5077 videri.
1191 5013 1316 5076 Dicunt
1345 5012 1431 5075 enim
1455 5013 1601 5098 episcopi
1625 5010 1738 5076 deberi
1766 5010 1827 5076 sibi

178 5118 308 5202 digessi,
337 5129 382 5200 ut,
410 5117 468 5182 ubi
496 5140 560 5204 que
589 5120 699 5182 sencio
730 5118 974 5205 approbaveris,
1030 5121 1198 5184 servitium
1222 5129 1254 5182 et
1277 5139 1439 5203 expensas
1462 5118 1590 5200 multas,
1613 5117 1691 5182 dum
1715 5140 1827 5183 conse-

132 5247 159 5286 ts
178 5222 382 5288 defensorem
406 5235 438 5288 et
461 5225 653 5306 adiutorem,
677 5222 733 5288 ubi
749 5247 827 5290 vero
851 5225 975 5311 aliquid
1030 5235 1123 5289 crant
1152 5225 1325 5288 aeclesias:
1358 5235 1390 5288 et
1419 5247 1477 5288 nos
1507 5247 1572 5288 non
1598 5247 1756 5310 negamus
1780 5227 1827 5290 eis

178 5353 288 5394 eorum
311 5331 560 5417 improbandum
584 5330 791 5412 iudicaveris,
816 5344 976 5396 correcto-
1030 5331 1174 5395 debitum
1205 5332 1372 5395 servitium
1400 5342 1433 5395 et
1455 5353 1617 5416 expensas
1648 5329 1828 5416 quamlibet

283 5493 310 5556 a)
330 5496 370 5546 bic
388 5497 510 5562 praedam
528 5504 647 5562 corrupta
664 5512 714 5546 erae
731 5495 856 5546 videntur.
929 5495 957 5558 b)
973 5513 1066 5564 opusc.
1087 5522 1120 5530 —
1141 5497 1279 5547 roboravit
1302 5497 1331 5546 to
1348 5514 1427 5560 mom.
1442 5499 1465 5546 1.
1539 5493 1565 5556 cl
1588 5513 1669 5562 quam
1687 5523 1720 5531 -
1741 5504 1827 5548 trans-

177 5584 307 5648 figuratus
325 5585 354 5635 ia
371 5603 450 5651 ortorp.
467 5589 489 5635 1.
557 5585 585 5647 d)
606 5602 669 5652 quae
686 5593 825 5651 sequenter
842 5586 870 5636 in
889 5587 939 5636 loco
956 5599 1013 5636 raro
1034 5587 1056 5636 l.
1130 5581 1156 5644 e)
1177 5585 1289 5650 sequiora·
1307 5586 1373 5636 berto
1390 5601 1462 5634 rasus
1482 5588 1505 5635 1.
1577 5581 1599 5647 f)
1620 5584 1664 5637 vel
1684 5601 1747 5636 com
1766 5589 1791 5636 s.

287 5711 316 5786 1)
341 5711 371 5770 c.
399 5713 449 5768 59.
