4386 6390
270 368 473 425 DlALOGUS
497 369 550 424 DE
573 367 841 424 PONTOEICATU
866 367 1044 423 SANCTAE
1069 369 1264 424 ROMANAE
1287 367 1512 424 ECCLESIAE.
1654 359 1717 424 543

66 555 272 643 gubernavit,
297 566 377 642 quot
400 566 496 619 antea
520 553 634 619 diebus
659 554 830 618 defunctus
854 555 887 616 in
912 554 1060 640 sepulcro
1081 556 1259 640 quieverat.
1296 555 1363 618 Nos
1388 577 1465 640 ergo
1490 551 1718 619 submoventes

67 674 97 727 et
119 662 396 749 parvipendentes
420 663 594 747 peregrina
624 683 682 724 seu
712 661 928 724 transmarina
955 661 1078 725 iudicia
1106 683 1164 747 pro
1188 660 1459 747 patriarchalibus
1484 660 1616 724 sedibus
1640 663 1718 724 istas

66 780 265 855 reputamus,
290 767 468 832 canonibus
492 767 663 830 inhibitum
694 767 833 830 scientes
846 772 866 848 ¹,
898 789 938 830 nc
963 768 1035 853 quis
1055 751 1109 830 'ad
1139 768 1372 830 transmarinos
1397 769 1567 853 episcopos
1592 768 1718 831 omissis

67 877 199 964 Europe
223 875 384 961 episcopis
408 873 601 939 iudicandus
625 873 827 958 transfugiat.

39 1009 51 1047 s
174 981 426 1050 Alexander.
461 981 551 1044 Bene
576 979 668 1060 facis,
693 989 832 1043 astutum
856 979 1019 1044 medicum
1043 979 1209 1062 imitando,
1238 982 1292 1066 qui
1315 1003 1374 1066 pro
1398 1003 1571 1044 scarnonea
1594 991 1626 1044 33
1648 979 1719 1044 3133

67 1088 251 1152 titimallum
275 1099 307 1152 et
329 1110 387 1174 pro
411 1088 524 1172 pipere
549 1086 714 1172 pulegium
737 1085 882 1150 vendere
907 1086 988 1150 solet
998 1093 1018 1150 2.

143 1229 147 1240 ·
175 1194 333 1258 Victor.
357 1194 403 1258 Ut
419 1193 459 1258 de
476 1193 548 1257 aliis
565 1191 714 1256 omnibus
731 1203 868 1274 taceam,
886 1192 965 1278 quid
981 1193 1158 1279 respondes
1182 1192 1224 1256 ad
1248 1192 1319 1274 hoc,
1341 1193 1427 1278 quod
1444 1216 1505 1278 ogo
1521 1203 1552 1256 te
1570 1205 1720 1278 semper'*

69 1301 127 1364 ⁴ad
150 1301 349 1364 audientiam
373 1302 490 1364 vocavi
518 1310 551 1363 et
572 1300 685 1363 venire
717 1299 964 1384 contempsisti?
995 1310 1030 1363 tu
1054 1322 1132 1364 vero
1164 1301 1272 1364 statim
1296 1311 1328 1363 et
1351 1322 1434 1385 pene
1465 1310 1538 1386 post
1561 1300 1626 1362 VII
1651 1299 1720 1363 dies
1740 1323 1769 1364 ·.
1818 1327 1831 1364 ⁴.

69 1430 181 1471 areum
205 1407 550 1470 excommunicationis
573 1404 762 1469 tetendisti3
785 1415 817 1468 et
839 1405 1077 1470 maledictionis
1100 1406 1208 1470 iacula
1231 1407 1337 1470 minor
1359 1408 1392 1469 in
1417 1408 1571 1470 maiorem
1596 1405 1719 1490 absque

28 1541 52 1579 3
69 1513 219 1599 synodali
242 1515 413 1576 vocatione
443 1535 504 1576 333
535 1512 687 1597 congruis
718 1511 921 1575 induciarum
952 1513 1072 1598 spaciis
1096 1511 1250 1576 adhibitis
1273 1513 1449 1598 proiecisti,
1475 1518 1569 1576 cumi
1595 1514 1720 1598 (13313313

68 1645 130 1685 333
152 1622 209 1684 snb
233 1635 362 1707 3333333
386 1634 531 1706 33333333,
560 1619 618 1683 sed
645 1621 701 1682 sub
733 1619 822 1706 13333
852 1622 961 1705 eposio
992 1620 1184 1705 concedende
1213 1622 1286 1700 sint,
1317 1634 1351 1683 nt
1379 1623 1521 1683 accusati
1542 1635 1648 1684 contro
1674 1624 1720 1684 in·

68 1728 239 1792 sidiam-ras
268 1751 340 1790 3333
366 1751 430 1791 3333
446 1727 586 1812 pleniter
610 1751 736 1789 3333333
767 1727 898 1790 valcant.
942 1724 1037 1789 Unde
1070 1748 1210 1789 canones
1234 1725 1468 1789 Antiocheni5:
1500 1726 1539 1789 In
1564 1728 1719 1807 conciliis,

67 1835 230 1919 inquiunt,
255 1837 356 1898 3333133
378 1857 491 1913 omnes,
515 1835 574 1917 qui
593 1858 625 1896 33
650 1834 728 1896 13333
752 1835 932 1896 3333333333
954 1848 981 1896 33
1003 1833 1114 1897 sinodi
1134 1835 1338 1918 cooperiantur
1362 1857 1498 1896 3333333.
1547 1832 1628 1896 Item
1652 1834 1719 1897 Leo

69 1939 112 2002 ad
135 1940 302 2004 Rusticum
327 1938 573 2002 Narbonensem
585 1944 612 2000 ‘⁵2
644 1939 759 2003 Nichil
777 1963 943 2024 possumne
967 1943 1136 2027 incognitis
1165 1939 1221 2004 inb
1245 1941 1336 2004 rebus
1366 1943 1398 2003 in
1424 1942 1594 2024 33133333ρ
1615 1944 1721 2025 port-is

28 2072 51 2110 3
64 2047 284 2132 praeiudicium
316 2047 479 2134 deffinire,
506 2049 698 2132 prinsquam
730 2048 893 2124 33133333,
923 2071 981 2131 333
1009 2061 1095 2132 postu
1125 2060 1209 2126 3333,
1241 2048 1393 2110 ueraciter
1423 2046 1602 2110 otidinmus.
1649 2047 1721 2132 Heu

70 2163 179 2216 autem
210 2153 318 2216 omnia
347 2162 413 2215 tam
441 2153 568 2215 tractim
593 2161 713 2215 ettam
736 2173 862 2214 morose
890 2150 1120 2236 prosequenda
1149 2163 1232 2234 3333,
1263 2173 1303 2214 33
1336 2151 1472 2216 31133133
1503 2152 1617 2215 iudicii
1648 2151 1721 2216 sub·

69 2260 216 2344 reptione
241 2260 396 2322 innocens
419 2260 566 2322 nocentis
590 2280 722 2322 eausam
747 2268 883 2343 cogatur
906 2259 1074 2322 sustinere.

178 2364 429 2428 Alexander.
465 2364 531 2428 Aut
553 2366 660 2428 nescis
685 2375 740 2428 aut
764 2365 847 2428 scire
872 2375 903 2427 te
920 2363 1114 2444 dissimulas,
1132 2363 1228 2428 aliam
1245 2364 1380 2428 formam
1399 2375 1431 2428 33
1447 2365 1593 2429 ordinem
1610 2365 1722 2430 iudicii

70 2493 143 2535 3333
168 2471 209 2535 (13
233 2471 377 2552 33331313,
402 2471 500 2534 alium
524 2470 564 2534 de
589 2471 777 2553 manifestis,
802 2470 900 2535 alium
925 2469 965 2534 de
990 2469 1107 2552 dubiis,
1132 2470 1229 2534 alium
1254 2470 1294 2534 (13
1312 2473 1408 2534 certis
1429 2471 1618 2536 criminibus
1629 2477 1647 2535 ⁷.
1684 2473 1721 2536 In

26 2605 52 2643 33
72 2577 179 2642 dubiis
204 2577 398 2666 eliquande‘l
422 2580 540 2642 certius
564 2579 710 2641 veritatis
741 2577 847 2662 gratia
870 2576 1018 2640 vocatio⁰
1043 2577 1078 2640 fit
1102 2577 1276 2662 synodalis,
1307 2588 1405 2641 testes
1437 2590 1662 2664 preparantur,
1686 2590 1722 2644 ut

71 2685 231 2769 personas
256 2695 416 2748 conventa
440 2696 496 2748 aut
518 2685 658 2748 fateatur
681 2683 818 2765 obiecta,
844 2693 899 2747 aut
923 2683 963 2747 de
988 2682 1124 2746 obiectis
1149 2685 1371 2748 convincatur.
1411 2685 1449 2748 ln
1473 2696 1586 2770 aperta
1602 2698 1634 2749 ct
1655 2687 1722 2749 noti

73 2791 217 2854 oriminis
241 2813 340 2854 causa
363 2813 463 2876 opera
485 2793 615 2854 testium
640 2802 672 2853 et
695 2802 919 2854 accusatorum
943 2802 1092 2872 vacante,
1117 2813 1181 2853 non
1205 2790 1238 2853 id
1255 2791 1371 2875 agitur,
1393 2803 1428 2854 ut
1445 2814 1544 2855 33333
1561 2794 1722 2856 coniectu·

72 2897 183 2960 raliter
212 2897 395 2978 ventiletur,
426 2897 483 2961 sed
513 2907 549 2961 ut
579 2896 800 2982 ecclesiastice
831 2895 1002 2985 discipline
1034 2919 1171 2960 censura
1201 2896 1440 2960 medicinaliter
1469 2900 1656 2980 intentetur,
1687 2911 1723 2962 ut

72 3003 247 3068 3133113338
278 3005 409 3090 spiritus
444 3003 552 3068 salvus
585 3004 626 3066 sit
660 3005 693 3066 in
723 3003 776 3066 (113
806 3004 950 3067 Domini.
1001 3003 1096 3067 Unde
1127 3003 1291 3089 apostolus
1321 3006 1540 3068 incestuosum
1570 3004 1659 3068 illum
1690 3007 1722 3068 in

27 3136 55 3174 rs
74 3111 208 3174 crimine
231 3109 488 3195 vulgatissimum
517 3109 658 3196 *absque
690 3111 777 3172 omni
803 3109 994 3174 vocationeh
1023 3120 1055 3172 et
1083 3112 1310 3194 expectatione
1341 3110 1545 3196 dampnavit,
1577 3110 1723 3175 scribens
1742 3135 1827 3177 *siaa

73 3216 117 3279 ad
147 3215 347 3280 Corinthios:
379 3216 465 3302 Ego,
496 3217 614 3301 inquit,
644 3219 754 3281 absens
783 3241 926 3302 corpore,
950 3241 1084 3302 presens
1114 3232 1213 3280 entem
1244 3220 1361 3303 3313133
1366 3267 1376 3298 ,
1408 3221 1471 3281 iuni
1504 3219 1661 3298 i'toliraoi,
1693 3233 1725 3281 33
1742 3242 1899 3293 aceres-s.

69 3347 200 3410 presens
230 3348 314 3404 3333,
345 3327 404 3408 qni
430 3327 477 3387 sic
507 3339 652 3409 operatus
681 3338 740 3403 333,
777 3327 809 3387 in
841 3326 963 3386 nomine
994 3324 1119 3386 domini
1145 3327 1248 3387 nostri
1275 3324 1346 3388 Iesn
1382 3323 1504 3388 Christi
1531 3328 1724 3410 conpr-epotis

75 3432 161 3494 nobis
184 3445 212 3494 33
234 3455 298 3494 ntea
321 3433 439 3516 spirito
462 3455 531 3493 3333
557 3433 667 3494 (3133333
691 3431 827 3493 Domini
854 3430 978 3493 trade-rc
1002 3429 1186 3492 istiusmodi
1212 3444 1320 3512 333333
1351 3434 1385 3494 in
1416 3433 1575 3494 interitum
1606 3434 1722 3510 333-3313,

74 3551 108 3599 nt
128 3539 262 3622 33131333
284 3539 391 3600 soloas
414 3539 464 3600 sit.
504 3535 576 3599 Non
601 3535 680 3599 dicit
704 3535 878 3598 discernite
902 3534 955 3598 vel
979 3557 1109 3598 causam
1131 3535 1297 3617 ventilate,
1322 3535 1379 3598 sed
1396 3535 1522 3599 tradere
1539 3536 1722 3600 huiusmodi

28 3669 56 3707 ao
75 3653 195 3728 satane.
241 3641 361 3706 Noster
385 3641 507 3728 Symon
531 3641 706 3728 Symonem
730 3641 820 3705 illum
844 3663 975 3726 magum
998 3643 1175 3726 peccunias
1199 3641 1387 3706 offerentem
1411 3665 1475 3705 non
1500 3641 1634 3724 distulit,
1666 3642 1723 3706 sed

75 3749 182 3812 statim
213 3750 405 3812 senteutiam
437 3749 677 3834 dampnationis
705 3747 813 3811 intulit
843 3747 972 3811 dicens:
1004 3748 1160 3812 Pcccunia
1191 3763 1244 3812 333
1274 3764 1371 3812 tecum
1401 3753 1443 3812 sit
1471 3753 1504 3813 in
1532 3751 1722 3835 perditione.
1744 3778 1792 3818 33,
1800 3778 1819 3826 3,
1828 3777 1860 3819 so.

73 3854 220 3918 Ananias
244 3865 277 3918 et
292 3854 432 3941 Saphira
454 3857 489 3918 in
512 3865 624 3940 aperto
648 3853 811 3918 mendacii
836 3855 970 3917 crimine
995 3853 1189 3939 deprehensi
1213 3877 1276 3917 non
1301 3853 1480 3918 differendo
1498 3866 1723 3940 expectantur,
1743 3883 1900 3932 333333.

75 3961 133 4025 sed
163 3963 375 4047 presentiaria
405 3961 525 4026 ultione
554 3961 779 4046 dampnantur.
826 3959 980 4023 Attamen
1010 3983 1069 4023 333
1100 3962 1239 4024 33133333
1269 3962 1303 4023 13
1334 3962 1471 4046 pietatei
1505 3962 1621 4026 iudicis
1653 3985 1724 4026 esse

74 4068 182 4132 mitius
216 4068 363 4132 iudicare
398 4091 496 4154 quam
530 4068 635 4153 leges,
667 4090 709 4131 ex
739 4067 917 4153 apostolica
952 4065 1214 4147 mansuetudine,
1246 4091 1309 4154 que
1340 4069 1485 4130 severius
1521 4091 1618 4154 agere
1650 4092 1723 4132 curn

27 4199 54 4240 33
74 4173 240 4238 obduratis
265 4185 297 4238 et
320 4174 576 4238 misericordiam
599 4175 690 4238 novit
713 4184 859 4259 prestare
883 4174 1048 4254 correctis,
1073 4172 1321 4257 conpetentibus
1344 4196 1402 4259 pro
1420 4173 1575 4259 qualitate
1595 4177 1723 4259 negocii

180 4371 206 4436 a)
227 4375 317 4425 abhinc
335 4392 410 4440 usqne
428 4374 583 4440 affinems
596 4374 663 4425 132'.
681 4383 772 4424 atram.
785 4374 860 4423 33133
873 4373 1053 4423 amburentur
1109 4371 1137 4434 h)
1152 4390 1306 4437 33133333
1363 4373 1388 4434 3)
1411 4378 1501 4440 3’;3.(]
1557 4373 1724 4438 ‹Deliqnda

74 4445 240 4525 3)3331.33
313 4447 413 4526 flpo.
487 4462 515 4529 g)
537 4462 635 4514 33113
708 4460 736 4524 h)
759 4443 911 4512 33313333.
984 4443 1167 4528 1)1npntec

183 4637 211 4722 1)
235 4645 311 4701 Talis
333 4665 390 4702 non
413 4653 505 4702 333333
528 4645 693 4701 33333113
717 4643 810 4700 322.
835 4663 911 4700 cono
932 4643 1092 4700 Mitem-'tani
1106 4643 1148 4699 ΙΙ.
1172 4663 1199 4698 a.
1219 4643 1292 4699 416.
1319 4643 1450 4700 3313133331
1471 4653 1570 4701 auctor
1592 4645 1727 4721 3331333333

73 4751 191 4821 viriani,
220 4751 266 4808 uti
294 4751 413 4808 dicitnr:
443 4753 478 4807 ad
510 4753 695 4807 transmarina
725 4757 831 4818 autem,
864 4751 911 4821 qui
941 4751 1085 4822 putaverit
1116 4750 1317 4821 appellandum
1342 4769 1358 4804 a
1381 4752 1458 4806 nullo
1486 4781 1529 4789 -
1557 4753 1727 4823 suscipiatur

26 4873 55 4912 40
74 4851 195 4931 (Mertai,
216 4856 284 4915 0311.
309 4878 384 4915 conc.
407 4857 464 4927 ΙΙΙ,
490 4859 541 4915 331.
563 4858 613 4927 33,
639 4857 793 4914 Hinschins
810 4877 843 4931 p.
864 4849 957 4930 319);
981 4857 1022 4926 cf.
1042 4855 1126 4914 Grat
1144 4856 1231 4912 Decr.
1252 4854 1283 4914 C.
1303 4856 1331 4926 2,
1356 4877 1401 4932 qu
1421 4858 1449 4926 6,
1475 4879 1498 4914 c
1518 4857 1568 4913 35.
1594 4867 1627 4928 33,
1652 4859 1729 4932 qnod

74 4963 194 5020 (11333331
210 4963 258 5020 ‘N.
275 4957 374 5020 Arci!
391 4965 475 5034 XXI,
495 4985 528 5039 p.
547 4964 620 5019 644.
714 4957 1201 5038 21113313133313333333333333
1224 4963 1268 5031 sit,
1293 4983 1350 5019 333
1374 4965 1530 5038 exploravi.
1625 4959 1654 5041 3)
1676 4963 1724 5034 Cf.

74 5069 236 5126 Alexandri
258 5070 314 5126 ΙΙΙ.
339 5072 381 5127 ad
402 5069 528 5128 Gerard.
554 5070 697 5145 3313331333
721 5064 810 5144 (Bon.
829 5068 849 5123 I
852 5071 882 5138 V
908 5089 930 5124 c.
949 5069 999 5138 61,
1020 5089 1088 5143 p...
1071 5063 1165 5141 241).·
1189 5069 1337 5124 Noverit
1330 5089 1447 5142 insuper
1470 5073 1603 5126 discretio
1620 5079 1723 5138 vestra,

75 5179 149 5248 quod
172 5195 222 5232 nos
246 5195 332 5250 supra
354 5179 525 5232 nominat-um
551 5177 737 5232 Octavianum
760 5207 802 5214 -
826 5177 855 5230 in
878 5184 978 5231 octavo
1002 5175 1048 5229 die
1073 5194 1090 5230 a
1113 5177 1324 5231 consecratione
1348 5185 1446 5232 nostra
1472 5207 1508 5216 —
1535 5179 1723 5249 condempna-

74 5285 171 5338 vimus.
242 5276 273 5362 4)
298 5282 383 5342 Grat.
401 5284 489 5340 Decr.
509 5282 540 5340 0.
560 5284 587 5353 3,
612 5303 658 5358 qn.
679 5283 707 5352 3,
733 5302 755 5338 c.
775 5281 803 5352 2,
828 5278 880 5354 §l
909 5276 1146 5356 (33333311.
1166 5301 1267 5356 popae
1290 5284 1332 5338 ad
1353 5283 1473 5358 episcop.
1491 5283 1611 5359 31333331
1634 5303 1656 5339 c.
1673 5283 1723 5340 15.
1752 5339 1756 5352 ,

27 5407 110 5445 4333
133 5391 290 5447 collectione
313 5388 757 5464 Ρ333313-Ι31313313333.489.
790 5389 832 5444 ed.
857 5385 1034 5462 1113331333).
1149 5377 1179 5464 5)
1204 5387 1331 5444 31331333.
1358 5389 1454 5445 concil.
1480 5409 1507 5445 a.
1527 5389 1600 5446 341.
1626 5389 1723 5446 celebr.

74 5515 98 5550 3.
117 5494 156 5551 20
182 5491 304 5569 (diensi,
324 5493 392 5552 Coti.
415 5515 491 5552 conc.
514 5494 554 5565 ΙΙ,
577 5489 759 5568 cot.1326),·
785 5493 870 5552 Grat.
890 5494 976 5549 Decr.
994 5493 1068 5549 Dist.
1089 5493 1139 5562 18,
1165 5513 1187 5548 3.
1207 5493 1235 5549 4.
1254 5496 1359 5569 paucis
1383 5495 1502 5552 (3333313.
1573 5485 1603 5573 6)
1628 5496 1725 5571 Nepae

74 5602 103 5657 in
127 5601 247 5676 epistolis
271 5603 313 5658 ad
332 5601 476 5658 1133313333
500 5603 586 5658 solum
611 5620 699 5677 neque
722 5603 764 5657 331
783 5599 928 5656 1133333333
953 5599 1077 5675 aliosque
1095 5598 1209 5658 Galliae
1233 5601 1376 5676 episcopos
1400 5601 1473 5658 dotis
1496 5601 1582 5658 verbo
1606 5603 1724 5658 13331333

73 5708 174 5764 inveni.
268 5699 298 5784 7)
323 5705 372 5778 Cf.
392 5706 477 5766 Grat.
494 5708 582 5763 Deer.
602 5705 632 5764 Ο.
651 5706 680 5777 2,
705 5727 751 5782 qn.
772 5708 798 5761 1.
