4544 6420
694 393 931 450 OPUSCULUM
955 396 1007 450 DE
1032 393 1205 450 EDIFICIO
1230 394 1307 448 DEI.
1765 387 1822 448 141

176 579 217 642 dc
248 579 379 644 levitica
409 591 534 644 tantum
566 582 664 666 stirpe
696 579 881 644 sacerdotes
912 592 944 644 et
973 583 1136 645 ministros
1168 579 1297 660 haheat,
1328 578 1446 666 quibus
1469 579 1523 644 lex
1547 579 1760 644 hereditatem
1785 581 1826 644 ad

176 685 238 750 hoc
263 687 296 750 in
320 699 405 750 terra
429 687 579 772 denegat,
604 699 639 750 ut
662 687 823 751 Dominus
852 689 893 750 sit
921 711 996 772 pars
1021 710 1148 770 eorum,
1180 688 1272 751 cuius
1296 687 1503 772 participatio
1528 709 1592 750 non
1617 697 1675 768 est,
1707 689 1769 750 nisi
1793 690 1825 751 in
1845 713 1996 763 erramus.

176 793 211 857 id
234 795 350 880 ipsum,
380 795 457 880 quia
481 795 550 880 ipse
575 805 723 858 estsere
748 793 782 857 id
805 795 921 879 ipsum.
970 793 1067 874 Quod
1097 793 1143 857 illi
1167 793 1353 880 specialiter
1377 805 1408 856 et
1432 795 1595 879 copiosius
1619 795 1826 880 participant,

177 903 233 986 qui
264 899 412 964 habitant
441 902 475 964 in
505 901 539 964 id
570 901 693 986 ipsunt3
724 902 781 986 qui
811 911 951 986 gustant,
983 927 1076 986 priora
1108 903 1217 964 bosran
1243 916 1287 966 est
1309 916 1337 964 et
1359 925 1450 986 quarn
1484 902 1654 966 iaciendum
1685 903 1827 967 habitare
1846 926 1936 976 rama,
1946 930 1964 970 1.

144 1011 298 1096 esra-tres
323 1012 354 1072 in
379 1033 492 1090 tta-arn,
516 1007 576 1071 hoc
601 1021 659 1088 est,
684 1009 716 1071 in
740 1006 775 1070 id
798 1008 914 1094 ipsum.
1585 1083 1588 1092 Ι

285 1112 404 1178 Clerici
428 1125 536 1178 autem
560 1115 765 1200 proprietarii
791 1123 822 1177 ct
847 1113 1005 1200 acephali,
1038 1115 1093 1200 qui
1117 1113 1265 1178 habitant
1288 1136 1352 1178 non
1377 1115 1410 1176 in
1433 1137 1543 1193 unum,
1575 1115 1633 1178 sed
1664 1115 1697 1178 in
1722 1115 1826 1179 diver-

178 1243 258 1302 sum,
283 1243 342 1306 per
360 1243 435 1284 suas
452 1221 665 1307 proprietates
690 1232 722 1284 ct
745 1220 941 1284 hereditates
967 1219 1109 1284 detribu
1133 1220 1264 1284 levitica
1288 1243 1322 1283 sc
1347 1243 1410 1284 non
1428 1243 1500 1284 esse
1517 1232 1685 1302 testantur,
1710 1245 1826 1308 neque,

177 1341 213 1391 ut
236 1351 356 1391 vaccae
382 1327 456 1391 illae
481 1328 637 1410 fecerunt,
663 1326 823 1413 aquibus
847 1350 924 1390 arca
947 1326 1145 1406 trahebatur,
1169 1339 1310 1413 pergunt
1333 1329 1366 1390 in
1387 1326 1557 1408 directum,
1582 1327 1640 1391 sed
1664 1351 1683 1391 a
1706 1329 1827 1413 regulis
1847 1355 1954 1405 rums,
1964 1356 1996 1398 12.

178 1447 304 1520 patrum
328 1434 549 1498 exorbitantes
581 1460 684 1499 enarres
708 1435 959 1514 declinare-runt,
989 1437 1087 1498 sienni
1111 1436 1236 1498 inu-tiles
1252 1437 1344 1522 facti
1364 1449 1453 1498 snat:
1482 1461 1543 1498 non
1566 1450 1619 1514 est,
1646 1439 1705 1521 qai
1717 1439 1829 1524 faciat
1846 1463 1949 1513 raras.

133 1567 158 1605 ro
177 1546 299 1612 borium,
324 1567 385 1605 non
401 1557 445 1606 est
459 1568 554 1628 *zaqite
577 1543 623 1606 ad
640 1568 744 1604 min-ni.
782 1541 846 1604 lste
863 1565 946 1605 uuus
964 1539 1111 1605 Christus
1136 1553 1184 1603 est
1208 1563 1281 1604 oum
1299 1542 1365 1604 suis
1383 1540 1532 1604 omnihus
1548 1539 1770 1606 habitantibus
1793 1543 1827 1606 in

177 1671 293 1730 m1um3
317 1671 377 1734 per
400 1671 480 1734 quos
505 1649 702 1712 construitur
725 1671 801 1712 arca
826 1647 1080 1712 consummanda
1105 1652 1178 1733 *per
1202 1645 1346 1710 cubitum
1370 1670 1480 1727 unum,
1508 1671 1569 1733 per
1592 1671 1672 1734 quos
1697 1648 1826 1714 edifica·
1847 1675 1910 1716 uc.

177 1767 229 1818 tur
253 1756 366 1820 civitas
391 1754 604 1818 habitantium
629 1756 661 1818 in
686 1778 795 1834 unmn,
820 1755 912 1818 cuius
936 1755 1141 1839 participatio
1166 1755 1235 1817 eius
1259 1755 1292 1816 in
1316 1754 1351 1818 id
1374 1755 1490 1839 ipsum.
1536 1755 1601 1818 Per
1624 1778 1705 1841 quos
1730 1758 1827 1820 etiam

179 1862 371 1940 Bethsamis,
396 1862 457 1926 hoc
482 1873 531 1924 est
554 1861 595 1924 ad
613 1861 742 1926 domurn
763 1860 869 1942 solis1,
895 1883 972 1924 arca
989 1861 1202 1924 directissime
1219 1860 1367 1940 trahitur,
1393 1863 1545 1946 quoniam
1570 1861 1676 1926 abeis
1699 1886 1761 1928 nee
1786 1863 1828 1928 ad

179 1969 347 2032 dexteram
372 1991 432 2032 nec
457 1968 498 2032 ad
523 1969 685 2032 sinistram
710 1967 900 2031 declinatur.
939 1967 1053 2053 ltaque
1078 1991 1190 2052 regum
1215 1967 1354 2052 palatiis,
1380 1969 1473 2053 quasi
1489 1967 1733 2034 Philistinorum
1749 1983 1827 2034 tem-

133 2101 158 2138 ιι
179 2075 250 2162 plis,
275 2077 405 2139 omnino
429 2087 503 2161 post
525 2087 651 2158 tergum
676 2074 796 2138 relictis
822 2074 999 2138 catholicus
1024 2073 1129 2138 clerus
1160 2097 1233 2138 eum
1265 2097 1341 2138 arca
1372 2073 1492 2138 federis
1524 2075 1566 2139 ad
1596 2076 1726 2140 domum
1752 2077 1827 2142 solis

176 2205 314 2268 pergere
339 2183 479 2262 festinat,
504 2181 560 2246 uhi
584 2181 747 2246 Christum
772 2181 871 2244 solem
896 2182 1043 2244 iusticiae
1068 2182 1281 2267 prospiciens,
1306 2180 1424 2245 divinis
1449 2183 1555 2266 potius
1579 2182 1706 2268 legibus
1730 2207 1827 2270 quam

178 2288 308 2374 regibus
333 2288 474 2352 obediat.
517 2288 582 2352 Ubi
607 2289 653 2352 sic
678 2287 897 2373 apostolorum
920 2287 1053 2373 regulae
1078 2287 1300 2364 observentur,
1325 2299 1360 2352 ut
1382 2311 1496 2372 regum
1520 2287 1609 2374 leges
1634 2301 1666 2354 et
1689 2291 1827 2376 pseudo-

179 2396 370 2460 clericorum
395 2395 645 2459 consuctudines
663 2393 791 2458 Christo
809 2395 990 2458 contrariae
1006 2396 1136 2480 penitus
1153 2394 1400 2458 anniclrilentur,
1436 2395 1508 2458 Hec
1533 2396 1642 2460 omnia
1664 2421 1729 2460 non
1746 2421 1827 2462 som-

179 2504 240 2566 niis
264 2513 320 2566 aut
343 2504 435 2566 vanis
461 2503 655 2566 coniecturis
686 2504 732 2565 sie
761 2501 961 2587 perficienda
992 2500 1183 2586 probamus3
1215 2501 1272 2564 scd
1304 2500 1392 2586 quod
1422 2501 1653 2566 inevitabiliter
1684 2505 1730 2568 sic
1758 2505 1828 2568 lieri

132 2635 160 2672 ιο
179 2621 335 2695 oporteat,
367 2631 408 2672 cx
440 2609 501 2672 hoc
532 2621 564 2672 et
594 2632 653 2694 per
677 2608 737 2672 hoc
767 2609 885 2672 scimus
910 2619 942 2671 et
964 2607 1146 2672 nullatenus
1178 2607 1373 2687 dubitamus,
1405 2608 1502 2694 quod,
1534 2610 1618 2674 sieut
1648 2610 1723 2674 olim
1755 2624 1830 2676 sunt

178 2717 316 2801 figurata
340 2731 372 2780 et
395 2715 597 2802 prophetata,
623 2716 670 2778 sie
687 2717 803 2788 nostris
820 2715 1020 2801 temporibus
1037 2715 1118 2778 haec
1135 2715 1282 2778 videmus
1307 2715 1468 2796 inchoem,
1493 2714 1570 2779 licet
1592 2717 1736 2782 nondum
1754 2741 1828 2783 con-

177 2839 348 2886 summata.

285 2930 399 2994 Nonne
423 2932 600 3015 imperator
616 2928 815 3016 Hleinm'cus]
841 2928 964 2992 tamdiu
988 2931 1021 2992 in
1046 2926 1287 3014 posterioribus,
1312 2927 1373 2992 hoc
1398 2941 1446 2991 est
1470 2930 1504 2992 in
1528 2929 1621 2994 honis
1645 2933 1828 3018 temporali·
1848 2958 1967 3007 ruram.

178 3035 253 3112 bus,
284 3047 333 3100 est
361 3060 549 3123 percussus,
586 3036 698 3100 tandiu
729 3060 749 3100 a
776 3035 936 3116 murihuS,
966 3035 1119 3100 videlicet
1152 3057 1274 3121 parvae
1310 3037 1499 3120 quantitatis
1530 3047 1563 3100 et
1592 3037 1710 3102 nullius
1745 3063 1828 3128 pene

133 3169 159 3207 ss
179 3143 344 3228 dignitatis
362 3143 555 3222 hominibus.
573 3156 711 3206 vexatus
736 3154 793 3224 est,
818 3155 853 3206 ut
877 3167 951 3206 cum
975 3144 1040 3205 suis
1064 3141 1267 3228 principibus
1284 3141 1490 3223 deliberaret,
1511 3167 1574 3229 quo
1591 3145 1687 3209 modo
1705 3146 1828 3210 aeccle-

179 3252 270 3330 siam,
295 3273 405 3314 veram
430 3251 695 3314 sanctificationis
720 3273 839 3328 arcam,
872 3250 912 3313 de
938 3273 996 3313 sua
1019 3250 1207 3334 captivitate
1233 3249 1435 3314 dimitteret?
1481 3251 1524 3314 Et
1547 3250 1592 3314 illi
1617 3251 1750 3337 quidem
1774 3253 1828 3317 de-

179 3356 296 3420 derunt
319 3357 498 3436 consilium,
524 3356 670 3420 sednon
693 3379 928 3442 usquequaque
945 3353 1136 3442 perlectum.
1173 3353 1413 3421 Consulucruut
1430 3358 1525 3430 enim,
1550 3370 1585 3421 ut
1608 3380 1687 3421 anos
1712 3383 1828 3425 aureos
1849 3387 1983 3436 inesse.

180 3486 254 3528 eum
284 3487 360 3528 arca
391 3465 578 3543 remitteret,
611 3464 671 3528 hoc
704 3475 751 3527 est
782 3462 918 3528 annulos
949 3487 1075 3544 aureos,
1107 3461 1225 3548 quihus
1257 3465 1427 3548 episcopos
1452 3475 1484 3526 ct
1507 3463 1643 3528 abbates
1674 3467 1828 3530 investire

180 3569 314 3650 solebat,
346 3571 475 3635 omuino
506 3570 713 3634 dimitteretl.
762 3569 827 3635 Sed
857 3570 918 3634 hoc
949 3572 982 3633 in
1007 3568 1141 3634 consilio
1165 3592 1230 3632 non
1254 3568 1459 3650 addiderunt,
1484 3580 1520 3632 ut
1543 3573 1672 3636 omnino
1697 3573 1737 3636 dc
1762 3575 1829 3638 suis

133 3704 160 3741 so
179 3675 298 3740 finibus
323 3679 432 3740 vaccis
463 3676 665 3741 trahentibus
696 3678 756 3741 heo
788 3700 866 3740 arca
896 3678 1009 3756 exiret,
1042 3689 1074 3739 ct
1104 3675 1180 3739 solis
1211 3675 1434 3740 sacerdotibus
1463 3699 1501 3740 ao
1525 3677 1632 3741 levitis
1657 3681 1829 3744 commissa

179 3783 335 3847 animales
360 3795 392 3847 ct
415 3807 549 3848 carneos
574 3807 681 3847 mures
706 3783 793 3870 apud
816 3783 989 3847 Philisteos
1013 3783 1226 3868 relinqueret,
1258 3805 1375 3847 aureos
1403 3795 1510 3848 autem
1537 3791 1660 3849 'secum
1685 3788 1757 3872 ipsa
1781 3811 1828 3850 re·
1848 3806 1905 3845 *aa

179 4043 352 4080 communem
375 4027 461 4080 vitam
491 4044 606 4080 servans
637 4028 747 4098 cogitur
777 4045 829 4098 per
858 4027 913 4080 ista
943 4025 1067 4095 capitula
1097 4025 1219 4079 decimas
1243 4030 1289 4080 vel
1313 4025 1471 4080 oblationes
1503 4035 1644 4096 quartare.
1693 4025 1829 4090 Quoniam

178 4134 233 4186 ista
256 4134 440 4203 quartationis
463 4134 508 4188 lex
532 4151 588 4188 non
611 4135 647 4188 ab
671 4134 805 4204 apostolis
828 4135 970 4198 instituta,
1001 4133 1052 4186 scd
1084 4139 1147 4202 post
1176 4133 1327 4186 eommunis
1351 4133 1409 4186 rite
1434 4133 1656 4188 destructionem
1680 4153 1712 4190 ac
1737 4144 1827 4190 trans-

178 4242 351 4311 gressionem
381 4249 498 4310 propter
527 4248 750 4312 transgressores
781 4241 897 4294 clericos
929 4247 958 4295 et
990 4240 1135 4310 episcopos
1166 4241 1259 4310 posita
1289 4249 1344 4305 ost,
1376 4249 1405 4294 ct
1436 4241 1472 4294 ah
1503 4241 1571 4310 ipsis
1595 4244 1746 4297 communis
1770 4245 1828 4298 vite

134 4362 160 4400 ss
179 4348 430 4420 transgressoribus
460 4349 637 4402 observanda
668 4357 728 4414 ests
761 4349 852 4402 ilsnrcc
875 4355 1025 4417 reparetur
1048 4347 1106 4399 rita
1129 4346 1291 4413 communis,
1323 4347 1367 4400 cui
1392 4347 1479 4400 omnis
1503 4349 1609 4402 oblatio
1632 4348 1759 4404 fidelium
1783 4369 1827 4404 re-

179 4457 270 4525 posita
294 4463 347 4522 cst,
372 4455 528 4508 ordinanda
550 4473 603 4525 per
626 4453 726 4508 fideles
750 4455 890 4508 ministros
914 4455 942 4508 in
964 4471 1048 4508 manu
1071 4454 1244 4507 mediatoris.
1293 4451 1374 4516 Quod
1405 4454 1446 4507 ita
1477 4455 1583 4510 debere
1615 4453 1676 4509 fieri
1707 4457 1829 4527 probant

178 4563 284 4632 scripta
306 4562 384 4616 beati
400 4561 530 4632 Gregorii
550 4580 624 4632 pape
649 4563 685 4615 ad
701 4562 891 4632 Augustinum
908 4562 1062 4632 anglorum
1078 4561 1330 4630 archiepiscopum,
1356 4579 1411 4631 que
1435 4561 1666 4632 insequentibus
1691 4564 1828 4618 invenies.

284 4668 408 4722 Hilarius
433 4667 581 4738 episcopus
606 4669 742 4723 eeclesiae
768 4669 923 4723 catholicae
947 4669 1023 4722 urhis
1040 4667 1144 4722 Romae
1169 4668 1276 4738 synodo
1299 4669 1464 4738 praesidens
1486 4664 1593 4721 dixit³z
1620 4667 1701 4726 Nulli
1717 4670 1774 4741 sas
1796 4671 1832 4727 sit
1849 4682 1900 4721 ts.

178 4775 239 4831 sine
260 4783 349 4831 status
371 4773 416 4829 eni
431 4773 560 4847 periurio
583 4775 627 4830 vel
649 4774 760 4830 diritius
783 4775 987 4830 constitutiones
1012 4776 1054 4830 trel
1075 4774 1246 4848 apostolicae
1268 4774 1341 4830 sedis
1366 4775 1478 4830 decreta
1502 4783 1649 4832 temerare.

135 4897 162 4934 to
286 4883 345 4936 Leo
369 4881 489 4952 Magnus
512 4882 650 4935 universis
675 4883 814 4952 episcopis
845 4901 896 4952 per
920 4881 1040 4936 Siciliam
1065 4882 1225 4935 constitutis
1236 4875 1264 4934 ⁴:
1297 4880 1360 4936 Hoc
1389 4889 1500 4937 vestrae
1529 4881 1676 4938 indicimus
1707 4882 1829 4952 caritati,
1854 4909 1855 4912 ¹

181 5019 223 5028 -
246 5019 290 5027 —
319 4988 433 5064 repulus
462 4986 491 5041 ia
515 4986 609 5061 alipii-o
633 4988 784 5044 crediderit
811 4988 1000 5064 rrrplipendas.
1048 4989 1151 5043 Petrus
1181 4989 1209 5042 in
1232 4989 1408 5043 ordinatione
1434 4984 1628 5044 Clementini:
1660 4987 1686 5042 T
1684 5007 1698 5044 e
1721 4988 1831 5063 quidem

180 5103 289 5171 oportet
309 5091 591 5169 irreprehensibiliter
613 5093 714 5150 sivae.
739 5126 782 5133 —
806 5126 849 5133 —-
878 5093 1020 5158 Qicoriiarn
1048 5094 1157 5169 quiden
1189 5102 1213 5150 et
1242 5101 1271 5150 ta
1301 5115 1353 5169 qne
1382 5103 1491 5169 oportet
1520 5093 1626 5169 ligabis,
1659 5102 1685 5149 et
1707 5114 1760 5170 que
1783 5115 1830 5151 ex·

174 5202 257 5276 pedit
276 5204 373 5259 solves.

286 5307 501 5368 Dilectissimis⁶
510 5309 658 5381 fratribus
681 5308 876 5383 condiscipulis
892 5307 1060 5382 Ierosolirnis
1084 5328 1143 5364 cirin
1167 5307 1428 5378 l·arissirnofratre
1443 5307 1545 5363 Iacobo
1569 5304 1729 5381 coqrismpo
1753 5305 1830 5363 sati·
1849 5321 1892 5364 ta.

136 5557 161 5595 a
290 5539 319 5610 1)
344 5541 463 5598 Hieron
489 5543 523 5598 ale
545 5541 649 5598 neritia.
674 5540 773 5610 Heba,
801 5537 874 5614 Opp.
900 5539 941 5594 ed.
962 5538 1120 5594 Vallursins
1145 5537 1200 5606 III,
1226 5540 1275 5594 col.
1296 5537 1346 5594 61.
1430 5537 1459 5608 2)
1485 5537 1603 5594 Paetina
1627 5537 1831 5596 Wormatiense

181 5649 254 5705 dicit.
327 5649 356 5716 3)
382 5649 494 5704 Deerat.
518 5669 579 5720 san.
605 5669 628 5704 c.
649 5650 675 5716 1,
700 5647 853 5702 Hinsrliius
871 5665 904 5720 p.
923 5645 995 5700 63b.
1067 5645 1097 5706 4)
1125 5645 1215 5720 Epist.
1237 5646 1285 5715 17,
1311 5642 1375 5716 Sd,
1401 5646 1443 5700 ed.
1464 5643 1608 5700 Balleriai
1630 5644 1654 5712 I,
1680 5647 1731 5702 col.
1751 5646 1830 5716 727,-

180 5755 299 5812 Hinscla.
312 5777 344 5831 p.
360 5756 433 5810 613.
497 5755 528 5824 5)
546 5755 638 5829 Epist.
655 5751 800 5810 Cretaeas
816 5751 839 5820 I,
858 5753 923 5822 inl,
949 5752 1068 5808 Hinsch.
1081 5773 1114 5826 p.
1130 5753 1180 5808 32.
1244 5752 1274 5820 6)
1293 5752 1385 5826 [qaia.
1401 5749 1526 5819 ClaruV,
1545 5771 1567 5808 c.
1587 5750 1638 5821 82,
1663 5753 1681 5807 l.
1700 5755 1718 5809 l.
1731 5775 1763 5828 p.
1779 5752 1829 5807 65.
