4410 6406
443 387 508 450 296
737 391 917 448 GERHOHI
941 390 1175 447 PRAEPOSITI
1198 390 1606 448 REICHERSBERGENSIS
1630 391 1796 446 LIBELLI.

442 591 512 645 erat
534 580 689 661 futurum,
713 588 748 643 ut
770 577 958 643 benedictio
989 578 1022 641 in
1045 576 1119 663 lege
1150 578 1311 663 promissa
1340 576 1415 640 filiis
1438 575 1521 640 Levi
1551 575 1685 640 daretur
1708 575 1881 662 euangelio
1905 587 2101 640 coruscante

442 686 504 751 illis
528 686 742 772 potissimum,
767 685 823 772 qui
847 684 994 749 ordinate
1018 684 1199 770 procedunt
1228 682 1270 747 ad
1297 681 1393 764 bella,
1426 683 1494 746 sive
1519 681 1664 768 gladium
1688 681 1868 769 spiritalem
1898 703 1960 768 per
1984 693 2101 746 semet

441 795 529 880 ipsos
553 794 623 856 sive
647 791 849 856 materialem
872 813 932 878 per
954 790 1115 876 legitimos
1139 790 1301 854 ministros
1325 788 1497 871 movendo,
1528 789 1574 853 ita
1596 799 1633 853 ut
1656 790 1803 876 quisquis
1827 788 1921 854 miles
1947 787 2105 875 prelietur

441 922 498 964 suo
522 898 618 963 modo
644 909 676 962 et
699 897 822 979 ordine,
847 896 929 962 alter
953 919 1037 983 quae
1062 906 1137 960 sunt
1159 897 1244 960 iusta
1267 894 1425 978 docendo,
1450 895 1532 960 alter
1547 896 1679 960 docenti
1694 894 1879 961 obediendo
1895 919 1916 960 a
1933 893 2021 960 alter
2037 893 2104 980 gla-

261 1029 420 1080 ucomata.
441 1005 494 1070 dio
519 1005 661 1091 spiritus,
686 1003 774 1091 quod
794 1015 844 1068 θεῖ
866 1001 1004 1068 verbum
1020 1003 1096 1084 Dei,
1121 1014 1265 1067 armatus
1289 1002 1378 1066 dieat
1401 1025 1476 1066 cum
1499 1002 1662 1088 apostolo:
1686 1004 1788 1068 Arma
1813 1017 1920 1068 nostra
1945 1027 2009 1066 acu
2034 1017 2134 1066 sunta

440 1114 597 1193 correctio,
621 1111 679 1176 sed
685 1113 829 1198 potentia
845 1111 913 1176 Deo
934 1110 980 1174 ud
994 1111 1231 1175 destructionem
1246 1113 1455 1174 rrauuitiouum
1470 1111 1681 1176 extollentium
1703 1135 1736 1174 se
1759 1111 1911 1175 aduersus
1935 1111 2105 1174 ressontium

444 1217 582 1301 Clarum
613 1216 704 1299 alter,
735 1217 778 1280 ad
806 1228 998 1303 preceptum
1026 1215 1205 1280 sacerdotis
1229 1215 1417 1302 ingrediens
1441 1227 1473 1279 et
1496 1214 1669 1300 egrediens
1692 1216 1836 1280 imitetur
1859 1215 1957 1280 Icsue
1982 1214 2105 1278 ducem

276 1349 422 1400 seuseu.
440 1324 574 1406 Israhel,
599 1324 652 1388 cui
675 1322 864 1387 mandatum
887 1322 949 1387 fuit
972 1345 992 1386 a
1007 1323 1160 1402 Domino,
1185 1332 1220 1387 ut
1243 1321 1286 1386 ad
1302 1333 1491 1408 preceptum
1508 1322 1659 1387 Eleazari
1683 1321 1862 1387 sacerdotis
1886 1321 2106 1409 egrederetur

329 1455 421 1506 aaa.
441 1441 473 1495 et
497 1430 752 1518 'ingrederetuu
778 1428 989 1516 egrederetur
1012 1429 1137 1494 scilicet
1159 1428 1203 1493 ad
1225 1429 1447 1515 pugnandum,
1471 1428 1698 1514 ingrederetur
1721 1427 1763 1492 ad
1786 1429 1985 1494 vacandum.

813 1627 842 1689 9.
879 1625 938 1690 1)θ
961 1622 1340 1689 benedictionibus
1364 1622 1491 1689 Iacob
1516 1634 1554 1688 et
1577 1623 1721 1711 Moysi.

328 2167 419 2216 *ursa
547 2139 655 2205 'Inter
678 2151 803 2206 ceteros
827 2141 914 2205 enim
938 2137 1059 2205 Christi
1089 2139 1252 2226 apostolos
1282 2163 1365 2204 unus
1397 2140 1590 2204 constitutus
1614 2149 1663 2204 θεῖ
1686 2141 1839 2227 princeps
1864 2138 2099 2226 apostolorum,

281 2275 419 2322 nuaram.
439 2249 491 2312 cui
515 2257 548 2312 θῖ
571 2247 693 2312 dictum
724 2257 789 2311 est:
825 2247 986 2335 Confirmet
1009 2249 1137 2336 fratrea
1165 2273 1247 2312 auos.
1298 2245 1415 2311 Nonne
1445 2269 1564 2332 magna
1595 2257 1627 2310 et
1655 2245 1830 2312 benedicta
1860 2257 1911 2310 est
1941 2245 2098 2310 fortitudo
2118 2269 2143 2309 u

267 2327 379 2430 ussello,
387 2381 420 2420 rs.
438 2355 640 2441 principatus
663 2353 759 2435 illins,
784 2354 837 2418 oui
861 2363 953 2440 porte
977 2353 1075 2416 inferi
1096 2375 1162 2416 non
1185 2363 1338 2438 poterunt
1360 2351 1556 2439 prevalere?
1602 2353 1685 2417 Item
1702 2353 1789 2439 quod
1805 2353 1942 2417 dieitur:
1968 2352 2098 2418 Per-cute

268 2434 535 2526 nsut.so,1r.d0m
559 2464 762 2526 inimicorum
785 2463 852 2525 eiua
875 2475 904 2525 ct
925 2463 985 2547 qui
1006 2460 1138 2526 oderunt
1167 2485 1236 2524 eum
1266 2485 1325 2524 εοε
1356 2475 1552 2548 consurgant,
1584 2461 1701 2524 nostris
1732 2461 1766 2523 in
1789 2458 1906 2524 diebus
1929 2459 2031 2524 etiarn
2055 2459 2096 2523 ad

439 2567 565 2632 literam
588 2567 711 2632 fectum
735 2569 908 2649 cernimus,
934 2590 1007 2631 eum
1031 2566 1170 2653 populus
1193 2566 1359 2631 Romanus
1382 2567 1580 2652 principatui
1603 2565 1780 2652 apostolico
1810 2567 1964 2630 inimicus
1991 2587 2096 2652 nuper

260 2699 419 2740 umnam.
440 2696 533 2737 cesus
558 2684 607 2738 θεῖ
628 2696 694 2738 non
725 2675 758 2737 in
781 2673 868 2738 facie
898 2683 1063 2760 tamquam
1095 2683 1248 2762 strennue
1278 2695 1438 2759 pugnans,
1470 2673 1528 2737 sed
1558 2673 1592 2736 in
1617 2673 1712 2737 dorso
1735 2684 1901 2760 tamquam
1931 2673 2095 2758 ignaviter

438 2779 567 2866 fugiens
592 2790 668 2844 ante
691 2780 810 2844 faciem
833 2780 1035 2866 principatus
1059 2779 1230 2866 apostolici
1254 2790 1286 2843 et
1308 2779 1514 2865 imperatoris
1539 2778 1580 2843 ab
1604 2779 1658 2844 illo
1683 2781 1828 2844 coronati
1840 2787 1859 2842 ¹.
2113 2803 2141 2840 so

835 2995 885 3056 11.
921 2992 981 3055 De
1006 2993 1252 3078 principatu
1275 2991 1466 3076 legitime
1490 2990 1697 3056 ordinato.

311 3143 420 3192 rama
546 3116 601 3182 sio
625 3117 659 3181 in
681 3117 867 3204 principatu
890 3115 1035 3202 legitime
1060 3117 1208 3181 ordinato
1232 3117 1349 3180 nostris
1380 3117 1413 3179 in
1438 3114 1553 3180 diebus
1584 3131 1716 3204 eaurpat
1737 3116 1824 3181 Deus
1848 3132 1876 3181 et
1899 3117 2093 3204 desiccatur

440 3226 568 3290 lesbaici
595 3227 662 3289 eiua
685 3239 714 3289 et
728 3226 866 3313 fugiant
895 3227 953 3310 qui
981 3224 1132 3290 oderunt*
1157 3249 1225 3288 θεεε
1249 3249 1269 3288 u
1285 3225 1380 3312 facie
1411 3226 1486 3287 eius.
1536 3220 1725 3286 Gaudemus
1749 3221 1845 3308 plane
1869 3223 2091 3308 gaudendum-

439 3353 501 3417 que
526 3352 696 3394 censemus
712 3329 831 3416 populo
856 3329 1030 3394 christiano
1055 3330 1102 3393 sic
1121 3329 1289 3393 humiliato
1305 3328 1425 3414 populo
1440 3329 1598 3410 Romano,
1616 3329 1694 3415 quia
1708 3328 1847 3414 populus
1863 3328 1965 3393 Urbis
1989 3330 2091 3415 magis

438 3436 513 3501 inde
537 3435 729 3524 superbiens
753 3435 840 3522 quod
864 3435 991 3500 dicatur
1020 3435 1158 3522 populus
1182 3436 1357 3518 Romanus,
1382 3457 1480 3520 quarn
1503 3434 1579 3499 inde
1602 3434 1746 3520 gaudere
1771 3434 1884 3499 volens
1907 3447 1943 3499 ut
1967 3434 2092 3500 dicatur
2111 3459 2138 3498 aa

258 3571 419 3618 camaras.
438 3542 575 3630 populus
600 3543 804 3625 christianus,
822 3553 934 3607 contra
949 3542 1039 3628 leges
1055 3542 1183 3606 divinas
1200 3543 1296 3628 erigit
1312 3551 1487 3627 potestates
1504 3541 1714 3630 inordinatas,
1732 3540 1849 3628 quibus
1866 3543 1923 3628 qui
1939 3544 2092 3606 resistunt
2115 3565 2117 3568 ·

327 3675 418 3726 ηειεε.
437 3649 503 3714 Dei
527 3649 724 3714 ordinationi
739 3650 850 3736 utique
874 3672 939 3713 non
963 3650 1125 3731 resistunt,
1143 3650 1296 3736 quoniam
1312 3671 1397 3735 quae
1421 3648 1532 3712 aDeo
1557 3658 1631 3712 sunt
1655 3648 1804 3713 ordinata
1827 3659 1910 3712 sunt.
1958 3649 2090 3713 Memini

436 3779 499 3838 me,
525 3761 614 3820 'curn
637 3755 771 3820 fuissem
794 3757 829 3819 in
846 3755 936 3820 Urbe
948 3761 968 3837 ²,
994 3766 1106 3820 contra
1130 3755 1294 3842 quendam
1316 3754 1531 3819 Arnoldinum
1555 3754 1703 3819 valenter
1726 3755 1889 3819 literatum
1912 3757 1947 3819 in
1971 3755 2090 3842 palatio

438 3862 631 3949 disputasse,
646 3873 677 3926 et
693 3862 765 3948 ipsa
780 3861 966 3948 disputatio,
982 3873 1132 3926 monente
1148 3885 1234 3949 papa
1245 3863 1405 3948 Eugenio,
1421 3861 1556 3925 reducta
1569 3863 1603 3924 in
1618 3862 1775 3947 scriptum
1791 3860 1938 3948 pluribus
1953 3865 2090 3927 auctori-

437 3967 557 4033 tatibus
578 3969 773 4056 aggregatis,
798 3969 905 4055 posita
928 3979 977 4032 est
999 3970 1033 4032 in
1050 3970 1169 4033 scrinio
1192 3970 1306 4055 ipsius,
1330 3968 1387 4033 ubi
1411 3992 1484 4033 cum
1508 3968 1614 4033 adhuc
1630 3970 1733 4054 possit
1755 3970 1904 4051 inveniri,
1930 3992 1995 4033 non
2012 3992 2091 4056 opus
2110 3993 2137 4031 ao

438 4085 487 4140 est
509 4076 574 4140 iam
599 4077 721 4162 scripta
743 4077 861 4139 iterum
885 4075 994 4140 scribi.

969 4273 1018 4334 12.
1054 4269 1114 4334 De
1138 4269 1356 4355 regalibus
1380 4269 1562 4334 collatis.

543 4392 698 4458 Attamen
722 4394 829 4459 adhuc
853 4393 967 4459 eadem
991 4393 1134 4460 scribere
1150 4394 1230 4459 mihi
1246 4395 1377 4480 quidem
1393 4418 1458 4459 non
1474 4395 1613 4482 pigrum,
1639 4395 1744 4460 sicubi
1760 4395 1927 4460 videretur
1943 4419 2091 4460 neeessa-

437 4502 531 4582 rium,
563 4502 648 4565 sicut
670 4500 751 4565 illud
774 4500 861 4587 quod
884 4499 1007 4565 ibidem
1029 4503 1160 4590 copiose
1184 4512 1356 4566 tractatum
1381 4513 1430 4566 est
1453 4512 1485 4566 et
1508 4525 1594 4566 nunc
1619 4504 1784 4567 succincte
1807 4502 2091 4589 perstringendum

438 4607 567 4671 videtur
589 4607 630 4672 de
655 4607 820 4693 regalibus
844 4608 981 4673 ecclesie
1006 4606 1140 4672 collatis.
1175 4607 1294 4671 Dahis
1314 4610 1490 4672 enimcum
1507 4609 1561 4672 alii
1584 4609 1781 4674 contendant
1804 4609 1951 4674 ecclesiis
1974 4609 2089 4674 eadem
2110 4634 2136 4673 ss

438 4714 609 4778 occasione
634 4714 746 4780 talium
770 4713 1028 4802 periclitantibus
1056 4713 1244 4796 auferenda,
1276 4714 1330 4778 alii
1354 4737 1431 4779 vero
1456 4738 1495 4778 ea
1519 4715 1620 4780 semel
1644 4717 1791 4781 ecclesiis
1816 4716 1933 4781 collata
1956 4719 1991 4781 in
2013 4741 2090 4781 usus
2160 4794 2164 4800 ν

438 4843 549 4884 earum
579 4822 733 4906 tenenda,
765 4823 925 4910 posterior
955 4823 1058 4906 magis
1087 4821 1196 4907 placet
1219 4822 1389 4903 sententia,
1415 4823 1491 4908 quia
1515 4824 1562 4886 sie
1585 4824 1657 4909 ipsa
1680 4823 1804 4908 regalia
1826 4822 1914 4888 bona
1937 4823 2089 4888 ecclesia-

268 4919 418 5020 ,mffif'w‘g
438 4929 526 4991 stiois
550 4928 724 4992 interserta
748 4939 830 5010 suut,
856 4939 891 4992 ut
913 4930 970 4991 vix
994 4926 1036 4991 ab
1052 4929 1195 4992 invicem
1211 4927 1353 4992 discerni
1369 4928 1508 4993 valeant.
1544 4929 1620 4994 Huc
1644 4930 1780 5012 accedit,
1806 4929 1893 5016 quod
1917 4953 1980 5016 que
1998 4931 2090 4994 Deus

438 5034 607 5098 coniunxit
630 5033 725 5098 homo
751 5057 902 5120 separare
925 5058 991 5098 non
1015 5033 1122 5098 debet.
1170 5033 1349 5099 Coniunxit
1372 5058 1449 5099 vero
1473 5058 1513 5099 ea
1537 5036 1617 5100 deus
1641 5035 1789 5100 Christus
1816 5037 1851 5100 in
1875 5059 1935 5101 sua
1958 5039 2090 5124 propria

280 5162 577 5226 nu0.ss,11.persona
607 5140 738 5206 indutus
769 5141 856 5227 apud
878 5141 1045 5205 Herodem
1075 5143 1180 5227 primo
1204 5152 1295 5205 veste
1324 5141 1408 5224 elba,
1433 5166 1495 5228 que
1521 5143 1731 5206 sacerdotalis
1762 5155 1820 5224 est,
1852 5143 1971 5208 deinde
2003 5144 2090 5230 apud
2109 5169 2135 5208 ro

299 5273 417 5322 rueras.
437 5244 576 5311 Pilatum
603 5259 694 5312 veste
717 5270 889 5334 purpurea,
914 5270 998 5333 quae
1021 5249 1141 5334 regalis
1165 5259 1224 5331 est,
1249 5260 1284 5313 ut
1307 5249 1503 5331 ostenderet,
1535 5272 1568 5313 se
1600 5273 1664 5313 non
1695 5250 1797 5314 solum
1828 5273 1871 5314 cx
1901 5250 2089 5336 pontificali,

545 5448 572 5510 a)
594 5465 619 5498 o.
640 5465 663 5498 θ.
683 5447 717 5496 as.
737 5447 834 5497 eiuro.

548 5629 575 5696 1)
602 5625 650 5698 Cf.
676 5625 785 5684 Ottonis
810 5627 935 5704 Frisinp.
962 5625 1050 5685 Gesta
1077 5629 1220 5686 Friderici
1243 5631 1282 5699 II,
1308 5651 1330 5686 c.
1357 5630 1409 5686 22.
1528 5629 1559 5704 2)
1585 5631 1632 5703 Qf.
1661 5630 1763 5690 Corma.
1788 5631 1817 5688 in
1836 5653 1883 5708 ps.
1909 5633 1950 5690 54
1976 5629 2090 5711 (allique

438 5742 456 5790 t.
476 5734 547 5803 193,
574 5735 623 5790 ool.
645 5729 761 5808 1672);
786 5732 826 5789 64
852 5727 884 5808 (t.
904 5732 976 5802 194,
1002 5737 1051 5792 col.
1073 5731 1142 5808 i9);
1168 5736 1207 5792 65
1234 5733 1264 5810 (t.
1285 5737 1356 5806 194,
1382 5740 1431 5795 col.
1454 5733 1537 5812 139).
