4426 6398
514 399 697 458 MARBODI
719 396 896 454 EPISCOPI
920 396 1165 454 REDONENSIS
1189 395 1417 458 EPISTOLAE·
1734 393 1798 456 693

149 586 239 673 quod
261 610 327 653 non
350 585 453 652 solum
477 609 535 651 vos
560 609 671 652 eorum
694 583 912 652 oblationibus
935 586 1092 652 interesse
1115 607 1181 650 non
1204 583 1312 667 vultis,
1337 583 1395 648 sed
1419 585 1516 648 etiam
1539 584 1651 668 laicos,
1675 608 1717 650 ne
1740 609 1800 672 per

150 716 206 759 eos
230 693 362 779 aliquod
386 703 625 758 sacramentum
648 693 837 779 suscipiant,
862 689 1097 776 dogmatizatis.
1134 689 1260 772 Quodsi
1283 712 1397 756 verum
1421 701 1479 773 est,
1503 691 1681 756 timendum
1703 693 1798 758 valde

151 811 209 881 est,
234 800 446 882 dilectissimi,
476 823 518 864 ne
548 799 630 864 forte
660 798 819 880 diabolus,
845 799 899 885 qui
923 820 981 863 vos
1012 797 1055 862 ad
1083 797 1256 861 manifesta
1285 796 1419 883 flagitis,
1443 797 1517 861 Deo
1542 809 1703 882 servante,
1733 823 1797 864 non

149 917 257 993 potest
286 906 458 989 attrahere,
489 929 549 994 per
572 906 666 971 huius
690 907 808 970 emonis
839 904 1000 970 occultum
1029 904 1181 990 laqueum
1212 904 1336 968 animas
1359 913 1485 968 vestras
1515 905 1549 967 in
1573 905 1797 991 perditionem,

117 1012 238 1099 equod
261 1012 357 1094 absit,
382 1013 511 1077 deiciat.
552 1011 640 1094 Quid
663 1013 750 1076 enim
773 1011 862 1076 aliud
885 1021 979 1078 vetus
1001 1011 1126 1076 heresis
1150 1010 1430 1076 Novatianorum?
1477 1010 1565 1092 Quid
1589 1011 1688 1077 habet
1711 1012 1799 1078 aliud

150 1143 253 1184 novus
278 1142 389 1184 eorum
410 1142 509 1200 error,
534 1120 589 1206 qui
605 1120 750 1183 Patarini
766 1129 934 1201 vocantur,
956 1141 1054 1205 quam
1077 1129 1112 1182 ut
1135 1140 1194 1204 per
1209 1118 1429 1181 ministrorum
1452 1116 1678 1203 indignitatem
1695 1119 1797 1184 eccle-

150 1229 218 1290 siae
249 1225 428 1290 catholicae
460 1235 665 1290 sacramenta
687 1224 873 1290 vilescunt?
921 1223 1017 1306 Quod
1041 1247 1138 1311 quam
1162 1225 1361 1298 contrarium
1391 1225 1432 1287 sit
1460 1226 1601 1307 veritati,
1632 1224 1798 1291 subiectae

152 1334 361 1398 auctoritates
386 1332 568 1398 ostendunt.
608 1331 810 1418 Augustinus
836 1331 892 1420 [in]
918 1341 1058 1396 tractatu
1073 1331 1116 1395 X.
1140 1330 1257 1417 psalmi
1280 1341 1393 1395 contra
1417 1331 1615 1396 hereticos12
1645 1333 1798 1415 Christus,

150 1441 265 1526 iuquit,
284 1441 459 1527 quidfecit
473 1442 570 1518 uobis,
590 1443 650 1526 qui
662 1441 846 1505 traditorem
861 1464 950 1504 marim
967 1453 1053 1504 tanta
1061 1440 1221 1525 patientia
1234 1439 1375 1524 pertulit,
1397 1453 1428 1502 ut
1446 1441 1479 1503 ei
1490 1442 1672 1525 primaria⁸
1689 1442 1798 1505 eanba-

106 1574 132 1612 ιο
151 1550 274 1614 ristiam
299 1548 474 1634 confectam
497 1549 642 1610 inanibus
664 1549 732 1611 suis
755 1561 783 1610 ct
806 1571 857 1610 ore
880 1571 936 1610 sac
959 1545 1214 1625 consmendatam,
1238 1548 1319 1609 sicut
1341 1544 1389 1610 etb
1407 1549 1536 1610 caeteris
1560 1549 1711 1632 apostolis
1735 1563 1797 1614 tra-

151 1656 259 1720 deret?
308 1655 451 1718 Christus
475 1654 574 1739 guide
600 1655 686 1718 cobis
703 1655 799 1740 fecit,
829 1656 888 1739 gni
908 1653 1037 1717 arandam
1061 1653 1243 1717 traditorem
1270 1677 1371 1733 seram,
1402 1678 1491 1737 quem
1516 1653 1676 1718 diabol-um
1700 1659 1798 1720 aomi-
1819 1682 1935 1731 nasas.

150 1765 247 1843 stanit,
278 1763 337 1846 qai
364 1775 433 1825 ante
463 1759 687 1824 traditionem‘l
716 1785 771 1824 aec
802 1761 914 1824 lucedis
944 1759 1113 1824 dominicis
1129 1759 1228 1846 fidem
1251 1761 1358 1845 petiuit
1386 1761 1540 1840 esliibere,
1570 1786 1639 1824 cum
1670 1765 1800 1827 caeteris
1819 1790 1916 1839 miae.

150 1869 301 1954 apostolis
330 1867 376 1931 ad
394 1867 648 1954 praedicandam
678 1891 806 1952 regnam
835 1867 991 1931 caelo-rum
1020 1869 1116 1945 misit,
1140 1879 1174 1930 ut
1196 1866 1421 1930 demonstraret
1444 1865 1525 1930 dona
1549 1867 1617 1932 Dei
1634 1872 1800 1954 peruenire

150 1974 196 2038 ad
213 1999 263 2037 eos
282 1977 340 2060 gui
356 1997 424 2038 cam
436 1974 506 2060 fide
524 1976 695 2059 accipiunt,
719 1976 846 2038 etiamsi
865 1975 940 2038 talis
962 1976 1004 2037 sit
1026 1971 1123 2060 [per]
1139 1981 1250 2058 quem⁰
1270 1975 1441 2058 accipiunt,
1465 1974 1571 2060 gualis
1586 1974 1687 2039 ludas
1703 1977 1800 2063 fuit?

108 2106 132 2146 n
150 2079 243 2144 Idem
268 2077 383 2144 alibi2:
409 2079 612 2144 Sacramenta
636 2081 784 2144 ecelesiae
808 2105 904 2166 neque
927 2081 1023 2144 bontas
1042 2081 1165 2160 melias,
1188 2104 1285 2164 neque
1310 2079 1412 2143 malus
1420 2083 1516 2166 peius
1539 2083 1670 2167 implere
1686 2098 1797 2168 potest.

149 2187 235 2251 Nam
259 2211 468 2272 qaaecumque
490 2190 533 2252 sit
550 2211 688 2272 persona
711 2189 857 2267 exterior,
882 2186 1024 2274 Spiritus
1045 2201 1170 2251 sanctus
1193 2200 1341 2273 operatur
1364 2189 1504 2251 interius.
1544 2186 1627 2250 Item
1651 2210 1692 2252 ex
1715 2190 1798 2274 regi·

150 2304 215 2357 stro
240 2292 366 2357 Nicolai
392 2316 498 2380 pupae
528 2295 562 2356 in
586 2291 723 2379 epistola
746 2292 788 2356 ad
812 2292 1008 2378 Bulgarosss:
1039 2291 1290 2358 (Ιοοοοίοοάοοοτ
1316 2293 1493 2374 decerm'tis,
1518 2308 1619 2358 uuum
1639 2297 1797 2381 presbyte-

149 2427 219 2465 rum
250 2402 408 2466 habentem
440 2425 564 2464 umorem
598 2414 768 2466 sustentare
798 2400 935 2465 debeatis
958 2415 986 2463 et
1008 2400 1161 2464 bonorare
1187 2425 1229 2463 aa
1253 2425 1273 2464 a
1296 2401 1383 2463 nobis
1400 2402 1556 2485 proicere.
1604 2400 1643 2465 In
1667 2427 1727 2487 gna
1752 2428 1797 2466 re-

149 2509 355 2594 spondemus:
381 2507 547 2588 Quoniam,
571 2509 643 2572 licet
666 2510 734 2593 ipsi
754 2507 847 2572 ualde
869 2507 1130 2594 reprehensibiles
1151 2509 1224 2586 siut,
1255 2531 1309 2570 cos
1338 2521 1439 2570 tanuen
1462 2506 1633 2571 Dominum
1659 2512 1800 2574 convenit

104 2651 131 2690 ῃ
152 2617 283 2695 irm'tari,
308 2618 366 2700 gui
385 2616 480 2678 solem
503 2639 604 2694 sirum,
627 2628 661 2678 ut
683 2628 809 2678 testatur
825 2613 1032 2700 euangelium,
1057 2615 1142 2677 oriri
1159 2613 1245 2698 facit
1267 2638 1362 2699 saper
1378 2615 1472 2677 bonos
1495 2628 1523 2678 et
1544 2615 1645 2679 malos
1668 2630 1695 2680 et
1714 2618 1801 2702 plait
1818 2643 1969 2692 stetinum.

149 2747 244 2808 super
266 2724 363 2786 iustos
386 2737 414 2786 et
436 2723 578 2800 iniustos,
601 2723 769 2808 proicereg
793 2746 813 2784 a
836 2722 923 2784 cobis
946 2718 1078 2807 [euml]
1103 2720 1173 2784 idco
1197 2745 1259 2784 non
1282 2721 1407 2800 debetis,
1432 2723 1581 2806 quoniam
1605 2746 1659 2786 nec
1683 2723 1797 2788 Iudam

149 2829 320 2908 Durnimts,
351 2854 420 2892 curra
451 2842 527 2892 esset
558 2828 694 2892 mendam
727 2828 918 2913 discipulus,
949 2827 987 2890 de
1016 2851 1144 2892 nanae-ro
1178 2827 1408 2913 discipulorum
1441 2827 1561 2892 deiecit.
1618 2828 1730 2892 Verum
1761 2831 1799 2894 de

142 2937 338 3022 presbyteris
373 2935 458 2999 cobis
494 2961 548 2998 nec
584 2934 790 2999 iudicandum
822 2948 866 2998 est
897 2959 953 2998 nec
987 2934 1025 2998 de
1059 2936 1124 2997 uita
1159 2935 1300 3019 ipserum
1334 2934 1502 3020 quidpiam
1537 2937 1798 3022 investigandam,

148 3042 211 3106 sed·
227 3044 443 3128 cpiscoporum
466 3041 588 3106 iudicio
619 3041 774 3127 quicquid
802 3040 888 3104 illud
909 3055 953 3104 est
968 3065 1031 3126 per
1054 3043 1159 3104 omnia
1183 3041 1416 3104 reservandum.
1463 3041 1556 3105 Idem
1586 3043 1620 3105 in
1644 3042 1797 3108 eodem⁴z

104 3184 131 3224 25
151 3149 390 3213 Sciscitaatibus
414 3149 501 3212 cobis
523 3151 556 3211 si
575 3173 595 3212 a
618 3148 788 3227 sacerdote,
812 3150 871 3232 grai
890 3149 956 3210 siue
981 3150 1014 3210 in
1030 3147 1187 3212 adulterio
1204 3147 1413 3232 deprehensns
1429 3163 1481 3229 est,
1505 3153 1570 3213 siae
1595 3151 1633 3213 de
1656 3151 1712 3215 boc
1730 3153 1798 3216 sola

142 3256 243 3343 farrea
265 3279 436 3340 respersus,
461 3255 598 3319 debeatis
614 3256 857 3318 cornmunionem
876 3256 1045 3340 suscipere,
1068 3253 1308 3339 respondemus:
1330 3253 1404 3318 Non
1422 3269 1524 3342 potest
1546 3257 1676 3342 aligais,
1701 3283 1798 3343 guan-

150 3377 343 3448 turricamgue
362 3361 504 3448 pollutas
526 3363 577 3441 sit,
604 3375 800 3424 sacramenta
824 3361 935 3423 diuina
960 3361 1114 3445 pollicere,
1145 3383 1224 3445 quae
1242 3363 1433 3448 purgatoria
1456 3377 1636 3427 cunctarum
1659 3366 1799 3430 remedia

150 3471 366 3556 contagionum
387 3471 530 3548 existant,
549 3471 631 3531 sicut
652 3492 706 3532 nec
723 3481 827 3552 potest
843 3467 920 3530 solis
939 3467 1052 3530 radius
1067 3491 1131 3552 per
1146 3467 1270 3532 cloacas
1289 3470 1444 3532 transiens
1464 3483 1492 3534 et
1515 3471 1649 3535 latrinas
1672 3473 1802 3558 als'quid

150 3577 344 3663 contagionis
366 3575 479 3639 eninde
502 3574 665 3638 attrahere.
713 3573 853 3636 Proinde
877 3574 1112 3660 qualiscumque
1142 3575 1290 3638 sacerdos
1312 3577 1363 3654 sit,
1388 3600 1467 3662 guae
1490 3591 1596 3640 sancta
1621 3593 1692 3642 sunt
1714 3582 1798 3642 coin-

105 3720 132 3759 ω
150 3685 283 3768 gairmre
306 3707 367 3746 noa
384 3695 494 3768 potest.
542 3680 668 3745 Idcirco
692 3683 731 3745 ab
755 3683 810 3760 eis,
835 3705 992 3766 grauemque
1016 3683 1232 3767 episcoporum
1257 3682 1378 3746 iudicio
1394 3685 1607 3768 reprobentur,
1624 3688 1798 3749 cesarianis

143 3788 355 3876 percipienda
380 3802 432 3866 est,
463 3790 610 3873 quostiam
642 3788 724 3850 mali
751 3788 831 3850 bona
862 3787 1071 3850 ministrando
1094 3812 1126 3851 se
1150 3791 1236 3874 ipsos
1265 3789 1474 3853 tantummodo
1499 3789 1636 3870 laedunt,
1660 3805 1687 3854 et
1710 3817 1797 3856 cerea

142 3898 213 3984 fes
234 3920 364 3960 accensa
387 3897 453 3959 sibi
480 3895 605 3980 guidem
630 3895 845 3958 detrimentum
863 3908 1017 3980 praestat,
1041 3895 1118 3958 aliis
1143 3919 1213 3958 cero
1238 3895 1339 3958 lumen
1370 3898 1404 3960 in
1428 3895 1561 3960 tenebris
1584 3897 1795 3971 administrat.

149 4001 350 4087 Augustinus
369 4000 448 4088 [in]¹¹
466 3999 602 4087 epistola
625 3999 667 4063 ad
684 3999 926 4064 vincentiumr:
951 4001 1024 4065 Non
1040 4017 1175 4088 propter
1190 4003 1290 4066 nialus
1306 4003 1382 4066 boni
1395 4003 1569 4084 deserendi,
1592 4005 1650 4068 sed
1668 4021 1798 4094 propter

149 4111 243 4174 boreos
272 4109 355 4174 mali
380 4109 541 4173 tolerandi
567 4122 647 4189 sunt,
677 4110 759 4172 sicut
787 4109 996 4172 toleraverunt
1010 4109 1185 4194 propbetas
1209 4133 1259 4172 eos
1283 4123 1389 4174 contra
1420 4134 1496 4195 quas
1527 4125 1611 4175 tenta
1637 4112 1798 4192 dicebunt3
1863 4127 1864 4130 ’

104 4251 131 4292 25
149 4241 204 4280 nec
230 4231 330 4280 tarsen
354 4218 597 4279 eornmrmionem
627 4229 891 4278 sacramentorum
922 4215 1013 4278 illius
1036 4216 1156 4301 popuii
1183 4216 1409 4301 relinquebant,
1440 4219 1520 4281 sicat
1550 4220 1617 4303 ipse
1641 4217 1798 4284 Dominus

148 4337 303 4388 nocentem
326 4322 440 4386 Iudam
467 4347 561 4407 usgue
585 4322 630 4385 ad
647 4322 834 4408 arondigaum
851 4323 966 4384 snitum
982 4323 1134 4386 tolerarit.
1170 4321 1262 4386 Idem
1285 4323 1319 4385 in
1335 4320 1417 4386 libro
1442 4322 1482 4388 de
1499 4322 1608 4387 verbis
1625 4323 1796 4391 Dominis‘:

152 4429 252 4508 Quam
268 4430 366 4493 arata
382 4443 410 4493 et
425 4454 519 4514 guam
543 4429 732 4492 celae-menter
747 4427 899 4491 Ieremias
916 4430 1093 4514 increparit
1114 4431 1148 4492 ia
1163 4443 1339 4514 peccatores
1363 4444 1391 4493 et
1412 4432 1577 4496 sceleratos
1586 4435 1708 4518 pepuli
1727 4437 1801 4498 sui!

150 4535 236 4599 Inter
258 4560 309 4600 eos
331 4550 431 4599 tamen
456 4550 532 4613 erat,
558 4560 651 4598 anum
675 4559 742 4597 cum
768 4535 836 4598 illis
860 4535 1006 4619 templum
1034 4536 1181 4615 sinuabat,
1205 4535 1312 4600 eadem
1335 4552 1530 4602 suc-ramenta
1555 4541 1739 4622 celebrabat,
1765 4544 1797 4606 in

150 4666 185 4705 ea
208 4643 428 4706 sceleratorum
451 4643 609 4706 borninum
627 4643 861 4726 congregatione
886 4642 1016 4720 ur’cebnt,
1040 4641 1097 4704 sed
1116 4643 1282 4706 clanrando
1306 4645 1411 4707 exibat
1435 4645 1515 4708 iude.
1552 4646 1622 4710 Hoc
1646 4662 1690 4711 est
1712 4651 1798 4712 esrire

103 4786 131 4824 40
151 4749 234 4828 inde,
258 4749 314 4812 boc
337 4763 381 4813 est
403 4749 597 4812 irasmundum
621 4772 682 4810 aare
706 4762 848 4834 tangere:
871 4747 963 4810 eorde
987 4771 1048 4810 nen
1071 4751 1242 4813 consentire
1266 4763 1294 4812 ct
1316 4774 1369 4814 ore
1391 4775 1453 4814 non
1472 4776 1615 4836 parcere.
1660 4752 1742 4818 Sunt
1766 4765 1797 4817 et

256 4999 283 5064 a)
305 5003 416 5067 primam
436 5003 503 5067 stag.
567 4998 595 5060 b)
615 4999 681 5050 deest
701 5001 767 5065 Aug.
834 4999 860 5060 c)
883 5002 933 5062 Qu.
952 5019 978 5050 v.
996 5001 1015 5050 s.
1037 5001 1098 5052 Chr.
1118 5001 1184 5066 Arrg.
1249 4999 1277 5064 d)
1299 5003 1409 5054 Domini
1427 5004 1488 5054 add.
1508 5005 1574 5070 drag.
1639 5003 1665 5068 e)
1687 5023 1757 5072 quam
1776 5027 1797 5060 c.

148 5091 169 5152 t')
191 5089 358 5141 consulendo
377 5108 398 5140 c.
471 5089 499 5154 g)
521 5089 629 5140 deicere
649 5088 704 5139 Nic.
778 5087 805 5150 h)
826 5106 873 5138 aas.
891 5107 912 5139 c.

260 5323 288 5394 1)
314 5323 475 5381 Enorratio
498 5325 525 5381 in
545 5328 650 5400 psalm.
671 5325 720 5396 10,
746 5345 768 5381 c.
787 5325 821 5392 6,·
847 5323 919 5400 Opp.
938 5325 991 5394 IV,
1017 5327 1067 5382 col.
1086 5325 1136 5382 62.
1230 5325 1260 5396 2)
1286 5325 1424 5385 Pascbas.
1449 5328 1586 5385 Radbert.
1613 5331 1646 5386 de
1670 5351 1747 5408 corp.
1773 5342 1798 5388 et

148 5451 231 5508 sang.
264 5431 346 5489 Dona
379 5453 401 5488 r.
421 5431 459 5487 12
468 5453 478 5501 ,⁴
511 5432 643 5488 allartinc
673 5440 698 5488 et
727 5432 868 5500 Daranrl,
902 5429 970 5488 Call.
1001 5435 1088 5508 arrrpl.
1119 5432 1177 5503 IX,
1210 5435 1260 5490 col.
1285 5433 1364 5504 427,
1396 5436 1435 5506 cs.
1466 5455 1556 5510 supra
1581 5457 1615 5511 p.
1640 5437 1688 5494 13.
1722 5439 1795 5495 593.

103 5560 131 5600 45
152 5535 182 5612 3)
208 5537 279 5612 Cap.
298 5537 348 5609 70,
376 5539 474 5596 eliensi
496 5547 514 5594 t.
533 5538 600 5609 XV,
625 5540 675 5594 col.
694 5538 767 5594 425.
794 5537 897 5612 paucis
920 5538 1048 5607 ssulatim
1079 5540 1119 5610 cf.
1143 5560 1233 5614 supra
1251 5561 1284 5616 p.
1304 5541 1376 5597 592.
1474 5541 1504 5610 4)
1532 5541 1602 5618 Cap.
1622 5545 1672 5614 71,
1699 5546 1799 5603 ilicinsi

150 5645 218 5716 XV,
244 5646 294 5702 col.
312 5645 390 5715 425;
412 5665 502 5721 supra
524 5666 553 5720 p.
573 5645 645 5702 592.
728 5643 758 5718 b)
785 5643 876 5718 Epist.
895 5645 946 5713 93,
972 5665 994 5700 c.
1014 5645 1042 5712 4,
1067 5643 1160 5718 §ltn-
1186 5645 1258 5721 opp.
1277 5647 1316 5716 ΙΙ,
1342 5651 1391 5704 col.
1411 5649 1483 5705 237.
1565 5649 1595 5719 6)
1621 5651 1720 5710 Sermo
1744 5653 1794 5708 88.

151 5753 185 5809 de
208 5751 283 5808 verb.
308 5773 406 5829 evang.
433 5753 536 5828 Muttla
555 5751 605 5822 20,
631 5772 653 5808 c.
673 5752 724 5820 21,
749 5748 845 5824 §2t;
870 5749 944 5826 Opp.
965 5751 996 5822 V,
1022 5753 1072 5807 col.
1090 5752 1164 5808 421.
