4396 6390
516 361 828 419 COMMENTARIUS
852 363 893 418 IN
916 363 1105 420 PSALMUM
1129 365 1234 420 LXIV.
1635 361 1694 421 441

853 558 890 614 B.

257 653 332 736 diei,
357 653 494 718 alterum
510 657 608 738 nocti,
632 657 708 742 quia
724 657 914 743 spiritualia,
937 655 1055 743 quibus
1070 668 1181 742 preest
1197 657 1334 722 domnus
1349 681 1446 744 papa,
1472 658 1547 740 diei,
1572 669 1605 724 et
1620 670 1699 724 tem-

256 761 396 848 poralia,
428 760 546 848 quibus
576 773 687 848 preest
717 762 854 827 domnus
883 765 1072 850 imperator,
1103 765 1191 828 nocti
1224 774 1462 851 comparantur.
1515 766 1602 830 Ecce
1635 765 1698 830 duo
1721 754 1773 878 [Dq
1793 758 1900 878 g}¹‚⁰¹’¹¹⁸

257 868 429 932 luminaria
453 879 485 932 et
509 890 587 933 ecce
616 867 680 932 duo
711 869 811 954 gladii
842 868 912 934 hic:
944 869 1126 948 luminaria,
1157 882 1291 956 propter
1319 871 1440 935 iudicia
1463 871 1596 936 Domini
1620 895 1699 936 vera
1745 844 1791 893 μ
1812 825 1863 892 aa]

257 975 431 1038 iustificata
462 975 495 1038 in
526 976 727 1062 semetipsis3
759 975 870 1061 gladii,
901 987 1035 1062 propter
1062 975 1224 1040 sindictas
1255 979 1288 1040 in
1318 977 1390 1040 illos
1421 978 1613 1060 exerendas,
1642 981 1697 1065 qui

257 1081 369 1146 nolunt
385 1080 519 1146 obedire
536 1082 665 1146 iudiciis
682 1083 816 1147 Domini
832 1084 929 1164 veris,
947 1082 1130 1148 iustificatis
1146 1084 1179 1146 in
1195 1084 1394 1169 semetipsis:
1419 1085 1516 1166 veris,
1541 1107 1581 1149 ne
1598 1085 1698 1150 iudex

257 1188 388 1252 fallatur
411 1188 677 1254 indiscernendo
701 1188 823 1254 bonum
847 1200 880 1254 et
901 1189 1034 1270 malum,
1058 1190 1177 1253 iustum
1203 1200 1236 1254 et
1258 1191 1428 1274 iniustum,
1452 1192 1643 1274 iustificatis,
1663 1203 1698 1256 ut

256 1296 324 1359 solo
340 1296 460 1359 intuitu
482 1296 631 1360 iusticiae
656 1295 781 1382 absque
795 1283 968 1360 ¹munerum
984 1297 1185 1381 captacione,
1210 1295 1333 1383 absque
1350 1318 1561 1382 personarum
1581 1321 1697 1384 aceep-
1717 1285 1874 1386 ,‚p„⁰,¹j1„7,

254 1403 341 1466 tione
372 1401 565 1488 reprobetur
594 1403 714 1467 malum
746 1415 778 1467 et
809 1402 948 1488 eligatur
976 1401 1113 1486 bonum3
1146 1404 1215 1467 sive
1245 1426 1305 1490 per
1333 1403 1422 1468 illum
1453 1403 1609 1486 iudicem,
1641 1406 1697 1492 qui

254 1509 353 1574 habet
368 1509 514 1595 gladium
530 1510 741 1597 spiritualem,
766 1511 835 1575 sive
851 1532 911 1596 per
927 1509 1026 1591 illum,
1048 1511 1185 1594 quinon
1202 1511 1270 1574 sine
1295 1532 1395 1574 causa
1409 1520 1535 1596 portat·
1551 1511 1697 1596 gladium
1716 1533 1847 1582 asanaa

254 1616 465 1681 materialem.
519 1616 656 1681 Munera
680 1619 766 1682 enim
791 1627 951 1681 excecant
982 1614 1092 1680 oeulos
1118 1615 1228 1703 [etiam
1237 1613 1261 1704 l’]
1287 1619 1470 1702 sapientum
1493 1628 1526 1682 et
1548 1620 1695 1705 acceptio
1716 1637 1860 1689 moneas.

254 1746 464 1810 personarum
496 1723 671 1809 aliquando
700 1725 858 1810 pervertit
891 1722 1058 1787 iudicium.
1105 1722 1301 1787 Perversum
1331 1745 1410 1788 vero
1439 1723 1593 1788 iudicium
1625 1712 1891 1789 sive11³0¹¹¹ffl⁰5⁰

254 1828 440 1893 muneribus
465 1841 647 1917 coemptum
672 1853 781 1894 coram
805 1830 879 1896 Deo
906 1829 1006 1894 robur
1029 1851 1092 1894 non
1117 1828 1225 1912 habet,
1250 1831 1377 1894 etiamsi
1400 1830 1506 1895 nullus
1530 1831 1696 1896 hominum
1726 1783 1872 1852 perversa]

255 1936 364 2001 dicere
388 1936 507 2001 audeat
531 1937 648 2001 iudici:
674 1934 753 2001 ‘Cur
776 1938 820 2001 ita
843 1937 964 2001 facisl’

359 2043 447 2107 Hinc
471 2054 520 2106 est
544 2043 624 2107 illud
646 2045 680 2107 in
697 2044 814 2108 Ysaia:
841 2045 881 2109 p,
905 2048 964 2131 qai
984 2047 1162 2110 concert-itia
1187 2046 1341 2110 >indicium
1366 2048 1400 2110 iu
1424 2047 1633 2130 absinthium,
1662 2057 1695 2112 et
1714 2033 1822 2134 illm,

252 2151 287 2213 in
310 2149 517 2236 Apocalipsi:
541 2151 663 2216 Nonmn
687 2153 805 2232 atellae,
829 2177 909 2238 quae
933 2153 970 2216 de
994 2153 1058 2216 calo
1082 2153 1205 2232 cecidit,
1229 2152 1348 2216 dicitnr
1370 2153 1570 2218 adalratlu'um.
1608 2152 1695 2233 Quia
1714 2174 1853 2223 aenean.

252 2257 339 2321 enim
363 2279 460 2320 sucus
484 2243 638 2321 absinthii
661 2268 807 2343 sumptus
831 2269 1004 2344 extorquet
1026 2258 1193 2338 vomitum,
1226 2267 1313 2322 recte
1344 2257 1507 2323 absinthio
1537 2258 1694 2324 iudicium

251 2362 332 2427 illud
355 2361 560 2444 assimilatur,
585 2362 673 2450 quod
696 2387 716 2428 a
739 2365 801 2451 piis
825 2374 858 2428 et
879 2365 972 2429 iustis
997 2364 1079 2427 iuste
1104 2385 1142 2428 ae
1158 2364 1212 2450 pie
1228 2365 1400 2450 respuitur.
1434 2365 1479 2429 Et
1502 2375 1578 2430 tunc
1595 2367 1692 2430 etiam

251 2492 369 2534 nomen
394 2468 505 2534 stellae
526 2469 645 2534 dicitur
660 2469 868 2552 absinthium,
893 2494 967 2535 cum
991 2469 1051 2534 sub
1074 2470 1178 2534 nitore
1202 2470 1350 2534 iusticias
1375 2472 1529 2536 iniustum
1552 2471 1588 2536 fit
1610 2472 1693 2536 iudi·

252 2578 354 2642 cium:
385 2586 541 2663 tanquam
573 2579 600 2642 si
623 2579 735 2642 vinum
760 2581 801 2642 sit
824 2577 898 2642 felle
922 2578 1069 2658 mixtum,
1095 2576 1278 2662 quodcum
1302 2587 1465 2662 gustasset
1487 2576 1635 2642 Christus
1659 2580 1692 2643 in
1713 2565 1869 2668 ,1„„,⁰‚¹'27,3„

251 2685 402 2768 passione
427 2706 486 2747 sua
510 2682 613 2748 noluit
634 2683 757 2748 bibere.
794 2683 890 2749 Unde
908 2707 972 2748 non
988 2686 1114 2766 mirum,
1135 2682 1222 2769 quod
1241 2685 1326 2748 servi
1351 2684 1420 2748 eius
1444 2685 1557 2749 nolunt
1578 2683 1692 2750 bibere

250 2789 408 2854 iudicium
438 2789 513 2854 felle
543 2791 724 2876 iniquitatis
754 2792 903 2873 mixtum,
934 2790 1021 2877 quod
1052 2792 1146 2876 quasi
1176 2789 1373 2854 absinthium
1404 2791 1483 2855 facit
1507 2793 1691 2856 'vonritum
1711 2813 1775 2854 *aa

252 2896 458 2982 Quamquam
482 2919 548 2961 non
572 2895 692 2961 audeat
713 2896 794 2962 illud
809 2897 980 2961 manifeste
996 2895 1182 2983 improbare
1199 2897 1255 2984 qui
1271 2897 1464 2983 opprimitur
1482 2898 1556 2962 talis
1579 2898 1692 2962 iudicii

250 3004 475 3090 perversitate,
500 3013 576 3068 tunc
600 3004 742 3068 maxime
767 3025 840 3068 cum
864 3002 989 3068 iudices
1006 3005 1153 3089 perversi
1177 3026 1288 3068 omnes
1313 3003 1451 3089 diligunt
1473 3027 1618 3086 munera,
1643 3026 1691 3068 se·
1713 3028 1836 3078 ruiana.

251 3120 368 3173 cuntur
390 3108 635 3192 retributiones3
660 3108 759 3173 audet
781 3121 891 3174 tamen
913 3111 940 3174 is
964 3111 1020 3196 qui
1040 3111 1210 3174 veritatem
1231 3109 1381 3196 intelligit
1403 3119 1435 3174 et
1459 3110 1565 3196 diligit
1587 3113 1691 3196 ipsam

250 3217 421 3280 veritatem
445 3214 627 3302 approbare
652 3216 766 3280 saltem
789 3219 823 3280 in
847 3216 945 3281 corde
970 3239 1038 3298 suo,
1070 3216 1266 3281 assimilatus
1290 3215 1336 3280 illi
1359 3214 1456 3280 beato
1480 3217 1610 3303 Ioseph,
1636 3218 1691 3303 qui

250 3345 315 3386 non
339 3323 499 3387 consentit
529 3321 691 3387 iudicibus
716 3321 880 3387 Christum
910 3321 1131 3387 iudicantibus
1154 3323 1283 3387 iniuste.
1330 3321 1441 3388 Audet
1464 3345 1592 3410 quoque
1617 3346 1691 3387 cum

251 3428 366 3493 eodem
382 3428 503 3514 loseph
519 3427 684 3493 Christum
708 3428 856 3514 sepelire,
880 3428 957 3492 dum
973 3429 1143 3492 veritatem
1159 3427 1250 3492 velut
1273 3428 1432 3514 sepultam
1456 3428 1490 3492 in
1511 3427 1608 3493 corde
1632 3451 1690 3494 suo
1709 3419 1834 3524 ξᾜξζξξζ,

250 3537 368 3601 tacitus
392 3546 576 3616 veneratur,
601 3545 719 3616 certus,
744 3534 831 3622 quod
854 3535 970 3600 eadem
993 3536 1114 3599 veritas
1139 3535 1335 3621 quandoque
1359 3547 1508 3620 resurgat
1530 3547 1563 3600 et
1586 3535 1689 3600 dicat:

251 3644 337 3708 Data
361 3657 405 3708 est
426 3643 510 3708 miti
531 3645 632 3708 omnis
647 3658 788 3729 potestas
811 3646 844 3707 a'o
868 3645 932 3707 celo
956 3658 984 3708 et
1006 3646 1040 3707 a’a
1063 3657 1158 3724 tarra,
1188 3643 1223 3705 in
1247 3641 1436 3706 sacerdocio
1460 3652 1493 3706 et
1515 3664 1626 3727 regne,
1657 3643 1691 3707 in
1710 3667 1824 3715 maara.

251 3748 451 3835 spiritalibus
476 3759 508 3812 et
531 3747 774 3835 temporalibus.
1662 3831 1665 3836 Δ

356 3856 409 3920 De
434 3878 571 3942 quorum
595 3855 802 3920 distinctione
825 3877 884 3941 pro
908 3875 1004 3940 posse
1027 3864 1138 3918 nostro
1162 3853 1373 3919 disseruimus
1396 3856 1430 3918 in
1454 3865 1591 3920 tractatu
1616 3855 1690 3920 sub·
1709 3880 1746 3929 (s).

251 3963 398 4049 sequenti
426 3984 524 4048 super
547 3961 707 4046 psalmum
734 3960 903 4025 annr:
935 3983 1032 4046 quem
1062 3969 1094 4024 et
1120 3961 1211 4046 prius
1238 3959 1355 4026 beatae
1382 3964 1557 4027 memoriae
1584 3985 1690 4049 papae

249 4068 398 4154 Eugenio
421 4069 626 4154 porreximus
657 4077 689 4131 et
719 4091 805 4132 nunc
829 4067 935 4132 denuo
958 4066 1033 4148 tibi,
1056 4067 1229 4150 Hainriee,
1254 4067 1428 4132 cardinalis
1453 4069 1506 4132 et‘¹
1529 4068 1691 4155 presbiter

250 4185 382 4239 sanetae
398 4175 565 4239 Romanae
589 4174 779 4256 aecclesiae,
803 4197 862 4261 pro
886 4196 1019 4238 munere
1043 4173 1241 4239 offerimus*.
1277 4174 1364 4255 Quia
1387 4176 1471 4238 enim
1489 4174 1559 4240 zelo
1576 4175 1690 4239 domus

250 4281 315 4346 Dei
338 4291 370 4345 te
395 4282 553 4344 sensimus
576 4279 820 4362 inflammatum,
845 4281 950 4366 gratia
966 4279 1031 4343 Dei
1047 4281 1213 4365 aspirante
1231 4281 1367 4368 amplius
1391 4291 1423 4346 te
1447 4282 1584 4346 accendi
1601 4293 1689 4369 opta-

250 4410 321 4452 mus
351 4409 390 4452 eo
421 4388 506 4472 igne,
539 4397 634 4473 quem
666 4386 814 4452 dominus
838 4386 929 4450 Iesus
960 4387 1047 4451 misit
1076 4387 1110 4449 in
1140 4396 1260 4450 terram
1291 4397 1322 4451 et
1349 4387 1452 4453 voluit
1480 4388 1691 4453 vehementer

250 4492 398 4560 accendi.
439 4494 558 4580 lenem,
582 4494 696 4580 inquit,
721 4497 795 4559 areni
815 4497 933 4558 aur'ttere
957 4496 991 4557 iu
1011 4509 1145 4572 terream
1169 4494 1300 4580 etquid
1321 4495 1389 4558 nolo
1413 4499 1481 4576 nabi
1501 4511 1535 4559 ut
1556 4496 1691 4562 ardeat?
1709 4521 1845 4570 nuaram.

1712 3189 1763 3256 [De
1784 3195 1882 3260 loseph

1738 3261 1837 3328 iusto]

169 4743 195 4821 ⁸)
220 4756 334 4822 Epistola
352 4757 380 4806 ia
398 4756 452 4806 rod.
471 4755 652 4820 Reidmberp.
669 4755 757 4806 addit:
781 4751 844 4806 Non
861 4751 940 4823 quasi
956 4769 1053 4806 aarum
1077 4757 1107 4806 et
1130 4759 1289 4822 argeutum,
1309 4752 1442 4822 quiahoc
1459 4759 1503 4809 est
1526 4771 1689 4825 magnorum

218 4859 387 4930 principum,
417 4858 526 4913 seilicet
549 4857 652 4914 offerre
676 4875 784 4924 aumm,
814 4865 973 4928 argentum,
1004 4857 1115 4928 lapides
1138 4858 1280 4929 preciosos
1308 4859 1343 4913 ad
1367 4860 1521 4914 amandum
1544 4861 1688 4916 humerale

219 4966 278 5021 sive
303 4965 440 5020 rationale
464 4965 563 5018 summi
585 4963 738 5035 pontificis.
774 4963 878 5018 Nostra
893 4981 961 5019 vero
977 4965 1184 5034 qualiacunque
1208 4965 1314 5036 scripta
1337 4965 1444 5020 utinam
1468 4967 1524 5020 sint
1546 4966 1576 5020 in
1591 4968 1687 5022 taber-

219 5071 319 5127 naculo
342 5071 455 5125 Domini
482 5071 583 5125 saltem
606 5088 658 5142 pro
681 5070 765 5141 liguis
789 5071 890 5141 quibus
920 5071 1087 5125 nutriendus
1112 5077 1156 5126 est
1186 5072 1258 5142 ignis
1288 5072 1384 5126 altaria
1414 5073 1493 5127 iuxta
1521 5079 1689 5144 preceptum

220 5179 292 5250 legis
320 5178 458 5234 dicentis:
491 5177 582 5249 ‘Ignis
609 5178 638 5231 in
661 5177 742 5232 altari
766 5195 879 5249 semper
901 5177 1024 5242 ardebit,
1048 5193 1133 5248 quem
1155 5178 1264 5232 nutriet
1286 5180 1417 5234 sacerdos
1447 5179 1589 5233 subiciens
1612 5180 1690 5250 ligna
1708 5193 1832 5244 usnam.

219 5302 300 5339 mane
324 5303 377 5355 per
399 5284 525 5356 singulos
548 5282 630 5340 dies'.
676 5284 809 5354 Denique
840 5283 912 5355 ignis
936 5283 1061 5338 caritatis
1091 5283 1120 5337 in
1143 5284 1225 5339 altari
1248 5285 1340 5339 cordis
1369 5284 1463 5340 fidelis
1487 5285 1576 5340 veluti
1606 5285 1689 5358 lignis

219 5391 387 5461 quibusdam
410 5391 578 5446 nutriendus
596 5397 639 5445 est
664 5390 904 5445 exhortationibus
926 5391 991 5461 piis,
1015 5397 1058 5457 ut,
1083 5391 1136 5445 etsi
1160 5390 1343 5446 habundante
1367 5392 1518 5463 iniquitate
1542 5393 1571 5446 ln
1594 5392 1689 5446 multis
1708 5406 1865 5455 narrarem.

218 5496 363 5568 frigescat,
393 5495 495 5553 saltem
518 5498 546 5552 in
569 5497 666 5569 paucis
691 5497 791 5552 electis
813 5505 989 5568 permaneat.
1032 5500 1128 5562 Quidam
1150 5501 1228 5551 nabis
1248 5501 1352 5566 epitola
1369 5502 1404 5552 ad
1423 5503 1571 5553 Helm-icum
1585 5503 1688 5568 ,finitae

143 5703 170 5768 a)
192 5704 314 5770 gladium
333 5713 425 5773 portat
444 5705 476 5755 B.
551 5703 578 5766 b)
599 5706 665 5756 deest
684 5704 717 5755 A.
790 5702 816 5766 c)
838 5711 1008 5770 pretaxatam
1029 5705 1062 5755 Β.
1134 5703 1163 5766 d)
1186 5713 1214 5756 et
1232 5705 1280 5757 det.
1299 5706 1332 5757 B.

107 5827 208 5881 Libelli
227 5829 260 5881 de
281 5828 338 5882 lite.
370 5831 425 5880 111.
