4418 6412
698 366 935 424 OPUSCULUM
959 367 1013 421 AD
1038 365 1295 422 CARDINALES.
1757 361 1820 423 407

167 577 295 622 verum·
309 567 424 645 putant
447 565 503 620 aut
526 577 561 619 se
584 565 698 641 putare
723 553 884 636 simulant,
908 576 949 617 ne
974 553 1014 617 de
1039 553 1167 617 sincera
1181 554 1318 618 veritate
1342 552 1489 618 incidant
1510 555 1764 640 persecutiones,
1788 557 1822 621 in

171 663 292 752 quihus
320 685 381 728 nos
404 661 518 728 vident
547 662 684 743 anxiari,
713 683 752 725 eo
783 660 871 747 quod
900 659 1048 725 nolumus
1079 660 1272 724 scismaticis
1303 660 1430 744 sociari,
1461 659 1538 726 licet
1560 659 1602 725 ob
1625 660 1687 726 hoc
1713 663 1821 750 ipsum

171 770 296 836 addicti
326 771 426 834 simus
453 779 619 855 tamquam
648 768 833 832 scismatici.
879 768 1017 853 Propter
1040 765 1128 853 quod
1151 767 1297 851 cogimur
1320 767 1490 831 veritatem
1519 788 1626 832 rerum
1656 780 1820 854 gestarum

171 889 205 942 et
230 899 423 943 consensum
447 875 572 940 sedium
589 873 838 960 apostolicarum
862 873 957 960 plene
980 873 1188 958 investigare,
1212 883 1248 937 ιιι
1269 895 1460 960 responsum
1476 883 1600 939 certum
1623 873 1736 940 demus
1760 876 1821 959 his,

134 986 230 1070 equi
254 984 307 1048 vel
330 981 470 1068 benigne
494 981 547 1045 vel
570 981 712 1067 maligne
737 981 956 1066 *interrogant
978 1001 1046 1044 nes.
1840 1007 1925 1050 uasa.

281 1089 376 1156 Unde
401 1087 608 1154 obsecramus
632 1089 666 1152 in
681 1087 834 1170 Domino,
850 1097 886 1152 ut
901 1109 969 1170 vos,
986 1085 1096 1150 domni
1112 1085 1303 1169 cardinales,
1328 1086 1491 1151 modicu'm
1515 1086 1594 1173 quid
1616 1088 1821 1175 insipientiae

170 1209 304 1262 nostrae
327 1197 362 1260 in
384 1194 445 1260 hoc
469 1195 664 1277 sustineatis,
689 1193 776 1281 quod
799 1216 859 1258 nos
881 1194 1072 1279 interrogati
1095 1191 1252 1258 audemus
1268 1215 1327 1258 vos
1349 1195 1561 1280 interrogare,
1586 1196 1738 1281 quoniam
1760 1195 1821 1260 hec

171 1303 328 1368 audatia·
353 1315 462 1367 nostra
483 1325 549 1366 non
573 1323 615 1365 ex
638 1301 830 1383 temeritate,
855 1299 913 1364 sed
930 1323 972 1364 ex
987 1301 1182 1364 necessitate
1199 1311 1257 1364 est.
1294 1299 1387 1365 Sicut
1409 1301 1495 1364 enim
1519 1299 1580 1364 fuit
1602 1303 1822 1367 necessarium

171 1433 270 1475 veros
298 1409 472 1497 prophetas
503 1419 615 1474 contra
637 1407 736 1473 falsos
761 1419 794 1471 et
816 1417 929 1472 contra
951 1405 1237 1493 pseudoapostolos
1261 1406 1353 1488 mitti,
1378 1428 1484 1488 veros,
1514 1429 1556 1471 ne
1584 1406 1823 1474 invalescerent

125 1542 152 1580 ro
171 1516 341 1581 mendatis
371 1539 413 1580 ex
442 1527 535 1602 patre
566 1513 728 1579 mendacii
757 1512 961 1600 prodeuntia,
992 1514 1037 1577 ita
1061 1523 1093 1576 et
1116 1510 1221 1594 modo,
1246 1513 1410 1598 quianon
1434 1513 1520 1577 solus
1550 1514 1603 1578 ille
1633 1527 1822 1601 prenotatus
1841 1541 1998 1592 saronae.

172 1621 279 1687 abbas
302 1625 394 1686 varia
417 1621 650 1703 disseminavit,
674 1619 732 1684 sed
756 1621 853 1684 etiam
877 1619 980 1684 fertur
1003 1641 1023 1683 a
1045 1618 1218 1701 nonnullis,
1242 1620 1297 1706 qui
1321 1618 1473 1684 dicuntur
1495 1620 1612 1684 milites
1635 1622 1757 1709 templi,
1781 1625 1822 1689 si-

171 1729 264 1794 milia
287 1728 501 1811 disseminari,
526 1738 719 1814 oportunum
734 1725 831 1790 valde
847 1725 986 1808 videtur,
1010 1737 1045 1790 ut
1068 1736 1181 1790 contra
1204 1747 1386 1790 samonem
1408 1726 1578 1810 incertum,
1605 1729 1660 1813 qui
1684 1727 1725 1793 de
1745 1727 1821 1795 duo-

171 1834 236 1900 bus
266 1834 459 1921 patriarchis
490 1836 571 1898 exiit
599 1835 684 1898 inter
712 1833 838 1915 fratres,
869 1831 1029 1897 certitudo
1060 1831 1169 1918 aliqua
1192 1833 1311 1915 veniat,
1340 1854 1423 1919 quae
1448 1843 1598 1898 nutantes
1625 1834 1821 1918 corroboret,

172 1942 256 2006 falsa
286 1940 492 2029 reprobando
520 1950 552 2005 ct
574 1963 654 2004 vera
684 1939 904 2004 confirmando
934 1948 1030 2026 atque
1061 1939 1137 2025 paci
1166 1938 1391 2003 reformandae
1415 1940 1503 2004 viam
1533 1941 1688 2027 parando,
1719 1943 1765 2007 ita
1787 1953 1823 2008 ut

125 2073 153 2113 rs
172 2071 277 2136 prava
298 2050 333 2112 in
357 2047 481 2112 directa
503 2059 535 2112 et
558 2069 675 2133 aspera
697 2048 730 2110 in
754 2047 824 2110 vias
846 2045 961 2133 planas
984 2045 1073 2110 fiant.
1842 2075 1953 2125 aneas.

282 2154 400 2220 Sciatis
424 2164 542 2235 autern,
567 2154 654 2240 quia,
678 2152 765 2239 quod
789 2175 848 2217 nos
871 2152 979 2238 pusilli
1003 2151 1225 2216 desideramus
1250 2163 1283 2217 et
1305 2154 1448 2239 presenti
1478 2154 1598 2241 scripto
1629 2157 1821 2241 expetimus,

173 2262 265 2326 multi
288 2261 432 2348 religiosi
454 2259 623 2325 nobiscum
640 2259 828 2324 desiderant
850 2271 883 2324 et
897 2260 981 2323 votis
1005 2258 1151 2324 cordium
1175 2259 1295 2322 insuia
1316 2257 1468 2346 precibus
1492 2270 1658 2346 exoptant.
1694 2262 1822 2328 Scimus

174 2368 307 2455 quidem
330 2367 517 2432 desiderare
540 2390 598 2431 vos
622 2366 802 2431 aecclesiae
820 2366 885 2430 Dei
910 2375 1032 2430 tantam
1056 2363 1248 2448 libertatem,
1272 2388 1313 2430 ne
1338 2364 1380 2430 ab
1403 2365 1467 2430 ullo
1492 2389 1605 2453 regum
1628 2367 1681 2432 vel
1704 2370 1821 2457 princi·

173 2499 252 2562 pum
268 2474 377 2540 valeat
400 2473 609 2539 subancillari
632 2473 767 2561 posthac
791 2472 941 2559 exemplo
965 2471 1006 2536 de
1022 2470 1116 2536 vobis
1140 2482 1280 2558 captato,
1305 2473 1332 2536 si
1355 2472 1437 2537 forte
1461 2473 1495 2536 in
1518 2473 1626 2560 aliquo
1642 2474 1726 2540 ultra
1749 2476 1822 2541 soli·

128 2607 156 2646 ac
174 2593 242 2646 tnm
266 2605 324 2646 vos
348 2579 568 2664 humiliabitis,
597 2592 632 2644 ut
660 2579 860 2644 subveniatis
890 2578 985 2643 nobis
1015 2579 1189 2665 oppressis,
1220 2578 1308 2665 quod
1337 2589 1456 2662 tamen,
1487 2581 1571 2644 sicut
1593 2591 1703 2646 vestra
1732 2585 1823 2648 novit

174 2689 344 2775 sapientia,
361 2687 539 2753 verendum
562 2710 628 2751 non
651 2697 710 2769 est,
735 2687 812 2772 quia
834 2697 965 2750 nonest
987 2707 1046 2771 pro
1070 2684 1219 2770 exemplo
1235 2684 1431 2768 habendum,
1455 2685 1544 2773 quod
1565 2689 1743 2753 necessitas
1767 2712 1822 2754 ex·

173 2797 277 2878 torsit,
301 2795 364 2859 nisi
386 2833 430 2842 --
453 2793 541 2880 quod
564 2794 656 2858 Deus
680 2803 806 2857 avertat
828 2831 871 2840 —-
895 2791 1008 2855 similis
1030 2793 1209 2856 necessitas
1233 2793 1409 2856 emerserit.
1446 2792 1501 2858 Sic
1516 2793 1638 2858 Paulus
1659 2796 1822 2882 apostolus

173 2903 352 2966 inminente
376 2900 440 2966 sibi
462 2901 656 2965 necessitate
680 2898 798 2986 legalia
822 2898 982 2963 sacrificia
1005 2898 1150 2984 apostolo
1166 2897 1287 2964 Iacobo
1303 2909 1455 2964 monente
1473 2898 1596 2984 obtulit,
1614 2923 1698 2987 quae
1714 2913 1823 2967 tamma
1842 2929 1977 2980 marrae.

174 3019 324 3073 cessante
346 3009 541 3072 necessitate
565 3006 655 3070 velut
678 3018 802 3072 stercus
826 3003 1023 3092 reprobavit.
1071 3004 1126 3070 Sic
1149 3004 1236 3070 idem
1261 3028 1361 3070 causa
1383 3016 1518 3092 urgente
1543 3029 1690 3072 cesarem
1713 3009 1822 3095 appel·
1842 3037 1957 3086 aaran.

128 3139 154 3178 ss
173 3113 254 3180 lavit
277 3116 333 3201 qui
355 3115 446 3201 prius
469 3137 489 3178 a
512 3136 624 3178 cesare
648 3112 760 3177 maluit
782 3111 920 3176 interfici
945 3135 1042 3198 quam
1066 3111 1109 3176 ad
1130 3122 1244 3176 nutum
1268 3113 1337 3178 cius
1360 3111 1459 3177 flecti.

281 3221 355 3286 Non
377 3220 439 3285 hec
463 3219 602 3285 dicendo
618 3241 677 3284 vos
701 3219 849 3284 doctores
872 3229 1000 3283 nostros
1023 3231 1056 3282 et
1078 3220 1181 3283 tocius
1205 3219 1385 3284 aecclesiae
1402 3219 1520 3284 docere
1535 3220 1619 3284 velle
1643 3220 1823 3286 arbitrandi

174 3351 296 3411 sumus,
325 3350 398 3392 cum
422 3327 543 3413 *potius
573 3349 632 3390 nos
662 3349 682 3390 a
705 3324 798 3389 vobis
830 3325 940 3390 doceri
970 3336 1127 3411 optemus,
1152 3324 1313 3412 quomodo
1343 3327 1377 3390 in
1408 3325 1639 3391 inminentibus
1669 3328 1823 3414 periculis
1842 3356 1933 3398 uaeas

173 3434 403 3520 provideamus
419 3432 563 3519 parvmlis
579 3434 707 3514 nostris,
731 3432 872 3496 maxime
888 3429 1070 3517 virginibus
1093 3431 1237 3514 inclusis,
1258 3430 1376 3518 quibus
1399 3433 1536 3497 imuinet
1550 3433 1824 3520 periculosissima

175 3541 334 3628 dispersio
356 3542 390 3605 in
413 3539 463 3604 his
486 3540 576 3622 locis,
599 3537 657 3603 ubi
678 3549 834 3626 precepto
859 3539 988 3624 augusti
1011 3539 1185 3621 resistitur,
1209 3560 1285 3602 nam
1301 3540 1419 3602 ceteris
1442 3561 1509 3626 pax
1524 3541 1730 3625 promittitur,
1748 3543 1825 3628 quia

128 3672 156 3711 so
174 3649 240 3712 iam
262 3687 306 3695 —
328 3646 410 3734 proh
432 3644 524 3710 dolor
546 3683 590 3694 -
620 3645 711 3709 multi
740 3643 895 3709 abstracti
919 3655 951 3708 et
973 3643 1072 3709 illecti
1103 3654 1186 3709 sunt.
1232 3644 1317 3710 Illud
1347 3655 1455 3710 autem
1484 3647 1607 3730 scitote,
1631 3671 1689 3712 vos
1714 3647 1823 3713 domni

174 3753 372 3836 cardinales,
401 3752 488 3840 quod
517 3752 551 3816 in
582 3750 741 3834 omnibus,
772 3751 946 3838 inquibus
977 3773 1055 3837 erga
1084 3765 1143 3816 nos
1175 3753 1423 3838 conpassionem
1453 3762 1485 3817 et
1515 3753 1821 3820 condescensionem
1880 3769 1881 3772 ’

173 3860 367 3946 flagitamus,
391 3860 452 3924 hec
476 3871 549 3923 ante
574 3860 683 3922 omnia
704 3859 874 3945 precaveri
897 3880 918 3921 a
932 3856 1026 3921 vobis
1050 3866 1207 3943 optamus,
1232 3859 1295 3921 neb
1319 3860 1365 3922 sic
1390 3857 1583 3924 exhibeatur
1604 3861 1706 3926 nimia
1721 3860 1822 3926 humi-

174 3968 259 4050 litas,
282 3977 318 4032 ut
340 3965 476 4052 regendi
498 3965 668 4051 frangatur
691 3965 876 4047 auctoritas,
901 3985 985 4051 quae
1001 3964 1147 4028 Romano
1170 3964 1316 4051 pontifici
1340 3965 1495 4030 divinitus
1519 3966 1637 4031 collata
1660 3977 1709 4032 est
1731 3968 1825 4033 iuxta

174 4073 270 4139 illud:
294 4075 376 4139 Eece
399 4076 547 4139 constitui
567 4087 594 4137 te
616 4097 711 4159 super
730 4087 834 4160 pentes
857 4087 885 4136 et
906 4097 1001 4158 super
1015 4097 1122 4159 repara,
1145 4087 1180 4136 ut
1201 4073 1317 4136 evellas
1339 4088 1367 4137 et
1389 4073 1531 4138 dromus
1554 4089 1583 4138 et
1604 4075 1774 4162 disperdes
1797 4091 1825 4140 et
1842 4103 1957 4154 naam

128 4203 155 4244 ss
175 4183 312 4269 dissr'pee
334 4195 363 4246 et
384 4181 510 4268 edifices
533 4195 562 4244 et
578 4181 713 4266 plantes.
760 4178 798 4241 In
823 4175 940 4264 quibus
964 4175 1083 4260 verbis,
1108 4178 1186 4263 quia
1208 4201 1272 4242 non
1296 4178 1397 4242 fastus
1422 4179 1621 4263 dominandi,
1649 4180 1708 4246 sed
1731 4193 1823 4246 actus

174 4286 375 4374 agricolandi
399 4287 600 4373 exprimitur,
624 4309 689 4349 non
713 4295 762 4349 est
784 4293 898 4348 contra
919 4283 1075 4348 honorem
1098 4285 1190 4370 regni
1214 4284 1266 4348 vel
1289 4285 1418 4372 imperii
1441 4286 1617 4352 mandante
1639 4287 1714 4353 Deo
1737 4289 1824 4353 vicia

175 4405 207 4458 et
229 4395 369 4458 viciosos
392 4405 558 4479 tamquam
581 4392 693 4478 spinas
716 4402 748 4455 et
770 4389 905 4455 tribulos
929 4389 1035 4472 evelli,
1059 4389 1204 4476 disperdi
1228 4401 1260 4455 et
1283 4391 1435 4478 dissipari
1459 4403 1556 4480 atque
1572 4395 1727 4459 virtutum
1751 4417 1822 4481 ger·
1841 4424 1999 4475 sennaar,

174 4502 263 4565 mina
284 4500 434 4587 plantari.
480 4498 563 4564 Item
586 4521 651 4562 non
674 4508 724 4563 est
746 4506 859 4562 contra
881 4496 1036 4561 honorem
1066 4497 1268 4583 imperialem
1291 4497 1482 4564 Babiloniae
1512 4523 1621 4565 muros
1646 4500 1768 4566 destrui
1792 4514 1825 4568 et

174 4629 283 4672 muros
305 4605 483 4671 Ierusalem
506 4606 649 4691 peccatis
673 4601 881 4690 exigentibus
905 4602 1028 4668 dirutos
1052 4602 1234 4668 reedificari
1263 4604 1511 4691 cooperantibus
1538 4608 1573 4670 in
1595 4607 1738 4694 idipsum
1760 4610 1823 4674 Ro-

128 4737 158 4776 eo
174 4735 271 4778 mano
293 4712 447 4799 pontifice
470 4722 635 4798 tamquam
658 4711 734 4775 Iesu
764 4709 933 4775 sacerdote
963 4731 1081 4794 magno
1106 4720 1138 4774 et
1161 4709 1279 4775 domno
1309 4713 1504 4798 imperatore
1534 4723 1700 4801 tamquam
1724 4715 1822 4780 Zoro·
1842 4742 2001 4794 sensatas.

174 4819 272 4885 babel
301 4821 448 4906 principe
478 4818 633 4903 legitimo.
679 4818 805 4882 Domus
829 4819 949 4904 quippe
973 4815 1039 4880 Dei
1068 4839 1127 4903 per
1154 4817 1331 4903 spiritalem
1354 4817 1574 4885 Antiochuml
1596 4821 1768 4908 profanata
1791 4834 1823 4886 et

175 4927 297 5014 polluta
319 4948 383 4990 non
407 4927 526 5011 poterit
548 4923 727 5004 emundari,
751 4924 813 4987 nisi
837 4921 1086 5009 cooperantibus
1108 4924 1144 4987 in
1165 4945 1267 4988 unum
1290 4924 1513 4990 sacerdotibus
1539 4927 1653 5014 Onyae
1677 4928 1822 5015 pontifici

176 5031 333 5097 similibus
364 5043 397 5097 et
425 5030 628 5119 principibus
657 5029 760 5094 Iudae
790 5028 972 5094 hlachabeo
1003 5028 1171 5094 similibus.
1223 5030 1360 5116 Legitur
1390 5033 1511 5118 quippe
1543 5033 1644 5098 Onias
1674 5036 1822 5120 pontifex
1840 5063 2002 5114 antennas.

175 5139 276 5205 Iudae
299 5137 480 5204 Macbabeo
510 5140 544 5202 in
567 5138 692 5202 visione
720 5135 849 5202 dedisse
873 5135 1017 5222 gladium
1040 5157 1174 5200 aureum
1205 5135 1246 5200 ad
1270 5136 1457 5202 deiciendos
1482 5139 1687 5205 adversarios
1710 5142 1822 5228 populi

131 5269 158 5309 u
176 5246 251 5330 Dei,
267 5247 320 5311 cui
336 5256 369 5310 et
383 5244 555 5310 Ieremiam
578 5244 769 5331 prophetam
785 5241 926 5307 ostendit
948 5241 1078 5306 dicens:
1102 5243 1168 5308 Ha
1190 5259 1218 5307 et
1233 5245 1381 5332 fratreas
1404 5261 1526 5311 amatm
1550 5262 1578 5312 et
1585 5249 1708 5334 populi
1720 5249 1825 5315 Israel
1842 5278 1914 5318 rua.

176 5363 209 5417 et
232 5364 341 5418 cetera
362 5373 464 5439 usque
489 5367 518 5417 et
540 5354 686 5416 reticeres
708 5365 816 5416 saneta
839 5353 964 5416 ciat'tute
986 5349 1168 5414 Ierusalem.

282 5549 309 5613 a)
330 5569 394 5604 corr.
412 5569 442 5604 aa
459 5553 641 5618 interrogatio
659 5567 680 5601 c.
753 5546 781 5610 b)
803 5567 853 5600 nec
872 5567 901 5610 c;
918 5566 981 5599 corr.
1000 5549 1037 5598 tll.

286 5715 315 5788 1)
342 5714 390 5788 Cf.
415 5715 565 5792 Prolopum
589 5714 618 5771 iu
644 5712 793 5772 Commeat.
818 5713 846 5770 iu
864 5733 912 5789 ps.
930 5711 987 5770 78:
1013 5713 1151 5786 Spiritulis
1174 5714 1331 5770 Antiochus
1355 5716 1409 5772 iam
1432 5725 1534 5790 regnat
1559 5727 1608 5776 etc.
1641 5717 1645 5726 ’
