4478 6442
281 2795 440 2846 Matthtmt.

325 3009 440 3058 turam.

310 4449 447 4498 neonus.

458 351 523 414 698

564 543 655 630 Aput
677 565 789 608 omnes
813 541 1064 624 inflammatus⁸,

503 666 537 715 20
567 647 672 730 Quem
695 649 767 735 plus
790 649 940 735 inquinat
961 657 1080 730 reatus,

566 755 600 822 Si
625 755 763 820 offerres
787 757 830 820 sit
851 764 994 841 paratus,

565 863 639 928 Fiet
660 861 770 949 presul
794 873 827 927 et
849 862 1002 950 prelatus.

564 988 666 1053 Utin
690 986 767 1053 sede
791 986 987 1052 collocature

564 1094 674 1177 Miser,
699 1117 719 1158 0
742 1116 806 1181 000
830 1095 934 1180 magis
958 1094 1061 1176 datur,

504 1218 536 1266 25
565 1201 659 1266 Tune
683 1199 838 1287 superbit,
861 1211 939 1266 tune
962 1200 1103 1285 infletur,

566 1307 619 1373 Nil
643 1309 683 1373 de
707 1308 780 1372 Deo
804 1309 987 1373 meditatur.

566 1432 649 1498 Sunt
671 1432 797 1519 prelati,
821 1443 870 1497 set
894 1433 971 1519 quid
995 1432 1114 1498 erunt?

566 1540 688 1605 Penam
713 1549 838 1605 tantum
861 1550 1056 1622 meruerunt,

567 1646 631 1728 Qui
654 1670 720 1711 nou
743 1669 873 1712 erucem
896 1645 1017 1711 Christi
1040 1646 1148 1710 ferunt

504 1769 538 1818 00
565 1753 635 1818 Nee
659 1753 796 1818 salutern
819 1777 911 1818 suam
934 1763 1082 1840 querunt.

566 1877 632 1960 Qui
654 1901 719 1942 non
742 1888 873 1964 portant
896 1901 1025 1943 erucem
1049 1876 1180 1960 Christi,

566 1985 746 2050 Punientur
768 2007 854 2072 pena
875 1986 969 2050 tristi.

567 2093 602 2158 Si
625 2093 675 2156 vis
699 2093 793 2176 seire,
819 2094 874 2180 qui
898 2104 972 2157 sunt
994 2093 1073 2158 isti?

565 2201 779 2264 Precursores
802 2199 1005 2264 Antichristi.

504 2340 537 2388 05
565 2323 639 2388 Non
662 2335 737 2388 sunt
760 2323 881 2406 christi,
906 2323 964 2389 sed
987 2323 1149 2407 dicuntur,

567 2429 654 2512 Quia
677 2429 842 2495 Christum
865 2453 930 2495 non
953 2441 1116 2513 secuntur,

568 2537 633 2619 Qui
655 2538 826 2603 mundanis
849 2536 1069 2602 habutuntur‘l

566 2645 610 2709 Et
631 2646 666 2708 in
690 2643 828 2709 caudam
851 2643 1049 2709 relabuntur.

566 2767 656 2833 Inter
678 2767 779 2833 hedos
802 2769 963 2833 numerati

504 2892 539 2941 40
568 2874 649 2941 Sunt
672 2897 692 2940 a
715 2873 844 2940 Christo
867 2875 1113 2964 condempnati3

566 2981 641 3046 Non
664 2981 770 3065 electi,
794 2981 853 3046 sed
875 2983 993 3064 vocati,

568 3088 651 3154 Sunt
674 3086 833 3154 Cehenne
857 3087 950 3154 uibus
974 3089 1052 3155 dati.

567 3211 675 3278 Niehil
700 3214 746 3278 eis
771 3226 821 3279 est
842 3214 970 3297 virtuh'3

568 3318 675 3385 Carne
700 3343 775 3385 earo
799 3322 906 3407 querit
927 3323 991 3404 nti;

506 3444 539 3492 45
567 3426 683 3492 Presul
705 3427 909 3513 proourende
933 3428 1000 3492 cuti

567 3533 645 3599 Plus
668 3533 816 3616 intendit,
841 3555 938 3621 quarn
962 3534 1066 3599 saluti.

568 3657 643 3723 Non
664 3658 701 3722 fit
724 3680 829 3722 sermo
854 3658 893 3723 de
915 3659 1045 3741 virtute,

569 3765 643 3830 Non
666 3774 716 3829 est
738 3787 818 3829 eura
841 3763 881 3829 de
906 3765 1019 3848 salute,

571 3872 628 3937 Set
651 3873 684 3936 in
707 3871 912 3958 procuranda
936 3881 1009 3936 ente

509 3996 543 4044 50
572 3978 710 4044 Student
733 4000 844 4044 omnes
866 3990 1032 4066 presente.

570 4103 614 4168 Et
636 4102 713 4167 dum
735 4113 850 4167 venter
873 4105 1023 4186 saciatur,

571 4209 630 4274 Vis
654 4210 778 4275 ardoris
801 4211 972 4276 excitatur.

573 4315 617 4380 Ut
640 4339 659 4379 a
682 4316 784 4381 Paulo
807 4316 1004 4404 predicatur,

573 4422 674 4487 Nubit
696 4446 819 4510 preses,
842 4447 883 4488 ne
907 4435 1029 4490 uratur.

1273 4641 1304 4704 2.

722 356 900 412 CARMINA
923 357 964 412 IN
988 355 1182 412 SIMONIAM
1205 351 1256 410 ET
1279 355 1535 413 ROMANORUM
1559 355 1791 412 AVARITIAM.
1826 354 1851 409 1.

1355 559 1389 608 55
1417 543 1463 607 Hi
1486 541 1670 626 mendaces,
1695 542 1728 607 hi
1751 542 1886 629 periuri,

1418 647 1510 714 Grex
1532 671 1705 736 pomorum
1727 649 1865 736 Epicuri
1876 651 1898 731 ¹,

1419 757 1539 824 Sancto
1563 757 1714 843 dogmate
1738 757 1846 822 securi

1417 864 1541 930 Volunt
1562 863 1696 947 nubere,
1719 865 1784 928 non
1807 863 1869 928 uri.

1419 987 1502 1054 Sunt
1524 997 1667 1070 tenaces,
1690 999 1765 1052 sunt
1787 987 1897 1070 avari3
2120 1017 2132 1055 0

1356 1110 1391 1160 00
1418 1095 1509 1160 Dare
1532 1095 1655 1178 nolunt,
1678 1095 1777 1160 immo
1801 1093 1883 1159 dari.

1418 1201 1574 1266 Nummos
1598 1210 1738 1288 querunt
1760 1199 1994 1287 contemplari3

1418 1307 1470 1372 De
1494 1308 1605 1373 favore
1628 1306 1776 1394 populari

1419 1414 1541 1479 Volunt
1564 1436 1675 1479 omnes
1698 1413 1842 1500 gloriari.

1418 1537 1499 1604 Inde
1523 1538 1638 1626 perfidi
1661 1561 1829 1626 sequaces,
2125 1568 2147 1606 0

1357 1661 1390 1711 05
1420 1645 1510 1727 Quos
1533 1645 1671 1711 Veneris
1694 1657 1792 1710 urunt
1814 1646 1922 1729 faees3

1417 1753 1521 1818 Immo
1543 1751 1613 1840 lupi
1635 1763 1711 1818 sunt
1732 1775 1869 1840 rapaces
1960 1779 2108 1829 000000.

1418 1859 1462 1924 Et
1484 1859 1642 1947 hipocrite
1666 1859 1810 1925 fallaces.

1419 1983 1541 2050 Omnes
1565 1982 1607 2048 ad
1630 1983 1759 2049 inferna
1780 1983 1928 2066 tendunt,

1420 2090 1486 2173 Qui
1507 2113 1566 2178 pro
1589 2112 1685 2178 posse
1709 2088 1874 2156 Christum
1896 2090 2061 2174 venduut,
2129 2118 2153 2157 0

1357 2212 1390 2264 to
1419 2197 1504 2264 Solis
1527 2196 1644 2284 opibus
1667 2196 1839 2262 intendunt

1418 2303 1462 2370 Et
1483 2327 1543 2370 000
1565 2303 1649 2369 male
1673 2302 1925 2391 reprehendunt

1420 2430 1542 2497 Omnes
1565 2439 1674 2495 tamen
1697 2430 1731 2494 in
1754 2429 1880 2495 occulto

1419 2537 1614 2624 Perpetrant
1634 2537 1759 2601 maiora
1780 2535 1898 2620 mult03

1418 2644 1491 2709 Deo
1516 2666 1645 2730 semper
1667 2643 1859 2727 inconsulto,

1358 2766 1391 2817 tt>
1420 2749 1478 2816 Set
1501 2762 1594 2814 reatu
1615 2772 1680 2814 000
1703 2749 1839 2815 indulto.

1419 2883 1559 2948 Ventres
1583 2882 1667 2950 male
1690 2882 1855 2950 macilenti

1418 2989 1527 3056 Niohil
1551 2988 1685 3056 exibent
1708 2992 1826 3077 egenti,

1419 3097 1489 3163 Nee
1512 3119 1702 3184 responsum
1726 3097 1804 3162 dant
1826 3097 1995 3184 querenti3

1418 3203 1503 3268 Num
1526 3205 1560 3268 in
1583 3213 1708 3269 tantum
1732 3215 1806 3269 sunt
1828 3206 1944 3269 intenti

1358 3327 1392 3378 80
1419 3311 1545 3376 Frustis
1569 3311 1640 3375 anri
1661 3310 1716 3376 vel
1739 3311 1874 3398 argenti,

1420 3444 1516 3526 Quod
1540 3444 1581 3510 de
1605 3468 1687 3510 sexu
1709 3468 1773 3510 non
1798 3457 1847 3511 est
1870 3465 1960 3510 eura.

1419 3551 1463 3617 Et
1486 3553 1514 3616 si
1537 3553 1646 3639 queris
1669 3575 1765 3617 nosse
1788 3552 1892 3638 plura,

1419 3659 1485 3723 Per
1507 3658 1565 3724 hos
1589 3661 1725 3724 sustinet
1746 3670 1861 3725 natura

1421 3765 1524 3852 Turpi
1547 3775 1656 3831 tamen
1679 3767 1712 3829 in
1735 3766 1870 3830 mistura

1359 3888 1392 3938 85
1420 3871 1546 3938 Violari
1569 3895 1629 3936 sua
1651 3873 1732 3936 iura.

1421 3995 1518 4062 Tales
1541 4019 1647 4062 mores
1671 4007 1745 4061 sunt
1768 4019 1889 4080 eorum,

1422 4102 1512 4168 Talis
1535 4104 1603 4168 vita
1625 4103 1838 4190 prelatorum3

1352 4279 1354 4284 ,
1422 4210 1465 4274 Et
1487 4210 1568 4274 fiunt
1589 4208 1688 4293 beati,
1713 4232 1849 4297 quorum

1422 4317 1525 4382 Moles
1548 4317 1649 4382 latent
1670 4327 1880 4404 peccatorum

1361 4440 1395 4490 00
1422 4425 1488 4488 Per
1510 4423 1621 4489 000010
1643 4423 1835 4489 seculorum.

829 4765 857 4827 l.
893 4763 979 4828 Satis
1003 4762 1105 4828 verba
1127 4765 1218 4828 varia
1240 4785 1370 4851 possem
1392 4764 1540 4829 invenire

892 4870 936 4934 Et
959 4893 998 4936 ea
1020 4869 1183 4936 coloribus
1205 4871 1305 4935 variis
1328 4872 1465 4955 vestire3

893 4977 959 5044 Sed
983 4979 1059 5064 qnia
1081 4977 1251 5064 prolixitas
1274 4977 1356 5042 solet
1378 4977 1536 5060 fastidire,

891 5085 1006 5148 Brevis
1032 5107 1102 5148 0000
1127 5086 1233 5171 cupio,
1257 5084 1331 5149 nolo
1355 5083 1516 5150 lascivire.

827 5211 857 5272 2.
893 5207 1014 5272 Nolunt
1036 5209 1137 5272 nostri
1160 5207 1307 5295 presules
1329 5207 1448 5274 hberos
1471 5232 1530 5273 nos
1553 5209 1632 5292 sore,

892 5314 994 5380 Immo
1018 5314 1130 5380 volunt
1152 5315 1265 5380 vivere
1287 5338 1347 5380 nos
1371 5315 1481 5380 servili
1504 5337 1603 5380 more.

574 5532 601 5593 a)
622 5551 656 5583 an
676 5533 842 5584 infamatus?
914 5529 943 5594 b)
966 5533 1053 5584 nferre
1071 5550 1092 5584 0.
1166 5530 1192 5597 0)
1214 5533 1389 5600 colloquatur
1406 5543 1460 5586 0.’
1500 5533 1528 5597 d)
1549 5534 1583 5586 ric
1601 5551 1621 5584 0,

578 5713 606 5784 l)
630 5713 704 5771 Hor.
729 5713 828 5790 Epal,
849 5719 899 5784 IV,
919 5714 969 5770 16.
