4544 6420
499 385 540 448 70
629 389 785 446 LIBELLI
806 388 973 444 HONORll
997 348 1383 444 AtoosroDUh'RNsts
1406 388 1648 444 PRESBY'I'ERI
1670 389 1721 444 ET
1745 386 2012 444 SCHOLASTICI.

498 599 582 665 quae
613 577 655 642 ad
683 577 733 642 ius
764 578 857 663 regni
881 574 1097 663 pertinebant.
1142 567 1329 658 Prophetae
1354 577 1495 639 etenim·
1520 561 1706 640 sacerdotes
1731 573 1957 656 censebantur,
1983 573 2093 638 undeb
2120 585 2154 638 et

498 685 607 771 sepius
638 683 839 749 sacrificasse
870 695 1051 747 narrantur.
1101 683 1280 767 Postquam
1310 693 1419 746 autem
1449 680 1536 746 idem
1566 692 1646 746 rexc
1678 681 1879 752 sacerdotale
1910 681 2054 747 officium
2086 679 2152 744 sibi

498 789 712 856 sacrificando
736 789 927 854 vendicarat
936 789 959 872 d,
985 789 1156 853 confestim
1180 810 1254 852 eum
1277 785 1389 851 divina
1413 809 1550 852 censura
1574 811 1593 852 a
1615 811 1716 874 regno
1741 786 1938 874 reprobabat
1948 791 1968 852 ¹.

683 1006 733 1068 12.
777 1002 894 1084 Quod
925 1001 1086 1066 David⁰
1118 1001 1282 1066 Nathan
1311 1001 1543 1088 prophetae
1573 999 1767 1066 subditus
1798 1000 1960 1070 fuerit⁸.

605 1126 717 1192 David
739 1128 968 1193 nihilominus‘
994 1139 1025 1192 et
1049 1129 1152 1193 omnis
1177 1149 1290 1213 regum
1316 1147 1509 1190 successura
1532 1127 1644 1207 series,
1671 1126 1763 1190 sivess
1787 1125 1891 1190 Iudah
1915 1125 1967 1194 vel
1991 1126 2106 1207 Israel,
2132 1146 2183 1192 aa

499 1234 665 1321 prophetis
690 1233 743 1299 vel
767 1233 999 1316 sacerdotibus,
1025 1232 1111 1320 quod
1127 1255 1210 1319 pene
1227 1232 1315 1296 idem
1332 1243 1411 1314 crat,
1437 1233 1470 1296 in
1486 1255 1622 1318 regnum
1647 1231 1883 1318 eligebantur¹,
1908 1231 2149 1320 ungebantur¹,

500 1351 532 1405 et
562 1353 671 1406 tamen
700 1363 783 1428 pene
816 1341 946 1404 omnes¹
974 1340 1097 1404 eisdem
1129 1341 1161 1403 in
1186 1339 1333 1403 divinism
1358 1338 1496 1403 subiecti
1523 1349 1774 1404 memoranturss.
1821 1339 1911 1425 Ipsi⁰
1936 1351 2069 1412 econtra
2093 1363 2150 1405 eos

500 1449 533 1512 in
564 1447 765 1512 secularibus
797 1446 918 1528 subditi
948 1444 1198 1510 venerabantur.
1245 1445 1398 1532 Denique
1422 1445 1535 1510 David
1558 1467 1617 1510 rex
1641 1444 1769 1511 Nathan
1798 1457 1829 1510 et
1854 1444 1951 1510 GadP
1981 1447 2149 1542 prophetis

499 1553 755 1641 precipientibus
778 1553 934 1640 parebat,
951 1555 1160 1641 increpatusq
1184 1551 1225 1616 ab
1250 1553 1297 1618 cis
1321 1551 1485 1616 humiliter
1508 1550 1672 1617 audiebat.

609 1771 660 1832 13.
703 1767 820 1848 Quod
850 1789 971 1852 reges
1001 1765 1222 1853 prophetis
1253 1776 1292 1830 et
1323 1764 1641 1830 sacerdotibusr
1673 1764 1833 1830 subditi
1864 1766 2033 1833 fuerint.
2170 1793 2197 1830 ιο

607 1891 792 1973 Salcm0n¹,
823 1891 981 1977 propheta
1012 1891 1283 1976 sapientissimus,
1319 1913 1379 1954 rex
1413 1891 1687 1977 potentissimus²,
1723 1892 1804 1956 miro
1841 1890 1980 1956 decoreu
2011 1893 2148 1966 mirifice

500 1996 717 2063 sacerdotium
741 1997 908 2079 exaltavit,
932 1998 1075 2060 maxima
1091 1986 1300 2062 veneratione
1324 1996 1527 2078 honoravit',
1552 1998 1703 2062 maximis
1726 1995 1896 2063 beneficiis
1920 1997 2045 2064 ditavit.
2081 2000 2148 2076 Alii

500 2127 628 2193 quoque
659 2126 754 2190 reges
785 2103 960 2190 prophetas
991 2102 1072 2166 velw
1103 2102 1289 2167 sacerdotes
1316 2103 1449 2168 Domini
1480 2114 1512 2168 et
1542 2103 1690 2184 coluisse,
1722 2116 1754 2169 et
1784 2107 1830 2168 eis
1860 2107 1895 2169 in
1925 2105 2148 2192 spiritalibas⁸

501 2209 623 2275 subditi
651 2211 752 2276 fuisse
783 2210 1002 2291 inveniuntur,
1033 2211 1139 2274 sicuty
1169 2208 1330 2274 Ezechias
1357 2209 1523 2296 Esayam¹
1555 2211 1692 2275 coluisse
1703 2215 1724 2292 ³,
1755 2211 1895 2276 Achab·
1924 2214 2085 2299 pessimus
2117 2227 2149 2286 st

500 2317 659 2382 idolatrab
674 2303 805 2382 Heliam
815 2321 836 2398 ⁴,
862 2317 1011 2403 quamvis
1035 2315 1076 2380 ab
1101 2339 1139 2380 co
1163 2317 1308 2402 graviter
1330 2317 1527 2402 increpatus,
1552 2328 1647 2381 cum⁰
1671 2319 1814 2382 maximo
1839 2317 1960 2382 honore
1983 2317 2195 2388 habuissem

500 2424 574 2489 Ioas
597 2424 761 2506 Helisc05,
793 2423 896 2488 Iosias
927 2423 1114 2487 Hieremiae
1146 2421 1266 2486 subditi
1297 2422 1397 2487 fuisse
1427 2423 1609 2508 leguntur⁶.
1655 2423 1699 2488 Et
1729 2423 1885 2510 quamdin
1915 2447 2009 2511 reges
2040 2447 2147 2492 sacer·

500 2531 602 2613 dotes,
627 2553 701 2595 suos
727 2530 851 2595 scilicet
875 2539 1128 2611 consecratores,
1160 2528 1370 2610 honorabant,
1402 2529 1608 2616 prophetasd,
1634 2541 1730 2594 suose
1755 2529 1934 2614 doctores‘,
1959 2530 2147 2616 audiebant,

499 2636 625 2703 tamdiu
648 2637 797 2702 illorumss
821 2635 924 2722 gloria
948 2635 1086 2700 stabatl.
1132 2636 1311 2722 Postquam
1326 2659 1404 2700 vero
1428 2635 1613 2700 sacerdotes
1638 2649 1839 2722 spreverunt,
1863 2637 2038 2725 prophetas
2063 2641 2148 2704 occi·

501 2745 627 2827 denmt,
651 2765 728 2808 mox
752 2766 772 2807 a
794 2765 895 2828 regno
920 2743 1012 2807 sunt¹
1039 2742 1146 2829 pulsil
1170 2753 1298 2834 etcum
1323 2742 1504 2807 dedecorc¹
1530 2744 1563 2806 in
1587 2741 1802 2807 nationibusm
1825 2743 1974 2831 dispersi.

727 2959 776 3021 14.
821 2954 936 3038 Quod
967 2955 1047 3020 soli
1078 2955 1324 3020 sacerdotes
1356 2955 1451 3020 olim
1482 2955 1677 3043 populum
1708 2956 1921 3042 regebant.
2167 2986 2195 3026 so

410 3111 480 3150 aas.
606 3081 637 3146 A
664 3093 808 3168 tempore
840 3092 947 3145 autem
971 3078 1205 3144 Babilonicae¹¹
1235 3080 1550 3166 transmigrationis⁰
1582 3081 1656 3145 ‘soli
1687 3080 1873 3147 sacerdotes
1902 3083 2059 3170 populum
2081 3084 2147 3149 Dei

500 3188 667 3276 regebant,
700 3189 777 3275 quia
800 3209 935 3273 regnum
960 3209 1002 3250 ex
1025 3199 1090 3250 toto
1116 3185 1290 3269 defecerat,
1314 3209 1418 3273 usque
1443 3187 1519 3251 dum
1543 3187 1583 3251 de
1607 3187 1694 3252 tribu
1717 3187 1800 3252 Iuda
1826 3190 1860 3252 in
1884 3212 1981 3254 carne
2005 3190 2147 3255 advene-

500 3307 581 3378 rata,
613 3296 667 3362 cui
698 3305 730 3358 et
760 3305 947 3380 sceptrumq
977 3294 1069 3378 regni
1101 3304 1133 3357 et
1163 3293 1380 3358 sacerdotium
1411 3294 1588 3380 repositum
1619 3305 1697 3358 erat.
1747 3294 1851 3381 Igitur
1880 3295 2068 3384 frequenter
2099 3309 2148 3362 est

500 3413 656 3489 regnumr
681 3402 911 3484 inmutatum'3
944 3399 1161 3464 sacerdotium
1191 3402 1310 3464 mansit
1340 3422 1470 3487 semper
1499 3401 1738 3483 inconcussum,
1768 3401 1846 3466 licet
1876 3402 2050 3490 aliquando
2074 3427 2147 3491 pcr-

499 3507 673 3574 turbatum.
1792 3545 1796 3552 ·
2167 3535 2193 3576 as

606 3634 665 3699 De
694 3630 1011 3697 sacerdotibus²
1037 3631 1231 3716 gentium.
1278 3631 1425 3716 thuid²¹
1449 3643 1616 3696 memoro*
1639 3655 1733 3718 reges
1758 3633 1889 3698 diviniw
1912 3635 2016 3700 cultus
2041 3658 2147 3700 sacer-

500 3740 591 3805 dotes
615 3740 802 3821 honorasse,
827 3761 900 3802 cum
925 3760 1038 3802 sacrae
1062 3737 1174 3801 literae
1198 3736 1337 3819 tradant,
1363 3739 1458 3802 etiam
1476 3739 1613 3824 gentiles
1638 3762 1712 3803 suos
1737 3741 1921 3806 sacerdotes
1945 3745 2146 3828 permaxime

500 3845 663 3912 coluisse?
709 3845 825 3932 Moyse
849 3866 988 3931 namque
1013 3855 1185 3908 attestante
1198 3848 1217 3924 7,
1249 3866 1323 3907 cum
1346 3844 1481 3931 Egyptii
1511 3856 1630 3910 terram
1655 3869 1756 3928 suam,
1788 3847 1873 3912 lame
1898 3859 2045 3936 cogente,
2069 3872 2146 3913 ven·

500 3953 623 4035 derent,
655 3961 712 4016 se¹
736 3943 823 4038 ipsos
848 3973 977 4038 qnoque
1001 3950 1035 4014 in
1059 3951 1237 4015 servitutey
1261 3949 1378 4036 Ioseph
1402 3951 1597 4037 redigerent,
1629 3952 1688 4016 soli
1712 3953 1898 4018 sacerdotes
1923 3977 1981 4018 sua
2003 3954 2146 4020 vendere

500 4083 563 4124 non
588 4058 796 4146 cogebantur,
822 4060 899 4144 quia
923 4059 969 4122 eis
993 4055 1125 4144 publica
1142 4056 1304 4144 stipendia
1321 4056 1384 4121 ab*
1401 4059 1488 4143 regis
1505 4058 1619 4122 horreo
1636 4057 1865 4145 probabantur.
1906 4059 1972 4125 Sed
1988 4072 2020 4126 et
2036 4084 2147 4126 omnes
2166 4087 2192 4127 so

499 4165 663 4252 hystoriae
688 4164 856 4252 gentilium
881 4175 1014 4228 narrant
1038 4186 1132 4249 reges
1155 4163 1331 4228 honorasse
1353 4187 1445 4228 sunm
1463 4164 1679 4229 sacerdotium
1704 4167 1758 4247 ita,
1782 4177 1818 4230 ut
1841 4166 1975 4254 quidam
1998 4168 2147 4234 eonsules

607 4417 633 4484 a)
654 4421 725 4470 enim
747 4421 800 4471 01.
885 4416 913 4482 b)
934 4425 963 4471 ut
983 4420 1017 4470 D.
1099 4415 1125 4482 c)
1144 4419 1204 4469 nat.
1225 4425 1252 4470 et
1272 4419 1306 4468 D.
1391 4417 1419 4482 ιΙ)
1440 4421 1598 4471 vendicaret
1619 4421 1652 4482 0;
1680 4421 1846 4473 vendicabat
1866 4423 1900 4473 D.
1981 4419 2007 4488 a)
2026 4443 2147 4491 ruperam.

499 4509 583 4560 cadem
601 4528 668 4560 aran.
689 4509 721 4559 B.
810 4505 833 4572 f)
853 4511 925 4559 eninr
947 4510 1006 4569 01,
1035 4510 1107 4558 eninr
1127 4510 1213 4559 bonus
1234 4509 1268 4558 D.
1362 4504 1391 4573 g)
1411 4525 1492 4574 super
1511 4510 1544 4559 D.
1635 4505 1663 4574 h)
1684 4510 1781 4562 Iudam
1804 4513 1856 4563 01.
1947 4509 1967 4576 ἰ)
1986 4514 2046 4564 add.
2067 4521 2094 4564 st
2112 4510 2147 4565 D.

501 4595 530 4662 k)
550 4599 751 4664 inungebantur
771 4598 803 4648 D.
878 4593 897 4658 1)
919 4597 1043 4656 oslloir‘rs
1065 4598 1091 4648 0.
1164 4594 1201 4660 ιιι)
1221 4598 1282 4647 deis
1304 4598 1331 4648 0.
1404 4593 1432 4660 ιι)
1451 4597 1517 4647 aleca
1531 4599 1630 4660 0.01;
1649 4600 1709 4650 aad.
1730 4608 1757 4651 ct
1776 4601 1810 4652 D.
1884 4598 1911 4664 ο)
1930 4602 1958 4652 in
1977 4603 2027 4652 loco
2045 4602 2147 4653 rosoB.

500 4683 529 4753 p)
548 4687 614 4737 deest
632 4688 666 4737 D.
741 4683 768 4751 q)
787 4705 835 4752 seq.
855 4703 871 4737 a
889 4687 937 4736 del.
959 4686 1016 4736 Bl.
1089 4683 1113 4750 r)
1133 4681 1230 4737 sacerd
1249 4687 1282 4738 A.
1364 4683 1388 4749 s)
1409 4685 1501 4737 Salon
1523 4687 1576 4738 01.
1648 4685 1670 4753 ι)
1690 4691 1917 4755 prudentissimus
1938 4691 1965 4742 0.
2038 4688 2067 4756 ιι)
2086 4692 2147 4742 odd.
2166 4699 2193 4744 Ιὸ

501 4782 529 4827 ct
547 4777 581 4826 D.
654 4773 682 4840 v)
701 4777 914 4826 honoracionsm
932 4793 995 4825 corr.
1014 4776 1160 4826 honoravit
1181 4776 1208 4826 0.
1281 4772 1315 4839 w)
1336 4782 1362 4827 et
1383 4777 1436 4826 01.
1457 4777 1491 4827 D.
1563 4773 1591 4840 x)
1610 4777 1655 4828 hoc
1673 4779 1722 4828 loco
1741 4779 1874 4845 spiritual.
1895 4781 1927 4830 A.
2006 4776 2035 4846 y)
2054 4782 2094 4831 sic
2114 4781 2147 4832 B.

500 4861 526 4928 a)
547 4867 649 4930 Esayas
667 4881 730 4915 con.
749 4865 867 4929 Esayam
888 4865 925 4924 A;
953 4865 1070 4929 Ysayam
1092 4864 1190 4925 0.01;
1220 4865 1256 4915 Is.
1276 4865 1310 4914 D.
1393 4861 1419 4928 a)
1439 4866 1529 4916 Achae
1551 4867 1604 4917 01.
1677 4864 1705 4930 b)
1724 4868 1862 4932 ydolatria
1883 4871 1916 4930 0;
1945 4868 2092 4920 idololatra
2112 4870 2147 4922 D.

501 4950 528 5018 c)
548 4971 608 5005 eum
630 4955 682 5006 01.
756 4949 784 5016 d)
803 4952 864 5002 add.
883 4959 913 5002 ut
932 4953 966 5002 D.
1040 4949 1066 5016 e)
1086 4952 1192 5003 scilicet
1211 4969 1234 5003 e.
1254 4954 1279 5003 h.
1300 4971 1324 5020 p.
1344 4970 1408 5004 snos
1427 4954 1586 5006 081001.
1666 4953 1836 5020 f)doctores
1855 4974 1919 5008 suos
1938 4959 1972 5008 D.
2045 4955 2075 5024 g)
2094 4961 2147 5028 ipsi

500 5045 528 5094 in
548 5044 582 5093 D.
666 5039 695 5106 h)
714 5043 824 5092 stabant
844 5042 877 5091 D.
961 5038 981 5104 i)
1000 5041 1066 5091 deest
1087 5042 1139 5092 01.
1225 5039 1254 5106 k)
1273 5042 1339 5092 deest
1360 5043 1452 5094 001.
1536 5041 1554 5107 Ι)
1576 5045 1674 5096 decore
1693 5063 1756 5095 corr.
1777 5047 1911 5097 dedecore
1931 5047 1969 5109 B;
1999 5048 2098 5100 decore
2120 5049 2147 5100 0.

501 5129 538 5196 ιιι)
557 5132 617 5182 odd.
636 5139 700 5182 sunt
717 5131 751 5182 B.
767 5131 809 5182 01
830 5131 857 5180 ia
876 5147 1050 5196 usurpamus
1068 5148 1115 5180 rec.
1136 5130 1167 5180 B.
1239 5128 1268 5193 ιι)
1290 5130 1433 5183 Babilonie
1455 5133 1482 5184 0.
1555 5131 1583 5196 ο)
1606 5134 1775 5199 migrationis
1795 5135 1829 5185 D.
1901 5131 1930 5201 p)
1951 5136 2100 5201 advenerat
2119 5139 2148 5188 in
2165 5146 2193 5184 to

502 5238 582 5272 carne
603 5221 635 5271 B.
655 5220 719 5280 1313
740 5221 881 5270 adveniret
901 5219 935 5268 D.
1008 5215 1036 5283 q)
1056 5221 1187 5284 scriptum
1205 5237 1268 5270 corr.
1287 5203 1354 5271 orori.
1375 5224 1398 5272 2.
1418 5231 1553 5288 sceptrum
1575 5222 1632 5272 131.
1673 5221 1729 5284 ·r)
1750 5240 1862 5288 regnum
1881 5231 1923 5274 est
1944 5224 1970 5275 0.
2044 5221 2068 5287 a)
2087 5225 2146 5275 add.

502 5316 529 5361 et
550 5311 576 5361 0.
631 5306 652 5373 t)
672 5302 769 5360 sacerd
790 5309 821 5358 Α.
877 5305 905 5370 ιι)
925 5308 1008 5358 littera
1028 5309 1051 5358 U
1071 5308 1148 5357 rninio
1166 5310 1306 5374 mppbado
1324 5311 1390 5361 deest
1408 5311 1466 5360 Bt.
1483 5311 1516 5371 (a
1537 5311 1636 5375 thuid
1653 5312 1706 5362 01.
1765 5309 1793 5374 ιι)
1813 5327 1947 5364 memoror
1966 5313 2146 5373 Β.Β1.01;

500 5399 560 5450 aad.
580 5399 651 5464 quod
673 5388 725 5449 01,
799 5393 833 5460 ιι)
854 5397 963 5447 domino
982 5415 1045 5447 corr.
1065 5397 1167 5447 domini
1189 5398 1215 5448 0.
1297 5395 1324 5460 ιι)
1345 5417 1426 5464 seque
1448 5401 1481 5448 D.
1559 5395 1587 5464 y)
1608 5401 1765 5450 servitutem
1786 5401 1818 5450 B.
1838 5402 1896 5452 Β1.
1917 5403 1951 5452 D.
2031 5401 2056 5464 z)
2076 5420 2092 5454 a
2112 5404 2146 5454 D.

612 5634 641 5704 1)
670 5635 696 5691 l.
714 5635 785 5711 Rep.
806 5635 886 5705 13,‚t
905 5654 946 5710 sq.
1062 5632 1092 5703 2)
1119 5633 1147 5689 2.
1173 5635 1244 5690 Par.
1271 5633 1321 5700 29,
1337 5632 1387 5688 25.
1506 5633 1536 5702 3)
1562 5635 1590 5690 4.
1616 5635 1686 5711 Rep.
1708 5635 1848 5712 taliq.
1921 5695 1922 5699 ,
1963 5637 1994 5708 4)
2021 5638 2050 5694 3,
2075 5639 2145 5715 Bag.

505 5743 554 5814 18,
571 5743 584 5798 l
604 5763 645 5818 sq.
739 5741 769 5811 5)
795 5743 824 5798 4.
849 5741 919 5818 Rep.
940 5741 1104 5816 13,1tsq.
1198 5739 1227 5810 6)
1253 5739 1350 5795 larem.
1377 5739 1482 5808 22,10
1500 5760 1541 5816 sq.
1635 5743 1665 5810 7)
1692 5740 1764 5800 Gerr.
1791 5743 1896 5812 47,20
1913 5764 1954 5820 sq.
2166 5762 2192 5800 ιι
