4478 6396
717 367 952 422 ttPUSCULUll
979 368 1030 420 m:
1054 365 1228 421 'ammom
1255 363 1330 420 DEI.
1790 358 1850 420 175

195 556 353 618 uiaiorem
384 566 510 640 partem
542 554 602 618 sibi
635 565 793 635 tenentes,
824 555 982 618 minorem
1013 552 1150 634 clericis,
1181 551 1303 616 unllam
1328 575 1405 616 vero
1430 550 1629 638 pauperibus
1653 551 1850 638 relinquunt.

195 662 306 747 Atque
337 663 384 725 ita
415 661 618 726 dominantes
649 662 683 724 in
714 661 800 724 clero
831 684 895 723 uon
926 671 1000 723 sunt
1029 660 1134 723 forma
1164 661 1283 744 gregis,
1314 659 1459 744 regendo
1483 657 1606 722 clerum
1630 669 1661 721 ct
1685 658 1850 744 pascendo

195 791 342 854 gregem,
367 768 425 833 sed
450 791 603 854 magnum
628 779 693 832 tam
718 767 795 831 cleri
820 790 918 854 quam
942 768 1051 852 gregis
1076 766 1316 846 offendiculum,
1340 765 1506 852 pascendo
1530 765 1648 828 milites
1673 775 1705 828 ct
1729 789 1849 850 regem.

197 875 269 939 Hoc
294 875 404 940 lucere
429 875 646 961 periculosum
671 885 729 954 est,
759 872 935 937 defendere
966 884 1075 937 autem
1100 875 1169 936 sine
1194 872 1293 937 dubio
1316 874 1535 959 perniciosum
1561 884 1618 936 est.
1667 872 1738 935 Non
1764 875 1850 936 enim

162 982 277 1046 adicit
301 985 479 1068 scriptura:
505 982 565 1044 ‘Ve
589 982 639 1045 his
664 982 720 1067 qui
743 982 867 1044 faciunt
891 981 1020 1062 malum,
1046 980 1132 1066 quod
1156 991 1265 1044 tamen
1289 992 1338 1043 est
1362 977 1608 1066 periculosum’3
1635 979 1708 1042 sed:
1739 980 1778 1044 Vc
1802 982 1852 1044 utu
1873 1007 1971 1054 u.s‚2o.

196 1094 257 1176 ‹prr-i
277 1091 387 1154 (dieunt.
410 1092 528 1154 malam
553 1093 674 1168 libatum,
706 1103 734 1152 ct
756 1091 866 1152 borram
896 1090 1024 1168 attalum,
1048 1103 1199 1174 portantes
1230 1089 1327 1152 liccem
1358 1090 1508 1166 tenebras,
1540 1103 1567 1150 et
1590 1089 1730 1152 tenebras
1754 1090 1851 1152 lacem

197 1209 231 1260 et
254 1209 373 1260 cetera.
413 1197 481 1260 'Est
505 1219 582 1280 ergo
608 1194 786 1280 periculum
812 1195 860 1258 his
886 1195 940 1280 qui
965 1195 1088 1258 faciunt
1112 1193 1249 1276 malum;
1282 1194 1341 1257 sed
1368 1207 1535 1257 aeternum
1560 1216 1599 1256 ve
1624 1193 1674 1256 liis
1699 1195 1754 1280 qui
1780 1217 1850 1279 per-

197 1305 298 1367 tinaci
323 1303 430 1367 studio
455 1301 643 1366 defendtmt.
684 1302 804 1365 Sancto
829 1304 915 1365 enim
934 1300 1116 1386 Gregorio¹
1140 1301 1396 1381 lamentationes,
1422 1311 1453 1364 et
1479 1323 1608 1364 cannen
1634 1313 1666 1364 et
1691 1323 1730 1363 ve
1755 1325 2011 1386 supermissae.

201 1411 407 1473 Ezechielem
432 1419 626 1495 exponente,
652 1409 735 1472 hanc
763 1408 991 1472 'differentiam
1016 1409 1100 1472 inter
1122 1408 1369 1471 lamentationes
1385 1419 1498 1471 notare
1522 1430 1704 1492 praesumus,
1729 1423 1764 1470 ut
1788 1432 1851 1472 rum
1872 1437 1949 1476 aaa

153 1541 178 1576 ru
199 1515 340 1580 absurde
364 1515 593 1602 peccatoribus
618 1515 858 1602 paenitentibus
883 1515 1145 1578 lamentationem
1177 1515 1363 1600 temporalis
1392 1513 1589 1594 afflictionis,
1620 1516 1748 1600 pecca-ti
1775 1539 1851 1578 vero

200 1623 426 1687 defensoribus
451 1647 491 1686 ve
516 1633 693 1709 perpetuae
718 1622 957 1708 dampnationis
982 1624 1185 1706 assignemus
1210 1634 1241 1684 et
1265 1645 1339 1684 cum
1363 1621 1502 1684 Ieremia
1524 1619 1740 1684 lamentantes
1765 1622 1851 1686 dica·
1871 1649 2009 1696 rinnai.

201 1753 288 1793 mtrs:
316 1731 475 1808 Ort-numito
500 1733 693 1794 obmurutum
720 1746 763 1793 ast
786 1757 910 1808 aarum,
943 1745 1075 1792 ›irritatus
1099 1744 1142 1792 est
1172 1731 1256 1793 color
1281 1732 1424 1814 optimus,
1457 1729 1599 1814 ‹lespersr'
1626 1744 1698 1791 suut
1728 1730 1852 1815 lapides

200 1841 379 1902 arrrrctrrarir'
410 1841 441 1902 riu.
472 1841 573 1923 carpite
605 1841 742 1901 orarn'am
770 1840 973 1923 platearum?
1019 1837 1186 1899 purissimi
1218 1858 1358 1920 namque
1390 1837 1459 1898 auri
1492 1834 1580 1898 color
1611 1836 1750 1920 optimus
1781 1835 1851 1918 fuit,

201 1945 331 2030 quando
356 1946 529 2030 episcopus
553 1944 595 2007 ud
620 1967 693 2006 suos
718 1943 893 2029 discipulos
918 1965 991 2006 cum
1017 1941 1145 2006 Christo
1170 1941 1279 2005 dicere
1303 1943 1423 2027 potuit:
1460 1943 1524 2028 duo
1555 1957 1654 2006 arctam
1690 1947 1720 2007 r‘n
1751 1945 1852 2008 irradio
1873 1971 2010 2020 unauna.

156 2073 182 2110 rs
204 2067 333 2115 restrum
365 2079 445 2130 sarra,
475 2056 556 2116 m'cut
585 2055 643 2137 prii
673 2055 837 2114 ›attonsa-at.
887 2050 960 2112 Non
984 2052 1067 2113 sicut
1091 2050 1147 2136 qui
1171 2049 1364 2129 dominatur,
1397 2049 1454 2112 sed
1486 2050 1569 2112 siout
1598 2051 1652 2135 qui
1682 2051 1851 2114 ministrat.

202 2159 285 2221 Nam
310 2159 407 2244 quod,
432 2158 487 2221 nbi
512 2158 775 2222 commuuisvita
795 2169 934 2238 nonest,
960 2158 1044 2220 sacri
1070 2179 1211 2219 curiones
1237 2157 1398 2242 episcopis
1423 2167 1571 2241 qttartam
1596 2156 1797 2220 decimarum
1822 2167 1854 2221 et

202 2264 401 2328 oblationum
418 2277 544 2351 partem
560 2265 791 2328 conferendam
809 2275 1014 2344 censuerunt,
1039 2287 1102 2326 utin
1123 2275 1255 2348 propter
1271 2262 1400 2342 milites
1426 2263 1483 2326 scd
1507 2274 1640 2348 propter
1663 2265 1853 2348 peregrinos

202 2387 234 2435 et
259 2373 400 2458 hospites
425 2371 466 2435 ab
491 2395 529 2434 eo
553 2371 759 2457 recipiendos
783 2371 940 2434 fecerunt.
978 2369 1104 2450 Quibus
1129 2382 1236 2433 tamen
1261 2393 1280 2432 a
1303 2368 1400 2433 beato
1419 2367 1574 2434 Gelasio²
1590 2369 1788 2455 prohibitum
1806 2385 1855 2435 est

202 2503 298 2564 agros
322 2478 490 2542 aecclesiis
515 2478 671 2558 dividere,
697 2480 774 2563 quia
798 2477 918 2541 debent
942 2479 1048 2562 potins
1073 2500 1131 2562 per
1148 2476 1291 2562 singulos
1316 2501 1417 2540 anuos
1442 2489 1508 2540 tam
1533 2476 1679 2540 redditus
1704 2501 1852 2564 agrorum

157 2609 183 2646 ao
203 2609 300 2671 quam
325 2587 468 2650 decimas
493 2588 525 2649 iu
551 2597 689 2672 quatuor
712 2597 820 2671 partes
846 2584 1051 2670 dispensare:
1084 2595 1118 2647 nt
1149 2607 1234 2669 pars,
1266 2607 1350 2670 quae
1382 2585 1540 2668 contingit
1563 2585 1762 2669 episcopum,
1795 2583 1854 2648 sub

203 2695 386 2757 testimonio
418 2693 597 2756 aeecclesiae
629 2694 676 2756 sic
707 2694 738 2755 iu
771 2714 949 2777 pauperum
982 2691 1095 2754 solatio
1127 2703 1158 2754 et
1188 2689 1416 2776 hospitalitatis
1447 2690 1554 2755 officio
1580 2692 1795 2776 expendatur,
1820 2704 1855 2755 ut

203 2802 377 2886 episcopus
401 2823 464 2863 non
489 2798 685 2863 dominando
710 2800 742 2862 in
768 2798 864 2880 clero,
889 2798 946 2862 sed
971 2799 1075 2862 forma
1098 2799 1202 2862 factus
1224 2799 1316 2883 gregi
1340 2798 1472 2884 quidam
1490 2797 1651 2862 secundus
1670 2797 1728 2862 Iob
1745 2798 1854 2863 videa·
1875 2829 2022 2876 amana.

1875 2901 1914 2940 Iob
1921 2902 1955 2950 81,

1875 2955 1961 2995 18—88.

203 2921 264 2984 tur,
290 2906 402 2970 dicens
426 2931 499 2970 otuu
523 2907 594 2970 illo:
622 2906 662 2971 Si
683 2910 805 2994 tropaei,
829 2907 915 2991 pared
939 2907 1079 2970 uolebant
1094 2931 1264 2992 porqueres,
1290 2920 1317 2968 et
1340 2905 1444 2968 oeulos
1466 2906 1578 2969 m'duue
1594 2922 1755 2992 aspectare
1764 2910 1855 2994 feoi;

203 3030 230 3074 at
253 3015 378 3078 carnali
399 3016 568 3078 bmcallam
592 3040 689 3077 aream
714 3015 809 3092 solers,
841 3028 868 3076 et
898 3039 958 3076 nou
989 3013 1121 3076 ‹urnaedr't
1151 3037 1189 3076 aa
1212 3039 1246 3076 ea
1265 3015 1425 3098 papillas,
1456 3016 1531 3097 qrn'u
1557 3015 1595 3076 ab
1622 3015 1763 3100 injimte'a
1787 3039 1856 3078 ntea

157 3143 183 3181 sa
202 3125 301 3185 crem't
324 3147 439 3185 rer-ecam
464 3125 635 3202 rur'seratr'o,
666 3136 694 3184 et
724 3121 761 3184 de
787 3136 869 3184 utero
894 3124 1005 3184 *rrrcrtrr's
1029 3145 1113 3182 utare
1137 3145 1259 3204 apraasa.
1283 3135 1327 3182 est
1350 3145 1475 3182 raucum.
1525 3119 1565 3182 Si
1586 3120 1719 3205 clespart‘
1732 3136 1855 3206 preter·

202 3244 337 3296 erronem,
368 3255 402 3292 eo
433 3229 518 3314 quod
548 3254 607 3291 riou
638 3229 782 3292 babuerit
810 3228 1038 3306 liniamentum,
1070 3241 1097 3288 a
1127 3228 1242 3310 absque
1272 3229 1461 3312 operimento
1485 3251 1669 3312 pauperem.
1727 3227 1767 3291 Si
1796 3253 1855 3291 rtorr.

203 3336 420 3399 benedt-'ramat
449 3337 532 3399 utut
560 3336 658 3399 latera
690 3338 767 3408 eitra,
799 3350 826 3398 at
856 3335 893 3396 de
927 3335 1091 3397 telluribus
1119 3337 1223 3396 om'mn
1247 3358 1384 3396 mearam
1411 3334 1477 3396 cale
1499 3348 1585 3396 actas
1609 3349 1669 3413 asty·
1699 3337 1731 3398 si
1753 3337 1858 3399 levam·

201 3468 298 3527 super·
315 3443 479 3528 ¹pupillam
509 3467 634 3506 triarnum
665 3467 775 3520 raanan,
807 3444 910 3520 ctiam,
942 3465 1009 3504 erran
1043 3441 1179 3504 rr'derem
1210 3465 1257 3503 rue
1288 3443 1319 3503 ia
1337 3443 1444 3525 portis·
1473 3443 1678 3525 superiore-m,
1710 3443 1856 3506 barraeano

205 3574 289 3612 ureae
312 3577 332 3612 a·
357 3553 500 3614 trimano
524 3575 583 3612 strar.
607 3549 710 3628 cadat,
741 3563 768 3611 et
798 3549 960 3610 brachium
991 3573 1087 3609 raama
1118 3572 1185 3610 (atta
1210 3549 1277 3610 saurir
1301 3548 1421 3609 ossibus
1445 3549 1676 3632 uronfrrfnpatur.
1726 3547 1856 3634 Semper

157 3675 184 3714 ιο
203 3661 285 3719 ern'm
316 3660 411 3742 quasi
436 3671 582 3720 tarne-ntes
611 3681 706 3741 super
730 3681 776 3718 tere
792 3656 920 3741 stactus,
952 3657 1046 3717 tbrnu'
1067 3653 1249 3730 ilerum-mn,
1273 3667 1302 3715 et
1317 3653 1446 3738 pondus
1470 3656 1537 3716 eiras·
1554 3655 1648 3738 jbrre
1672 3679 1731 3717 riou
1750 3659 1852 3740 potui.

209 3764 310 3826 Foras
335 3789 393 3826 riou
419 3766 534 3826 inaruit
550 3765 750 3848 pereprinas,
776 3764 886 3845 castr-'ran
911 3786 1011 3824 artetum
1037 3763 1154 3823 m'utori
1171 3762 1285 3845 patuit.
1875 3785 1947 3825 tusa

314 3868 486 3954 'Nunquid
510 3868 591 3931 haec
615 3865 716 3930 verba
740 3877 847 3952 potest
871 3869 1043 3952 episcopus
1061 3867 1221 3929 veraciter
1237 3865 1357 3946 dicere,
1382 3865 1424 3929 ad
1442 3869 1534 3930 euius
1559 3866 1730 3953 prandium
1756 3869 1855 3932 intrat
1875 3893 1946 3932 *ura

204 3976 297 4039 miles
321 3999 360 4039 ac
384 3989 552 4062 tyrannus,
577 3975 654 4040 foris
678 3984 789 4038 manet
811 3973 1028 4060 peregrinus?
1072 3973 1198 4038 Ostium
1221 3972 1307 4036 illius
1331 3971 1493 4037 clauditur
1516 3975 1642 4054 viatori,
1668 3974 1755 4061 quod
1780 3998 1854 4060 ape-

206 4085 286 4146 ritur
308 4083 400 4146 militi
424 4093 457 4146 et
480 4083 676 4168 imperatori.
724 4081 882 4144 Martinus
907 4081 987 4144 haec
1013 4079 1120 4143 dicore
1145 4081 1258 4165 potuit,
1284 4081 1338 4165 qui
1364 4103 1530 4166 nunquam
1557 4083 1636 4166 rogi,
1668 4081 1856 4168 frequenter

160 4210 186 4248 aa
206 4201 312 4253 autem
337 4191 473 4276 pauperi
498 4211 613 4252 cenam
637 4211 728 4251 suam
753 4211 957 4252 communem
981 4187 1090 4250 lecim.
1134 4187 1162 4249 A
1189 4210 1251 4272 quo
1276 4197 1308 4250 et
1331 4186 1408 4250 illud
1434 4210 1491 4272 pro
1515 4211 1635 4272 nragna
1658 4190 1765 4273 gratia
1789 4201 1853 4254 tam

206 4320 225 4360 a
248 4319 335 4382 rege,
360 4319 458 4382 quam
482 4318 502 4360 a
526 4297 638 4381 regina
662 4306 849 4381 susceptum
873 4306 932 4375 est,
957 4294 1044 4381 quod
1067 4295 1137 4378 ipse
1162 4292 1313 4380 precibus
1338 4305 1479 4358 coactus*
1501 4294 1638 4380 prandio
1663 4318 1773 4360 eorum
1798 4297 1856 4360 ali-

206 4403 336 4489 qnando
366 4405 524 4466 interesse
556 4401 706 4487 dignatus
739 4413 796 4465 est.
849 4402 960 4464 Potuit
989 4401 1049 4464 hec
1081 4400 1190 4464 dicere
1223 4401 1412 4484 Gregorius,
1444 4403 1500 4487 qui
1531 4424 1643 4466 omnes
1673 4403 1854 4467 aecclesiae

206 4510 375 4574 facultates
400 4509 554 4595 dispersit
577 4521 608 4572 et
633 4508 722 4573 dedit
745 4506 943 4594 pauperibus
967 4530 1032 4571 nou
1056 4505 1210 4570 militibus
1235 4518 1290 4570 aaut
1313 4507 1515 4593 principibus
1525 4513 1546 4572 ⁴.
1584 4509 1730 4589 Quorum
1746 4521 1856 4574 tamen

207 4617 410 4681 devotionem
435 4626 467 4680 et
491 4616 698 4680 dilectionem
722 4638 785 4678 non
803 4615 980 4700 dampnose
1006 4625 1137 4700 captare
1163 4613 1275 4677 solitus
1300 4614 1369 4694 fnit,
1396 4615 1534 4678 offerens
1558 4617 1637 4702 ipsis
1659 4616 1856 4703 primoribus

160 4745 187 4782 ro
208 4726 355 4809 preciosa
384 4725 552 4809 pigmenta
575 4721 627 4785 vel
651 4722 715 4785 alia
737 4723 984 4807 peregrinarum
1015 4722 1197 4806 specierum
1229 4743 1302 4784 rara
1331 4721 1538 4786 munuscula:
1570 4723 1631 4786 hoc
1660 4724 1760 4789 fiebat
1787 4727 1855 4788 sine

208 4853 386 4916 pauperum
417 4829 621 4904 detrimento,
653 4830 749 4892 immo
782 4851 855 4892 eum
886 4826 985 4891 multo
1013 4850 1194 4914 pauperum
1217 4827 1317 4908 luem,
1343 4831 1419 4914 quia
1444 4828 1574 4914 quaudo
1598 4830 1651 4894 vel
1675 4830 1855 4895 balsamum

313 5002 445 5055 Gelasius
469 5019 543 5070 papa
566 5019 628 5070 cap.
650 4995 799 5054 xxvuss:
827 4997 958 5062 eratuor
981 5006 1073 5053 autem
1097 5006 1152 5053 tara
1178 4999 1212 5054 de
1235 4998 1326 5053 reditu
1351 5029 1391 5035 -
1417 5029 1459 5036 —-
1483 4998 1572 5054 bonae
1588 5000 1694 5070 farriae
1713 5000 1857 5074 preconiis
1875 5016 1941 5055 mr.

207 5127 263 5163 aon
287 5107 383 5163 taceri.
432 5107 502 5177 Cap.
519 5106 647 5161 XXVIII
656 5103 683 5160 ⁴³:
711 5105 904 5179 Qurrprapter,
930 5125 965 5160 ue
988 5104 1150 5160 clericomuu
1175 5105 1320 5179 qaisquam
1346 5136 1387 5142 —
1404 5135 1446 5142 -—
1471 5105 1552 5162 totius
1567 5105 1676 5162 auditui
1691 5107 1760 5162 baec
1770 5115 1856 5181 patn-

208 5215 277 5270 ucrit
298 5213 511 5288 sarpprimemlu.

162 5331 187 5369 ⁴⁶
314 5322 356 5374 Ex
380 5321 448 5374 Vita
471 5320 500 5374 S.
518 5320 647 5391 Gregorii
678 5339 740 5390 cap.
767 5314 888 5372 Xlilll:
922 5318 1030 5396 'Iuratae
1054 5317 1250 5392 besprimlitatis
1274 5317 1432 5393 Greporius
1454 5349 1496 5356 ——
1522 5351 1562 5358 —-
1584 5321 1752 5395 peragramus
1775 5341 1856 5396 quoa·

207 5427 270 5483 lita
292 5427 432 5483 [irritaret.

318 5570 346 5639 l)
371 5570 406 5625 Iu
433 5569 534 5624 Erecb.
560 5571 578 5624 l.
603 5569 627 5637 Ι,
652 5569 722 5624 bom.
742 5568 770 5628 9.
795 5565 834 5640 ἐξ
853 5568 902 5622 33.
923 5568 961 5621 34
971 5589 980 5636 ;
1006 5567 1079 5642 opp.
1105 5567 1128 5636 1,
1154 5569 1203 5624 col.
1224 5567 1317 5623 1262,
1389 5568 1419 5637 2)
1446 5569 1494 5639 Qf.
1519 5589 1547 5624 u.
1567 5569 1594 5623 5.
1666 5565 1697 5642 3)
1721 5569 1750 5624 V.
1767 5589 1856 5644 supra

209 5699 232 5732 c.
250 5679 301 5738 oo.
324 5697 354 5751 p.
372 5677 443 5732 165.
514 5676 544 5744 4)
568 5676 599 5731 V.
624 5676 696 5731 rai.
767 5675 797 5742 5)
824 5675 916 5748 Epist.
935 5673 985 5730 27.
1011 5675 1053 5730 ad
1076 5674 1143 5729 Luc.
1170 5674 1252 5748 episc.
1277 5671 1297 5748 ξ
1319 5675 1370 5744 27,
1403 5675 1480 5730 Tbiel
1501 5676 1525 5746 Ι,
1546 5696 1578 5750 p.
1598 5675 1678 5744 378;
1703 5676 1856 5733 Iliuscbias

203 5805 236 5859 p.
255 5784 328 5839 654.
422 5783 453 5853 6)
477 5781 551 5839 loia.
576 5779 595 5854 ᾗ
621 5781 671 5837 28.
765 5782 795 5850 i)
819 5782 849 5838 V.
869 5779 1004 5856 (imperii
1026 5779 1066 5850 ΙΙ,
1092 5801 1114 5836 c.
1134 5779 1193 5850 22;
1219 5780 1292 5857 Opp.
1318 5782 1371 5851 IV,
1397 5783 1446 5838 col.
1467 5781 1517 5838 51.
1567 5809 1571 5818 ·
