<?xml version="1.0" encoding="UTF-8"?>
<!DOCTYPE html PUBLIC "-//W3C//DTD XHTML 1.0 Transitional//EN"
    "http://www.w3.org/TR/xhtml1/DTD/xhtml1-transitional.dtd">
<html xmlns="http://www.w3.org/1999/xhtml" xml:lang="en" lang="en">
 <head>
  <title>
</title>
<meta http-equiv="Content-Type" content="text/html;charset=utf-8" />
  <meta name='ocr-system' content='tesseract 3.04.00' />
  <meta name='ocr-capabilities' content='ocr_page ocr_carea ocr_par ocr_line ocrx_word'/>
</head>
<body>
  <div class='ocr_page' id='page_1' title='image "./monumentagerman00unkngoog_0188.png"; bbox 0 0 4478 6396; ppageno 0'>
   <div class='ocr_carea' id='block_1_1' title="bbox 431 367 1776 431">
    <p class='ocr_par' dir='ltr' id='par_1_1' title="bbox 431 367 1776 431">
     <span class='ocr_line' id='line_1_1' title="bbox 431 367 1776 431; baseline -0.001 -1"><span class='ocrx_word' id='word_1_1' title='bbox 431 367 492 430; x_wconf 77' lang='lat' dir='ltr'><strong>l‘l8</strong></span> <span class='ocrx_word' id='word_1_2' title='bbox 720 375 899 431; x_wconf 85' lang='lat' dir='ltr'>GERHOHI</span> <span class='ocrx_word' id='word_1_3' title='bbox 923 373 1155 428; x_wconf 80' lang='lat' dir='ltr'>PRAEPOSITI</span> <span class='ocrx_word' id='word_1_4' title='bbox 1178 372 1587 428; x_wconf 82' lang='lat' dir='ltr'>REICHERSBERGENSIS</span> <span class='ocrx_word' id='word_1_5' title='bbox 1612 374 1776 429; x_wconf 84' lang='lat' dir='ltr'>LIBELLI.</span> 
     </span>
    </p>
   </div>
   <div class='ocr_carea' id='block_1_2' title="bbox 336 559 2134 2137">
    <p class='ocr_par' dir='ltr' id='par_1_2' title="bbox 336 559 2134 2137">
     <span class='ocr_line' id='line_1_2' title="bbox 429 559 2083 646; baseline -0.002 -20"><span class='ocrx_word' id='word_1_6' title='bbox 429 562 494 626; x_wconf 88' lang='lat' dir='ltr'><strong>sias</strong></span> <span class='ocrx_word' id='word_1_7' title='bbox 518 563 669 626; x_wconf 83' lang='lat' dir='ltr'><strong>matrices</strong></span> <span class='ocrx_word' id='word_1_8' title='bbox 693 561 802 625; x_wconf 88' lang='lat' dir='ltr'><strong>taliter</strong></span> <span class='ocrx_word' id='word_1_9' title='bbox 821 559 1036 624; x_wconf 84' lang='lat' dir='ltr'><strong>instituendas</strong></span> <span class='ocrx_word' id='word_1_10' title='bbox 1053 559 1208 624; x_wconf 81' lang='lat' dir='ltr'><strong>decretali</strong></span> <span class='ocrx_word' id='word_1_11' title='bbox 1233 560 1400 624; x_wconf 84' lang='lat' dir='ltr'>sanctione</span> <span class='ocrx_word' id='word_1_12' title='bbox 1425 561 1646 641; x_wconf 78' lang='lat' dir='ltr'><strong>constitueret,</strong></span> <span class='ocrx_word' id='word_1_13' title='bbox 1671 561 1823 646; x_wconf 83' lang='lat' dir='ltr'><strong>quatinus</strong></span> <span class='ocrx_word' id='word_1_14' title='bbox 1848 559 2028 646; x_wconf 87' lang='lat' dir='ltr'><strong>apostolica</strong></span> <span class='ocrx_word' id='word_1_15' title='bbox 2052 573 2083 624; x_wconf 86' lang='lat' dir='ltr'><strong>et</strong></span> 
     </span>
     <span class='ocr_line' id='line_1_3' title="bbox 429 664 2082 752; baseline -0.002 -19"><span class='ocrx_word' id='word_1_16' title='bbox 429 670 608 733; x_wconf 90' lang='lat' dir='ltr'><strong>communis</strong></span> <span class='ocrx_word' id='word_1_17' title='bbox 625 669 694 731; x_wconf 87' lang='lat' dir='ltr'><strong>vita</strong></span> <span class='ocrx_word' id='word_1_18' title='bbox 716 668 831 731; x_wconf 86' lang='lat' dir='ltr'><strong>futuris</strong></span> <span class='ocrx_word' id='word_1_19' title='bbox 856 677 1012 752; x_wconf 89' lang='lat' dir='ltr'><strong>perpetuo</strong></span> <span class='ocrx_word' id='word_1_20' title='bbox 1029 664 1230 752; x_wconf 85' lang='lat' dir='ltr'><strong>temporibus</strong></span> <span class='ocrx_word' id='word_1_21' title='bbox 1254 666 1288 729; x_wconf 92' lang='lat' dir='ltr'><strong>in</strong></span> <span class='ocrx_word' id='word_1_22' title='bbox 1312 665 1361 730; x_wconf 87' lang='lat' dir='ltr'><strong>bis</strong></span> <span class='ocrx_word' id='word_1_23' title='bbox 1385 677 1542 752; x_wconf 91' lang='lat' dir='ltr'><strong>perpetuo</strong></span> <span class='ocrx_word' id='word_1_24' title='bbox 1560 677 1785 751; x_wconf 89' lang='lat' dir='ltr'><strong>perseveraret</strong></span> <span class='ocrx_word' id='word_1_25' title='bbox 1796 671 1816 730; x_wconf 84' lang='lat'><strong>¹.</strong></span> <span class='ocrx_word' id='word_1_26' title='bbox 1852 667 1989 730; x_wconf 78' lang='lat' dir='ltr'><strong>Frustra</strong></span> <span class='ocrx_word' id='word_1_27' title='bbox 2005 689 2082 752; x_wconf 89' lang='lat' dir='ltr'><strong>ergo</strong></span> 
     </span>
     <span class='ocr_line' id='line_1_4' title="bbox 336 771 2082 861; baseline -0.002 -21"><span class='ocrx_word' id='word_1_28' title='bbox 336 801 408 841; x_wconf 65' lang='lat' dir='ltr'><strong>aas.</strong></span> <span class='ocrx_word' id='word_1_29' title='bbox 428 787 584 861; x_wconf 90' lang='lat' dir='ltr'><strong>tanquam</strong></span> <span class='ocrx_word' id='word_1_30' title='bbox 609 774 649 838; x_wconf 90' lang='lat' dir='ltr'><strong>de</strong></span> <span class='ocrx_word' id='word_1_31' title='bbox 674 797 709 837; x_wconf 91' lang='lat' dir='ltr'><strong>re</strong></span> <span class='ocrx_word' id='word_1_32' title='bbox 733 795 819 837; x_wconf 92' lang='lat' dir='ltr'><strong>nova</strong></span> <span class='ocrx_word' id='word_1_33' title='bbox 843 772 1042 860; x_wconf 91' lang='lat' dir='ltr'><strong>querendum</strong></span> <span class='ocrx_word' id='word_1_34' title='bbox 1072 783 1165 858; x_wconf 88' lang='lat' dir='ltr'><strong>putat</strong></span> <span class='ocrx_word' id='word_1_35' title='bbox 1193 771 1310 858; x_wconf 88' lang='lat' dir='ltr'><strong>aliquis</strong></span> <span class='ocrx_word' id='word_1_36' title='bbox 1335 772 1506 837; x_wconf 89' lang='lat' dir='ltr'><strong>consilium</strong></span> <span class='ocrx_word' id='word_1_37' title='bbox 1531 777 1564 836; x_wconf 79' lang='lat' dir='ltr'><strong>‘a</strong></span> <span class='ocrx_word' id='word_1_38' title='bbox 1588 771 1665 837; x_wconf 88' lang='lat' dir='ltr'><strong>sede</strong></span> <span class='ocrx_word' id='word_1_39' title='bbox 1689 773 1877 859; x_wconf 88' lang='lat' dir='ltr'><strong>apostolica,</strong></span> <span class='ocrx_word' id='word_1_40' title='bbox 1903 784 2010 836; x_wconf 87' lang='lat' dir='ltr'><strong>utrum</strong></span> <span class='ocrx_word' id='word_1_41' title='bbox 2036 795 2082 836; x_wconf 89' lang='lat' dir='ltr'><strong>re-</strong></span> 
     </span>
     <span class='ocr_line' id='line_1_5' title="bbox 429 877 2082 964; baseline -0.003 -18"><span class='ocrx_word' id='word_1_42' title='bbox 429 883 561 946; x_wconf 87' lang='lat' dir='ltr'><strong>formari</strong></span> <span class='ocrx_word' id='word_1_43' title='bbox 585 879 705 945; x_wconf 89' lang='lat' dir='ltr'><strong>debeat</strong></span> <span class='ocrx_word' id='word_1_44' title='bbox 729 881 797 944; x_wconf 89' lang='lat' dir='ltr'><strong>vita</strong></span> <span class='ocrx_word' id='word_1_45' title='bbox 821 880 999 943; x_wconf 87' lang='lat' dir='ltr'><strong>communis</strong></span> <span class='ocrx_word' id='word_1_46' title='bbox 1024 889 1056 942; x_wconf 91' lang='lat' dir='ltr'><strong>et</strong></span> <span class='ocrx_word' id='word_1_47' title='bbox 1080 878 1274 964; x_wconf 88' lang='lat' dir='ltr'><strong>apostolica:</strong></span> <span class='ocrx_word' id='word_1_48' title='bbox 1300 903 1373 942; x_wconf 87' lang='lat' dir='ltr'><strong>curn</strong></span> <span class='ocrx_word' id='word_1_49' title='bbox 1397 877 1576 943; x_wconf 79' lang='lat' dir='ltr'><strong>habeamus</strong></span> <span class='ocrx_word' id='word_1_50' title='bbox 1600 880 1642 943; x_wconf 90' lang='lat' dir='ltr'><strong>ad</strong></span> <span class='ocrx_word' id='word_1_51' title='bbox 1662 901 1794 942; x_wconf 88' lang='lat' dir='ltr'><strong>manum</strong></span> <span class='ocrx_word' id='word_1_52' title='bbox 1812 879 1944 943; x_wconf 89' lang='lat' dir='ltr'><strong>decreta</strong></span> <span class='ocrx_word' id='word_1_53' title='bbox 1956 877 2082 942; x_wconf 88' lang='lat' dir='ltr'><strong>Urbani</strong></span> 
     </span>
     <span class='ocr_line' id='line_1_6' title="bbox 429 983 2118 1074; baseline -0.001 -22"><span class='ocrx_word' id='word_1_54' title='bbox 429 1011 535 1074; x_wconf 90' lang='lat' dir='ltr'><strong>papae</strong></span> <span class='ocrx_word' id='word_1_55' title='bbox 559 999 592 1050; x_wconf 89' lang='lat' dir='ltr'><strong>et</strong></span> <span class='ocrx_word' id='word_1_56' title='bbox 615 987 777 1072; x_wconf 86' lang='lat' dir='ltr'><strong>martyris,</strong></span> <span class='ocrx_word' id='word_1_57' title='bbox 803 983 947 1049; x_wconf 84' lang='lat' dir='ltr'><strong>terribile</strong></span> <span class='ocrx_word' id='word_1_58' title='bbox 972 985 1145 1049; x_wconf 89' lang='lat' dir='ltr'><strong>anathema</strong></span> <span class='ocrx_word' id='word_1_59' title='bbox 1169 997 1283 1048; x_wconf 88' lang='lat' dir='ltr'><strong>contra</strong></span> <span class='ocrx_word' id='word_1_60' title='bbox 1306 1008 1435 1050; x_wconf 88' lang='lat' dir='ltr'><strong>suarum</strong></span> <span class='ocrx_word' id='word_1_61' title='bbox 1462 986 1726 1050; x_wconf 86' lang='lat' dir='ltr'><strong>constitutionum</strong></span> <span class='ocrx_word' id='word_1_62' title='bbox 1743 984 1918 1049; x_wconf 86' lang='lat' dir='ltr'><strong>violatores</strong></span> <span class='ocrx_word' id='word_1_63' title='bbox 1941 984 2118 1071; x_wconf 81' lang='lat' dir='ltr'><strong>promul-s</strong></span> 
     </span>
     <span class='ocr_line' id='line_1_7' title="bbox 429 1089 2082 1180; baseline -0.002 -23"><span class='ocrx_word' id='word_1_64' title='bbox 429 1096 546 1180; x_wconf 84' lang='lat' dir='ltr'><strong>gantis.</strong></span> <span class='ocrx_word' id='word_1_65' title='bbox 593 1092 843 1157; x_wconf 81' lang='lat' dir='ltr'><strong>Haecdeereta</strong></span> <span class='ocrx_word' id='word_1_66' title='bbox 866 1093 1074 1155; x_wconf 90' lang='lat' dir='ltr'><strong>inveniuntur</strong></span> <span class='ocrx_word' id='word_1_67' title='bbox 1098 1089 1222 1178; x_wconf 86' lang='lat' dir='ltr'><strong>absque</strong></span> <span class='ocrx_word' id='word_1_68' title='bbox 1246 1093 1370 1156; x_wconf 89' lang='lat' dir='ltr'><strong>itineris</strong></span> <span class='ocrx_word' id='word_1_69' title='bbox 1395 1091 1517 1174; x_wconf 90' lang='lat' dir='ltr'><strong>labore,</strong></span> <span class='ocrx_word' id='word_1_70' title='bbox 1549 1094 1618 1156; x_wconf 88' lang='lat' dir='ltr'><strong>sine</strong></span> <span class='ocrx_word' id='word_1_71' title='bbox 1649 1093 1776 1178; x_wconf 86' lang='lat' dir='ltr'><strong>magnis</strong></span> <span class='ocrx_word' id='word_1_72' title='bbox 1804 1093 1968 1178; x_wconf 82' lang='lat' dir='ltr'><strong>expensis,</strong></span> <span class='ocrx_word' id='word_1_73' title='bbox 2000 1114 2082 1177; x_wconf 90' lang='lat' dir='ltr'><strong>pene</strong></span> 
     </span>
     <span class='ocr_line' id='line_1_8' title="bbox 429 1199 2084 1285; baseline -0.002 -21"><span class='ocrx_word' id='word_1_74' title='bbox 429 1201 462 1264; x_wconf 91' lang='lat' dir='ltr'><strong>in</strong></span> <span class='ocrx_word' id='word_1_75' title='bbox 479 1199 629 1264; x_wconf 90' lang='lat' dir='ltr'><strong>omnibus</strong></span> <span class='ocrx_word' id='word_1_76' title='bbox 646 1200 879 1264; x_wconf 80' lang='lat' dir='ltr'><strong>aecclesiarum</strong></span> <span class='ocrx_word' id='word_1_77' title='bbox 897 1199 1061 1279; x_wconf 80' lang='lat' dir='ltr'><strong>armariis3</strong></span> <span class='ocrx_word' id='word_1_78' title='bbox 1088 1209 1120 1262; x_wconf 91' lang='lat' dir='ltr'><strong>et</strong></span> <span class='ocrx_word' id='word_1_79' title='bbox 1142 1209 1252 1262; x_wconf 86' lang='lat' dir='ltr'><strong>tamen</strong></span> <span class='ocrx_word' id='word_1_80' title='bbox 1276 1200 1421 1285; x_wconf 89' lang='lat' dir='ltr'><strong>episcopi</strong></span> <span class='ocrx_word' id='word_1_81' title='bbox 1447 1199 1601 1263; x_wconf 87' lang='lat' dir='ltr'><strong>differunt</strong></span> <span class='ocrx_word' id='word_1_82' title='bbox 1624 1199 1674 1263; x_wconf 89' lang='lat' dir='ltr'><strong>his</strong></span> <span class='ocrx_word' id='word_1_83' title='bbox 1698 1199 1827 1280; x_wconf 89' lang='lat' dir='ltr'><strong>armari,</strong></span> <span class='ocrx_word' id='word_1_84' title='bbox 1852 1208 2028 1284; x_wconf 87' lang='lat' dir='ltr'><strong>querentes</strong></span> <span class='ocrx_word' id='word_1_85' title='bbox 2053 1209 2084 1261; x_wconf 87' lang='lat' dir='ltr'><strong>et</strong></span> 
     </span>
     <span class='ocr_line' id='line_1_9' title="bbox 430 1303 2084 1394; baseline -0.002 -22"><span class='ocrx_word' id='word_1_86' title='bbox 430 1317 642 1394; x_wconf 81' lang='lat' dir='ltr'><strong>expecta-ntes</strong></span> <span class='ocrx_word' id='word_1_87' title='bbox 673 1307 766 1370; x_wconf 86' lang='lat' dir='ltr'><strong>novis</strong></span> <span class='ocrx_word' id='word_1_88' title='bbox 798 1305 937 1369; x_wconf 86' lang='lat' dir='ltr'><strong>decretis</strong></span> <span class='ocrx_word' id='word_1_89' title='bbox 969 1317 1025 1368; x_wconf 92' lang='lat' dir='ltr'><strong>aut</strong></span> <span class='ocrx_word' id='word_1_90' title='bbox 1047 1304 1293 1390; x_wconf 84' lang='lat' dir='ltr'><strong>privilegiorum</strong></span> <span class='ocrx_word' id='word_1_91' title='bbox 1317 1307 1415 1369; x_wconf 86' lang='lat' dir='ltr'><strong>cartis</strong></span> <span class='ocrx_word' id='word_1_92' title='bbox 1439 1305 1482 1369; x_wconf 89' lang='lat' dir='ltr'><strong>ad</strong></span> <span class='ocrx_word' id='word_1_93' title='bbox 1506 1305 1567 1370; x_wconf 91' lang='lat' dir='ltr'><strong>hoe</strong></span> <span class='ocrx_word' id='word_1_94' title='bbox 1591 1305 1776 1370; x_wconf 85' lang='lat' dir='ltr'><strong>faciendum</strong></span> <span class='ocrx_word' id='word_1_95' title='bbox 1801 1303 1964 1388; x_wconf 81' lang='lat' dir='ltr'><strong>roborari3</strong></span> <span class='ocrx_word' id='word_1_96' title='bbox 1996 1305 2084 1391; x_wconf 90' lang='lat' dir='ltr'><strong>quod</strong></span> 
     </span>
     <span class='ocr_line' id='line_1_10' title="bbox 430 1411 2083 1501; baseline -0.002 -23"><span class='ocrx_word' id='word_1_97' title='bbox 430 1416 499 1501; x_wconf 87' lang='lat' dir='ltr'><strong>ipse</strong></span> <span class='ocrx_word' id='word_1_98' title='bbox 523 1414 626 1495; x_wconf 88' lang='lat' dir='ltr'><strong>Deus,</strong></span> <span class='ocrx_word' id='word_1_99' title='bbox 652 1413 707 1499; x_wconf 95' lang='lat' dir='ltr'><strong>qui</strong></span> <span class='ocrx_word' id='word_1_100' title='bbox 731 1411 878 1476; x_wconf 89' lang='lat' dir='ltr'><strong>babitare</strong></span> <span class='ocrx_word' id='word_1_101' title='bbox 904 1411 983 1474; x_wconf 85' lang='lat' dir='ltr'><strong>lacit</strong></span> <span class='ocrx_word' id='word_1_102' title='bbox 1005 1412 1100 1474; x_wconf 89' lang='lat' dir='ltr'><strong>unius</strong></span> <span class='ocrx_word' id='word_1_103' title='bbox 1124 1413 1222 1474; x_wconf 89' lang='lat' dir='ltr'><strong>moris</strong></span> <span class='ocrx_word' id='word_1_104' title='bbox 1249 1413 1282 1475; x_wconf 95' lang='lat' dir='ltr'><strong>in</strong></span> <span class='ocrx_word' id='word_1_105' title='bbox 1307 1412 1414 1492; x_wconf 92' lang='lat' dir='ltr'><strong>domo,</strong></span> <span class='ocrx_word' id='word_1_106' title='bbox 1445 1435 1505 1498; x_wconf 90' lang='lat' dir='ltr'><strong>per</strong></span> <span class='ocrx_word' id='word_1_107' title='bbox 1528 1435 1562 1476; x_wconf 89' lang='lat' dir='ltr'><strong>se</strong></span> <span class='ocrx_word' id='word_1_108' title='bbox 1586 1413 1693 1498; x_wconf 89' lang='lat' dir='ltr'><strong>ipsum</strong></span> <span class='ocrx_word' id='word_1_109' title='bbox 1718 1413 1892 1492; x_wconf 88' lang='lat' dir='ltr'><strong>constituit,</strong></span> <span class='ocrx_word' id='word_1_110' title='bbox 1924 1435 1985 1498; x_wconf 92' lang='lat' dir='ltr'><strong>per</strong></span> <span class='ocrx_word' id='word_1_111' title='bbox 2007 1435 2083 1497; x_wconf 91' lang='lat' dir='ltr'><strong>apo·</strong></span> 
     </span>
     <span class='ocr_line' id='line_1_11' title="bbox 430 1517 2134 1605; baseline -0.001 -21"><span class='ocrx_word' id='word_1_112' title='bbox 430 1521 528 1585; x_wconf 89' lang='lat' dir='ltr'><strong>stolos</strong></span> <span class='ocrx_word' id='word_1_113' title='bbox 559 1520 718 1600; x_wconf 88' lang='lat' dir='ltr'><strong>fundavit,</strong></span> <span class='ocrx_word' id='word_1_114' title='bbox 749 1541 809 1604; x_wconf 93' lang='lat' dir='ltr'><strong>per</strong></span> <span class='ocrx_word' id='word_1_115' title='bbox 837 1517 955 1581; x_wconf 90' lang='lat' dir='ltr'><strong>multas</strong></span> <span class='ocrx_word' id='word_1_116' title='bbox 986 1517 1241 1582; x_wconf 88' lang='lat' dir='ltr'><strong>orthodoxorum</strong></span> <span class='ocrx_word' id='word_1_117' title='bbox 1264 1528 1391 1604; x_wconf 89' lang='lat' dir='ltr'><strong>patrum</strong></span> <span class='ocrx_word' id='word_1_118' title='bbox 1417 1519 1593 1582; x_wconf 83' lang='lat' dir='ltr'><strong>sententias</strong></span> <span class='ocrx_word' id='word_1_119' title='bbox 1618 1529 1651 1582; x_wconf 89' lang='lat' dir='ltr'><strong>et</strong></span> <span class='ocrx_word' id='word_1_120' title='bbox 1674 1518 1826 1605; x_wconf 84' lang='lat' dir='ltr'><strong>exempla</strong></span> <span class='ocrx_word' id='word_1_121' title='bbox 1849 1518 2084 1582; x_wconf 88' lang='lat' dir='ltr'><strong>corroboravit.</strong></span> <span class='ocrx_word' id='word_1_122' title='bbox 2106 1545 2134 1582; x_wconf 88' lang='lat'><strong>10</strong></span> 
     </span>
     <span class='ocr_line' id='line_1_12' title="bbox 430 1624 2084 1711; baseline -0.004 -19"><span class='ocrx_word' id='word_1_123' title='bbox 430 1628 465 1693; x_wconf 89' lang='lat' dir='ltr'><strong>Si</strong></span> <span class='ocrx_word' id='word_1_124' title='bbox 490 1626 530 1691; x_wconf 90' lang='lat' dir='ltr'><strong>de</strong></span> <span class='ocrx_word' id='word_1_125' title='bbox 555 1628 652 1691; x_wconf 87' lang='lat' dir='ltr'><strong>certis</strong></span> <span class='ocrx_word' id='word_1_126' title='bbox 677 1637 709 1690; x_wconf 94' lang='lat' dir='ltr'><strong>et</strong></span> <span class='ocrx_word' id='word_1_127' title='bbox 731 1625 851 1711; x_wconf 87' lang='lat' dir='ltr'><strong>apertis</strong></span> <span class='ocrx_word' id='word_1_128' title='bbox 876 1624 1044 1688; x_wconf 87' lang='lat' dir='ltr'><strong>consulere</strong></span> <span class='ocrx_word' id='word_1_129' title='bbox 1070 1624 1226 1688; x_wconf 88' lang='lat' dir='ltr'><strong>debemus</strong></span> <span class='ocrx_word' id='word_1_130' title='bbox 1250 1625 1462 1711; x_wconf 89' lang='lat' dir='ltr'><strong>apostolicam</strong></span> <span class='ocrx_word' id='word_1_131' title='bbox 1487 1625 1608 1707; x_wconf 92' lang='lat' dir='ltr'><strong>sedem,</strong></span> <span class='ocrx_word' id='word_1_132' title='bbox 1633 1647 1734 1711; x_wconf 90' lang='lat' dir='ltr'><strong>quare</strong></span> <span class='ocrx_word' id='word_1_133' title='bbox 1758 1648 1822 1688; x_wconf 93' lang='lat' dir='ltr'><strong>non</strong></span> <span class='ocrx_word' id='word_1_134' title='bbox 1847 1647 1919 1688; x_wconf 88' lang='lat' dir='ltr'><strong>eam</strong></span> <span class='ocrx_word' id='word_1_135' title='bbox 1944 1624 2084 1688; x_wconf 90' lang='lat' dir='ltr'><strong>consuli-</strong></span> 
     </span>
     <span class='ocr_line' id='line_1_13' title="bbox 429 1731 2084 1818; baseline -0.002 -21"><span class='ocrx_word' id='word_1_136' title='bbox 429 1757 511 1812; x_wconf 89' lang='lat' dir='ltr'><strong>mus,</strong></span> <span class='ocrx_word' id='word_1_137' title='bbox 531 1745 639 1796; x_wconf 89' lang='lat' dir='ltr'><strong>utrum</strong></span> <span class='ocrx_word' id='word_1_138' title='bbox 655 1731 832 1796; x_wconf 89' lang='lat' dir='ltr'><strong>debeamus</strong></span> <span class='ocrx_word' id='word_1_139' title='bbox 857 1731 991 1795; x_wconf 90' lang='lat' dir='ltr'><strong>credere</strong></span> <span class='ocrx_word' id='word_1_140' title='bbox 1016 1732 1048 1795; x_wconf 94' lang='lat' dir='ltr'><strong>in</strong></span> <span class='ocrx_word' id='word_1_141' title='bbox 1065 1731 1184 1811; x_wconf 90' lang='lat' dir='ltr'><strong>Deum,</strong></span> <span class='ocrx_word' id='word_1_142' title='bbox 1209 1743 1333 1817; x_wconf 86' lang='lat' dir='ltr'><strong>patrem</strong></span> <span class='ocrx_word' id='word_1_143' title='bbox 1358 1731 1635 1818; x_wconf 79' lang='lat' dir='ltr'><strong>omnipotentem?</strong></span> <span class='ocrx_word' id='word_1_144' title='bbox 1672 1732 1768 1811; x_wconf 78' lang='lat' dir='ltr'><strong>Quod</strong></span> <span class='ocrx_word' id='word_1_145' title='bbox 1792 1733 1819 1794; x_wconf 88' lang='lat' dir='ltr'><strong>si</strong></span> <span class='ocrx_word' id='word_1_146' title='bbox 1843 1753 2084 1817; x_wconf 88' lang='lat' dir='ltr'><strong>supervacuum</strong></span> 
     </span>
     <span class='ocr_line' id='line_1_14' title="bbox 429 1837 2085 1927; baseline -0.002 -23"><span class='ocrx_word' id='word_1_147' title='bbox 429 1851 561 1927; x_wconf 88' lang='lat' dir='ltr'><strong>putatur</strong></span> <span class='ocrx_word' id='word_1_148' title='bbox 584 1841 617 1903; x_wconf 92' lang='lat' dir='ltr'><strong>in</strong></span> <span class='ocrx_word' id='word_1_149' title='bbox 640 1851 705 1903; x_wconf 91' lang='lat' dir='ltr'><strong>tam</strong></span> <span class='ocrx_word' id='word_1_150' title='bbox 730 1849 843 1925; x_wconf 88' lang='lat' dir='ltr'><strong>aperta</strong></span> <span class='ocrx_word' id='word_1_151' title='bbox 866 1837 931 1902; x_wconf 90' lang='lat' dir='ltr'><strong>fide</strong></span> <span class='ocrx_word' id='word_1_152' title='bbox 957 1837 1174 1924; x_wconf 88' lang='lat' dir='ltr'><strong>apostolorum</strong></span> <span class='ocrx_word' id='word_1_153' title='bbox 1206 1837 1326 1902; x_wconf 92' lang='lat' dir='ltr'><strong>domini</strong></span> <span class='ocrx_word' id='word_1_154' title='bbox 1356 1837 1525 1924; x_wconf 85' lang='lat' dir='ltr'><strong>apostolici</strong></span> <span class='ocrx_word' id='word_1_155' title='bbox 1550 1849 1725 1924; x_wconf 87' lang='lat' dir='ltr'><strong>expectare</strong></span> <span class='ocrx_word' id='word_1_156' title='bbox 1749 1839 1935 1920; x_wconf 77' lang='lat' dir='ltr'><strong>consilium3</strong></span> <span class='ocrx_word' id='word_1_157' title='bbox 1969 1860 2028 1902; x_wconf 92' lang='lat' dir='ltr'><strong>cur</strong></span> <span class='ocrx_word' id='word_1_158' title='bbox 2050 1838 2085 1900; x_wconf 91' lang='lat' dir='ltr'><strong>in</strong></span> 
     </span>
     <span class='ocr_line' id='line_1_15' title="bbox 430 1943 2083 2031; baseline -0.002 -20"><span class='ocrx_word' id='word_1_159' title='bbox 430 1949 547 2012; x_wconf 85' lang='lat' dir='ltr'><strong>ceteris</strong></span> <span class='ocrx_word' id='word_1_160' title='bbox 571 1945 799 2010; x_wconf 90' lang='lat' dir='ltr'><strong>nichilominus</strong></span> <span class='ocrx_word' id='word_1_161' title='bbox 825 1945 921 2009; x_wconf 87' lang='lat' dir='ltr'><strong>certis</strong></span> <span class='ocrx_word' id='word_1_162' title='bbox 946 1955 978 2008; x_wconf 92' lang='lat' dir='ltr'><strong>et</strong></span> <span class='ocrx_word' id='word_1_163' title='bbox 1001 1945 1123 2030; x_wconf 90' lang='lat' dir='ltr'><strong>apertis</strong></span> <span class='ocrx_word' id='word_1_164' title='bbox 1148 1943 1365 2029; x_wconf 88' lang='lat' dir='ltr'><strong>apostolorum</strong></span> <span class='ocrx_word' id='word_1_165' title='bbox 1390 1957 1423 2008; x_wconf 91' lang='lat' dir='ltr'><strong>et</strong></span> <span class='ocrx_word' id='word_1_166' title='bbox 1446 1945 1697 2031; x_wconf 88' lang='lat' dir='ltr'><strong>apostolicorum</strong></span> <span class='ocrx_word' id='word_1_167' title='bbox 1722 1945 1904 2009; x_wconf 89' lang='lat' dir='ltr'><strong>constitutis</strong></span> <span class='ocrx_word' id='word_1_168' title='bbox 1929 1955 2083 2030; x_wconf 87' lang='lat' dir='ltr'><strong>expecta-</strong></span> 
     </span>
     <span class='ocr_line' id='line_1_16' title="bbox 430 2033 2132 2137; baseline -0.001 -20"><span class='ocrx_word' id='word_1_169' title='bbox 430 2065 491 2134; x_wconf 91' lang='lat' dir='ltr'><strong>tur,</strong></span> <span class='ocrx_word' id='word_1_170' title='bbox 517 2053 621 2117; x_wconf 91' lang='lat' dir='ltr'><strong>donec</strong></span> <span class='ocrx_word' id='word_1_171' title='bbox 645 2074 730 2116; x_wconf 89' lang='lat' dir='ltr'><strong>nova</strong></span> <span class='ocrx_word' id='word_1_172' title='bbox 754 2063 845 2116; x_wconf 88' lang='lat' dir='ltr'><strong>carta</strong></span> <span class='ocrx_word' id='word_1_173' title='bbox 869 2074 927 2115; x_wconf 90' lang='lat' dir='ltr'><strong>seu</strong></span> <span class='ocrx_word' id='word_1_174' title='bbox 950 2033 1158 2137; x_wconf 77' lang='lat' dir='ltr'><strong>privilegium</strong></span> <span class='ocrx_word' id='word_1_175' title='bbox 1182 2073 1202 2114; x_wconf 90' lang='lat' dir='ltr'><strong>a</strong></span> <span class='ocrx_word' id='word_1_176' title='bbox 1225 2051 1372 2115; x_wconf 86' lang='lat' dir='ltr'><strong>Romana</strong></span> <span class='ocrx_word' id='word_1_177' title='bbox 1396 2051 1473 2115; x_wconf 90' lang='lat' dir='ltr'><strong>sede</strong></span> <span class='ocrx_word' id='word_1_178' title='bbox 1499 2051 1678 2115; x_wconf 81' lang='lat' dir='ltr'><strong>afferatur?</strong></span> <span class='ocrx_word' id='word_1_179' title='bbox 2104 2076 2132 2116; x_wconf 77' lang='lat' dir='ltr'><strong>rs</strong></span> 
     </span>
    </p>
   </div>
   <div class='ocr_carea' id='block_1_3' title="bbox 429 2174 2133 3223">
    <p class='ocr_par' dir='ltr' id='par_1_3' title="bbox 429 2174 2133 3223">
     <span class='ocr_line' id='line_1_17' title="bbox 539 2174 2083 2262; baseline -0.001 -21"><span class='ocrx_word' id='word_1_180' title='bbox 539 2180 590 2241; x_wconf 80' lang='grc'><strong>74.</strong></span> <span class='ocrx_word' id='word_1_181' title='bbox 626 2176 825 2241; x_wconf 83' lang='lat' dir='ltr'><strong>Benedictus</strong></span> <span class='ocrx_word' id='word_1_182' title='bbox 850 2199 936 2262; x_wconf 89' lang='lat' dir='ltr'><strong>papa</strong></span> <span class='ocrx_word' id='word_1_183' title='bbox 959 2176 1135 2257; x_wconf 87' lang='lat' dir='ltr'><strong>Honorius,</strong></span> <span class='ocrx_word' id='word_1_184' title='bbox 1161 2187 1193 2240; x_wconf 90' lang='lat' dir='ltr'><strong>et</strong></span> <span class='ocrx_word' id='word_1_185' title='bbox 1215 2174 1408 2239; x_wconf 90' lang='lat' dir='ltr'><strong>benedictus</strong></span> <span class='ocrx_word' id='word_1_186' title='bbox 1433 2198 1538 2239; x_wconf 89' lang='lat' dir='ltr'><strong>sermo</strong></span> <span class='ocrx_word' id='word_1_187' title='bbox 1562 2177 1626 2240; x_wconf 89' lang='lat' dir='ltr'><strong>oris</strong></span> <span class='ocrx_word' id='word_1_188' title='bbox 1651 2177 1711 2257; x_wconf 85' lang='lat' dir='ltr'><strong>sui,</strong></span> <span class='ocrx_word' id='word_1_189' title='bbox 1737 2198 1832 2262; x_wconf 91' lang='lat' dir='ltr'><strong>quem</strong></span> <span class='ocrx_word' id='word_1_190' title='bbox 1860 2174 1995 2240; x_wconf 70' lang='lat' dir='ltr'><strong>audivi²</strong></span> <span class='ocrx_word' id='word_1_191' title='bbox 2019 2176 2083 2240; x_wconf 87' lang='lat' dir='ltr'><strong>talc</strong></span> 
     </span>
     <span class='ocr_line' id='line_1_18' title="bbox 429 2280 2084 2370; baseline -0.001 -22"><span class='ocrx_word' id='word_1_192' title='bbox 429 2307 622 2370; x_wconf 90' lang='lat' dir='ltr'><strong>responsum</strong></span> <span class='ocrx_word' id='word_1_193' title='bbox 647 2284 725 2347; x_wconf 90' lang='lat' dir='ltr'><strong>dare</strong></span> <span class='ocrx_word' id='word_1_194' title='bbox 750 2282 868 2348; x_wconf 92' lang='lat' dir='ltr'><strong>domno</strong></span> <span class='ocrx_word' id='word_1_195' title='bbox 894 2281 1126 2368; x_wconf 84' lang='lat' dir='ltr'><strong>Salzpurgeusi</strong></span> <span class='ocrx_word' id='word_1_196' title='bbox 1150 2282 1420 2369; x_wconf 80' lang='lat' dir='ltr'><strong>archiepiscop0³</strong></span> <span class='ocrx_word' id='word_1_197' title='bbox 1444 2282 1484 2346; x_wconf 92' lang='lat' dir='ltr'><strong>de</strong></span> <span class='ocrx_word' id='word_1_198' title='bbox 1509 2281 1606 2346; x_wconf 83' lang='lat' dir='ltr'><strong>rebus</strong></span> <span class='ocrx_word' id='word_1_199' title='bbox 1631 2280 1825 2368; x_wconf 90' lang='lat' dir='ltr'><strong>quibusdam</strong></span> <span class='ocrx_word' id='word_1_200' title='bbox 1850 2284 1958 2364; x_wconf 87' lang='lat' dir='ltr'><strong>certis,</strong></span> <span class='ocrx_word' id='word_1_201' title='bbox 1984 2283 2084 2346; x_wconf 91' lang='lat' dir='ltr'><strong>etiarn</strong></span> 
     </span>
     <span class='ocr_line' id='line_1_19' title="bbox 430 2387 2084 2476; baseline -0.002 -20"><span class='ocrx_word' id='word_1_202' title='bbox 430 2391 582 2472; x_wconf 90' lang='lat' dir='ltr'><strong>definitis,</strong></span> <span class='ocrx_word' id='word_1_203' title='bbox 607 2413 666 2476; x_wconf 91' lang='lat' dir='ltr'><strong>per</strong></span> <span class='ocrx_word' id='word_1_204' title='bbox 688 2389 854 2474; x_wconf 67' lang='lat' dir='ltr'><strong>legatum*</strong></span> <span class='ocrx_word' id='word_1_205' title='bbox 878 2413 970 2452; x_wconf 77' lang='lat' dir='ltr'><strong>strrrrn</strong></span> <span class='ocrx_word' id='word_1_206' title='bbox 995 2387 1106 2452; x_wconf 88' lang='lat' dir='ltr'><strong>sedem</strong></span> <span class='ocrx_word' id='word_1_207' title='bbox 1131 2388 1341 2474; x_wconf 89' lang='lat' dir='ltr'><strong>apostolicam</strong></span> <span class='ocrx_word' id='word_1_208' title='bbox 1358 2389 1556 2454; x_wconf 87' lang='lat' dir='ltr'><strong>consulenti:</strong></span> <span class='ocrx_word' id='word_1_209' title='bbox 1582 2389 1696 2471; x_wconf 79' lang='lat' dir='ltr'><strong>‘Sunt&#39;,</strong></span> <span class='ocrx_word' id='word_1_210' title='bbox 1721 2391 1836 2476; x_wconf 92' lang='lat' dir='ltr'><strong>inquit,</strong></span> <span class='ocrx_word' id='word_1_211' title='bbox 1862 2391 1994 2475; x_wconf 87' lang='lat' dir='ltr'><strong>‘scripta</strong></span> <span class='ocrx_word' id='word_1_212' title='bbox 2018 2391 2084 2452; x_wconf 89' lang='lat' dir='ltr'><strong>iam</strong></span> 
     </span>
     <span class='ocr_line' id='line_1_20' title="bbox 431 2495 2085 2583; baseline -0.002 -21"><span class='ocrx_word' id='word_1_213' title='bbox 431 2499 506 2563; x_wconf 91' lang='lat' dir='ltr'><strong>olim</strong></span> <span class='ocrx_word' id='word_1_214' title='bbox 531 2521 629 2583; x_wconf 88' lang='lat' dir='ltr'><strong>super</strong></span> <span class='ocrx_word' id='word_1_215' title='bbox 652 2497 700 2560; x_wconf 87' lang='lat' dir='ltr'><strong>his</strong></span> <span class='ocrx_word' id='word_1_216' title='bbox 726 2496 833 2560; x_wconf 89' lang='lat' dir='ltr'><strong>causis</strong></span> <span class='ocrx_word' id='word_1_217' title='bbox 857 2495 1061 2582; x_wconf 88' lang='lat' dir='ltr'><strong>promulgata</strong></span> <span class='ocrx_word' id='word_1_218' title='bbox 1084 2517 1184 2581; x_wconf 90' lang='lat' dir='ltr'><strong>penes</strong></span> <span class='ocrx_word' id='word_1_219' title='bbox 1209 2497 1314 2581; x_wconf 88' lang='lat' dir='ltr'><strong>ipsum</strong></span> <span class='ocrx_word' id='word_1_220' title='bbox 1339 2495 1504 2559; x_wconf 92' lang='lat' dir='ltr'><strong>dominum</strong></span> <span class='ocrx_word' id='word_1_221' title='bbox 1521 2496 1836 2582; x_wconf 80' lang='lat' dir='ltr'><strong>archiepiscopum⁸.</strong></span> <span class='ocrx_word' id='word_1_222' title='bbox 1873 2497 1945 2560; x_wconf 89' lang='lat' dir='ltr'><strong>Non</strong></span> <span class='ocrx_word' id='word_1_223' title='bbox 1969 2497 2017 2560; x_wconf 91' lang='lat' dir='ltr'><strong>illi</strong></span> <span class='ocrx_word' id='word_1_224' title='bbox 2035 2509 2085 2560; x_wconf 88' lang='lat' dir='ltr'><strong>est</strong></span> 
     </span>
     <span class='ocr_line' id='line_1_21' title="bbox 431 2602 2133 2689; baseline -0.001 -21"><span class='ocrx_word' id='word_1_225' title='bbox 431 2627 565 2668; x_wconf 89' lang='lat' dir='ltr'><strong>necesse</strong></span> <span class='ocrx_word' id='word_1_226' title='bbox 590 2604 630 2668; x_wconf 92' lang='lat' dir='ltr'><strong>de</strong></span> <span class='ocrx_word' id='word_1_227' title='bbox 655 2603 703 2667; x_wconf 90' lang='lat' dir='ltr'><strong>his</strong></span> <span class='ocrx_word' id='word_1_228' title='bbox 728 2625 865 2689; x_wconf 90' lang='lat' dir='ltr'><strong>querere</strong></span> <span class='ocrx_word' id='word_1_229' title='bbox 890 2614 946 2666; x_wconf 90' lang='lat' dir='ltr'><strong>aut</strong></span> <span class='ocrx_word' id='word_1_230' title='bbox 962 2613 1137 2689; x_wconf 87' lang='lat' dir='ltr'><strong>expectare</strong></span> <span class='ocrx_word' id='word_1_231' title='bbox 1154 2625 1273 2666; x_wconf 91' lang='lat' dir='ltr'><strong>novum</strong></span> <span class='ocrx_word' id='word_1_232' title='bbox 1291 2625 1332 2666; x_wconf 88' lang='lat' dir='ltr'><strong>ex</strong></span> <span class='ocrx_word' id='word_1_233' title='bbox 1349 2604 1450 2666; x_wconf 90' lang='lat' dir='ltr'><strong>nostri</strong></span> <span class='ocrx_word' id='word_1_234' title='bbox 1474 2614 1566 2688; x_wconf 89' lang='lat' dir='ltr'><strong>parte</strong></span> <span class='ocrx_word' id='word_1_235' title='bbox 1590 2602 1721 2689; x_wconf 89' lang='lat' dir='ltr'><strong>aliquod</strong></span> <span class='ocrx_word' id='word_1_236' title='bbox 1739 2604 1904 2688; x_wconf 87' lang='lat' dir='ltr'><strong>scriptum.</strong></span> <span class='ocrx_word' id='word_1_237' title='bbox 1945 2602 2084 2689; x_wconf 85' lang='lat' dir='ltr'><strong>Scriptis</strong></span> <span class='ocrx_word' id='word_1_238' title='bbox 2104 2629 2133 2667; x_wconf 81' lang='lat' dir='ltr'><strong>so</strong></span> 
     </span>
     <span class='ocr_line' id='line_1_22' title="bbox 431 2708 2085 2796; baseline -0.001 -21"><span class='ocrx_word' id='word_1_239' title='bbox 431 2713 572 2796; x_wconf 88' lang='lat' dir='ltr'><strong>antiquis</strong></span> <span class='ocrx_word' id='word_1_240' title='bbox 597 2721 715 2790; x_wconf 89' lang='lat' dir='ltr'><strong>utatur,</strong></span> <span class='ocrx_word' id='word_1_241' title='bbox 740 2710 818 2796; x_wconf 91' lang='lat' dir='ltr'><strong>quia</strong></span> <span class='ocrx_word' id='word_1_242' title='bbox 841 2709 945 2772; x_wconf 90' lang='lat' dir='ltr'><strong>zelum</strong></span> <span class='ocrx_word' id='word_1_243' title='bbox 962 2709 1026 2772; x_wconf 93' lang='lat' dir='ltr'><strong>Dei</strong></span> <span class='ocrx_word' id='word_1_244' title='bbox 1051 2709 1176 2773; x_wconf 87' lang='lat' dir='ltr'><strong>babens</strong></span> <span class='ocrx_word' id='word_1_245' title='bbox 1200 2719 1344 2772; x_wconf 89' lang='lat' dir='ltr'><strong>nostrum</strong></span> <span class='ocrx_word' id='word_1_246' title='bbox 1369 2708 1504 2773; x_wconf 90' lang='lat' dir='ltr'><strong>habebit</strong></span> <span class='ocrx_word' id='word_1_247' title='bbox 1527 2709 1694 2792; x_wconf 86' lang='lat' dir='ltr'><strong>auxilium,</strong></span> <span class='ocrx_word' id='word_1_248' title='bbox 1719 2711 1752 2773; x_wconf 93' lang='lat' dir='ltr'><strong>in</strong></span> <span class='ocrx_word' id='word_1_249' title='bbox 1768 2708 2018 2796; x_wconf 90' lang='lat' dir='ltr'><strong>quibuscunque</strong></span> <span class='ocrx_word' id='word_1_250' title='bbox 2038 2710 2085 2774; x_wconf 93' lang='lat' dir='ltr'><strong>illi</strong></span> 
     </span>
     <span class='ocr_line' id='line_1_23' title="bbox 431 2815 2085 2904; baseline -0.001 -24"><span class='ocrx_word' id='word_1_251' title='bbox 431 2818 543 2881; x_wconf 86' lang='lat' dir='ltr'><strong>favent</strong></span> <span class='ocrx_word' id='word_1_252' title='bbox 566 2818 719 2904; x_wconf 87' lang='lat' dir='ltr'><strong>antiquae</strong></span> <span class='ocrx_word' id='word_1_253' title='bbox 743 2815 934 2880; x_wconf 89' lang='lat' dir='ltr'><strong>traditiones</strong></span> <span class='ocrx_word' id='word_1_254' title='bbox 959 2815 1107 2902; x_wconf 89' lang='lat' dir='ltr'><strong>patrum’.</strong></span> <span class='ocrx_word' id='word_1_255' title='bbox 1143 2816 1236 2880; x_wconf 87' lang='lat' dir='ltr'><strong>Haec</strong></span> <span class='ocrx_word' id='word_1_256' title='bbox 1253 2815 1364 2897; x_wconf 89' lang='lat' dir='ltr'><strong>verba,</strong></span> <span class='ocrx_word' id='word_1_257' title='bbox 1385 2815 1437 2880; x_wconf 88' lang='lat' dir='ltr'><strong>vel</strong></span> <span class='ocrx_word' id='word_1_258' title='bbox 1461 2839 1526 2881; x_wconf 92' lang='lat' dir='ltr'><strong>non</strong></span> <span class='ocrx_word' id='word_1_259' title='bbox 1550 2816 1685 2880; x_wconf 90' lang='lat' dir='ltr'><strong>multum</strong></span> <span class='ocrx_word' id='word_1_260' title='bbox 1710 2816 1759 2881; x_wconf 89' lang='lat' dir='ltr'><strong>his</strong></span> <span class='ocrx_word' id='word_1_261' title='bbox 1784 2816 1962 2898; x_wconf 90' lang='lat' dir='ltr'><strong>dissimilia,</strong></span> <span class='ocrx_word' id='word_1_262' title='bbox 1987 2818 2085 2880; x_wconf 87' lang='lat' dir='ltr'><strong>istam</strong></span> 
     </span>
     <span class='ocr_line' id='line_1_24' title="bbox 432 2922 2084 3009; baseline -0.001 -21"><span class='ocrx_word' id='word_1_263' title='bbox 432 2925 625 2989; x_wconf 87' lang='lat' dir='ltr'><strong>sententiam</strong></span> <span class='ocrx_word' id='word_1_264' title='bbox 649 2935 871 3009; x_wconf 88' lang='lat' dir='ltr'><strong>competenter</strong></span> <span class='ocrx_word' id='word_1_265' title='bbox 895 2924 1113 3008; x_wconf 86' lang='lat' dir='ltr'><strong>exprimentia</strong></span> <span class='ocrx_word' id='word_1_266' title='bbox 1143 2925 1190 2986; x_wconf 88' lang='lat' dir='ltr'><strong>sic</strong></span> <span class='ocrx_word' id='word_1_267' title='bbox 1214 2933 1327 3008; x_wconf 88' lang='lat' dir='ltr'><strong>postea</strong></span> <span class='ocrx_word' id='word_1_268' title='bbox 1352 2925 1492 3004; x_wconf 86' lang='lat' dir='ltr'><strong>servavi,</strong></span> <span class='ocrx_word' id='word_1_269' title='bbox 1518 2924 1611 3009; x_wconf 89' lang='lat' dir='ltr'><strong>quasi</strong></span> <span class='ocrx_word' id='word_1_270' title='bbox 1635 2922 1675 2986; x_wconf 94' lang='lat' dir='ltr'><strong>de</strong></span> <span class='ocrx_word' id='word_1_271' title='bbox 1700 2922 1811 2988; x_wconf 85' lang='lat' dir='ltr'><strong>divino</strong></span> <span class='ocrx_word' id='word_1_272' title='bbox 1836 2945 1875 2986; x_wconf 91' lang='lat' dir='ltr'><strong>ea</strong></span> <span class='ocrx_word' id='word_1_273' title='bbox 1899 2925 2084 3009; x_wconf 87' lang='lat' dir='ltr'><strong>acceperim</strong></span> 
     </span>
     <span class='ocr_line' id='line_1_25' title="bbox 432 3028 2084 3116; baseline -0.001 -21"><span class='ocrx_word' id='word_1_274' title='bbox 432 3031 572 3095; x_wconf 87' lang='lat' dir='ltr'><strong>oraculo.</strong></span> <span class='ocrx_word' id='word_1_275' title='bbox 619 3030 738 3094; x_wconf 85' lang='lat' dir='ltr'><strong>Multos</strong></span> <span class='ocrx_word' id='word_1_276' title='bbox 770 3031 857 3094; x_wconf 89' lang='lat' dir='ltr'><strong>enim</strong></span> <span class='ocrx_word' id='word_1_277' title='bbox 887 3041 954 3093; x_wconf 90' lang='lat' dir='ltr'><strong>tam</strong></span> <span class='ocrx_word' id='word_1_278' title='bbox 983 3029 1111 3115; x_wconf 86' lang='lat' dir='ltr'><strong>tepidos</strong></span> <span class='ocrx_word' id='word_1_279' title='bbox 1142 3052 1181 3093; x_wconf 93' lang='lat' dir='ltr'><strong>ac</strong></span> <span class='ocrx_word' id='word_1_280' title='bbox 1212 3030 1355 3115; x_wconf 89' lang='lat' dir='ltr'><strong>trepidos</strong></span> <span class='ocrx_word' id='word_1_281' title='bbox 1380 3030 1528 3094; x_wconf 88' lang='lat' dir='ltr'><strong>videmus</strong></span> <span class='ocrx_word' id='word_1_282' title='bbox 1558 3031 1592 3092; x_wconf 93' lang='lat' dir='ltr'><strong>in</strong></span> <span class='ocrx_word' id='word_1_283' title='bbox 1616 3028 1714 3094; x_wconf 87' lang='lat' dir='ltr'><strong>rebus</strong></span> <span class='ocrx_word' id='word_1_284' title='bbox 1739 3032 1845 3112; x_wconf 91' lang='lat' dir='ltr'><strong>certis,</strong></span> <span class='ocrx_word' id='word_1_285' title='bbox 1878 3031 1975 3093; x_wconf 90' lang='lat' dir='ltr'><strong>etiam</strong></span> <span class='ocrx_word' id='word_1_286' title='bbox 2007 3053 2084 3116; x_wconf 90' lang='lat' dir='ltr'><strong>sepe</strong></span> 
     </span>
     <span class='ocr_line' id='line_1_26' title="bbox 432 3135 2130 3223; baseline -0.001 -22"><span class='ocrx_word' id='word_1_287' title='bbox 432 3138 551 3202; x_wconf 89' lang='lat' dir='ltr'><strong>iudicio</strong></span> <span class='ocrx_word' id='word_1_288' title='bbox 576 3148 703 3223; x_wconf 87' lang='lat' dir='ltr'><strong>patrum</strong></span> <span class='ocrx_word' id='word_1_289' title='bbox 728 3137 879 3218; x_wconf 87' lang='lat' dir='ltr'><strong>definitis,</strong></span> <span class='ocrx_word' id='word_1_290' title='bbox 905 3147 940 3200; x_wconf 91' lang='lat' dir='ltr'><strong>ut</strong></span> <span class='ocrx_word' id='word_1_291' title='bbox 963 3159 1097 3200; x_wconf 90' lang='lat' dir='ltr'><strong>necesse</strong></span> <span class='ocrx_word' id='word_1_292' title='bbox 1122 3135 1263 3200; x_wconf 88' lang='lat' dir='ltr'><strong>habeant</strong></span> <span class='ocrx_word' id='word_1_293' title='bbox 1287 3138 1484 3200; x_wconf 84' lang='lat' dir='ltr'><strong>commoneri</strong></span> <span class='ocrx_word' id='word_1_294' title='bbox 1508 3137 1558 3200; x_wconf 85' lang='lat' dir='ltr'><strong>his</strong></span> <span class='ocrx_word' id='word_1_295' title='bbox 1583 3135 1703 3217; x_wconf 89' lang='lat' dir='ltr'><strong>verbis,</strong></span> <span class='ocrx_word' id='word_1_296' title='bbox 1729 3148 1888 3223; x_wconf 87' lang='lat' dir='ltr'><strong>quatenus</strong></span> <span class='ocrx_word' id='word_1_297' title='bbox 1919 3139 1952 3200; x_wconf 93' lang='lat' dir='ltr'><strong>in</strong></span> <span class='ocrx_word' id='word_1_298' title='bbox 1976 3138 2084 3200; x_wconf 86' lang='lat' dir='ltr'><strong>causis</strong></span> <span class='ocrx_word' id='word_1_299' title='bbox 2104 3161 2130 3200; x_wconf 79' lang='lat' dir='ltr'><strong>as</strong></span> 
     </span>
    </p>
   </div>
   <div class='ocr_carea' id='block_1_4' title="bbox 339 3241 2085 3652">
    <p class='ocr_par' dir='ltr' id='par_1_4' title="bbox 432 3241 2085 3330">
     <span class='ocr_line' id='line_1_27' title="bbox 432 3241 2085 3330; baseline -0.002 -22"><span class='ocrx_word' id='word_1_300' title='bbox 432 3247 563 3330; x_wconf 87' lang='lat' dir='ltr'><strong>apertis,</strong></span> <span class='ocrx_word' id='word_1_301' title='bbox 588 3243 675 3308; x_wconf 89' lang='lat' dir='ltr'><strong>nullo</strong></span> <span class='ocrx_word' id='word_1_302' title='bbox 700 3245 834 3308; x_wconf 91' lang='lat' dir='ltr'><strong>consilio</strong></span> <span class='ocrx_word' id='word_1_303' title='bbox 859 3255 1043 3330; x_wconf 88' lang='lat' dir='ltr'><strong>expectato,</strong></span> <span class='ocrx_word' id='word_1_304' title='bbox 1069 3243 1270 3307; x_wconf 88' lang='lat' dir='ltr'><strong>confidenter</strong></span> <span class='ocrx_word' id='word_1_305' title='bbox 1294 3255 1407 3328; x_wconf 80' lang='lat' dir='ltr'><strong>agant3</strong></span> <span class='ocrx_word' id='word_1_306' title='bbox 1434 3245 1524 3325; x_wconf 90' lang='lat' dir='ltr'><strong>certi,</strong></span> <span class='ocrx_word' id='word_1_307' title='bbox 1542 3245 1694 3330; x_wconf 90' lang='lat' dir='ltr'><strong>quoniam</strong></span> <span class='ocrx_word' id='word_1_308' title='bbox 1712 3266 1767 3307; x_wconf 90' lang='lat' dir='ltr'><strong>eos</strong></span> <span class='ocrx_word' id='word_1_309' title='bbox 1784 3241 1952 3306; x_wconf 86' lang='lat' dir='ltr'><strong>adiuvabit</strong></span> <span class='ocrx_word' id='word_1_310' title='bbox 1967 3243 2085 3307; x_wconf 90' lang='lat' dir='ltr'><strong>Petrus</strong></span> 
     </span>
    </p>

    <p class='ocr_par' dir='ltr' id='par_1_5' title="bbox 339 3349 2085 3652">
     <span class='ocr_line' id='line_1_28' title="bbox 339 3349 2084 3437; baseline -0.001 -22"><span class='ocrx_word' id='word_1_311' title='bbox 339 3373 367 3416; x_wconf 88' lang='grc'><strong>·.</strong></span> <span class='ocrx_word' id='word_1_312' title='bbox 402 3377 413 3417; x_wconf 77' lang='lat'><strong>¹.</strong></span> <span class='ocrx_word' id='word_1_313' title='bbox 431 3352 586 3437; x_wconf 90' lang='lat' dir='ltr'><strong>Petrique</strong></span> <span class='ocrx_word' id='word_1_314' title='bbox 610 3351 762 3432; x_wconf 85' lang='lat' dir='ltr'><strong>vicarius,</strong></span> <span class='ocrx_word' id='word_1_315' title='bbox 788 3351 919 3437; x_wconf 88' lang='lat' dir='ltr'><strong>quando</strong></span> <span class='ocrx_word' id='word_1_316' title='bbox 944 3352 1089 3414; x_wconf 87' lang='lat' dir='ltr'><strong>veritatis</strong></span> <span class='ocrx_word' id='word_1_317' title='bbox 1113 3361 1216 3435; x_wconf 88' lang='lat' dir='ltr'><strong>petra,</strong></span> <span class='ocrx_word' id='word_1_318' title='bbox 1240 3373 1305 3412; x_wconf 94' lang='lat' dir='ltr'><strong>non</strong></span> <span class='ocrx_word' id='word_1_319' title='bbox 1328 3373 1451 3436; x_wconf 90' lang='lat' dir='ltr'><strong>pravae</strong></span> <span class='ocrx_word' id='word_1_320' title='bbox 1476 3350 1720 3414; x_wconf 87' lang='lat' dir='ltr'><strong>consuetudinis</strong></span> <span class='ocrx_word' id='word_1_321' title='bbox 1747 3350 1897 3430; x_wconf 72' lang='lat' dir='ltr'><strong>“harena</strong></span> <span class='ocrx_word' id='word_1_322' title='bbox 1922 3349 2084 3413; x_wconf 88' lang='lat' dir='ltr'><strong>edificatio</strong></span> 
     </span>
     <span class='ocr_line' id='line_1_29' title="bbox 432 3455 2085 3544; baseline -0.002 -22"><span class='ocrx_word' id='word_1_323' title='bbox 432 3481 542 3522; x_wconf 92' lang='lat' dir='ltr'><strong>eorum</strong></span> <span class='ocrx_word' id='word_1_324' title='bbox 572 3457 713 3539; x_wconf 87' lang='lat' dir='ltr'><strong>fulcitur,</strong></span> <span class='ocrx_word' id='word_1_325' title='bbox 745 3469 776 3521; x_wconf 90' lang='lat' dir='ltr'><strong>et</strong></span> <span class='ocrx_word' id='word_1_326' title='bbox 806 3459 949 3544; x_wconf 88' lang='lat' dir='ltr'><strong>antiquis</strong></span> <span class='ocrx_word' id='word_1_327' title='bbox 979 3469 1108 3544; x_wconf 89' lang='lat' dir='ltr'><strong>patrum</strong></span> <span class='ocrx_word' id='word_1_328' title='bbox 1140 3458 1276 3538; x_wconf 75' lang='lat' dir='ltr'><strong>statutio,</strong></span> <span class='ocrx_word' id='word_1_329' title='bbox 1306 3457 1395 3521; x_wconf 87' lang='lat' dir='ltr'><strong>velut</strong></span> <span class='ocrx_word' id='word_1_330' title='bbox 1423 3457 1525 3520; x_wconf 90' lang='lat' dir='ltr'><strong>firmis</strong></span> <span class='ocrx_word' id='word_1_331' title='bbox 1557 3467 1589 3521; x_wconf 92' lang='lat' dir='ltr'><strong>et</strong></span> <span class='ocrx_word' id='word_1_332' title='bbox 1619 3455 1873 3543; x_wconf 87' lang='lat' dir='ltr'><strong>imputribilibus</strong></span> <span class='ocrx_word' id='word_1_333' title='bbox 1904 3455 2085 3542; x_wconf 89' lang='lat' dir='ltr'><strong>columpnis</strong></span> 
     </span>
     <span class='ocr_line' id='line_1_30' title="bbox 431 3563 770 3652; baseline -0.012 -22"><span class='ocrx_word' id='word_1_334' title='bbox 431 3565 574 3652; x_wconf 87' lang='lat' dir='ltr'><strong>undique</strong></span> <span class='ocrx_word' id='word_1_335' title='bbox 599 3563 770 3628; x_wconf 87' lang='lat' dir='ltr'><strong>stabilitur.</strong></span> 
     </span>
    </p>
   </div>
   <div class='ocr_carea' id='block_1_5' title="bbox 432 3793 2130 4414">
    <p class='ocr_par' dir='ltr' id='par_1_6' title="bbox 432 3793 2130 4414">
     <span class='ocr_line' id='line_1_31' title="bbox 540 3793 2086 3881; baseline -0.001 -21"><span class='ocrx_word' id='word_1_336' title='bbox 540 3799 592 3860; x_wconf 87' lang='grc'><strong>96.</strong></span> <span class='ocrx_word' id='word_1_337' title='bbox 629 3795 663 3860; x_wconf 84' lang='lat' dir='ltr'><strong>si</strong></span> <span class='ocrx_word' id='word_1_338' title='bbox 696 3818 773 3880; x_wconf 88' lang='lat' dir='ltr'><strong>ergo</strong></span> <span class='ocrx_word' id='word_1_339' title='bbox 803 3795 885 3858; x_wconf 90' lang='lat' dir='ltr'><strong>tanti</strong></span> <span class='ocrx_word' id='word_1_340' title='bbox 916 3805 965 3858; x_wconf 87' lang='lat' dir='ltr'><strong>est</strong></span> <span class='ocrx_word' id='word_1_341' title='bbox 994 3793 1148 3880; x_wconf 85' lang='lat' dir='ltr'><strong>ponderis</strong></span> <span class='ocrx_word' id='word_1_342' title='bbox 1181 3794 1365 3858; x_wconf 87' lang='lat' dir='ltr'><strong>interdictio</strong></span> <span class='ocrx_word' id='word_1_343' title='bbox 1396 3796 1622 3881; x_wconf 88' lang='lat' dir='ltr'><strong>episcoporum</strong></span> <span class='ocrx_word' id='word_1_344' title='bbox 1654 3795 1856 3881; x_wconf 90' lang='lat' dir='ltr'><strong>aliorumque</strong></span> <span class='ocrx_word' id='word_1_345' title='bbox 1887 3805 2026 3881; x_wconf 89' lang='lat' dir='ltr'><strong>patrum,</strong></span> <span class='ocrx_word' id='word_1_346' title='bbox 2051 3807 2086 3859; x_wconf 89' lang='lat' dir='ltr'><strong>ut</strong></span> 
     </span>
     <span class='ocr_line' id='line_1_32' title="bbox 432 3900 2085 3988; baseline -0.001 -22"><span class='ocrx_word' id='word_1_347' title='bbox 432 3902 494 3966; x_wconf 90' lang='lat' dir='ltr'><strong>illis</strong></span> <span class='ocrx_word' id='word_1_348' title='bbox 525 3900 795 3967; x_wconf 87' lang='lat' dir='ltr'><strong>interdicentibus</strong></span> <span class='ocrx_word' id='word_1_349' title='bbox 827 3924 887 3966; x_wconf 91' lang='lat' dir='ltr'><strong>nee</strong></span> <span class='ocrx_word' id='word_1_350' title='bbox 919 3902 1142 3965; x_wconf 88' lang='lat' dir='ltr'><strong>sanctissimus</strong></span> <span class='ocrx_word' id='word_1_351' title='bbox 1167 3911 1199 3964; x_wconf 91' lang='lat' dir='ltr'><strong>et</strong></span> <span class='ocrx_word' id='word_1_352' title='bbox 1222 3903 1505 3965; x_wconf 88' lang='lat' dir='ltr'><strong>innocentissimus</strong></span> <span class='ocrx_word' id='word_1_353' title='bbox 1530 3924 1640 3965; x_wconf 77' lang='lat' dir='ltr'><strong>comni</strong></span> <span class='ocrx_word' id='word_1_354' title='bbox 1666 3900 1831 3965; x_wconf 85' lang='lat' dir='ltr'><strong>subiectus</strong></span> <span class='ocrx_word' id='word_1_355' title='bbox 1864 3901 1982 3966; x_wconf 86' lang='lat' dir='ltr'><strong>audeat</strong></span> <span class='ocrx_word' id='word_1_356' title='bbox 2013 3925 2085 3988; x_wconf 90' lang='lat' dir='ltr'><strong>pre·</strong></span> 
     </span>
     <span class='ocr_line' id='line_1_33' title="bbox 433 4006 2086 4095; baseline 0.001 -24"><span class='ocrx_word' id='word_1_357' title='bbox 433 4031 559 4072; x_wconf 91' lang='lat' dir='ltr'><strong>sumere</strong></span> <span class='ocrx_word' id='word_1_358' title='bbox 577 4031 694 4094; x_wconf 90' lang='lat' dir='ltr'><strong>eorpus</strong></span> <span class='ocrx_word' id='word_1_359' title='bbox 712 4008 920 4089; x_wconf 90' lang='lat' dir='ltr'><strong>dominicum,</strong></span> <span class='ocrx_word' id='word_1_360' title='bbox 938 4006 1025 4094; x_wconf 91' lang='lat' dir='ltr'><strong>quod</strong></span> <span class='ocrx_word' id='word_1_361' title='bbox 1041 4031 1136 4072; x_wconf 89' lang='lat' dir='ltr'><strong>nemo</strong></span> <span class='ocrx_word' id='word_1_362' title='bbox 1154 4007 1280 4072; x_wconf 91' lang='lat' dir='ltr'><strong>dubitat</strong></span> <span class='ocrx_word' id='word_1_363' title='bbox 1304 4020 1451 4072; x_wconf 85' lang='lat' dir='ltr'><strong>sanctum</strong></span> <span class='ocrx_word' id='word_1_364' title='bbox 1476 4020 1507 4071; x_wconf 89' lang='lat' dir='ltr'><strong>et</strong></span> <span class='ocrx_word' id='word_1_365' title='bbox 1531 4006 1662 4090; x_wconf 90' lang='lat' dir='ltr'><strong>bonum,</strong></span> <span class='ocrx_word' id='word_1_366' title='bbox 1688 4023 1752 4090; x_wconf 88' lang='lat' dir='ltr'><strong>aut,</strong></span> <span class='ocrx_word' id='word_1_367' title='bbox 1778 4011 1804 4072; x_wconf 89' lang='lat' dir='ltr'><strong>si</strong></span> <span class='ocrx_word' id='word_1_368' title='bbox 1828 4009 1995 4095; x_wconf 89' lang='lat' dir='ltr'><strong>presumit,</strong></span> <span class='ocrx_word' id='word_1_369' title='bbox 2021 4032 2086 4072; x_wconf 92' lang='lat' dir='ltr'><strong>non</strong></span> 
     </span>
     <span class='ocr_line' id='line_1_34' title="bbox 434 4114 2085 4202; baseline 0.001 -25"><span class='ocrx_word' id='word_1_370' title='bbox 434 4114 544 4178; x_wconf 89' lang='lat' dir='ltr'><strong>evadit</strong></span> <span class='ocrx_word' id='word_1_371' title='bbox 566 4114 739 4179; x_wconf 89' lang='lat' dir='ltr'><strong>iudicium:</strong></span> <span class='ocrx_word' id='word_1_372' title='bbox 765 4115 843 4201; x_wconf 91' lang='lat' dir='ltr'><strong>quid</strong></span> <span class='ocrx_word' id='word_1_373' title='bbox 867 4114 1066 4179; x_wconf 88' lang='lat' dir='ltr'><strong>censendum</strong></span> <span class='ocrx_word' id='word_1_374' title='bbox 1090 4126 1139 4178; x_wconf 89' lang='lat' dir='ltr'><strong>est</strong></span> <span class='ocrx_word' id='word_1_375' title='bbox 1163 4138 1234 4178; x_wconf 89' lang='lat' dir='ltr'><strong>esse</strong></span> <span class='ocrx_word' id='word_1_376' title='bbox 1258 4115 1342 4178; x_wconf 89' lang='lat' dir='ltr'><strong>hanc</strong></span> <span class='ocrx_word' id='word_1_377' title='bbox 1366 4125 1560 4200; x_wconf 90' lang='lat' dir='ltr'><strong>potestatem</strong></span> <span class='ocrx_word' id='word_1_378' title='bbox 1584 4115 1809 4196; x_wconf 87' lang='lat' dir='ltr'><strong>interdicendi,</strong></span> <span class='ocrx_word' id='word_1_379' title='bbox 1834 4117 1896 4179; x_wconf 89' lang='lat' dir='ltr'><strong>nisi</strong></span> <span class='ocrx_word' id='word_1_380' title='bbox 1921 4115 2085 4202; x_wconf 88' lang='lat' dir='ltr'><strong>quendam</strong></span> 
     </span>
     <span class='ocr_line' id='line_1_35' title="bbox 433 4220 2130 4309; baseline 0.002 -26"><span class='ocrx_word' id='word_1_381' title='bbox 433 4220 588 4306; x_wconf 85' lang='lat' dir='ltr'><strong>gladium,</strong></span> <span class='ocrx_word' id='word_1_382' title='bbox 613 4245 676 4308; x_wconf 92' lang='lat' dir='ltr'><strong>quo</strong></span> <span class='ocrx_word' id='word_1_383' title='bbox 701 4221 822 4285; x_wconf 90' lang='lat' dir='ltr'><strong>debent</strong></span> <span class='ocrx_word' id='word_1_384' title='bbox 844 4220 958 4285; x_wconf 88' lang='lat' dir='ltr'><strong>illicita</strong></span> <span class='ocrx_word' id='word_1_385' title='bbox 981 4221 1148 4285; x_wconf 83' lang='lat' dir='ltr'><strong>resecari?</strong></span> <span class='ocrx_word' id='word_1_386' title='bbox 1185 4221 1250 4301; x_wconf 75' lang='lat' dir='ltr'><strong>Qui</strong></span> <span class='ocrx_word' id='word_1_387' title='bbox 1274 4222 1300 4284; x_wconf 90' lang='lat' dir='ltr'><strong>si</strong></span> <span class='ocrx_word' id='word_1_388' title='bbox 1325 4235 1440 4286; x_wconf 85' lang='lat' dir='ltr'><strong>acutus</strong></span> <span class='ocrx_word' id='word_1_389' title='bbox 1457 4233 1505 4285; x_wconf 90' lang='lat' dir='ltr'><strong>est</strong></span> <span class='ocrx_word' id='word_1_390' title='bbox 1529 4221 1570 4285; x_wconf 90' lang='lat' dir='ltr'><strong>ad</strong></span> <span class='ocrx_word' id='word_1_391' title='bbox 1587 4221 1786 4308; x_wconf 89' lang='lat' dir='ltr'><strong>amputanda</strong></span> <span class='ocrx_word' id='word_1_392' title='bbox 1809 4221 1981 4303; x_wconf 88' lang='lat' dir='ltr'><strong>interdurn,</strong></span> <span class='ocrx_word' id='word_1_393' title='bbox 1999 4245 2084 4309; x_wconf 91' lang='lat' dir='ltr'><strong>quac</strong></span> <span class='ocrx_word' id='word_1_394' title='bbox 2104 4247 2130 4286; x_wconf 80' lang='lat' dir='ltr'><strong>ss</strong></span> 
     </span>
     <span class='ocr_line' id='line_1_36' title="bbox 434 4326 2085 4414; baseline 0.001 -24"><span class='ocrx_word' id='word_1_395' title='bbox 434 4339 509 4391; x_wconf 90' lang='lat' dir='ltr'><strong>sunt</strong></span> <span class='ocrx_word' id='word_1_396' title='bbox 531 4326 621 4392; x_wconf 88' lang='lat' dir='ltr'><strong>licita</strong></span> <span class='ocrx_word' id='word_1_397' title='bbox 645 4338 677 4392; x_wconf 89' lang='lat' dir='ltr'><strong>et</strong></span> <span class='ocrx_word' id='word_1_398' title='bbox 699 4327 795 4408; x_wconf 87' lang='lat' dir='ltr'><strong>bona,</strong></span> <span class='ocrx_word' id='word_1_399' title='bbox 821 4339 942 4414; x_wconf 90' lang='lat' dir='ltr'><strong>quanto</strong></span> <span class='ocrx_word' id='word_1_400' title='bbox 966 4338 1061 4413; x_wconf 89' lang='lat' dir='ltr'><strong>putas</strong></span> <span class='ocrx_word' id='word_1_401' title='bbox 1086 4328 1236 4391; x_wconf 89' lang='lat' dir='ltr'><strong>acumine</strong></span> <span class='ocrx_word' id='word_1_402' title='bbox 1253 4327 1400 4413; x_wconf 89' lang='lat' dir='ltr'><strong>precidet</strong></span> <span class='ocrx_word' id='word_1_403' title='bbox 1424 4327 1561 4391; x_wconf 79' lang='lat' dir='ltr'><strong>illicita?</strong></span> <span class='ocrx_word' id='word_1_404' title='bbox 1598 4328 1633 4393; x_wconf 89' lang='lat' dir='ltr'><strong>Si</strong></span> <span class='ocrx_word' id='word_1_405' title='bbox 1650 4339 1759 4392; x_wconf 88' lang='lat' dir='ltr'><strong>tamen</strong></span> <span class='ocrx_word' id='word_1_406' title='bbox 1776 4328 1904 4414; x_wconf 85' lang='lat' dir='ltr'><strong>gladius</strong></span> <span class='ocrx_word' id='word_1_407' title='bbox 1921 4330 1981 4393; x_wconf 90' lang='lat' dir='ltr'><strong>iste</strong></span> <span class='ocrx_word' id='word_1_408' title='bbox 1998 4340 2085 4392; x_wconf 89' lang='lat' dir='ltr'><strong>utra·</strong></span> 
     </span>
    </p>
   </div>
   <div class='ocr_carea' id='block_1_6' title="bbox 356 4531 2130 5142">
    <p class='ocr_par' dir='ltr' id='par_1_7' title="bbox 356 4531 2130 5142">
     <span class='ocr_line' id='line_1_37' title="bbox 356 4531 2083 4606; baseline 0 -18"><span class='ocrx_word' id='word_1_409' title='bbox 356 4549 415 4589; x_wconf 75' lang='lat' dir='ltr'><strong>ato.</strong></span> <span class='ocrx_word' id='word_1_410' title='bbox 541 4533 623 4588; x_wconf 85' lang='lat' dir='ltr'><strong>Anno</strong></span> <span class='ocrx_word' id='word_1_411' title='bbox 648 4533 802 4587; x_wconf 87' lang='lat' dir='ltr'><strong>dominicae</strong></span> <span class='ocrx_word' id='word_1_412' title='bbox 826 4534 1025 4588; x_wconf 83' lang='lat' dir='ltr'><strong>incarnationis</strong></span> <span class='ocrx_word' id='word_1_413' title='bbox 1049 4531 1142 4586; x_wconf 80' lang='lat' dir='ltr'><strong>lllCX.</strong></span> <span class='ocrx_word' id='word_1_414' title='bbox 1167 4531 1244 4586; x_wconf 84' lang='lat' dir='ltr'><strong>faeta</strong></span> <span class='ocrx_word' id='word_1_415' title='bbox 1268 4541 1312 4587; x_wconf 87' lang='lat' dir='ltr'><strong>est</strong></span> <span class='ocrx_word' id='word_1_416' title='bbox 1337 4534 1365 4586; x_wconf 92' lang='lat' dir='ltr'><strong>in</strong></span> <span class='ocrx_word' id='word_1_417' title='bbox 1388 4534 1575 4588; x_wconf 88' lang='lat' dir='ltr'><strong>Lateranensi</strong></span> <span class='ocrx_word' id='word_1_418' title='bbox 1606 4535 1746 4589; x_wconf 87' lang='lat' dir='ltr'><strong>aecclesia</strong></span> <span class='ocrx_word' id='word_1_419' title='bbox 1769 4536 1893 4606; x_wconf 85' lang='lat' dir='ltr'><strong>synodus</strong></span> <span class='ocrx_word' id='word_1_420' title='bbox 1916 4534 2083 4604; x_wconf 89' lang='lat' dir='ltr'><strong>presidente</strong></span> 
     </span>
     <span class='ocr_line' id='line_1_38' title="bbox 432 4637 2086 4715; baseline 0.001 -21"><span class='ocrx_word' id='word_1_421' title='bbox 432 4640 563 4694; x_wconf 85' lang='lat' dir='ltr'><strong>Pasclrali</strong></span> <span class='ocrx_word' id='word_1_422' title='bbox 586 4639 623 4694; x_wconf 94' lang='lat' dir='ltr'><strong>Il.</strong></span> <span class='ocrx_word' id='word_1_423' title='bbox 648 4658 732 4710; x_wconf 88' lang='lat' dir='ltr'><strong>papa,</strong></span> <span class='ocrx_word' id='word_1_424' title='bbox 761 4640 913 4694; x_wconf 88' lang='lat' dir='ltr'><strong>indictione</strong></span> <span class='ocrx_word' id='word_1_425' title='bbox 938 4639 989 4692; x_wconf 91' lang='grc' dir='ltr'><strong>ΠΙ.</strong></span> <span class='ocrx_word' id='word_1_426' title='bbox 1014 4640 1102 4693; x_wconf 86' lang='lat' dir='ltr'><strong>Nonis</strong></span> <span class='ocrx_word' id='word_1_427' title='bbox 1126 4640 1245 4706; x_wconf 86' lang='lat' dir='ltr'><strong>lllartiis,</strong></span> <span class='ocrx_word' id='word_1_428' title='bbox 1277 4641 1304 4694; x_wconf 92' lang='lat' dir='ltr'><strong>in</strong></span> <span class='ocrx_word' id='word_1_429' title='bbox 1330 4658 1386 4710; x_wconf 88' lang='lat' dir='ltr'><strong>qua</strong></span> <span class='ocrx_word' id='word_1_430' title='bbox 1408 4642 1514 4712; x_wconf 82' lang='lat' dir='ltr'><strong>legitur</strong></span> <span class='ocrx_word' id='word_1_431' title='bbox 1538 4659 1599 4712; x_wconf 87' lang='lat' dir='ltr'><strong>cap.</strong></span> <span class='ocrx_word' id='word_1_432' title='bbox 1613 4637 1706 4696; x_wconf 81' lang='lat' dir='ltr'><strong>vl1⁵:</strong></span> <span class='ocrx_word' id='word_1_433' title='bbox 1740 4640 1812 4697; x_wconf 82' lang='lat' dir='ltr'><strong>Sunt</strong></span> <span class='ocrx_word' id='word_1_434' title='bbox 1834 4640 1948 4715; x_wconf 82' lang='lat' dir='ltr'><strong>quidam</strong></span> <span class='ocrx_word' id='word_1_435' title='bbox 1972 4639 2021 4715; x_wconf 79' lang='lat' dir='ltr'><strong>qui</strong></span> <span class='ocrx_word' id='word_1_436' title='bbox 2042 4641 2086 4696; x_wconf 77' lang='lat' dir='ltr'><strong>vel</strong></span> 
     </span>
     <span class='ocr_line' id='line_1_39' title="bbox 433 4745 2084 4822; baseline 0 -20"><span class='ocrx_word' id='word_1_437' title='bbox 433 4745 564 4803; x_wconf 83' lang='lat' dir='ltr'><strong>violentie</strong></span> <span class='ocrx_word' id='word_1_438' title='bbox 587 4747 631 4801; x_wconf 85' lang='lat' dir='ltr'><strong>ecl</strong></span> <span class='ocrx_word' id='word_1_439' title='bbox 646 4746 755 4816; x_wconf 84' lang='lat' dir='ltr'><strong>sorore</strong></span> <span class='ocrx_word' id='word_1_440' title='bbox 778 4764 835 4800; x_wconf 84' lang='lat' dir='ltr'><strong>non</strong></span> <span class='ocrx_word' id='word_1_441' title='bbox 846 4745 1015 4820; x_wconf 77' lang='lat' dir='ltr'><strong>permittunt</strong></span> <span class='ocrx_word' id='word_1_442' title='bbox 1036 4745 1186 4801; x_wconf 82' lang='lat' dir='ltr'><strong>aecclesias</strong></span> <span class='ocrx_word' id='word_1_443' title='bbox 1201 4747 1371 4822; x_wconf 73' lang='lat' dir='ltr'><strong>reputando·</strong></span> <span class='ocrx_word' id='word_1_444' title='bbox 1387 4746 1527 4802; x_wconf 79' lang='lat' dir='ltr'><strong>ordinari.</strong></span> <span class='ocrx_word' id='word_1_445' title='bbox 1565 4747 1625 4802; x_wconf 81' lang='lat' dir='ltr'><strong>Hos</strong></span> <span class='ocrx_word' id='word_1_446' title='bbox 1649 4747 1729 4802; x_wconf 82' lang='lat' dir='ltr'><strong>etiam</strong></span> <span class='ocrx_word' id='word_1_447' title='bbox 1747 4747 1920 4802; x_wconf 80' lang='lat' dir='ltr'><strong>decernimus</strong></span> <span class='ocrx_word' id='word_1_448' title='bbox 1942 4754 1973 4801; x_wconf 83' lang='lat' dir='ltr'><strong>ut</strong></span> <span class='ocrx_word' id='word_1_449' title='bbox 1993 4746 2084 4802; x_wconf 84' lang='lat' dir='ltr'><strong>socri·</strong></span> 
     </span>
     <span class='ocr_line' id='line_1_40' title="bbox 433 4852 2130 4928; baseline 0 -21"><span class='ocrx_word' id='word_1_450' title='bbox 433 4853 509 4928; x_wconf 72' lang='lat' dir='ltr'><strong>lepos</strong></span> <span class='ocrx_word' id='word_1_451' title='bbox 531 4852 705 4908; x_wconf 78' lang='lat' dir='ltr'><strong>iudicandos.</strong></span> <span class='ocrx_word' id='word_1_452' title='bbox 2103 4871 2130 4907; x_wconf 77' lang='lat' dir='ltr'><strong>so</strong></span> 
     </span>
     <span class='ocr_line' id='line_1_41' title="bbox 541 4951 2084 5036; baseline 0 -22"><span class='ocrx_word' id='word_1_453' title='bbox 541 4951 696 5014; x_wconf 81' lang='lat' dir='ltr'><strong>Urbanusb</strong></span> <span class='ocrx_word' id='word_1_454' title='bbox 712 4978 787 5030; x_wconf 88' lang='lat' dir='ltr'><strong>papa</strong></span> <span class='ocrx_word' id='word_1_455' title='bbox 803 4960 943 5014; x_wconf 85' lang='lat' dir='ltr'><strong>secundus</strong></span> <span class='ocrx_word' id='word_1_456' title='bbox 954 4955 980 5012; x_wconf 74' lang='lat'><strong>⁶:</strong></span> <span class='ocrx_word' id='word_1_457' title='bbox 1008 4957 1174 5032; x_wconf 75' lang='lat' dir='ltr'><strong>Quintoque</strong></span> <span class='ocrx_word' id='word_1_458' title='bbox 1191 4959 1285 5014; x_wconf 34' lang='lat' dir='ltr'><strong>siz-sont</strong></span> <span class='ocrx_word' id='word_1_459' title='bbox 1299 4959 1328 5014; x_wconf 83' lang='lat' dir='ltr'><strong>in</strong></span> <span class='ocrx_word' id='word_1_460' title='bbox 1345 4959 1561 5036; x_wconf 74' lang='lat' dir='ltr'><strong>ronprepotr&#39;one</strong></span> <span class='ocrx_word' id='word_1_461' title='bbox 1576 4960 1703 5034; x_wconf 79' lang='lat' dir='ltr'><strong>quamuis</strong></span> <span class='ocrx_word' id='word_1_462' title='bbox 1719 4961 1840 5016; x_wconf 83' lang='lat' dir='ltr'><strong>nondum</strong></span> <span class='ocrx_word' id='word_1_463' title='bbox 1851 4959 1979 5030; x_wconf 82' lang='lat' dir='ltr'><strong>fecerint</strong></span> <span class='ocrx_word' id='word_1_464' title='bbox 1994 4967 2084 5016; x_wconf 80' lang='lat' dir='ltr'><strong>uotum</strong></span> 
     </span>
     <span class='ocr_line' id='line_1_42' title="bbox 433 5063 1896 5142; baseline 0.001 -22"><span class='ocrx_word' id='word_1_465' title='bbox 433 5063 520 5120; x_wconf 80' lang='lat' dir='ltr'><strong>niclril</strong></span> <span class='ocrx_word' id='word_1_466' title='bbox 543 5064 671 5134; x_wconf 78' lang='lat' dir='ltr'><strong>labendi,</strong></span> <span class='ocrx_word' id='word_1_467' title='bbox 689 5096 732 5104; x_wconf 86' lang='lat'><strong>--</strong></span> <span class='ocrx_word' id='word_1_468' title='bbox 748 5096 792 5104; x_wconf 94' lang='lat'>—</span> <span class='ocrx_word' id='word_1_469' title='bbox 814 5073 943 5120; x_wconf 72' lang='lat' dir='ltr'><strong>serretore</strong></span> <span class='ocrx_word' id='word_1_470' title='bbox 965 5064 1132 5139; x_wconf 77' lang='lat' dir='ltr'><strong>scripturas,</strong></span> <span class='ocrx_word' id='word_1_471' title='bbox 1157 5073 1286 5120; x_wconf 80' lang='lat' dir='ltr'><strong>scrutare</strong></span> <span class='ocrx_word' id='word_1_472' title='bbox 1308 5068 1433 5141; x_wconf 71' lang='lat' dir='ltr'><strong>rapulam</strong></span> <span class='ocrx_word' id='word_1_473' title='bbox 1459 5075 1543 5136; x_wconf 64' lang='lat' dir='ltr'><strong>toturn,</strong></span> <span class='ocrx_word' id='word_1_474' title='bbox 1570 5067 1702 5142; x_wconf 74' lang='lat' dir='ltr'><strong>nideqsu&#39;d</strong></span> <span class='ocrx_word' id='word_1_475' title='bbox 1718 5066 1896 5142; x_wconf 73' lang='lat' dir='ltr'><strong>proort&#39;sert‘s.</strong></span> 
     </span>
    </p>
   </div>
   <div class='ocr_carea' id='block_1_7' title="bbox 542 5237 1431 5304">
    <p class='ocr_par' dir='ltr' id='par_1_8' title="bbox 542 5237 1431 5304">
     <span class='ocr_line' id='line_1_43' title="bbox 542 5237 1431 5304; baseline 0.001 -17"><span class='ocrx_word' id='word_1_476' title='bbox 542 5237 568 5300; x_wconf 87' lang='lat' dir='ltr'><strong>a)</strong></span> <span class='ocrx_word' id='word_1_477' title='bbox 591 5239 673 5303; x_wconf 85' lang='lat' dir='ltr'><strong>arclry</strong></span> <span class='ocrx_word' id='word_1_478' title='bbox 693 5247 720 5287; x_wconf 85' lang='lat' dir='ltr'><strong>ut</strong></span> <span class='ocrx_word' id='word_1_479' title='bbox 738 5237 788 5288; x_wconf 85' lang='lat' dir='ltr'><strong>vid.</strong></span> <span class='ocrx_word' id='word_1_480' title='bbox 808 5256 871 5288; x_wconf 80' lang='lat' dir='ltr'><strong>corr.</strong></span> <span class='ocrx_word' id='word_1_481' title='bbox 891 5256 920 5287; x_wconf 80' lang='lat' dir='ltr'><strong>en</strong></span> <span class='ocrx_word' id='word_1_482' title='bbox 939 5240 960 5287; x_wconf 89' lang='lat' dir='ltr'><strong>-i</strong></span> <span class='ocrx_word' id='word_1_483' title='bbox 979 5256 999 5288; x_wconf 89' lang='lat' dir='ltr'><strong>c.</strong></span> <span class='ocrx_word' id='word_1_484' title='bbox 1073 5237 1100 5298; x_wconf 92' lang='lat' dir='ltr'><strong>b)</strong></span> <span class='ocrx_word' id='word_1_485' title='bbox 1122 5239 1248 5304; x_wconf 73' lang='lat' dir='ltr'><strong>sequendis</strong></span> <span class='ocrx_word' id='word_1_486' title='bbox 1267 5239 1294 5288; x_wconf 81' lang='lat' dir='ltr'><strong>in</strong></span> <span class='ocrx_word' id='word_1_487' title='bbox 1313 5257 1391 5304; x_wconf 61' lang='lat' dir='ltr'><strong>valery.</strong></span> <span class='ocrx_word' id='word_1_488' title='bbox 1411 5258 1431 5289; x_wconf 87' lang='lat' dir='ltr'><strong>c.</strong></span> 
     </span>
    </p>
   </div>
   <div class='ocr_carea' id='block_1_8' title="bbox 430 5397 2130 5791">
    <p class='ocr_par' dir='ltr' id='par_1_9' title="bbox 430 5397 2130 5791">
     <span class='ocr_line' id='line_1_44' title="bbox 544 5397 2085 5478; baseline 0.001 -22"><span class='ocrx_word' id='word_1_489' title='bbox 544 5401 573 5471; x_wconf 89' lang='grc'><strong>1)</strong></span> <span class='ocrx_word' id='word_1_490' title='bbox 601 5401 655 5476; x_wconf 77' lang='lat' dir='ltr'><strong>Ep.</strong></span> <span class='ocrx_word' id='word_1_491' title='bbox 675 5401 698 5470; x_wconf 82' lang='lat' dir='ltr'><strong>l,</strong></span> <span class='ocrx_word' id='word_1_492' title='bbox 716 5422 738 5456; x_wconf 82' lang='lat' dir='ltr'><strong>e.</strong></span> <span class='ocrx_word' id='word_1_493' title='bbox 758 5401 775 5455; x_wconf 82' lang='lat'><strong>3</strong></span> <span class='ocrx_word' id='word_1_494' title='bbox 793 5422 833 5476; x_wconf 81' lang='lat' dir='ltr'><strong>sq.</strong></span> <span class='ocrx_word' id='word_1_495' title='bbox 911 5401 940 5469; x_wconf 83' lang='lat'><strong>2)</strong></span> <span class='ocrx_word' id='word_1_496' title='bbox 960 5400 1008 5472; x_wconf 74' lang='lat' dir='ltr'><strong>Cf.</strong></span> <span class='ocrx_word' id='word_1_497' title='bbox 1028 5402 1141 5478; x_wconf 74' lang='lat' dir='ltr'><strong>Dialop.</strong></span> <span class='ocrx_word' id='word_1_498' title='bbox 1160 5402 1238 5458; x_wconf 79' lang='lat' dir='ltr'><strong>Prot.</strong></span> <span class='ocrx_word' id='word_1_499' title='bbox 1260 5397 1536 5476; x_wconf 61' lang='lat' dir='ltr'><strong>(1126-1130l;</strong></span> <span class='ocrx_word' id='word_1_500' title='bbox 1563 5403 1647 5459; x_wconf 81' lang='lat' dir='ltr'><strong>Liber</strong></span> <span class='ocrx_word' id='word_1_501' title='bbox 1671 5405 1704 5459; x_wconf 82' lang='lat' dir='ltr'><strong>de</strong></span> <span class='ocrx_word' id='word_1_502' title='bbox 1728 5401 1893 5459; x_wconf 76' lang='lat' dir='ltr'><strong>rzooitatilnas</strong></span> <span class='ocrx_word' id='word_1_503' title='bbox 1916 5403 1996 5459; x_wconf 79' lang='lat' dir='ltr'><strong>huius</strong></span> <span class='ocrx_word' id='word_1_504' title='bbox 2020 5411 2085 5458; x_wconf 81' lang='lat' dir='ltr'><strong>tenr-</strong></span> 
     </span>
     <span class='ocr_line' id='line_1_45' title="bbox 430 5505 2130 5586; baseline 0.001 -22"><span class='ocrx_word' id='word_1_505' title='bbox 430 5508 513 5582; x_wconf 82' lang='lat' dir='ltr'><strong>poris</strong></span> <span class='ocrx_word' id='word_1_506' title='bbox 536 5529 558 5563; x_wconf 82' lang='lat' dir='ltr'><strong>e.</strong></span> <span class='ocrx_word' id='word_1_507' title='bbox 578 5509 606 5564; x_wconf 85' lang='lat'><strong>5.</strong></span> <span class='ocrx_word' id='word_1_508' title='bbox 700 5508 730 5577; x_wconf 90' lang='grc'><strong>3)</strong></span> <span class='ocrx_word' id='word_1_509' title='bbox 750 5505 892 5565; x_wconf 79' lang='lat' dir='ltr'><strong>Conrado.</strong></span> <span class='ocrx_word' id='word_1_510' title='bbox 986 5507 1016 5576; x_wconf 83' lang='lat'><strong>4)</strong></span> <span class='ocrx_word' id='word_1_511' title='bbox 1043 5507 1204 5566; x_wconf 82' lang='lat' dir='ltr'><strong>Gerkolunn</strong></span> <span class='ocrx_word' id='word_1_512' title='bbox 1228 5509 1326 5583; x_wconf 77' lang='lat' dir='ltr'><strong>ipsunt.</strong></span> <span class='ocrx_word' id='word_1_513' title='bbox 1421 5507 1451 5578; x_wconf 79' lang='lat'><strong>5)</strong></span> <span class='ocrx_word' id='word_1_514' title='bbox 1470 5508 1555 5566; x_wconf 72' lang='grc' dir='ltr'><strong>(1ναὶ.</strong></span> <span class='ocrx_word' id='word_1_515' title='bbox 1575 5509 1605 5567; x_wconf 79' lang='lat' dir='ltr'><strong>U.</strong></span> <span class='ocrx_word' id='word_1_516' title='bbox 1623 5511 1650 5579; x_wconf 89' lang='lat' dir='ltr'><strong>l,</strong></span> <span class='ocrx_word' id='word_1_517' title='bbox 1675 5531 1720 5586; x_wconf 85' lang='lat' dir='ltr'><strong>qu.</strong></span> <span class='ocrx_word' id='word_1_518' title='bbox 1740 5510 1769 5579; x_wconf 82' lang='lat'><strong>2,</strong></span> <span class='ocrx_word' id='word_1_519' title='bbox 1794 5530 1817 5566; x_wconf 86' lang='lat' dir='ltr'><strong>c.</strong></span> <span class='ocrx_word' id='word_1_520' title='bbox 1839 5509 1916 5565; x_wconf 82' lang='lat'>125:</span> <span class='ocrx_word' id='word_1_521' title='bbox 1941 5511 2085 5565; x_wconf 82' lang='lat' dir='ltr'><strong>Paschalis</strong></span> <span class='ocrx_word' id='word_1_522' title='bbox 2103 5526 2130 5566; x_wconf 74' lang='lat' dir='ltr'><strong>te</strong></span> 
     </span>
     <span class='ocr_line' id='line_1_46' title="bbox 434 5615 2084 5689; baseline 0.002 -20"><span class='ocrx_word' id='word_1_523' title='bbox 434 5617 592 5683; x_wconf 70' lang='lat' dir='ltr'><strong>secundus,</strong></span> <span class='ocrx_word' id='word_1_524' title='bbox 618 5616 658 5686; x_wconf 83' lang='lat' dir='ltr'><strong>cf.</strong></span> <span class='ocrx_word' id='word_1_525' title='bbox 683 5615 763 5670; x_wconf 82' lang='lat' dir='ltr'><strong>Diul.</strong></span> <span class='ocrx_word' id='word_1_526' title='bbox 788 5616 838 5670; x_wconf 86' lang='lat' dir='ltr'><strong>col.</strong></span> <span class='ocrx_word' id='word_1_527' title='bbox 856 5615 949 5670; x_wconf 85' lang='grc'><strong>1361,</strong></span> <span class='ocrx_word' id='word_1_528' title='bbox 1038 5616 1067 5682; x_wconf 88' lang='grc'><strong>6)</strong></span> <span class='ocrx_word' id='word_1_529' title='bbox 1091 5615 1200 5672; x_wconf 81' lang='lat' dir='ltr'><strong>Urbani</strong></span> <span class='ocrx_word' id='word_1_530' title='bbox 1215 5615 1254 5671; x_wconf 89' lang='lat' dir='ltr'><strong>II.</strong></span> <span class='ocrx_word' id='word_1_531' title='bbox 1281 5615 1358 5689; x_wconf 81' lang='lat' dir='ltr'><strong>epist.</strong></span> <span class='ocrx_word' id='word_1_532' title='bbox 1383 5615 1425 5671; x_wconf 80' lang='lat' dir='ltr'><strong>ad</strong></span> <span class='ocrx_word' id='word_1_533' title='bbox 1448 5615 1573 5685; x_wconf 77' lang='lat' dir='ltr'><strong>Lucium,</strong></span> <span class='ocrx_word' id='word_1_534' title='bbox 1601 5617 1700 5673; x_wconf 70' lang='lat' dir='ltr'><strong>Mami</strong></span> <span class='ocrx_word' id='word_1_535' title='bbox 1722 5617 1790 5687; x_wconf 83' lang='lat' dir='ltr'><strong>XX,</strong></span> <span class='ocrx_word' id='word_1_536' title='bbox 1816 5618 1866 5672; x_wconf 83' lang='lat' dir='ltr'><strong>col.</strong></span> <span class='ocrx_word' id='word_1_537' title='bbox 1885 5617 1944 5672; x_wconf 85' lang='grc'><strong>661</strong></span> <span class='ocrx_word' id='word_1_538' title='bbox 1952 5638 1963 5687; x_wconf 87' lang='grc'><strong>,·</strong></span> <span class='ocrx_word' id='word_1_539' title='bbox 1986 5615 2084 5674; x_wconf 87' lang='lat' dir='ltr'>J.-L.</span> 
     </span>
     <span class='ocr_line' id='line_1_47' title="bbox 436 5721 1363 5791; baseline 0 -15"><span class='ocrx_word' id='word_1_540' title='bbox 436 5721 539 5789; x_wconf 78' lang='lat'><strong>5743;</strong></span> <span class='ocrx_word' id='word_1_541' title='bbox 564 5722 604 5791; x_wconf 86' lang='lat' dir='ltr'><strong>cf.</strong></span> <span class='ocrx_word' id='word_1_542' title='bbox 630 5721 709 5776; x_wconf 68' lang='lat' dir='ltr'><strong>Dias.</strong></span> <span class='ocrx_word' id='word_1_543' title='bbox 736 5723 785 5776; x_wconf 85' lang='lat' dir='ltr'><strong>col.</strong></span> <span class='ocrx_word' id='word_1_544' title='bbox 808 5721 908 5790; x_wconf 79' lang='lat'><strong>1389‚·</strong></span> <span class='ocrx_word' id='word_1_545' title='bbox 939 5721 1033 5777; x_wconf 66' lang='lat' dir='ltr'><strong>&#39;Il‘act</strong></span> <span class='ocrx_word' id='word_1_546' title='bbox 1058 5723 1092 5776; x_wconf 85' lang='lat' dir='ltr'><strong>de</strong></span> <span class='ocrx_word' id='word_1_547' title='bbox 1114 5722 1174 5777; x_wconf 78' lang='lat' dir='ltr'><strong>sina</strong></span> <span class='ocrx_word' id='word_1_548' title='bbox 1199 5723 1249 5776; x_wconf 88' lang='lat' dir='ltr'><strong>col.</strong></span> <span class='ocrx_word' id='word_1_549' title='bbox 1270 5721 1363 5776; x_wconf 82' lang='lat'>1345.</span> 
     </span>
    </p>
   </div>
   <div class='ocr_carea' id='block_1_9' title="bbox 0 0 2251 6388">
    <p class='ocr_par' dir='ltr' id='par_1_10' title="bbox 0 0 2251 6388">
     <span class='ocr_line' id='line_1_48' title="bbox 0 0 2251 6388; baseline 0 0"><span class='ocrx_word' id='word_1_550' title='bbox 0 0 2251 6388; x_wconf 95' lang='lat' dir='ltr'><strong> </strong></span> 
     </span>
    </p>
   </div>
  </div>
 </body>
</html>
