4478 6442
447 445 510 506 706
695 448 873 506 CARMINA
896 449 937 504 IN
961 447 1155 503 SIMONIAM
1179 449 1229 504 ET
1253 446 1507 504 ROMANORUM
1531 445 1763 503 AVARITIAM.
1799 449 1850 503 Vl.

452 639 635 703 Trevirensi
661 639 821 724 confectus
851 640 925 702 est1.
978 635 1166 717 Franciom,
1198 637 1364 722 Anqliam,
1395 636 1430 700 F
1431 635 1608 716 hadriam,
1638 636 1887 724 Burgundio-ra²
1915 649 2008 722 poeto
2038 660 2091 700 nort

446 745 527 810 rurale
561 747 683 808 novisse
718 743 851 808 videtur.
905 743 1053 823 Accedit,
1088 741 1174 828 quod
1207 743 1431 808 elocutionibus
1465 745 1562 808 utitur
1598 741 1706 808 Galls's
1741 745 1806 808 iaris
1841 757 1907 806 mm
1942 745 2090 807 uss-’asae

415 929 418 936 Ι
446 851 688 936 Letharinqiam
722 875 793 938 erqo
826 851 876 915 cel
899 853 1010 937 patius
1042 849 1172 914 Gallum
1205 851 1329 915 natione
1361 873 1429 914 eum
1455 850 1566 938 fuisse
1596 852 1750 936 suspicor.
1810 848 1933 914 Ordine
1967 849 2093 914 clericus

446 959 621 1022 saecularia
636 959 746 1044 faisse
772 957 904 1037 videtur,
934 959 993 1042 qai
1020 971 1075 1020 cat
1104 959 1171 1042 epse
1199 957 1345 1020 honorem
1373 958 1408 1022 in
1430 958 1561 1022 ecclesia
1584 959 1819 1043 impetraturam,
1843 971 1899 1020 aut
1915 956 2093 1043 praelatum

446 1064 602 1149 quendam
632 1067 805 1144 comitemne,
835 1063 1051 1128 Romanormn
1081 1077 1108 1128 et
1138 1062 1309 1128 curialium
1339 1065 1510 1128 avaritiam
1541 1066 1573 1127 in
1598 1065 1674 1128 urbe
1704 1065 1776 1150 apsa
1807 1065 1982 1150 cogitarat
2033 1062 2121 1140 Quos

446 1185 580 1257 tempore
604 1171 660 1234 lcoc
682 1195 807 1235 carmen
831 1171 977 1250 ediderit,
1001 1194 1061 1234 non
1085 1183 1210 1234 consuit
1246 1170 1317 1233 Iam
1333 1183 1431 1234 aetate
1447 1170 1571 1234 Urbani
1583 1169 1630 1234 ΙΙ.
1668 1169 1758 1234 Serto
1781 1172 1841 1256 qui
1862 1169 1984 1234 dicitur
2001 1169 2093 1233 Baio-

446 1280 547 1342 ceaoia
577 1291 605 1341 et
629 1277 773 1342 *Garates
800 1277 830 1340 T
828 1278 988 1342 toletanas
1022 1279 1193 1342 avaritiam
1224 1276 1395 1341 curialium
1429 1278 1540 1340 satiris
1573 1277 1787 1341 acerbissimis
1821 1275 2092 1363 reprehenderunt

447 1383 555 1470 Neque
581 1409 651 1448 cero
674 1383 842 1448 Pascdalis
864 1383 911 1447 ΙΙ.
936 1387 1040 1449 eiusne
1062 1407 1253 1448 soccessores
1275 1383 1349 1447 laic
1372 1385 1459 1464 citio,
1483 1386 1544 1448 etsi
1563 1385 1743 1463 voluissent,
1773 1384 1898 1448 mederi
1912 1385 2094 1469 potuissent,

447 1515 516 1554 cnm
540 1491 704 1555 rnnltituda
728 1491 921 1578 officialium
946 1493 979 1554 iu
996 1491 1064 1554 dies
1081 1514 1219 1554 crescens
1235 1491 1304 1554 iure
1327 1503 1356 1554 ot
1379 1490 1500 1554 iniuria
1524 1492 1637 1555 victum
1661 1492 1729 1556 sibi
1742 1515 1865 1577 parare
1889 1503 1997 1553 coacta
2014 1503 2092 1553 esset

448 1596 544 1661 Nihil
566 1621 637 1685 erqo
661 1597 699 1662 de
722 1597 838 1684 epocha
862 1600 1015 1662 carminis
1038 1623 1077 1660 erc
1098 1621 1133 1662 eo
1156 1599 1226 1684 ipso
1250 1596 1362 1683 colle'qi
1376 1611 1486 1683 potest.
2111 1624 2134 1660 n

356 1821 427 1861 ‘tta
555 1807 660 1873 'Gens
683 1809 901 1873 Romanorum
926 1807 1063 1873 subdola

552 1914 698 2002 Antiqua
722 1914 799 1980 colit
821 1914 972 2002 hydola⁸.

553 2021 734 2108 Argentum
758 2023 921 2109 quondam
946 2022 1045 2088 coluit

553 2129 596 2192 Et
619 2130 652 2193 in
676 2129 774 2194 lucris
798 2131 962 2194 insaniitb.

509 2251 524 2298 5
552 2235 669 2300 Adhuc
693 2237 833 2322 suspirat
857 2236 963 2319 hodie,

552 2342 676 2407 Aurum
701 2342 810 2407 colens
834 2342 967 2430 Arabis,

554 2449 694 2514 Ornatas
717 2459 826 2514 vestes
851 2448 981 2539 Grecis,

552 2555 741 2620 liburnum
764 2558 900 2642 gemmis
924 2555 1034 2646 India

553 2661 713 2728 Delitiosa
736 2663 908 2752 Franciq⁰,

492 2785 524 2834 ιο
552 2768 741 2856 Argentum,
766 2793 880 2835 aurum
903 2771 1060 2857 Anglie⁵;

552 2875 620 2940 Lac
644 2886 677 2940 et
699 2875 842 2941 butirum
865 2877 1029 2964 Flandrie‚
1068 2929 1070 2932 .

552 2983 668 3065 Mulos,
691 2983 795 3048 mulas
819 2984 1009 3074 Burgundiq

552 3089 655 3154 Roma
678 3089 816 3176 deglutit
839 3092 977 3177 penitus,

553 3196 664 3282 Digna
685 3199 792 3284 perire
816 3197 971 3263 funditus.

492 3319 524 3368 15
553 3303 627 3368 Non
650 3315 742 3368 curat
765 3326 828 3391 que
852 3318 926 3370 sunt
948 3307 1099 3392 proximi,

552 3410 664 3475 Verba
686 3411 865 3497 spernensl
889 3412 1053 3496 altissimi3

553 3518 738 3583 Secundum
762 3518 888 3605 pondus
911 3519 1044 3602 iudicat,

553 3623 693 3689 Causam
719 3637 865 3690 auratam
889 3625 1053 3713 predicat,

552 3731 626 3796 Non
649 3730 740 3795 audit
763 3755 877 3797 vocem
901 3734 1071 3820 pauperis:

491 3855 526 3903 20
553 3839 627 3903 Non
650 3839 761 3918 intras,
786 3840 813 3902 si
837 3839 903 3902 nil⁰
928 3837 1067 3903 dederis,

554 3944 605 4009 Illi
628 3945 774 4009 firmatur
796 3946 905 4028 ianua,

556 4052 620 4132 Qui
643 4053 734 4116 vonit
756 4051 876 4116 manus
900 4075 1015 4118 vacua.

556 4157 684 4222 Clamat
706 4181 825 4223 avarus
848 4160 966 4224 innitor

555 4265 599 4328 Et
621 4275 713 4351 porte
737 4265 845 4348 clause
869 4266 1035 4331 venditor:

494 4388 527 4436 25
557 4372 633 4452 ‘Qui
655 4373 725 4436 vult
747 4373 869 4437 intrare
894 4396 1066 4455 cameram,

556 4478 629 4543 Non
652 4492 729 4565 agat
752 4503 879 4544 mecum
903 4482 1090 4568 perperam!

556 4586 623 4650 Det
645 4586 724 4650 mihi
746 4589 835 4673 prius
859 4611 1003 4670 munera,

556 4692 599 4756 Et
623 4715 698 4758 mox
722 4692 846 4779 patebit
869 4716 1007 4758 camera.

557 4798 593 4864 Si
616 4798 685 4880 das,
708 4798 845 4864 intrabis
868 4803 1025 4886 protinus.

495 4922 529 4970 30
558 4906 594 4971 Si
617 4929 682 4971 non
705 4907 773 4986 das,
798 4906 899 4971 stabis
923 4908 1073 4973 eminus'.

1405 1808 1515 1874 Nullis
1539 1810 1719 1875 succurritl
1742 1810 1875 1892 veritas,

1405 1915 1479 1980 Non
1502 1917 1593 1981 iuvat
1616 1917 1831 2003 quemquam*
1858 1917 2027 2000 sanctitas,

1405 2022 1479 2087 Non
1502 2025 1645 2108 spetiosa
1668 2023 1815 2110 qualitas,

1405 2129 1479 2194 Non
1502 2130 1645 2216 spatiosa
1668 2131 1841 2216 quantitas.

1343 2251 1376 2300 35
1404 2235 1492 2302 Nulli
1515 2236 1603 2300 valet
1626 2237 1778 2319 scientim

1404 2341 1501 2408 Non¹¹
1524 2353 1659 2429 prosunt
1681 2343 1860 2408 natalitia¹.

1406 2449 1483 2514 Sola
1505 2460 1620 2536 regnat
1642 2451 1783 2536 pecunia

1404 2557 1470 2621 Per
1491 2567 1594 2621 terras
1618 2567 1650 2622 et
1672 2579 1731 2644 per
1754 2558 1866 2622 maria.

1404 2662 1474 2727 Iam
1498 2674 1614 2750 regnat
1636 2687 1734 2750 super
1757 2663 1908 2728 cardines

1343 2785 1377 2834 40
1404 2769 1449 2834 Et
1472 2771 1659 2858 angelorum
1684 2771 1830 2854 ordines3

1405 2876 1475 2942 Iam
1499 2877 1701 2964 adtemptant
1724 2877 1858 2965 cqlestia

1405 2983 1521 3048 Mundi
1544 2983 1839 3071 contemptibiliam.

1404 3091 1474 3156 Iam
1498 3092 1612 3178 regina
1634 3093 1784 3178 pecunia,

1405 3197 1521 3263 Iuncta
1544 3197 1605 3263 sibi
1630 3198 1800 3284 symonia¹¹

1343 3321 1376 3370 45
1404 3304 1449 3369 Et
1470 3304 1599 3391 leprosa
1623 3303 1771 3386 Giezia0,

1405 3411 1444 3476 In
1467 3411 1595 3476 altiorip
1620 3414 1711 3497 regia

1405 3519 1506 3604 Rome
1529 3529 1618 3583 tenet
1641 3518 1813 3584 concilium

1406 3626 1502 3691 Stans
1525 3626 1561 3690 in
1583 3635 1761 3711 conspectu
1783 3627 1938 3690 omnium.

1405 3733 1449 3798 Et
1471 3733 1659 3798 convocatis
1682 3731 1809 3818 populis

1343 3851 1378 3904 50
1405 3839 1435 3903 A
1459 3840 1552 3904 terris
1577 3849 1610 3903 et
1633 3837 1674 3903 ab
1697 3837 1821 3921 insulis,

1406 3945 1600 4011 Consortans
1623 3968 1735 4009 omnes
1758 3947 1891 4032 paliter,

1405 4053 1534 4118 Affatur
1557 4075 1612 4117 eos
1636 4052 1759 4117 taliter:

1407 4159 1548 4240 ‘Audite
1572 4160 1636 4223 mei
1659 4158 1728 4240 filii,

1408 4267 1497 4348 Quos
1522 4266 1605 4330 lacte
1629 4287 1701 4330 meo
1724 4266 1833 4348 nutrii,

1345 4391 1378 4440 55
1408 4374 1574 4454 Iuventus,
1599 4395 1693 4436 senes
1716 4370 1854 4454 tremuli,

1407 4480 1536 4545 Fideles
1561 4491 1593 4544 et
1615 4478 1789 4544 increduli!

1407 4589 1473 4668 Qui
1496 4585 1608 4651 mundi
1631 4587 1738 4674 querit
1760 4585 1896 4672 gloriam

1406 4695 1450 4759 Et
1473 4693 1690 4758 Romanorum
1714 4693 1861 4780 gratiam,

1406 4803 1556 4866 Honores
1579 4800 1613 4864 in
1636 4799 1786 4881 ecclesia,

1346 4926 1379 4976 60
1408 4908 1521 4991 Sedes,
1545 4909 1666 4988 mitras,
1691 4905 1862 4971 sandalia‘¹

557 5124 584 5187 a)
605 5127 640 5176 aia
659 5127 691 5175 A.
765 5127 793 5186 b)
815 5128 935 5178 insonuit
954 5127 994 5186 A3
1014 5129 1144 5178 insanivit
1162 5127 1225 5178 ocni.
1238 5128 1316 5179 Dum
1381 5127 1407 5190 c)
1428 5129 1534 5196 inaneis
1553 5143 1674 5192 saperem.
1693 5135 1717 5176 et
1734 5143 1841 5190 capsim.
1858 5142 1921 5176 corr.
1941 5125 2047 5195 fruticis
2068 5127 2102 5176 A.

450 5214 479 5278 d)
501 5232 632 5282 spemans
647 5216 707 5266 Al.
772 5211 798 5275 e)
819 5215 885 5264 nihil
905 5217 929 5266 A
944 5219 966 5266 1.
1038 5217 1059 5277 Ι)
1080 5235 1144 5267 corr.
1162 5233 1192 5268 os
1210 5234 1309 5268 manua
1328 5217 1352 5266 A
1365 5220 1388 5266 1.
1460 5215 1489 5280 g)
1510 5216 1621 5281 sequitur
1638 5231 1652 5264 τ
1670 5222 1820 5280 camenctum
1838 5214 1866 5264 ia
1884 5213 1917 5263 A.
1985 5213 2015 5270 h)
2037 5232 2101 5265 corr.

449 5322 571 5370 superscr.
589 5322 619 5355 aa
637 5306 758 5354 succurit
777 5305 811 5354 A.
894 5303 915 5365 i)
935 5306 970 5355 a'c
988 5306 1012 5354 A
1026 5308 1052 5366 13
1079 5322 1213 5371 quemque
1233 5307 1266 5355 A.
1351 5305 1380 5366 k)
1401 5304 1469 5355 nulli
1491 5307 1512 5354 A
1526 5306 1549 5355 1.
1640 5303 1659 5366 l)
1680 5302 1812 5354 natalicia
1829 5305 1854 5352 A
1868 5306 1889 5352 l.
1963 5293 2013 5365 nr)
2036 5320 2099 5354 con-

451 5393 587 5460 temptilia
605 5393 665 5443 Al.
737 5397 766 5455 ιι)
788 5395 903 5444 simonia
922 5395 945 5442 A
958 5395 982 5443 1.
1055 5389 1082 5454 ο)
1103 5396 1183 5460 genia
1202 5395 1261 5445 Al.
1334 5393 1362 5462 p)
1385 5393 1481 5446 sleiori
1502 5395 1561 5444 Al.
1633 5389 1661 5458 q)
1682 5411 1746 5443 corr.
1765 5409 1795 5442 en
1812 5389 1952 5442 scandalis
1972 5392 2006 5442 A.

548 5590 592 5667 .l)
616 5593 720 5649 Poetae
743 5595 791 5650 lat.
816 5593 879 5650 aevi
896 5591 992 5650 Carol.
1017 5593 1073 5663 III,
1098 5614 1131 5670 p.
1151 5593 1223 5650 152.
1327 5590 1358 5668 2)
1380 5595 1411 5650 V.
1430 5593 1553 5650 9—12.
1661 5589 1692 5667 3)
1717 5590 1765 5663 Of.
1789 5591 1899 5647 fimare
1925 5611 1949 5647 a.
1970 5591 2021 5647 ll.
2042 5611 2102 5667 pro
2119 5607 2150 5644 tr»

451 5701 600 5769 claudere3
625 5719 650 5757 v.
676 5700 725 5755 Ila
743 5699 839 5775 (lanae
860 5699 909 5756 sab
931 5719 1005 5757 voce.
1097 5697 1129 5774 4)
1151 5701 1182 5757 V.
1208 5700 1259 5758 46.
1285 5700 1438 5758 56—61.
1465 5700 1603 5757 67—71.
1696 5695 1728 5773 5)
1751 5698 1797 5755 De
1820 5697 1992 5755 ‘densescat’
2012 5707 2102 5774 poeta

451 5806 589 5883 capitanii.
