4410 6406
444 375 508 438 274
742 381 921 438 GERHOHI
943 380 1176 437 PRAEPOSITI
1200 381 1606 438 REICHERSBERGENSIS
1630 382 1795 437 LIBELLI.

550 566 801 633 venerabilibus
833 579 943 633 sancte
966 568 1111 632 Romane
1143 567 1279 632 ecclesie
1304 568 1471 650 columnis,
1496 567 1715 634 cardinalibus
1740 566 1937 658 Gerhlardo]
1969 568 2100 632 cancel·

443 674 524 740 lario
555 685 587 739 et
617 675 772 760 magistro
805 673 978 738 Gwidoni¹
1009 684 1042 738 et
1071 673 1189 738 domno
1220 671 1381 739 Goizoni²
1414 675 1514 739 frater
1545 673 1717 739 Gerhohus
1746 674 2100 762 Richerspergensium

444 781 579 846 fratrum
602 801 716 845 servus
740 781 877 846 devotus
901 781 1063 845 orationes
1093 803 1167 845 cum
1191 779 1296 845 fidelis
1320 779 1504 845 obedientie
1529 780 1695 868 obsequio.
1742 780 1825 846 Cum
1849 781 1900 846 his
1924 782 1983 868 qui
2007 779 2101 844 vide-

443 886 563 952 bantur
587 887 758 974 columpne
783 910 853 951 esse
877 886 999 951 Paulus
1030 887 1180 953 minimus
1211 887 1429 974 apostolorum
1453 887 1589 952 contulit
1612 888 1850 974 euuangelium,
1875 888 1965 976 quod
1991 887 2102 974 predi-

445 992 543 1058 cabat
565 992 777 1079 ingentibus,
801 1017 842 1058 ne
858 995 940 1058 forte
965 994 998 1056 in
1014 1015 1154 1057 vacuum
1171 1005 1316 1058 curreret
1330 1004 1386 1058 aut
1403 995 1607 1076 cucurrisset,
1632 996 1660 1058 si
1677 995 1848 1081 euangelio
1866 1019 1923 1060 suo
1941 1017 2102 1059 assensus
2122 1021 2135 1059 s

445 1123 637 1186 magnorum
661 1100 881 1186 apostolorum
903 1100 1033 1164 videtur
1056 1099 1208 1182 defuisse,
1233 1101 1320 1187 quod
1344 1102 1442 1165 etiam
1471 1123 1532 1187 ego
1561 1102 1712 1166 minimus
1736 1104 1878 1166 omnium
1903 1103 2103 1167 christiano·

445 1231 517 1271 rum
538 1208 673 1294 cupiens
696 1208 827 1288 imitari,
852 1206 985 1272 ascendi
1002 1207 1147 1288 Romam,
1163 1207 1275 1271 videre
1291 1207 1381 1272 Petri
1405 1209 1563 1272 vicarium
1588 1218 1620 1272 et
1642 1209 1747 1272 mansi
1770 1208 1859 1295 apud
1881 1231 1955 1274 eum
1982 1207 2104 1273 diebus

445 1314 620 1402 aliquantis
645 1313 859 1399 colloquendo
882 1311 975 1377 vobis
1000 1335 1038 1377 ac
1063 1314 1179 1377 ceteris
1204 1313 1341 1378 ecclesie
1365 1315 1510 1378 Romane
1535 1313 1702 1397 columnis,
1727 1337 1767 1378 ne
1791 1315 1873 1380 forte
1898 1317 1930 1379 in
1955 1337 2105 1380 vacuum

447 1443 610 1486 currerem
640 1431 696 1485 aut
727 1421 952 1501 cucurrissem,
984 1421 1011 1482 si
1042 1419 1121 1506 quid
1151 1419 1294 1484 dicerem
1322 1421 1374 1484 vel
1404 1421 1571 1502 dixissem,
1603 1422 1636 1485 in
1665 1444 1728 1507 quo
1752 1431 1860 1485 vestre
1891 1422 2104 1486 discretionis

447 1529 665 1593 coniventiam
696 1539 729 1592 et
759 1549 953 1591 consensum
982 1549 1048 1590 non
1077 1525 1231 1590 haberem
1256 1527 1307 1591 vel
1331 1526 1527 1592 habuissem.
1576 1527 1647 1592 Stat
1671 1529 1791 1614 quippe
1822 1528 1901 1593 mihi
1931 1529 1995 1593 hoc
2027 1551 2104 1614 pro-
2125 1556 2150 1593 ιο

445 1636 595 1721 positum,
626 1635 659 1698 in
687 1633 774 1698 nullo
798 1656 951 1720 umquam
983 1633 1154 1698 dissentire
1178 1656 1198 1697 a
1221 1645 1332 1699 sancte
1356 1633 1533 1720 apostolice
1558 1634 1645 1699 sedis
1670 1634 1818 1698 doctrina
1841 1645 1874 1699 et
1895 1634 1972 1718 fide,
1994 1647 2105 1720 ,atque

445 1741 520 1805 ideo
545 1742 614 1804 sive
638 1763 773 1827 presens
801 1761 860 1826 per
883 1739 971 1804 dicta
996 1741 1065 1804 sive
1089 1737 1206 1804 absens
1237 1763 1296 1827 per
1319 1741 1439 1826 scripta
1463 1740 1550 1804 soleo
1575 1741 1732 1822 conferre,
1757 1741 1940 1828 dequibus
1965 1765 2107 1806 moveor

447 1872 521 1912 curn
552 1845 714 1933 aliquibus
744 1846 830 1911 illius
861 1845 999 1911 ecclesie
1029 1846 1103 1910 filiis
1133 1847 1326 1932 insignibus.
1373 1846 1427 1910 Ad
1451 1846 1538 1933 quod
1562 1849 1794 1913 convenienter
1824 1849 2001 1935 agendum,
2027 1871 2105 1913 cum

446 1965 491 2036 tu,
517 1953 697 2036 Gerharde,
723 1953 897 2018 cardinalis
920 1952 1092 2040 presbyter
1115 1952 1255 2018 Sanctae
1280 1953 1395 2018 Crucis
1419 1955 1655 2040 proeminentia
1679 1953 1882 2020 discretionis
1906 1978 1944 2020 ac
1970 1957 2105 2042 sapien·

446 2062 511 2126 tiae
542 2060 699 2125 hactenus
728 2060 872 2146 potueris
903 2059 980 2124 mihi
1012 2060 1200 2124 satisfacere
1227 2059 1322 2124 dictis
1345 2059 1398 2123 vel
1423 2061 1551 2146 scriptis
1576 2063 1656 2125 meis
1679 2061 1907 2148 respondendo
1931 2064 2104 2126 succincte
2126 2090 2150 2128 u

448 2191 486 2232 ac
511 2167 628 2249 lucide,
652 2190 738 2230 nunc
762 2177 895 2253 propter
910 2189 1045 2252 magnas
1070 2177 1102 2230 et
1124 2165 1241 2230 multas
1265 2168 1495 2252 occupationes
1519 2167 1712 2233 cancellarie
1723 2173 1744 2251 ³,
1770 2167 1887 2256 quibus
1911 2169 2105 2233 cautissime

448 2275 490 2339 ad
515 2273 636 2338 Christi
666 2275 822 2338 honorem
853 2272 1065 2359 disponendis
1095 2283 1183 2336 tuam
1214 2273 1421 2359 prudentiam
1444 2297 1579 2338 necesse
1605 2286 1653 2339 est
1681 2275 1864 2361 invigilare,
1892 2277 1998 2340 ascivi
2022 2275 2105 2339 mihi

448 2393 556 2446 tecum
587 2381 668 2444 duas
698 2380 800 2444 olivas
832 2390 864 2444 et
894 2379 957 2444 duo
989 2378 1199 2462 candelabra,
1231 2379 1333 2444 olivas
1367 2390 1501 2466 propter
1534 2383 1702 2467 pietatem,
1735 2382 1932 2447 candelabra
1965 2393 2105 2469 propter

448 2488 594 2552 veritatis
618 2486 734 2568 lucem,
760 2486 840 2551 duos
857 2485 1011 2550 videlicet
1034 2485 1216 2550 cardinales
1240 2488 1482 2572 prenominatos
1500 2484 1685 2552 Gvidonem
1709 2500 1741 2554 et
1758 2487 1958 2575 Goyzonem.
1996 2489 2103 2554 Vobis

448 2595 548 2680 igitur
577 2593 680 2657 tribus
711 2592 754 2656 ad
785 2593 937 2657 honorem
969 2604 1101 2656 sanctae
1133 2615 1172 2656 ac
1200 2615 1344 2657 summae
1369 2593 1538 2658 Trinitatis
1568 2595 1772 2681 aliquotiens,
1803 2605 1898 2680 prout
1922 2595 2016 2660 Deus
2046 2619 2103 2659 an·
2122 2625 2146 2663 rc

449 2702 565 2782 nuerit,
590 2699 755 2764 locuturus
771 2699 823 2763 vel
848 2700 1025 2785 scripturus
1050 2701 1145 2785 cupio
1170 2710 1336 2764 exoratam
1354 2723 1424 2765 esse
1441 2711 1583 2764 vestram
1607 2701 1820 2784 clementiam,
1845 2712 1890 2784 ut,
1915 2703 2000 2766 sicut
2024 2704 2103 2766 estis

449 2807 613 2871 auditores
632 2806 754 2871 dociles
770 2805 824 2870 vel
846 2807 952 2892 potius
977 2805 1075 2886 docti,
1100 2807 1147 2870 sic
1171 2807 1267 2870 etiarn
1292 2807 1360 2869 sitis
1384 2809 1498 2870 attenti
1523 2818 1554 2871 et
1576 2807 1729 2890 benivoli,
1754 2829 1883 2893 semper
1905 2808 1985 2872 mihi
2009 2811 2102 2873 satis·

449 2913 558 2978 facere
589 2914 695 2999 parati
725 2914 873 2998 poscenti
903 2913 1071 2994 rationem,
1096 2912 1226 2998 quando
1258 2925 1290 2976 et
1320 2935 1379 2999 ego
1410 2913 1588 2978 auxiliante
1611 2915 1685 2980 Deo
1714 2939 1784 2979 sum
1814 2926 1947 3002 paratus
1971 2927 2102 2980 vestrae

338 3045 430 3086 ·r.11s¹.
452 3018 672 3084 'discretionis
696 3021 818 3084 monita
841 3017 980 3084 libenter
1002 3029 1035 3082 et
1058 3017 1247 3083 obedienter
1270 3019 1394 3084 audire.
1430 3021 1557 3084 Valcte.

273 3152 432 3202 artesae.
556 3127 666 3190 Primo
697 3127 797 3212 igitur
826 3127 860 3190 in
883 3125 945 3190 hoc
969 3149 989 3190 a
1011 3125 1105 3190 vobis
1131 3127 1225 3212 cupio
1256 3126 1415 3212 expediri,
1446 3149 1488 3191 an
1519 3128 1697 3193 secundum
1726 3129 1932 3216 prophetiam
1962 3131 2143 3217 apostolia

450 3232 648 3320 predicantis
672 3233 905 3297 discessionem
929 3232 970 3296 sit
992 3234 1096 3296 maior
1112 3232 1268 3297 discessio
1284 3233 1499 3319 expectanda,
1517 3257 1615 3320 quam
1630 3235 1686 3299 illa
1706 3259 1776 3301 esse
1800 3238 1999 3322 agnoscitur,
2017 3260 2100 3324 quae

295 3367 376 3407 arun.
385 3367 431 3414 t,1.
451 3339 492 3404 ab
516 3341 587 3426 ipso
612 3339 757 3426 apostolo
781 3339 831 3403 his
847 3338 956 3403 verbis
980 3339 1174 3426 predicitur:
1203 3339 1357 3417 Quoniam
1382 3344 1415 3404 iu
1431 3345 1613 3406 novissimis
1636 3346 1825 3429 temporibus
1848 3345 2009 3410 discedent
2031 3348 2098 3430 qui·

452 3449 526 3513 dom
549 3475 569 3513 a
580 3448 659 3536 fids.
699 3446 796 3510 Hanc
821 3446 940 3510 etenim
957 3469 977 3510 a
991 3445 1055 3509 fide
1073 3444 1327 3510 discessionem·
1351 3448 1397 3510 ita
1420 3448 1591 3512 manifeste
1615 3470 1654 3512 ac
1677 3449 1848 3534 magnifice
1872 3450 1995 3514 factam
2010 3450 2099 3514 vide-

451 3577 532 3636 mus,
550 3567 585 3618 ut
600 3555 658 3618 vix
680 3563 831 3640 putemus
856 3552 1093 3638 expectandam
1119 3574 1190 3615 esse
1213 3553 1379 3617 maiorem.
1416 3553 1497 3634 Quis
1522 3555 1618 3636 enim,
1642 3567 1678 3619 ut
1701 3554 1742 3620 de
1758 3554 1937 3621 minoribus
1961 3567 2097 3638 taceam,

452 3661 565 3725 saltem
595 3663 679 3725 inter
706 3662 794 3746 ipsos
825 3659 1059 3752 aecclesiarum
1088 3658 1230 3745 prelatos
1261 3660 1431 3747 episcopos
1456 3671 1505 3724 est
1534 3661 1639 3726 fidelis
1663 3662 1867 3749 dispensator
1890 3674 1923 3728 et
1947 3663 2098 3750 prudens,
2116 3691 2140 3730 a

345 3794 432 3843 aas.
453 3770 524 3855 quis
548 3790 660 3832 eorum
684 3776 733 3830 est
755 3765 860 3830 fidelis
888 3767 922 3829 in
946 3765 1143 3830 commisso?
1189 3764 1364 3851 Apostolus
1387 3765 1482 3831 dicit:
1510 3768 1576 3847 Qui
1595 3794 1721 3834 satoriam
1746 3785 1774 3835 et
1797 3774 1932 3836 maxime
1957 3771 2098 3836 domasa

453 3900 558 3940 coram
574 3899 683 3939 curam
698 3874 875 3953 nonhabet,
892 3874 992 3960 fidem
1017 3876 1141 3960 aspecit
1163 3887 1191 3936 et
1213 3887 1257 3937 cat
1279 3875 1407 3961 irqideli
1427 3876 1571 3940 deterior.
1621 3875 1656 3940 Si
1680 3899 1758 3962 crgo
1783 3878 2099 3963 consanguineorum

452 3981 653 4066 neglectores
689 3989 878 4065 arguuntur,
913 3989 1068 4064 tanquam
1101 3977 1179 4042 fidei
1209 3990 1380 4064 negatores
1411 3991 1443 4045 et
1473 3980 1657 4047 infidelibus
1688 3982 1880 4066 deteriores,
1913 3986 1985 4070 quis
2014 3986 2099 4049 inter

452 4087 564 4152 fideles
594 4097 722 4173 reputet
753 4108 837 4168 eum,
869 4087 925 4173 qui
954 4087 988 4149 in
1011 4085 1158 4171 deposito
1189 4085 1286 4149 fidem
1309 4109 1374 4150 non
1396 4086 1504 4169 habet,
1535 4090 1760 4175 postponendo
1783 4113 1964 4177 pauperum
1988 4114 2098 4156 curam

453 4193 515 4258 sibi
538 4206 604 4258 tam
628 4194 738 4257 stricte
762 4194 957 4279 impositam,
981 4206 1016 4255 ut
1039 4194 1136 4256 etiam
1161 4195 1418 4279 consanguineos
1442 4193 1561 4258 debeat
1587 4196 1621 4258 in
1644 4196 1752 4260 multis
1776 4196 1942 4282 negligere
1967 4209 2099 4284 propter
2117 4225 2140 4264 ss

301 4327 432 4376 narsus.
452 4300 582 4387 ipsam?
629 4299 804 4380 Quondam
827 4297 962 4364 vocibus
992 4309 1066 4362 ante
1098 4300 1216 4364 faciem
1245 4298 1342 4363 Pilati
1373 4298 1597 4367 clamaverunt
1625 4303 1813 4388 pontifices:
1849 4303 1922 4368 Non
1953 4306 2099 4370 habemus

452 4433 553 4495 repam
575 4410 644 4478 nisi
663 4432 800 4471 cesarem
808 4431 818 4488 ,·
847 4429 933 4470 nunc
957 4405 1054 4470 rebus
1077 4406 1111 4470 id
1136 4409 1241 4493 ipsum
1265 4405 1423 4470 clamatur
1445 4429 1466 4471 a
1488 4407 1705 4493 pontificibus,
1730 4409 1849 4495 quide
1873 4409 1972 4475 rebus
1996 4411 2098 4476 eccle-

452 4515 571 4577 siarum
596 4514 742 4576 serviunt
765 4514 910 4596 negociis
934 4512 1099 4599 regalibus
1123 4524 1155 4577 et
1179 4511 1380 4577 secularibus
1409 4515 1443 4577 in
1466 4525 1602 4596 tantum,
1626 4525 1662 4578 ut
1685 4527 1740 4579 aut
1762 4514 1851 4580 nulla
1874 4527 1931 4581 aut
1952 4519 2010 4581 vix
2034 4517 2100 4582 ulla

453 4621 495 4683 sit
525 4621 571 4683 eis
601 4641 680 4684 cura
710 4640 891 4704 pauperum
915 4618 1049 4702 Christi,
1081 4621 1137 4704 qui
1168 4619 1207 4683 de
1238 4618 1334 4683 rebus
1367 4620 1577 4684 ecclesiarum
1609 4621 1767 4686 deberent
1797 4625 1979 4688 sustentari.
2026 4624 2098 4710 Ego

276 4753 433 4802 sarturas.
452 4737 570 4808 autem,
594 4724 756 4812 quomodo
781 4725 850 4789 dixi
874 4724 1049 4812 aliquando
1073 4749 1157 4812 quae
1180 4725 1246 4789 Dei
1270 4737 1344 4790 sunt
1366 4727 1439 4792 Deo
1464 4739 1497 4791 et
1520 4751 1603 4814 quae
1634 4730 1756 4792 cesaris
1787 4731 1888 4793 cesari
1921 4730 2098 4814 reddenda,
2116 4759 2142 4797 u

452 4834 498 4896 ita
521 4855 590 4896 sum
615 4842 743 4896 notatus
774 4843 929 4919 tanquam
959 4832 1147 4918 pontificum
1171 4843 1203 4897 et
1226 4855 1338 4918 regum
1363 4832 1580 4916 adversarius,
1605 4837 1682 4921 quia
1704 4845 1821 4899 neuter
1844 4834 1923 4900 ordo
1947 4859 2005 4902 suo
2029 4840 2099 4902 iure

452 4941 584 5025 suisque
615 4941 760 5004 terminis
784 4940 854 5004 vult
884 4962 954 5003 esse
985 4949 1164 5020 contentus,
1193 4937 1270 5002 dum
1293 4950 1325 5002 et
1348 4961 1443 5025 reges
1471 4940 1670 5026 pontificalia
1693 4953 1726 5006 et
1748 4942 1918 5029 pontifices
1940 4956 2100 5032 usurpant

453 5045 516 5111 sibi
539 5046 663 5132 regalia
686 5057 783 5134 atque
807 5047 891 5110 inter
912 5045 972 5109 has
996 5046 1252 5109 concertationes
1275 5044 1356 5109 fides
1380 5047 1590 5133 periclitatur.
1627 5048 1708 5129 Quis
1725 5051 1812 5114 enim
1827 5050 1912 5114 inter
1928 5052 2099 5138 episcopos

451 5152 557 5216 fidelis
581 5167 619 5217 ac
642 5153 786 5239 prudens
811 5152 1014 5238 dispensator
1037 5152 1351 5216 aecclesiasticarum
1375 5153 1563 5219 facultatum
1587 5156 1760 5238 invenitur,
1780 5156 1857 5221 dum
1874 5167 1987 5222 contra
2002 5158 2099 5223 fidem

559 5299 586 5362 a)
608 5301 783 5352 discessionis
801 5318 822 5351 c.
2116 5319 2143 5358 lo

562 5429 591 5499 1)
618 5427 706 5486 Card.
732 5428 763 5485 S.
782 5427 965 5505 Chrysogoni,
996 5427 1044 5503 qui
1072 5448 1100 5485 α.
1121 5427 1214 5499 1140,
1239 5428 1304 5486 Ian.
1325 5428 1363 5484 10
1388 5460 1431 5469 -
1457 5430 1550 5500 1143,
1577 5431 1662 5489 Febr.
1688 5431 1739 5488 23.
1770 5432 1800 5489 iu
1824 5433 1930 5490 chartis
1957 5433 2101 5490 occurit?

455 5535 484 5604 2)
511 5534 599 5593 Card.
626 5535 656 5592 S.
677 5533 825 5604 Caeciliae,
856 5535 904 5610 qui
925 5555 954 5591 a.
976 5534 1069 5606 1140,
1095 5537 1166 5612 Apr.
1193 5535 1210 5590 3
1234 5565 1279 5574 —
1306 5535 1399 5606 1143,
1426 5536 1497 5594 Mai.
1521 5538 1570 5594 14.
1595 5539 1757 5596 invenitur!
1846 5539 1876 5608 3)
1903 5538 2099 5598 Cancellarius

454 5642 610 5700 innocentii
625 5642 665 5699 ΙΙ.
691 5641 756 5699 inde
778 5642 813 5698 ab
836 5642 977 5712 a.1142,
1003 5641 1068 5699 Ian.
1088 5642 1105 5696 4
1123 5672 1166 5681 -
1185 5640 1278 5712 1143,
1305 5640 1378 5698 Μαί.
1397 5642 1446 5712 16,
1473 5641 1621 5702 Coelestini
1642 5646 1682 5703 ΙΙ.
1707 5645 1743 5702 ab
1766 5666 1793 5702 a.
1814 5646 1908 5716 1143,
1921 5645 1986 5704 Oct.
2012 5667 2098 5724 usque

453 5749 495 5805 ad
514 5768 543 5806 a.
563 5749 658 5818 1144,
685 5749 776 5805 Mart.
802 5749 829 5804 8.
854 5749 992 5818 occurrit,·
1016 5749 1058 5819 cs.
1082 5748 1230 5818 Bresslou,
1255 5745 1425 5806 ‘Handbucls
1449 5751 1500 5807 der
1521 5751 1767 5809 Urlcrmdenlehre⁷
1792 5753 1815 5824 I,
1835 5773 1868 5829 p.
1887 5753 1949 5809 200
1966 5774 2008 5830 sq.
