4568 6428
445 357 464 417 8
664 360 858 416 EPISTOLA
881 360 933 414 DE
957 359 1136 414 VITANDA
1160 359 1275 414 MISSA
1297 349 1580 416 UXORATORUM
1604 357 1880 416 SACERDOTUM.

441 549 507 628 ille,
538 551 593 612 eui
620 549 810 634 negligenter
834 549 992 632 abreptam
1016 560 1068 626 est,
1101 571 1195 632 quam
1225 547 1276 611 tic
1307 545 1501 610 enarrandus
1531 561 1583 625 eat,
1616 550 1675 631 qui
1695 546 1925 633 fraudulenter
1949 549 2092 632 obrepsit.

314 675 420 724 siuet.
444 654 598 741 Obrepere
622 669 723 718 autem
746 656 779 717 si
799 653 965 717 Basilides
988 653 1166 718 haminibus
1189 656 1305 740 patuit,
1336 653 1404 716 Dea
1428 676 1490 716 rien
1507 667 1619 738 petest,
1644 678 1712 716 eant
1735 656 1887 738 seriptum
1910 655 1970 716 sit:
1997 654 2095 717 ‘Deae

440 785 502 826 non
532 761 706 825 irridetur'.
754 758 827 822 Hac
859 759 958 822 etiarn
989 757 1078 822 beati
1109 758 1278 845 Cypriani,
1309 760 1407 822 immo
1440 757 1560 822 Christi
1591 759 1707 844 spiritu
1742 757 1817 822 duci
1855 757 2008 821 videntur
2039 761 2093 844 qui

441 867 553 931 nolunt
577 888 669 930 orare
694 887 752 951 pro
770 864 931 929 defunctis
955 865 989 927 in
1011 866 1358 946 excommunicatione,
1384 887 1520 950 quorum
1544 862 1703 928 absolutio
1727 874 1960 950 postmortem
1983 875 2094 928 eontra

441 995 582 1036 canones
607 980 756 1036 extorta*
779 983 828 1034 est
846 971 997 1035 Paschali
1023 993 1118 1057 pape,
1143 971 1194 1034 vel
1220 973 1275 1058 qui
1299 969 1432 1035 noluntb
1456 972 1696 1035 communicare
1720 969 1916 1051 viventibus,
1942 971 1998 1056 qui
2022 993 2130 1056 per-s

441 1081 531 1143 iuriis
555 1089 588 1142 et
611 1079 738 1142 iniuriis
763 1079 1052 1163 emancipaverunt
1076 1078 1201 1162 aliquas
1227 1077 1402 1162 dignitates
1427 1077 1533 1141 eidem
1556 1077 1709 1142 Paschali
1734 1100 1838 1170 pape..

547 1185 671 1250 Verum
694 1195 730 1249 ut
753 1184 796 1249 ad
818 1186 1020 1271 propositum
1034 1179 1263 1248 reuertamur:
1294 1181 1473 1270 Gregorius
1501 1207 1587 1269 papa
1611 1185 1734 1268 primus
1759 1182 1930 1248 Gennadio
1955 1185 2093 1270 patricio

441 1295 486 1356 ita
510 1291 660 1357 scribit1:
691 1291 786 1372 Scito,
807 1293 868 1378 fili
888 1293 1154 1370 eccellentissime,
1178 1294 1211 1354 si
1232 1294 1381 1356 uictorias
1405 1294 1569 1376 quaeritis,
1593 1294 1641 1354 si⁰
1671 1294 1831 1354 eornnn'sse
1856 1293 1942 1354 vabre
1958 1295 2092 1377 prorn'n-

441 1403 508 1465 (reae
531 1402 727 1464 securitatem
751 1401 902 1478 tractatis,
933 1399 1035 1462 nichil
1056 1397 1151 1462 aliud
1173 1400 1259 1462 nobis
1286 1401 1388 1484 anapia
1412 1399 1457 1462 ad
1478 1399 1534 1461 hae
1550 1399 1719 1484 projicere,
1752 1423 1843 1482 qrtam
1868 1399 1969 1461 zelari
1990 1423 2092 1462 saeer-

442 1507 545 1570 elatum
570 1504 687 1569 m'tam‘¹
707 1520 735 1568 et
758 1507 904 1568 intestina
927 1506 1162 1584 aecclesiarum,
1187 1507 1390 1589 inquantunr⁰
1405 1504 1561 1590 possibile
1586 1505 1732 1568 aethalia
1758 1529 1956 1589 compescere.
2002 1503 2092 1567 Idem
2113 1527 2139 1566 m

441 1613 538 1675 etiarn
562 1633 656 1696 reges
679 1611 881 1674 Francorum
912 1611 945 1673 in
976 1609 1172 1674 adiutorium
1204 1608 1266 1672 sibi
1297 1609 1339 1673 ad
1363 1611 1602 1695 correptionem
1634 1609 1839 1673 sacerdotum
1870 1608 1931 1673 hac
1954 1609 2092 1674 terribili
2139 1617 2143 1626 '

441 1719 602 1782 sententia
632 1717 781 1780 incitavit
812 1718 857 1780 ita
881 1722 1105 1780 contestans²:
1140 1717 1234 1794 Quia,
1265 1717 1379 1801 inquit,
1405 1718 1525 1802 procul
1548 1717 1642 1780 darbia
1663 1718 1821 1804 ,facientis
1845 1719 1969 1803 culpam
1994 1719 2092 1798 labet,

441 1829 499 1910 qai
520 1825 605 1910 prend
627 1838 731 1910 protest
753 1827 920 1910 corripere,
951 1824 1081 1910 neplrjait
1104 1824 1277 1887 enunciare.
1325 1822 1394 1887 Nec
1418 1833 1528 1886 tannen
1551 1821 1639 1886 idem
1664 1821 1843 1907 Gregorius
1867 1845 1927 1908 per
1950 1823 2011 1888 hoe
2036 1825 2091 1888 ali-

441 1930 520 2016 quid
555 1931 715 1994 commisit
749 1931 782 1992 in
818 1941 1003 1993 sanctorum
1038 1938 1167 2014 patrum
1203 1938 1323 1991 statuta
1358 1927 1544 1992 sacerdotes
1580 1951 1599 1992 a
1635 1928 1836 1993 secularibus
1873 1929 2090 1995 defendentia.

441 2035 540 2100 Nouit
564 2037 650 2100 enim
681 2035 741 2100 hec
765 2035 880 2099 eadem
905 2036 1083 2099 certissime
1108 2034 1231 2098 nullum
1256 2033 1458 2098 sacerdotem
1489 2057 1509 2097 a
1540 2033 1741 2098 secularibus
1765 2035 1961 2118 defendisse,
1993 2041 2048 2124 qui
2072 2062 2092 2102 a
2112 2059 2137 2098 rs

441 2144 542 2206 sacris
578 2140 757 2206 canonibus
793 2140 955 2206 obstinato
992 2143 1101 2205 animo
1134 2141 1313 2224 resisteret,
1347 2142 1445 2204 immo
1479 2141 1535 2226 qui
1568 2139 1609 2204 ab
1643 2140 1766 2203 eisdem
1800 2141 1994 2227 dampnatus
2027 2145 2090 2208 iam

441 2248 564 2312 dudum
594 2271 613 2312 a
644 2248 827 2312 sacerdotio
858 2247 947 2334 apud
969 2248 1077 2312 Deum
1109 2247 1294 2312 decidisset.
1341 2248 1429 2312 Hinc
1461 2249 1558 2310 etiam
1590 2247 1750 2332 legimus³
1779 2247 1917 2311 Paulum
1942 2249 2091 2314 Sarnosa-

441 2366 552 2418 tenum
581 2354 802 2440 patriarcham
825 2353 1076 2435 Antiochenam,
1108 2355 1163 2440 qui
1194 2356 1356 2418 maximus
1388 2364 1458 2418 eret
1489 2353 1929 2436 defensorNicolaitau1m⁴,
1962 2355 2093 2442 publica

440 2483 540 2524 rnanu
563 2461 702 2547 tmpiter
731 2458 773 2524 ab
798 2462 989 2546 episcopatu
1013 2461 1193 2546 depulsum,
1225 2462 1284 2525 sed
1313 2485 1378 2525 non
1401 2461 1539 2546 legimus
1567 2459 1708 2545 aliquem
1733 2483 1831 2546 super
1859 2462 1920 2527 hoc
1944 2457 2092 2548 indigna-

441 2582 508 2631 tum
540 2568 609 2631 sive
633 2568 857 2631 contristatum
884 2567 984 2630 fuisse
1010 2567 1214 2648 catholicum,
1247 2568 1334 2654 quod
1357 2569 1418 2632 hoe
1450 2567 1601 2631 faciendo
1633 2565 1708 2631 laici
1739 2567 1985 2632 inhonorassent
2016 2593 2092 2656 apo·
2112 2591 2138 2628 ro

349 2702 421 2742 aas.
442 2673 588 2738 stolieam
612 2671 700 2736 beati
724 2673 812 2738 Petri
842 2673 963 2754 sedem,
996 2674 1163 2738 christiani
1187 2676 1340 2738 'nominis
1365 2696 1408 2737 ex
1431 2673 1579 2737 doctrina
1602 2673 1696 2737 Pauli
1721 2685 1753 2737 et
1776 2674 1948 2738 Barnabae
1979 2676 2092 2739 inven-

442 2781 565 2861 tricem,
590 2802 705 2843 verum
725 2791 859 2844 cunctos
883 2781 1015 2866 gavisos
1039 2780 1149 2862 fiisse,
1174 2781 1262 2868 quod
1286 2805 1312 2882 ax
1330 2780 1461 2844 doctore
1485 2780 1690 2866 pestilentiae
1714 2779 1852 2846 liberata
1876 2795 1961 2846 esset
1986 2805 2092 2846 sacra-

441 2887 565 2950 tissima
590 2886 746 2951 cathedra
769 2909 847 2950 sanc
864 2887 1042 2951 doctrinae.
1080 2887 1165 2951 Nam
1189 2899 1221 2950 et
1244 2888 1314 2972 ipse
1331 2887 1494 2951 Nicolaita
1518 2899 1588 2950 erat
1612 2899 1643 2950 et
1664 2886 1799 2951 elericos
1824 2911 1898 2952 suos
1916 2889 2093 2954 Nicolaitae

441 2992 593 3074 faciebat,
625 2994 695 3080 ipse
720 2993 873 3057 videlicet
899 2993 1050 3058 muliebri
1073 2993 1239 3080 voluptate
1263 2993 1399 3057 fruendo
1424 3005 1455 3057 et
1479 2994 1525 3056 eis
1550 2992 1706 3074 similiter,
1737 3005 1773 3057 ut
1795 2993 1988 3076 fruerentur,
2020 3019 2091 3082 per-

307 3100 609 3176 transmittenda
648 3098 963 3164 Animadvertebant
986 3101 1110 3185 antiqui
1131 3100 1279 3164 doctores
1303 3101 1498 3186 scripturam
1517 3100 1695 3164 dicentem:
1722 3100 1794 3164 Nan
1819 3117 1862 3165 est
1878 3127 1950 3188 pan
1971 3106 2092 3190 impiis,
2112 3122 2138 3170 rs

443 3208 521 3271 dicit
551 3207 717 3287 Dominus,
748 3205 887 3291 ideoque
917 3229 982 3270 non
1014 3216 1138 3270 tantum
1169 3205 1328 3270 curabant
1358 3206 1399 3269 de
1430 3229 1512 3291 pace
1543 3207 1726 3290 impiorum,
1759 3217 1915 3291 quantum
1945 3208 2092 3272 moderni

264 3341 422 3390 astraea.
442 3312 662 3399 predicatores
693 3312 786 3376 verbi
817 3312 931 3398 gratia.
979 3313 1072 3377 Unus
1102 3305 1258 3398 magister
1288 3313 1431 3376 omnium
1463 3311 1610 3376 Christus
1642 3311 1726 3376 dixit
1757 3313 1997 3378 sacerdotibus:
2035 3317 2094 3380 Vos

442 3423 514 3485 estis
537 3421 589 3484 sal
611 3435 720 3484 terrae.
771 3419 895 3497 Quodsi
922 3422 973 3484 sal
995 3423 1165 3501 catanaerit,
1198 3423 1231 3484 in
1255 3445 1315 3506 qna
1338 3421 1494 3484 salietur?
1540 3420 1596 3483 Ad
1618 3421 1771 3484 nicln'lant
1802 3422 1885 3485 ualet
1911 3423 1994 3486 ultra
2018 3426 2092 3502 nisi,

443 3525 494 3592 ats
514 3530 654 3592 mittatur
666 3529 766 3614 faras
785 3541 813 3591 et
831 3529 1025 3591 conculcetur
1044 3529 1083 3590 ab
1103 3528 1288 3590 lanriaibus.
1329 3525 1388 3588 Isti
1413 3535 1521 3590 autem
1545 3525 1773 3589 nichilominus
1793 3527 1998 3592 venerandos
2022 3551 2092 3614 pre-

442 3632 554 3698 dicant
577 3632 658 3697 tales
683 3643 715 3695 et
739 3631 863 3718 absque
888 3655 999 3696 carum
1023 3631 1144 3696 iudicio
1168 3633 1290 3696 nemini
1314 3632 1413 3696 licere
1438 3632 1545 3696 Deum
1570 3633 1684 3696 timere
1710 3645 1742 3697 et
1765 3633 1920 3698 mandata
1944 3636 2013 3699 eius
2038 3633 2093 3698 ob·
2113 3653 2139 3691 ³0

443 3761 583 3804 servare.
632 3738 696 3820 Qui
728 3741 814 3803 enim
839 3737 1002 3802 Christum
1036 3741 1068 3802 in
1101 3738 1246 3824 apostolo
1280 3737 1465 3825 loquentem
1497 3762 1563 3802 non
1593 3741 1684 3803 timet
1714 3763 1820 3826 neque
1852 3741 1951 3823 audit,
1984 3742 2093 3806 Deum

443 3847 553 3932 utique
577 3868 642 3909 non
665 3847 757 3908 timet
781 3855 813 3909 et
835 3843 991 3908 mandata
1015 3845 1084 3908 eius
1108 3867 1174 3908 non
1198 3845 1348 3909 custodit.
1390 3844 1456 3909 Sed
1480 3845 1558 3930 quid
1582 3845 1724 3931 loquitur
1740 3845 1888 3911 Christus
1912 3849 1946 3911 in
1965 3848 2092 3912 Paulo?

278 3953 624 4028 rit.a,1osq.Hereticum
647 3954 801 4017 hominem
825 3967 901 4038 post
929 3977 1023 4015 renam
1048 3967 1077 4016 et
1104 3953 1273 4016 secundam
1297 3955 1521 4038 correptionem
1546 3953 1650 4016 desita
1680 3956 1791 4034 sciens,
1823 3957 1899 4039 qaia
1929 3957 2093 4018 srehrersus

443 4073 495 4139 eat,
527 4062 585 4143 qui
613 4059 797 4123 huiusmodi
806 4067 823 4108 8
849 4073 893 4123 est
915 4074 942 4123 et
965 4059 1129 4144 delinquit,
1161 4083 1229 4122 curn
1257 4061 1300 4123 sit
1321 4061 1461 4144 propria
1485 4059 1605 4122 iudicia
1630 4059 1891 4145 condempnatus·
1929 4057 2016 4138 Quid
2040 4059 2093 4121 isti

443 4162 694 4228 contradicunt?
740 4164 819 4227 Post
849 4174 978 4228 centum
1011 4174 1043 4228 et
1076 4163 1185 4250 plures
1219 4177 1404 4228 sanctorum
1436 4164 1668 4248 correptiones,
1702 4165 1799 4227 imma
1833 4163 2006 4249 synodales
2037 4187 2092 4228 ex·
2113 4182 2137 4220 aa

442 4270 752 4334 communicationes
775 4271 939 4333 neminem
964 4269 1084 4333 debere
1108 4271 1214 4352 uitari,
1246 4271 1309 4334 nisi
1339 4293 1359 4334 a
1388 4271 1551 4356 principio
1575 4270 1792 4333 iudicaverint
1820 4269 1875 4351 illi,
1908 4272 1963 4356 qui
1987 4293 2093 4356 neque
2125 4293 2129 4300 ·

443 4387 577 4462 possunt
606 4397 713 4462 neque
744 4375 857 4439 volunt
887 4398 993 4461 neque
1021 4375 1142 4439 debent
1165 4387 1198 4440 et
1220 4377 1356 4440 forsitan
1387 4377 1485 4440 etiam
1516 4377 1666 4439 nesciunt
1696 4375 1851 4459 iudicare,
1883 4377 2007 4441 scilicet
2038 4389 2094 4441 aut

442 4483 587 4546 avaricia
611 4484 759 4547 excecati
790 4493 845 4546 aut
875 4481 1004 4545 luxuria
1034 4483 1231 4568 pregravati.
1280 4482 1404 4563 Quodsi
1428 4482 1542 4546 talium
1572 4481 1694 4546 iudicia
1725 4495 1899 4568 expectare
1925 4483 2091 4565 debemus,

265 4617 423 4665 uitiasse.
443 4589 562 4653 fmstra
586 4589 723 4675 legimus
747 4589 800 4652 vcl
823 4589 944 4653 iustum
971 4588 1114 4652 iudicem
1141 4590 1186 4652 ita
1210 4589 1390 4653 dicentem:
1422 4588 1463 4653 st
1485 4591 1593 4652 ocrelrn
1616 4604 1686 4652 tures
1710 4590 1816 4654 deuter
1838 4592 2035 4657 scandalizat
2057 4608 2093 4672 te,

442 4721 514 4762 erae
538 4722 607 4760 eam
631 4711 659 4761 et
680 4699 794 4782 proice
818 4699 874 4760 alre
897 4694 944 4782 [te
956 4692 1006 4782 11],
1038 4695 1091 4759 vel
1122 4718 1297 4781 sequacem
1322 4697 1391 4759 eius
1414 4695 1594 4759 Iohannem
1620 4693 1853 4760 Crisastomum
1876 4697 1937 4762 hoc
1968 4699 2013 4761 ita
2039 4721 2093 4762 ex·
2113 4715 2140 4754 40

443 4806 654 4888 ponentem:
686 4803 822 4867 Erravit
851 4805 1025 4889 epiecopus,
1049 4805 1197 4889 peccavit
1218 4805 1387 4888 presbiter,
1412 4803 1548 4887 deliquit
1576 4803 1746 4884 diacanue;
1776 4805 1846 4867 nali
1872 4805 1985 4884 dicere,
2017 4809 2093 4890 quia

550 4945 577 5010 a)
599 4955 695 4999 exorta
712 4966 733 4999 c.
802 4945 830 5010 b)
851 4948 948 4999 volunt
965 4966 986 4998 e.
1054 4944 1079 5008 e)
1102 4951 1125 4998 si
1145 4949 1178 4999 de
1199 4950 1359 5000 commissae
1379 4949 1457 4998 rabis
1478 4950 1637 5013 provinciae
1657 4951 1804 5000 securitate
1826 4950 1899 5016 Grep.
1937 5015 1942 5022 ι
1973 4949 2000 5012 d)
2024 4954 2094 5002 vitas

445 5037 518 5102 Grep.
591 5034 617 5098 e)
640 5044 770 5103 quantum
791 5037 864 5102 (ἔτερ.
936 5033 958 5098 1)
978 5054 1103 5102 summu.
1122 5054 1142 5087 c.
1215 5035 1243 5102 g)
1265 5037 1400 5087 eiusmodi
1420 5036 1489 5102 Vela.
1558 5034 1587 5098 h)
1608 5038 1673 5088 deest
1690 5056 1710 5098 e,
1730 5039 1772 5087 ubi
1789 5037 1848 5088 haec
1866 5039 1938 5089 raba
1955 5041 2095 5091 abbreviata

442 5140 460 5190 p
479 5143 504 5176 a.
524 5121 536 5172 l
558 5124 602 5188 (=
623 5125 678 5185 vel)
700 5127 824 5190 lepontur.

553 5269 581 5340 1)
609 5269 702 5345 Epist.
727 5269 781 5340 IV,
804 5271 834 5340 t,
869 5267 940 5327 Ma.
968 5269 1035 5324 ΕΕ.
1061 5269 1090 5339 Ι,
1111 5289 1143 5344 p.
1167 5269 1240 5339 239,
1265 5269 1352 5342 Jaffe'
1375 5269 1469 5325 1278.
1585 5270 1615 5338 2)
1642 5271 1733 5345 Epist.
1763 5271 1817 5340 IX,
1851 5272 1926 5342 215,
1961 5274 2027 5330 ΕΕ.
2053 5275 2093 5344 II,
2114 5289 2140 5328 rs

433 5387 471 5453 p.
498 5377 571 5446 202,
596 5375 684 5449 Jaffi
706 5374 807 5445 1711,·
836 5375 875 5446 ef.
901 5395 974 5454 quae
998 5374 1122 5432 Sdralelt
1144 5383 1235 5431 nranet
1252 5396 1284 5450 p.
1310 5375 1382 5444 156,
1407 5396 1435 5432 n.
1459 5375 1487 5431 3.
1581 5375 1610 5444 3)
1638 5376 1753 5432 Eusebii
1778 5376 1972 5436 Caesariensis
2000 5384 2093 5438 caeles.

433 5477 505 5540 'aas
530 5483 637 5561 Rufina
664 5481 817 5557 interprete
843 5480 887 5537 lib.
916 5480 980 5537 VII.
1012 5501 1034 5536 c.
1061 5480 1100 5536 26
1127 5475 1181 5554 (=
1200 5481 1301 5540 Easeb.
1326 5482 1389 5550 VII,
1409 5477 1462 5556 30)
1492 5482 1534 5537 ed.
1560 5481 1667 5538 Beana
1689 5483 1856 5541 Rhenanus.
1904 5485 1994 5542 Basil.
2022 5488 2095 5544 Fra·

443 5590 503 5647 ben.
531 5589 624 5657 1528,
644 5609 677 5664 p.
697 5588 758 5645 l'lb
775 5609 817 5663 sq,
932 5585 962 5656 l)
990 5585 1038 5658 Cf.
1058 5587 1221 5664 Manepold.
1246 5609 1268 5646 c.
1287 5590 1338 5658 76,
1365 5587 1465 5645 Libelli
1486 5587 1510 5658 I,
1530 5609 1562 5663 p.
1585 5588 1657 5644 429.
1771 5591 1801 5660 5)
1833 5591 1891 5647 Hic
1914 5594 1988 5648 loeus
2017 5595 2099 5668 apud

446 5696 599 5754 Iohannem
625 5693 850 5770 Olrpscstanrum
880 5713 936 5750 nan
967 5694 1082 5770 lepitnr5
1114 5695 1154 5766 ef.
1186 5715 1258 5770 quae
1285 5694 1409 5752 Sdralel·
1434 5715 1467 5769 p.
1488 5693 1548 5750 158
1581 5696 1736 5752 adnotavit.
