4544 6420
541 435 715 491 ARNULFI
739 434 938 491 SAGIENSIS
963 435 1250 492 nncfflomooul
1274 438 1499 494 luvuc‘rrvn.
1806 433 1846 495 97

193 621 342 707 (pridem,
378 621 436 686 sed
468 621 509 686 ob
540 623 628 686 vitae
659 621 839 686 mundioris
871 632 903 686 et
934 623 1088 687 scientiae
1124 623 1278 709 plenioris
1310 627 1460 690 meritum
1491 626 1574 691 ultro
1605 627 1691 691 data.
1746 625 1847 691 Cuius

193 731 336 793 muneris
361 730 406 792 sic
431 731 533 814 gessit
556 729 675 808 officia,
700 741 735 793 ut
759 730 824 793 suis
848 730 955 815 ipsum
979 729 1130 794 laudibus
1154 731 1335 816 ampliaret.
1382 731 1500 797 Fiebat
1522 733 1625 798 honos
1648 733 1749 798 titulis
1774 735 1847 798 sui·

192 837 389 922 possessoris
420 835 583 916 illustrior,
615 859 675 900 nec
707 847 831 900 tanturn
862 838 1004 922 propria,
1037 848 1193 922 quantum
1224 838 1517 903 administratorisb
1549 840 1597 904 sui
1625 840 1750 925 gloriae
1775 863 1846 927 pre·

192 941 349 1028 fulgebat.
396 943 554 1029 Adeoque
586 955 710 1008 eeteros
743 945 895 1028 egregiae
926 946 1135 1028 prerogativa
1165 944 1319 1010 bonitatis
1350 957 1547 1028 excesserat,
1579 957 1615 1012 ut
1637 970 1699 1012 nec
1723 959 1846 1012 restare

160 1049 284 1118 slocus
306 1050 450 1114 invidiae
475 1049 650 1130 videretur,
676 1073 779 1136 eoque
804 1050 899 1136 plane
924 1052 1064 1136 quisque
1089 1075 1163 1116 snos
1188 1051 1230 1116 ad
1254 1053 1463 1139 equalitatem
1487 1055 1588 1140 ipsius
1613 1055 1757 1142 aspirare
1781 1077 1847 1120 non

193 1179 289 1242 posse
314 1167 448 1221 conatus
473 1156 667 1237 adverteret,
692 1179 799 1242 neque
820 1158 995 1244 quicquam
1011 1157 1184 1222 cuiuslibet
1207 1158 1358 1224 laudibus
1381 1161 1484 1245 ipsius
1509 1160 1645 1246 prelatio
1663 1161 1845 1248 derogaret.

301 1281 479 1360 Postremo,
508 1283 536 1344 si
559 1305 623 1345 non
648 1281 700 1345 ille
725 1281 858 1345 humani
882 1283 1011 1368 generis
1036 1282 1179 1368 perfidus
1203 1283 1395 1347 adversator
1419 1285 1452 1348 in
1475 1285 1574 1349 Petro
1597 1285 1718 1350 Leonis
1743 1286 1845 1351 eccle-

193 1388 262 1451 siae
279 1388 344 1452 Dei
367 1389 599 1474 prestruxisset
621 1388 767 1468 insidias,
792 1388 880 1452 nulla
903 1390 968 1453 iam
992 1399 1065 1474 post
1081 1413 1200 1475 papam
1216 1390 1398 1454 Honorium
1423 1391 1463 1454 de
1489 1394 1695 1457 successione
1720 1394 1846 1479 questio

193 1507 388 1580 superesset,
420 1519 492 1559 eum
524 1497 575 1558 vir
603 1497 719 1559 unicus
750 1496 866 1559 unicae
898 1495 1046 1581 dignitati
1079 1496 1190 1560 divina
1217 1498 1282 1560 iam
1305 1497 1473 1562 videretur
1495 1499 1702 1585 providentia
1725 1500 1846 1586 profor-

149 1635 173 1671 ιο
193 1613 299 1666 matus
311 1607 331 1666 ¹.
378 1602 489 1688 Ipsum
514 1604 601 1666 enim
624 1602 685 1666 hoc
710 1603 900 1666 Divinitatis
926 1602 1059 1667 consilio
1084 1602 1181 1667 talem
1208 1609 1348 1668 'constat
1372 1628 1443 1668 esse
1467 1605 1673 1691 plasmatum,
1700 1618 1744 1687 ut,
1771 1607 1847 1671 dum

194 1709 352 1772 adversus
376 1709 549 1772 eeclesiam
566 1709 615 1772 vis
640 1709 735 1773 huius
759 1710 1018 1795 persecutionis‘1
1041 1711 1233 1796 insurgeret,
1260 1723 1354 1792 esset,
1380 1713 1435 1797 qui
1460 1735 1493 1774 se
1518 1713 1704 1798 tempestati
1728 1715 1778 1778 sui
1798 1737 1847 1777 se-

194 1839 291 1880 curus
315 1823 493 1902 opponeret
518 1827 550 1880 et
573 1817 656 1879 inter
679 1815 796 1880 fluctus
820 1817 1016 1902 periclitanti
1047 1817 1218 1881 naviculae
1243 1816 1441 1882 subveniret.
1489 1817 1637 1905 Cumque
1667 1821 1774 1905 ipsum
1805 1821 1848 1884 ad

193 1923 256 1987 hoc
280 1946 361 1986 onus
386 1924 529 1987 omnium
547 1946 632 2010 pene
657 1924 857 1986 conscientia
882 1923 1069 2004 destinaret,
1094 1925 1186 2009 ipse⁹
1211 1923 1273 1988 sibi
1297 1925 1362 1988 iarn
1387 1924 1525 2011 adeptae
1550 1925 1716 2011 dignitatis
1740 1925 1847 1991 locum

195 2053 400 2116 nequaquam
424 2028 599 2094 videbatur
622 2029 754 2116 explere
766 2036 786 2093 ².
834 2029 886 2092 De
911 2053 945 2092 se
970 2032 1057 2094 enim
1081 2031 1162 2095 citra
1186 2054 1277 2095 suam
1306 2032 1440 2095 credere
1471 2032 1660 2097 facultatem
1690 2033 1846 2097 iudicium

160 2138 350 2222 saepientis
374 2159 455 2200 esse.
493 2135 589 2217 Quod
614 2137 683 2222 ipse
709 2136 749 2200 de
775 2160 808 2200 se
833 2139 911 2200 satis
935 2137 1106 2201 evidenter
1129 2137 1269 2220 edocuit,
1295 2138 1371 2202 dum
1395 2139 1501 2225 ipsum
1519 2138 1708 2224 eligentium
1727 2162 1848 2204 corona

143 2259 145 2264 ’
195 2244 369 2322 clauderet,
395 2253 427 2307 et
450 2243 492 2307 ad
517 2244 716 2330 apostolatus
736 2243 867 2328 fastigia
882 2256 1064 2308 vocaretur.
1100 2243 1270 2309 instabant
1286 2243 1439 2330 precibus
1456 2257 1488 2309 et
1504 2244 1737 2310 reclamantem
1753 2245 1846 2311 lacri-

194 2350 277 2414 mis‘
302 2349 511 2415 obsecrantes
541 2352 660 2414 iniecto
691 2350 826 2437 pluviali
856 2352 1048 2415 renitentem
1079 2350 1228 2414 manibus
1260 2353 1358 2415 etiam
1383 2351 1650 2438 comprimebant.
1699 2351 1846 2439 Cumque

194 2458 264 2542 ipse
295 2458 448 2521 iniectam
480 2457 541 2522 sibi
565 2469 689 2522 vestem
715 2458 868 2540 secundo,
899 2469 934 2521 ut
962 2459 1062 2539 aiunt,
1094 2459 1168 2522 totis
1192 2457 1317 2523 viribus
1342 2458 1529 2523 obsistendo
1553 2460 1704 2545 rupisset,
1735 2459 1846 2546 illique

193 2563 401 2627 nihilomiuus
428 2564 614 2628 instandum
639 2564 820 2640 crederent,
853 2566 879 2628 si
908 2564 987 2652 quid
1015 2567 1136 2629 sanctis
1161 2563 1379 2630 electoribus⁸
1403 2565 1556 2646 creditur,
1588 2567 1773 2648 timuerunt,
1805 2589 1846 2631 ne

146 2673 280 2740 saintet
308 2695 423 2735 manus
455 2693 567 2735 eorum
597 2683 687 2735 tanta
718 2671 929 2737 reluctatione
959 2683 990 2736 et
1019 2673 1260 2758 compressione
1293 2673 1447 2758 fatigatus
1472 2671 1577 2737 obiret
1601 2683 1633 2738 et
1657 2673 1846 2738 suffocatam

194 2777 388 2863 singultibus
412 2780 553 2842 animam
570 2779 716 2864 protinus
741 2780 915 2865 expiraret.
963 2778 1115 2843 Manibus
1139 2780 1247 2864 igitur,
1272 2779 1377 2844 donec
1400 2779 1564 2844 modicum
1588 2781 1774 2865 respiraret,
1798 2781 1846 2843 in·

194 2883 315 2966 hibitis,
339 2884 416 2948 durn
441 2887 572 2949 tertium
596 2909 638 2949 cx
655 2886 831 2971 longinquo
855 2885 997 2972 pluviale
1021 2887 1206 2972 requiritur,
1231 2887 1316 2950 inter
1338 2897 1484 2950 rorantes
1509 2885 1615 2950 adhuc
1639 2886 1790 2950 lacrimas
1815 2897 1846 2950 et

195 3002 401 3078 erumpentes
425 3015 659 3079 usquequaque
684 2992 853 3078 singultus,
879 2995 925 3056 sic
950 2993 1067 3057 affatur
1086 2993 1269 3057 adstantes:
1296 2992 1498 3079 ‘Expediret
1522 2994 1647 3057 instans
1670 2994 1846 3079 negotium,

195 3097 328 3163 exclusa
345 3100 526 3163 animorum
543 3099 724 3178 affectione,
749 3100 892 3180 tractari,
916 3100 977 3163 neh
995 3099 1177 3164 caritatem¹
1196 3099 1285 3164 zelus
1310 3099 1464 3164 alteruter
1487 3099 1669 3186 impediret,
1695 3111 1727 3164 et
1750 3122 1846 3185 gene-

148 3235 175 3274 25
194 3204 261 3268 rale
286 3205 490 3270 commodum
515 3205 589 3270 odio
613 3205 765 3270 familiari
789 3206 841 3270 vel
865 3209 969 3291 gratia
1000 3209 1034 3271 in
1059 3209 1244 3292 oppositum
1267 3217 1459 3271 verteretur.
1508 3207 1625 3293 Sepias
1651 3207 1751 3270 'enim
1774 3229 1846 3292 pre·
1866 3231 1895 3270 ⁴.
1943 3233 1957 3271 ¹.

195 3323 369 3398 occupatas
400 3327 525 3376 mentes
556 3312 638 3376 fallit
669 3313 807 3390 affectio,
839 3325 874 3377 ut
897 3327 929 3377 et
953 3314 1068 3400 dignos
1096 3314 1172 3378 odia
1202 3312 1387 3400 reprobent,
1420 3325 1452 3378 et
1482 3314 1618 3400 indigni,
1651 3323 1846 3399 suggerente

194 3419 308 3502 gratia,
340 3420 554 3506 preferantur.
604 3420 710 3500 Quam
741 3419 872 3506 quidem
897 3422 1035 3505 gratiam
1061 3422 1094 3484 in
1119 3420 1180 3484 hoe
1204 3421 1292 3484 vires
1317 3419 1379 3484 sibi
1403 3421 1499 3484 video
1523 3421 1717 3484 vendicasse
1740 3421 1845 3508 preci-

193 3547 285 3610 puas,
315 3524 373 3590 ubi
404 3527 472 3590 sola
502 3526 648 3591 obtinere
680 3525 838 3591 debuerat
869 3549 1015 3613 expensa
1038 3529 1110 3612 pari
1137 3526 1230 3592 lance
1254 3527 1337 3591 ratio
1360 3528 1559 3592 meritorum.
1607 3527 1690 3636 Nam
1714 3525 1770 3590 ubi
1793 3549 1845 3591 me

194 3633 265 3718 pari
289 3642 363 3696 voto
389 3632 583 3697 contenditis
608 3644 716 3698 tantae
741 3633 897 3719 preficere
923 3633 1085 3719 dignitati,
1116 3634 1262 3720 profecto
1290 3656 1355 3697 non
1380 3632 1504 3698 obtinet
1528 3635 1725 3698 examinatio
1749 3634 1844 3698 meri-

149 3771 175 3809 00
194 3754 308 3816 torum,
333 3738 506 3830 palamque
530 3739 678 3826 prevalet
700 3739 920 3826 indulgentior
943 3743 1058 3826 gratia,
1083 3764 1166 3827 quae
1190 3763 1241 3804 me
1265 3739 1359 3804 vobis
1383 3763 1469 3804 nunc
1494 3752 1526 3805 et
1549 3741 1706 3804 hactenus
1729 3742 1764 3804 in
1786 3741 1844 3804 im-

194 3846 346 3931 perfectis
371 3829 524 3932 operibus
548 3826 784 3932 acceptabilem
808 3829 940 3933 prestat.
976 3848 1041 3911 Per
1058 3869 1154 3934 quarn
1172 3849 1270 3911 etiam
1294 3847 1369 3911 olim
1393 3847 1468 3912 huic
1494 3857 1604 3912 sancto
1629 3871 1680 3911 me
1696 3846 1844 3912 voluistis

194 3954 300 4017 inesse
325 3954 497 4033 consortio,
523 3976 619 4039 quem
636 3953 797 4018 deiectum
821 3954 957 4018 inferius
981 3954 1076 4040 longe
1093 3977 1217 4018 morum
1235 3953 1374 4040 qualitas
1391 3955 1575 4018 amovisset.
1612 3953 1719 4035 Quem
1734 3964 1844 4018 tamen

194 4059 298 4123 locum
330 4062 391 4123 etsi
421 4061 472 4123 vir
500 4059 618 4124 nullius
649 4061 778 4124 virtutis
808 4062 979 4147 tenuisque
1011 4062 1145 4125 scientie
1176 4061 1262 4126 nonk
1291 4061 1454 4147 impleret,
1485 4073 1595 4125 vestra
1624 4061 1844 4126 infirmitatem

194 4189 299 4230 meam
324 4168 486 4252 sapientia
509 4166 730 4253 supportabat,
757 4189 837 4252 quos
862 4167 1008 4232 eiusdem
1031 4167 1258 4232 sollicitudinis
1282 4167 1370 4232 idem
1385 4167 1546 4232 Dominus
1570 4170 1603 4231 iu
1620 4167 1735 4232 eadem
1758 4169 1844 4254 pari·

151 4304 176 4343 a
194 4285 259 4336 tate
283 4273 361 4338 fecit
384 4295 456 4337 esse
481 4275 653 4338 ministros
701 4274 824 4338 Verum
848 4285 974 4360 oportet
997 4297 1084 4339 nunc
1108 4298 1150 4338 ex
1173 4275 1307 4356 meritis,
1332 4297 1397 4338 non
1421 4297 1463 4338 ex
1487 4275 1593 4360 gratia
1615 4274 1761 4340 iudicare
1785 4297 1845 4339 nec

195 4381 372 4466 gratiosum
403 4391 538 4460 tantum,
570 4380 628 4444 sed
652 4392 684 4445 et
707 4380 842 4466 dignum
866 4382 1062 4446 constituere
1094 4381 1305 4445 sacerdotem.
1353 4381 1417 4444 Hic
1442 4383 1528 4445 enim
1551 4381 1675 4446 nullum
1699 4382 1846 4468 capietur

196 4511 238 4550 ex
261 4489 398 4573 paritate
424 4486 583 4566 solatium,
616 4487 672 4551 ubi
703 4499 884 4552 consortem
914 4489 1058 4552 muneris
1088 4489 1296 4574 prerogativa
1326 4487 1500 4573 singularis
1524 4487 1678 4552 excludit.
1724 4487 1845 4552 Exclu-

196 4593 291 4657 datur
314 4616 392 4679 ergo
417 4591 669 4676 benivolentia¹,
701 4605 733 4658 et
763 4617 903 4680 persona
927 4606 1133 4680 comparetur
1156 4595 1273 4676 officio,
1304 4594 1346 4659 ad
1370 4595 1457 4681 quod
1480 4605 1625 4659 vocatur.
1672 4595 1750 4659 Vita
1772 4617 1844 4680 pro-

195 4698 346 4778 babilem,
379 4701 516 4765 scientia
538 4701 711 4787 preditum,
744 4699 944 4765 celebratum
973 4701 1061 4765 fama
1084 4711 1192 4764 tantus
1215 4701 1318 4766 honor
1342 4702 1499 4788 exposcit,
1524 4711 1589 4766 ut¹²¹
1612 4703 1674 4788 ipsi
1698 4700 1844 4765 divinum

151 4934 177 4972 to
302 4917 328 4980 a)
351 4921 409 4969 suis
428 4937 449 4970 c.
512 4915 541 4981 b)
564 4920 805 4970 administrationis
826 4921 869 4969 sui
887 4937 907 4970 e.
923 4921 956 4970 D.
970 4919 1016 4981 P.;
1037 4919 1279 4971 administrationis
1299 4935 1365 4970 suae
1386 4919 1417 4970 G.
1480 4915 1506 4981 c)
1527 4919 1616 4986 glarie
1634 4921 1669 4970 D.
1734 4916 1762 4982 d)
1783 4937 1843 4986 per·

194 5010 366 5073 sequntionis
385 5008 452 5059 eo.
535 5005 560 5070 e)
582 5011 635 5075 ipsi
654 5026 675 5080 c.
756 5007 777 5068 f)
800 5007 936 5059 lachrimis
955 5027 984 5068 a,
1010 5008 1050 5058 ln'e
1068 5017 1092 5059 et
1105 5009 1209 5074 possin
1291 5005 1319 5074 g)
1340 5008 1375 5058 sie
1392 5026 1429 5068 e.;
1455 5010 1542 5060 ceteri:
1563 5008 1758 5071 electionibus;
1787 5012 1844 5060 suis

195 5099 391 5149 assertionibus
417 5097 453 5147 W.
562 5094 590 5158 h)
618 5114 669 5148 nee
689 5098 724 5147 D.
745 5097 775 5148 P.
884 5093 904 5159 i)
933 5097 1005 5147 char.
1025 5115 1058 5158 c.,
1084 5098 1124 5148 tic
1141 5106 1165 5148 et
1178 5098 1282 5163 poesim
1391 5095 1420 5160 k)
1448 5099 1484 5148 ito
1505 5116 1541 5160 c.,·
1567 5099 1633 5150 deest
1658 5099 1692 5149 D.
1713 5097 1743 5149 P.
1759 5097 1790 5148 G.
1807 5097 1843 5148 W.

195 5183 214 5248 l)
236 5188 331 5238 benev.
352 5187 386 5237 D.
407 5185 437 5237 P.
453 5187 484 5238 (l.
558 5184 594 5248 m)
617 5188 664 5237 ubi
683 5187 717 5236 D.

303 5367 333 5436 1)
357 5369 389 5424 V.
413 5388 503 5445 supra
521 5389 554 5444 p.
573 5368 624 5438 96,
643 5370 669 5425 l.
778 5367 809 5438 2)
833 5370 949 5448 Arnulfl
972 5368 1118 5445 Sapientis
1142 5379 1168 5425 et
1189 5370 1352 5426 relationem
1376 5371 1410 5426 de
1433 5369 1562 5427 electione
1586 5369 1743 5427 Innocenti
1765 5369 1842 5426 Ana-

149 5491 175 5530 45
194 5475 309 5552 stetique
326 5476 442 5546 saetam
467 5484 493 5532 et
516 5475 672 5533 innocenii
701 5476 875 5552 aliorumque
904 5495 1046 5534 snrrronrs
1076 5475 1111 5532 ab
1141 5477 1187 5534 illo
1217 5475 1368 5533 mernorfae
1397 5476 1515 5533 nuditer
1531 5476 1604 5553 ficto
1636 5484 1662 5533 et
1690 5484 1842 5533 commento

195 5602 253 5640 esee
277 5581 314 5638 Ε.
342 5581 528 5640 ruotberto·
550 5585 567 5638 l.
586 5601 609 5638 c.
629 5603 663 5659 p.
686 5583 725 5639 55
743 5603 784 5659 sq.
810 5582 1018 5641 dononstrouit.
1068 5581 1186 5654 Confer,
1217 5583 1264 5652 sis,
1295 5602 1355 5638 arm
1378 5583 1421 5652 iis,
1450 5601 1523 5658 quae
1545 5582 1764 5640 archidiaconus
1788 5581 1843 5638 So-

191 5689 297 5767 piensis
327 5689 370 5746 lu'c
400 5689 499 5758 omitit,
532 5709 574 5759 ea,
607 5709 679 5765 quoe
708 5691 906 5766 sagacissimis
935 5709 1029 5746 rernm
1060 5689 1173 5745 illarum
1197 5689 1350 5767 indagator
1374 5689 1411 5744 E.
1439 5687 1625 5746 Mlldlbaeder
1655 5689 1690 5746 de
1712 5687 1842 5764 erebique

193 5797 266 5853 enni
283 5795 375 5852 1130.
402 5797 532 5854 electione
554 5796 581 5852 in
599 5797 668 5854 libro
691 5797 804 5872 saepius
827 5799 942 5854 laudato
961 5816 993 5871 p.
1012 5795 1052 5851 96
1069 5817 1110 5871 eq.
1137 5817 1173 5853 err
1188 5796 1306 5853 diversis
1329 5795 1539 5853 anetordotibns
1561 5797 1707 5852 enucleata
1726 5794 1841 5872 collegit.

266 5917 365 5970 Libelli
385 5919 418 5970 de
439 5917 495 5969 lite.
528 5918 581 5967 111.
1597 5919 1628 5966 13

1868 1627 1895 1670 ‘f
1903 1629 1948 1671 tat.
