4386 6390
553 1369 1094 1507 TRACTATUS
1148 1372 1331 1508 PRO
1389 1371 2013 1508 OLERICORUM

1068 1598 1499 1734 CONUBIO.

1202 1845 1366 1910 nornis

1064 2009 1116 2106 Ε.
1152 1987 1502 2106 DUMMLER.

577 2237 692 2323 Codex
706 2253 999 2336 Obeltenbnmensis,
1017 2278 1143 2318 numero
1162 2255 1246 2316 7817
1261 2253 1278 2336 (
1281 2253 1381 2338 7208)
1398 2255 1549 2340 siqnatru,
1574 2256 1710 2318 incertae
1726 2255 1872 2340 oriqinie,
1889 2254 2015 2318 saeculo
2029 2252 2097 2316 ΧΠ.
2112 2278 2121 2316 s

457 2377 605 2427 eucratius
615 2365 636 2442 ¹,
664 2363 798 2426 contenet
827 2364 907 2426 inter
930 2363 999 2426 alio
1022 2363 1142 2447 scripta
1166 2360 1211 2424 od
1234 2363 1283 2424 ius
1306 2362 1489 2424 canonicum
1508 2361 1702 2446 pertinentia
1718 2360 1784 2448 fol.
1803 2360 1973 2423 33-37'.
1998 2374 2099 2425 tracto·

457 2483 521 2533 tum
544 2470 603 2554 qui
623 2470 764 2553 sequitur
779 2491 845 2554 pro
869 2468 994 2531 clericis
1017 2469 1201 2554 coniuqatia.
1252 2465 1447 2552 Quamquam
1479 2466 1517 2532 de
1539 2481 1664 2530 auctore
1686 2467 1772 2532 nibil
1791 2469 1892 2532 statui
1904 2481 2020 2553 potest,
2043 2491 2101 2530 eum

458 2589 558 2640 tumen
589 2577 622 2639 in
649 2573 763 2638 Gallia
792 2574 1054 2659 septentrionali²
1084 2587 1112 2638 et
1141 2575 1221 2637 iuter
1250 2596 1350 2637 annos
1379 2573 1505 2658 quidem
1539 2575 1773 2637 1075-1080,
1809 2575 1980 2660 scr-epaime
2009 2577 2100 2637 reor³.

460 2681 638 2746 Germanus
667 2683 723 2744 veie
745 2679 963 2744 Narmanniae
991 2682 1148 2766 supremis
1178 2681 1281 2744 corbis
1311 2681 1501 2744 meminisset
1529 2705 1625 2766 neque
1655 2681 1796 2768 infitiari
1816 2703 1988 2766 possumus
2018 2705 2102 2768 arqu-

457 2801 626 2852 mentorum
651 2785 812 2872 quandum
834 2785 1075 2850 similitudinem
1107 2787 1189 2850 inte-r
1211 2786 1291 2850 banc
1317 2786 1561 2851 lucubrationem
1585 2787 1808 2873 epistolamque
1835 2785 2103 2851 Cauteracensium
2118 2811 2136 2849 u

456 2918 556 2980 supra
581 2893 624 2980 (p.
643 2895 707 2957 574
730 2894 812 2978 sqq.)
838 2891 955 2956 editam
979 2892 1176 2957 intercedere.

569 3000 748 3065 Tractatum
769 3013 905 3063 nocuum
925 3001 1004 3063 satis
1020 2999 1141 3063 doenum
1158 2999 1327 3086 descripsit
1342 2999 1573 3065 Ubeltenbamii
1584 3003 1688 3064 socius
1703 3014 1805 3064 noster
1820 2999 1958 3064 Carolus
1974 3001 2101 3088 Humpe.

458 3107 665 3193 Subsequitur
688 3131 756 3170 eum
780 3119 928 3169 mactatus
952 3105 1031 3170 alter
1055 3105 1093 3170 de
1116 3105 1223 3170 eadem
1247 3131 1281 3170 re
1304 3109 1491 3193 compositus
1514 3107 1570 3170 boc
1594 3108 1682 3171 titulo
1712 3108 1901 3194 inaiqnitus:
1934 3105 2032 3195 [er
2061 3119 2103 3172 est

458 3213 626 3299 rescriptio
642 3211 814 3275 Volusiani
838 3208 1082 3296 Cartaginensis
1106 3211 1262 3298 episcopi,
1286 3212 1320 3276 in
1344 3234 1409 3299 qua
1431 3234 1515 3299 pepe
1539 3211 1696 3277 Nicholao
1720 3212 1760 3277 de
1785 3214 1994 3278 continencia
2018 3214 2102 3278 cleri·

458 3342 569 3384 corum
594 3368 601 3383 .
626 3368 634 3382 .
660 3366 667 3382 .
697 3318 849 3382 tractanti
878 3317 924 3381 ita
947 3316 1130 3403 respondit:
1162 3316 1246 3382 Cum
1268 3329 1334 3399 tua,
1358 3340 1377 3383 o
1400 3328 1494 3405 pater
1517 3328 1550 3382 et
1573 3317 1713 3400 domine,
1738 3318 1871 3384 decreta
1894 3342 1995 3407 super
2019 3319 2103 3385 clsn'-
2119 3345 2137 3384 a

458 3449 570 3490 corum
594 3426 800 3490 continencia
828 3463 872 3471 —
902 3421 1013 3488 habits
1044 3425 1270 3489 coniunctione
1294 3426 1422 3489 visurus
1446 3425 1487 3488 sit
1510 3424 1697 3489 Dominum.
1745 3426 1906 3492 Habemus
1937 3430 2037 3514 iqitur
2058 3429 2103 3493 bie

457 3533 552 3598 aliud
573 3533 734 3618 exemplar
757 3533 906 3617 epistolae
929 3530 1232 3595 Pseudo-Udalrici
1253 3531 1338 3616 (Lib.
1365 3533 1402 3596 de
1427 3533 1481 3597 lite
1503 3533 1533 3613 I,
1550 3556 1586 3618 p.
1606 3533 1806 3618 255-260)
1832 3537 1891 3619 qui
1911 3538 1998 3599 etin
2021 3537 2103 3599 te'tulo

458 3655 487 3704 et
508 3643 543 3705 in
565 3653 647 3704 tectu
672 3639 859 3703 Volusianus
883 3653 1018 3702 uocatur.
1067 3637 1245 3724 Sequuntur
1268 3639 1337 3703 alia
1361 3653 1504 3725 excerpta
1528 3641 1691 3720 canonica,
1719 3641 1891 3725 inquibus
1915 3644 2029 3706 etiam:
2055 3641 2104 3705 Ex

459 3745 595 3832 epistola
616 3742 765 3809 Nicholai
789 3766 874 3830 pape
899 3744 939 3808 de
964 3743 1080 3808 eadem
1106 3767 1152 3808 re.
1200 3743 1338 3831 Scripsit
1367 3743 1460 3808 nobis
1484 3744 1670 3830 Thisberga
1700 3746 1814 3831 regina
1843 3747 1936 3833 regia
1966 3769 2001 3810 se
2025 3747 2103 3811 velle

458 3851 614 3937 dignitate
645 3873 703 3914 seu
733 3849 851 3936 copula
880 3851 957 3914 exui
987 3861 1019 3914 et
1049 3849 1118 3915 sola
1147 3851 1276 3937 privata
1305 3851 1374 3914 vita
1404 3873 1475 3915 esse
1507 3861 1659 3916 contenta
1693 3850 1879 3917 desiderare
1915 3869 1969 3919 ete.
2008 3855 2105 3942 (Jafft
2120 3879 2141 3918 a

458 3985 505 4022 nr.
532 3959 643 4022 2870.

587 3960 714 4146 Birot
721 4085 736 4146 i
740 4085 786 4146 ni
813 4107 842 4146 a.
864 4083 957 4146 1896.
984 4081 1068 4146 Iulio
1092 4107 1202 4146 meuse.
1687 4084 1727 4147 E.
1751 4071 2000 4150 DUMMLER.

380 4307 439 4346 nse.
567 4278 748 4368 [Quisquis
773 4279 931 4368 catholice
956 4279 1093 4368 ecclesis
1116 4278 1214 4343 fidem
1237 4290 1361 4362 tenens,
1393 4279 1434 4342 ab
1458 4280 1618 4366 ypocrisis
1640 4279 1812 4366 iniquitate
1835 4280 1972 4363 alienus,
1997 4291 2105 4346 auten-

458 4388 539 4451 ticas
563 4397 749 4450 sanctorum
772 4403 901 4474 patrum
924 4387 1101 4471 scripturas
1117 4384 1291 4472 diligenter
1312 4387 1568 4471 investigaverit,
1592 4387 1738 4450 inveniet
1760 4386 1918 4473 legittime
1943 4386 2106 4453 celebrata

459 4490 599 4558 conubia
622 4492 814 4558 clericorum
839 4503 929 4557 casta
952 4514 1023 4556 esse
1048 4503 1080 4556 et
1103 4494 1239 4574 sincera,
1263 4514 1339 4574 non,
1363 4501 1399 4556 ut
1420 4493 1498 4556 novi
1521 4491 1680 4578 dogmatis
1703 4492 1811 4557 ferunt
1834 4502 1995 4577 auctores,
2020 4493 2106 4559 adul-
2123 4516 2146 4558 ss

457 4599 563 4664 terina
586 4598 638 4663 vel
661 4599 846 4664 fornicaria.
893 4597 929 4664 si
952 4599 1038 4663 enim
1063 4600 1225 4662 sententia
1247 4598 1365 4663 Niceni
1388 4599 1548 4680 coneiliil,
1573 4621 1657 4685 quae
1682 4600 1822 4663 maxime
1845 4600 1893 4663 ita
1915 4601 2106 4688 interpreta-

458 4716 519 4787 tur,
542 4715 578 4770 ut
600 4704 711 4791 presul
733 4704 951 4769 introductam
974 4704 1142 4768 mulierem
1165 4727 1230 4768 non
1253 4703 1382 4786 habeat,
1407 4728 1471 4795 que
1494 4707 1581 4770 omni
1605 4707 1661 4792 qui
1690 4707 1724 4770 in
1748 4705 1834 4770 clero
1858 4716 1907 4770 est
1937 4706 2053 4772 haberi
2075 4710 2108 4773 in

458 4811 553 4877 domo
577 4812 790 4894 interdicitur,
814 4834 899 4876 uxor
921 4812 1029 4894 etiam,
1054 4833 1117 4898 quc
1147 4810 1261 4897 procul
1285 4811 1383 4877 dubio
1407 4811 1543 4877 honesta
1565 4834 1707 4898 persona
1729 4822 1788 4896 est,
1818 4812 2029 4900 intelligatur,
2059 4837 2106 4879 re-

458 4915 651 5004 pugnabunt
673 4919 821 4982 instituta
844 4917 1055 4982 conciliorum
1074 4915 1338 5000 Calcedonensis,
1356 4917 1611 5004 Cartaginiensis
1635 4929 1732 5006 atque
1750 4918 1922 5002 Toletanii,
1947 4942 2107 5008 repugna-

458 5023 539 5089 bunt
561 5024 759 5088 universalia
782 5023 915 5089 decreta
939 5023 1118 5107 doctorum,
1143 5023 1262 5105 siricii,
1286 5024 1417 5108 Leonis,
1442 5023 1603 5111 Gregorii.
2124 5052 2149 5091 so

568 5221 598 5302 1)
623 5227 672 5300 Cf.
697 5229 731 5286 de
755 5228 847 5285 corice
870 5225 918 5284 ‘N.
936 5227 1034 5285 Aret!
1058 5227 1113 5298 IV,
1132 5249 1166 5303 p.
1185 5227 1258 5284 596.
1358 5225 1389 5302 2)
1412 5229 1459 5287 De
1481 5231 1597 5288 ecclesia
1621 5229 1737 5290 Gallica
1759 5231 1857 5290 uideas
1881 5231 1979 5303 Mirbt,
2004 5231 2107 5289 ’11ώο-

458 5333 539 5391 eietile
561 5334 598 5390 im
622 5334 759 5391 Zeitalter
775 5332 997 5411 GreqoraVlL’
1016 5354 1050 5410 p.
1069 5332 1267 5391 255—258.
1293 5334 1490 5393 273—274.
1531 5335 1579 5410 Of.
1603 5356 1694 5413 supra
1711 5358 1745 5414 p.
1764 5337 1837 5395 579.
1930 5335 1961 5413 3)
1985 5339 2108 5396 Decreta

458 5441 560 5515 synodi
587 5442 728 5498 secundae
750 5461 778 5498 a.
799 5440 893 5498 1075.
918 5461 938 5498 a
962 5439 1103 5518 Greqorio
1126 5441 1235 5499 Romae
1264 5441 1375 5500 batim
1404 5442 1440 5499 ab
1470 5461 1501 5501 eo
1530 5443 1742 5522 impuqnantur,
1774 5445 1814 5517 cs.
1839 5445 1980 5504 Bernoldi
2003 5444 2106 5504 Cbron.

460 5546 601 5618 a.1075,
635 5547 768 5606 Mariani
791 5547 878 5605 Scotti
902 5545 1006 5606 Obron.
1031 5567 1059 5604 a.
1079 5546 1161 5604 1097
1188 5544 1256 5623 (SS.
1276 5549 1307 5620 V,
1331 5569 1365 5624 p.
1388 5549 1461 5605 434.
1487 5545 1574 5625 561).
1688 5550 1719 5622 4)
1746 5549 1817 5627 Cap.
1843 5552 1871 5623 3,
1905 5551 2014 5623 Mansi,
2040 5551 2106 5610 coo.

460 5654 557 5712 concil.
582 5653 622 5724 II,
647 5657 697 5711 col.
716 5654 795 5724 679;
818 5655 994 5712 Pseudoiaid.
1019 5656 1062 5711 ed.
1087 5655 1241 5712 Hinacltius
1258 5675 1292 5730 p.
1311 5653 1384 5712 258.
2126 5675 2151 5714 ss
