4426 6398
116 1556 244 1691 DE
294 1529 809 1692 SIMONIACA
856 1555 1278 1692 HAERESI
1318 1555 1728 1690 CARMEN.

845 1871 1007 1936 EDIDIT

681 2157 684 2163 Α
707 2069 769 2166 Η.
803 2069 1142 2168 BOEHMER.

214 2352 412 2434 Heribertns
436 2367 474 2432 de
496 2367 649 2455 Lasinpa,
673 2370 694 2432 i.
713 2392 737 2431 e.
762 2367 1000 2454 Lotb-arinpins,
1025 2367 1136 2446 dictus,
1160 2393 1189 2430 a.
1213 2368 1285 2453 fere
1307 2368 1399 2430 1054.
1426 2370 1460 2431 in
1480 2392 1564 2455 papo
1587 2367 1752 2433 Occirnensi

70 2499 84 2538 s
103 2478 136 2540 in
152 2475 354 2540 Normannia
376 2489 468 2539 natus
492 2474 644 2557 (‘Enmes,
669 2475 788 2561 dipem.
808 2475 845 2540 de
862 2475 1005 2560 l’Orne')
1031 2500 1069 2539 eu
1080 2477 1191 2560 priore
1208 2475 1433 2539 Fescannensis
1447 2477 1640 2556 monasterii,
1660 2478 1749 2540 cuius

102 2584 249 2646 alumnus
276 2609 296 2647 a
317 2606 421 2668 puero
444 2583 569 2668 fuerat,
601 2607 629 2646 a.
651 2583 744 2645 1087.
770 2583 820 2646 uel
844 2584 937 2646 1088.
963 2607 1027 2668 per
1050 2581 1248 2646 Wilbelmum
1271 2580 1408 2668 Rufum,
1437 2605 1539 2670 rupem
1562 2581 1748 2670 Anplorum,

103 2691 200 2754 abbas
222 2689 453 2752 Rameseiensis
476 2703 505 2752 et
526 2715 555 2752 a.
576 2690 675 2751 1091.
695 2691 866 2753 simoniace
889 2691 1053 2775 episcopus
1074 2687 1313 2775 Tbetfordensis
1328 2689 1442 2774 factus
1465 2703 1515 2752 est.
1559 2690 1643 2752 1000
1667 2691 1748 2753 enim

102 2797 154 2860 rel
184 2797 268 2858 1900
299 2797 392 2860 libris
421 2798 546 2882 torpenti
568 2795 774 2882 Rctnulpltum
798 2795 1043 2876 Flambardum,
1069 2796 1274 2881 praeclarum
1304 2795 1395 2858 illum
1426 2799 1510 2883 repis
1532 2797 1749 2883 familiarem,

103 2905 281 2988 corrupisse
303 2903 425 2987 sibique
448 2903 592 2966 baculum
614 2901 849 2989 Tbetfordense,
870 2905 966 2988 patri
986 2926 1069 2981 uera,
1092 2902 1227 2966 Roberto
1251 2902 1288 2966 de
1311 2901 1463 2989 Losiupa,
1486 2904 1643 2966 abbatiam
1664 2902 1749 2967 Win-

59 3033 85 3071 ιο
104 3024 283 3074 cestrensem
308 3011 417 3073 emisse
441 3008 567 3073 dieitur.
604 3008 666 3072 Bis
690 3011 787 3096 ipitur
802 3011 955 3072 simom'ae
979 3033 1050 3072 reus
1073 3034 1093 3072 a
1117 3008 1252 3092 quodam
1277 3021 1347 3071 nette
1370 3011 1518 3094 temporis
1541 3011 1694 3096 uersijico,
1718 3024 1751 3073 ut

103 3118 152 3180 ait
175 3115 353 3180 Guilelmus
375 3115 668 3180 Malmesburiensis
678 3118 699 3194 ¹,
725 3117 839 3201 paullo
862 3129 1032 3200 postquam
1062 3115 1164 3178 sedem
1196 3116 1404 3201 episcopalem
1434 3117 1579 3195 obtinuit,
1611 3117 1750 3180 carmirm

102 3225 244 3302 satirico,
267 3221 353 3307 quod
374 3247 389 3286 e
413 3223 518 3287 codice
540 3222 644 3310 Lupd.
662 3219 856 3286 Batauorum
877 3222 963 3285 Bibl.
981 3221 1071 3285 Publ.
1092 3223 1163 3283 130.
1189 3247 1208 3284 a
1232 3221 1427 3284 Betbmanno
1451 3223 1478 3286 b.
1496 3247 1535 3286 m.
1560 3225 1750 3308 exscriptum

104 3330 198 3416 infra
221 3332 333 3393 iterum
349 3329 539 3415 eoulqamus,
563 3332 683 3416 campie
707 3331 875 3414 castiqatus
898 3343 949 3392 est.
985 3328 1035 3391 De
1051 3330 1195 3414 versifico
1211 3329 1267 3392 illo
1287 3329 1371 3392 nihil
1385 3343 1510 3392 constat.
1548 3328 1613 3394 Sed
1626 3328 1750 3416 Anplus

104 3438 228 3500 natione
243 3436 354 3522 fuisse
376 3435 508 3500 uidetur.
547 3435 721 3500 Prosodiae
744 3449 772 3499 et
793 3437 873 3498 artis
895 3438 1041 3498 ritetricae
1064 3459 1123 3498 non
1149 3437 1280 3522 ipnariaes
1303 3448 1379 3514 erat,
1402 3438 1462 3499 etsi
1483 3437 1621 3500 leoninos
1644 3460 1750 3500 versus

61 3565 86 3604 n
104 3543 296 3607 beuametros
319 3545 484 3607 etiamtunc
507 3546 553 3608 ita
574 3541 757 3628 composuit,
781 3557 814 3607 ut
836 3566 896 3606 non
919 3542 1014 3607 semel
1028 3541 1129 3627 pedes
1151 3542 1218 3606 sibi
1229 3541 1448 3626 respondentes
1462 3543 1595 3629 syllabis
1610 3567 1672 3607 uon
1687 3558 1749 3606 tam

104 3651 343 3714 consonantibus
365 3674 459 3735 quam
483 3651 701 3713 associantibus
724 3652 928 3734 coniunperet.

219 3773 331 3838 Versus
358 3798 435 3860 qstos
460 3774 638 3838 Guilelmus
661 3761 954 3838 Malmesburiensis
984 3775 1117 3837 inseruit
1146 3772 1163 3854 (
1168 3775 1195 3836 1,
1222 3773 1251 3834 2.
1278 3774 1376 3838 3.10.
1403 3775 1432 3836 8.
1458 3775 1506 3836 16.
1533 3775 1584 3838 37.
1611 3775 1662 3838 38.
1687 3777 1747 3860 14)

105 3894 133 3945 et
154 3882 253 3946 alium
278 3881 420 3945 ordinem
444 3881 593 3946 stolium
617 3893 729 3944 tentum
746 3882 910 3967 praebent,
933 3895 1024 3965 atquc
1047 3879 1144 3943 codex
1167 3879 1396 3966 Lupdunensis.
1445 3879 1511 3944 Sed
1539 3906 1607 3944 cum
1631 3881 1751 3946 codicis

106 3989 249 4052 lectiones
264 4011 367 4053 orienes
389 3989 534 4052 meliores
557 4011 620 4052 esse
643 3987 820 4066 videantur,
844 4011 905 4050 non
921 4001 973 4068 est,
990 4011 1045 4050 cur
1063 3986 1256 4050 Geeilelmum
1278 4011 1454 4072 sequamur.
1493 3987 1580 4051 Unde
1596 3986 1750 4053 Flauius²

60 4117 88 4155 so
106 4097 164 4180 (μοι’
184 4098 313 4180 primus
342 4095 381 4159 id
399 4095 530 4181 publici
557 4096 640 4158 iuris
662 4095 757 4181 fecit,
786 4119 911 4158 carmen
941 4094 1072 4175 dederit,
1102 4119 1163 4157 non
1193 4107 1320 4174 consuit,
1350 4092 1407 4158 sed
1435 4095 1578 4159 lectiones
1601 4120 1622 4158 a
1644 4094 1750 4159 codice

104 4201 314 4289 Lupdunensi
334 4202 513 4288 dotamus
536 4202 707 4286 enemplar,
731 4201 816 4286 quod
837 4201 992 4280 adhibuit,
1016 4203 1049 4265 ei
1067 4202 1266 4264 sirnillimum
1288 4201 1393 4287 fuisse
1417 4200 1635 4265 demonstrant.

211 4325 397 4390 Heribertus
420 4327 475 4390 ille
498 4351 527 4389 a.
546 4327 623 4412 fere
649 4326 742 4387 1094.
768 4349 838 4412 repe
861 4327 959 4389 ina-ito
983 4325 1116 4388 Ilomam
1135 4325 1301 4411 profectus
1325 4325 1489 4412 dipnitatis
1511 4349 1586 4389 suae
1609 4327 1750 4412 insipnia

105 4432 151 4496 ad
165 4432 265 4519 pedes
284 4432 407 4496 Urbani
419 4431 467 4495 II.
484 4457 594 4518 papae
611 4433 763 4518 deposuit,
787 4432 844 4496 sed
866 4433 953 4496 illico
969 4434 1127 4495 restitutus
1149 4432 1220 4496 sede
1243 4431 1421 4518 episcopali
1433 4430 1628 4496 Nortoiciam
1649 4446 1748 4496 trans-

107 4539 171 4602 lata
194 4542 318 4624 recepit.
354 4538 489 4618 Deinde,
513 4563 701 4625 quamquam
727 4563 790 4602 etna
813 4563 882 4603 cum
898 4541 976 4604 aliis
992 4541 1147 4624 episcopis
1162 4538 1352 4624 Anplicanis
1375 4539 1591 4602 investituram
1613 4539 1747 4626 repalem

60 4666 87 4706 ss
106 4658 135 4709 et
155 4645 333 4732 bomapium
356 4671 376 4709 a
392 4647 553 4731 praelatis
575 4648 646 4734 rapi
658 4647 887 4732 praestandum
913 4660 1019 4710 contra
1035 4645 1228 4724 Anselmum,
1252 4645 1523 4731 archiepiscopum
1543 4643 1748 4710 Cantuarien-

105 4774 179 4831 sem,
208 4765 329 4816 strenue
360 4752 514 4840 defendit,
544 4767 644 4817 tartten
675 4777 749 4840 erpa
772 4753 912 4817 subditos
934 4761 1056 4839 semper
1078 4767 1140 4816 tam
1156 4752 1286 4838 fidelem
1311 4765 1339 4815 et
1360 4764 1517 4814 austerum
1533 4765 1695 4837 pastorem
1717 4777 1749 4817 se

101 4858 260 4944 praebuit,
283 4872 326 4938 ut,
349 4884 418 4922 cum
441 4860 568 4923 obiisset
591 4861 633 4940 (a.
655 4861 765 4943 1119),
782 4884 886 4945 pineae
909 4862 1013 4923 sancti
1033 4857 1211 4945 capnomine
1227 4859 1351 4945 fuisset
1372 4858 1570 4921 bortoratus3.

217 4981 323 5048 Codex
341 4983 563 5070 Lupdunensis
585 5008 665 5048 saec.
683 4983 743 5046 XI.
765 5008 810 5047 eat.
829 4984 944 5070 forma
967 4998 1080 5069 quarta
1104 4998 1260 5062 castratus,
1284 4985 1339 5047 eui
1359 5007 1470 5047 maures
1492 5007 1571 5048 saec.
1589 4982 1683 5046 XIV.
1701 5007 1747 5047 ecc.

109 5090 288 5175 inscripsit:
311 5087 396 5152 hunc
420 5087 537 5152 librum
553 5088 687 5153 donavit
710 5089 905 5152 monasterio
921 5088 1146 5173 Egmondensi
1162 5089 1321 5174 dompnus
1339 5088 1524 5175 Stephanus
1547 5086 1649 5152 abbas
1667 5089 1748 5152 sius-

62 5361 89 5401 so
217 5346 244 5415 l)
271 5345 359 5404 Gesta
381 5347 489 5423 Rapum
513 5347 668 5423 Anplornm
691 5346 745 5417 IV,
769 5342 879 5418 §338,
904 5345 994 5404 ‘Bolis
1016 5348 1083 5403 ser)
1099 5347 1140 5417 II,
1158 5367 1192 5423 p,
1211 5344 1283 5401 369.
1395 5343 1426 5419 2)
1447 5345 1538 5403 Varia
1561 5346 1595 5402 de
1617 5353 1749 5420 corrupto

107 5452 238 5509 ecclesiae
259 5461 334 5510 stata
350 5462 485 5528 poemata
509 5447 592 5528 (Bas.
613 5447 709 5527 1557)
727 5474 761 5530 p.
780 5451 972 5509 234—236.
1050 5451 1079 5522 3)
1107 5451 1155 5524 Of.
1180 5455 1214 5510 de
1238 5471 1268 5509 eo
1285 5450 1432 5510 Goutbarn
1456 5461 1481 5508 et
1504 5451 1651 5526 Spmonds
1670 5451 1750 5523 ‘lise

107 5559 169 5616 aad
182 5559 293 5617 Lettem
314 5561 353 5632 cf
367 5559 454 5617 Herb.
473 5552 563 5630 Los.’,·
585 5561 764 5630 Anstratber,
789 5559 932 5617 Heriberti
955 5559 1117 5636 Epistolae;
1142 5560 1294 5629 Freanan,
1319 5559 1421 5635 ‘Reipn
1444 5559 1483 5630 os
1501 5558 1621 5615 William
1637 5558 1747 5629 Rusus'

107 5664 148 5736 II,
166 5685 201 5742 p.
219 5665 418 5737 568—570;
442 5667 642 5741 ‘Dictionnarp
665 5667 704 5739 of
721 5665 862 5724 Nationol
882 5666 1063 5744 Bioprapbp’
1088 5664 1231 5735 XXXIV,
1249 5685 1284 5741 p.
1301 5665 1491 5721 143-146,
