4396 6390
344 297 409 359 450
637 303 817 360 GERHOHI
839 303 1073 360 PRAEPOSITI
1097 302 1507 360 REICHERSBERGENSIS
1531 303 1696 359 LIBELLI.

344 511 440 554 versa
462 489 622 554 videmus.
670 491 734 554 Pro
759 490 910 577 exemplo
935 491 976 555 sit
999 490 1093 555 nobis
1117 492 1151 554 in
1175 490 1256 555 urbe
1280 491 1383 555 Roma
1406 490 1521 554 domus
1545 489 1684 554 rotunda
1708 500 1844 554 sanctae
1868 489 2043 574 Mariae,

345 618 428 682 quae
453 594 645 660 demonibus
669 596 828 661 fabricata
854 619 941 660 nunc
972 609 1021 661 est
1048 599 1081 662 in
1104 597 1225 662 honore
1249 595 1459 661 beatissimae
1482 597 1619 682 virginis
1643 596 1769 660 Mariae
1793 597 2067 681 omniumquffi
2140 581 2143 590 ¹

344 713 529 767 sanctorum
553 702 715 767 dedicata.
764 702 919 768 Similiter
942 715 973 768 et
996 704 1153 790 palatium
1176 704 1409 786 Lateranense,
1441 704 1531 790 prius
1557 703 1737 789 imperiale,
1768 725 1858 766 nunc
1881 701 2088 776 factun-

123 847 125 852 ,
227 832 325 884 rama.
344 808 545 874 sacerdotale
569 811 740 875 manifeste
759 821 963 896 representat
985 811 1080 874 huius
1103 810 1293 898 prophetiae
1317 811 1498 892 veritatem,
1522 831 1588 895 qua
1606 808 1741 873 dicitur:
1778 810 1819 873 la
1836 810 2103 900 arabilibus-d

346 919 378 980 in
402 918 516 1002 qra'bas
532 920 630 1003 prius
660 917 812 982 dracones
841 918 1034 999 habitabant,
1062 921 1181 982 orietur
1206 921 1293 983 viror
1315 917 1436 982 calami
1456 931 1484 981 et
1508 919 1603 982 iunci.
1650 915 1892 980 Nichilominus
1916 925 1949 978 et
1970 916 2166 995 ing

345 1020 490 1086 cenobiis
514 1021 636 1086 auxilio
661 1022 797 1086 divitum
822 1022 989 1088 fabricatis
1006 1025 1099 1110 quasi
1116 1023 1237 1088 cubilia
1253 1023 1431 1087 draconum
1449 1023 1566 1086 calami
1590 1035 1623 1086 et
1645 1024 1734 1087 iunci
1757 1022 1906 1108 replent,
1932 1045 2148 1102 οῑῑιῐεῑιῃ

220 1152 325 1202 rana.
344 1128 456 1213 lingua
479 1128 664 1193 docentium
689 1129 782 1215 quasi
806 1129 949 1194 calamus
973 1129 1079 1195 scribe
1100 1130 1279 1195 velociter·
1304 1128 1475 1194 scribentis
1492 1128 1628 1194 verbum
1645 1129 1710 1193 Dei
1734 1129 1844 1193 firmat
1867 1141 1901 1192 et
1924 1127 2156 1209 fideffig

345 1234 545 1300 audientium
573 1235 770 1300 admodum
794 1236 928 1299 virentis
952 1237 1050 1318 iunci,
1081 1260 1146 1302 non
1177 1239 1210 1301 in
1234 1235 1408 1323 superbiae
1431 1259 1523 1321 rupe,
1555 1235 1614 1300 sed
1643 1239 1677 1299 in
1700 1235 1895 1300 humilitatis
1919 1234 2158 1316 vallQ

209 1365 326 1414 uacua.
345 1341 492 1405 radicata
514 1340 651 1405 verbum
675 1340 738 1405 sibi
762 1341 883 1407 dictum
910 1353 1093 1426 conservat,
1122 1365 1162 1407 ne
1186 1353 1308 1430 pereat,
1334 1342 1495 1430 quomodo
1520 1353 1551 1406 et
1575 1342 1704 1429 cophini
1730 1342 1771 1407 de
1795 1343 1905 1406 iuncis
1930 1365 2047 1405 con—
2077 1407 2084 1410 ,
2115 1395 2160 1408 ἢ

258 1471 325 1514 aa.
345 1449 427 1512 texti
450 1448 633 1532 fragmenta
656 1448 687 1512 V
710 1471 832 1534 panum
856 1461 997 1531 servant,
1022 1473 1062 1514 ne
1089 1455 1248 1536 ‘percant
1293 1449 1337 1513 Et
1360 1449 1466 1513 llaria
1488 1449 1658 1513 humilium
1681 1450 1795 1535 regina
1820 1459 1854 1512 et
1877 1447 2064 1512 humili—-
2087 1499 2160 1515 ᾖ
2177 1497 2197 1538 „

198 1577 325 1628 paean.
344 1555 420 1618 tatis
450 1554 619 1640 exemplar
647 1555 850 1640 precipuum,
878 1555 1096 1620 conservabat
1125 1557 1233 1620 omnia
1260 1554 1363 1620 verba
1393 1578 1471 1620 suae
1502 1555 1580 1619 fidei
1610 1555 1734 1620 credita
1765 1555 1942 1620 conferens
1971 1557 2156 1636 ἱι-κῖ1

344 1661 442 1725 corde
474 1683 542 1743 sue,
574 1659 678 1724 donec
710 1683 750 1724 ea
780 1663 996 1726 committeret
1026 1661 1160 1727 calamis
1190 1662 1410 1748 apostolorum
1438 1673 1471 1727 ct
1498 1662 1782 1748 euangelistarum,
1812 1661 1855 1726 de
1883 1659 2152 1742 talibuQ

345 1767 442 1852 digne
466 1767 666 1854 loquentium
690 1777 723 1832 et
746 1767 966 1850 scribentium,
992 1769 1080 1856 quod
1103 1792 1168 1834 non
1192 1767 1331 1833 decebat
1353 1790 1469 1832 sexum
1491 1769 1676 1833 femineum.

273 1897 324 1948 (ao.
451 1873 692 1960 Propemodum
722 1875 826 1940 simile
858 1886 907 1939 est
936 1875 1012 1940 huic
1041 1877 1075 1939 in
1100 1875 1246 1941 cenobiis
1276 1875 1491 1961 regularibus,
1516 1877 1593 1963 quia
1615 1875 1751 1940 infirmis
1782 1897 1822 1940 ac
1853 1875 2073 1942 feminei&

344 1981 491 2066 personis
522 1979 689 2044 orantibus
721 1993 753 2044 et
782 1981 919 2046 fortibus
950 1993 1047 2069 atquc
1070 1981 1220 2047 vitilibus
1243 1983 1380 2047 viriliter
1411 2005 1449 2046 ac
1479 1983 1606 2047 fortiter
1629 1981 1766 2047 verbum
1789 1983 1858 2046 Dei
1882 1983 2046 2068 scrith
2139 2027 2159 2067 1,

344 2086 397 2150 vel
427 2087 514 2151 dicto
544 2086 801 2152 contestantibus
831 2089 972 2153 invicem
1003 2087 1066 2153 sibi
1094 2100 1310 2176 cooperantur
1338 2088 1456 2154 calami
1487 2099 1519 2152 et
1545 2090 1645 2171 iunci,
1676 2089 1776 2153 fortes
1808 2099 1842 2153 et
1872 2087 2023 2172 infirmi,

345 2193 534 2280 eloquentes
558 2204 590 2258 et
613 2195 776 2258 taciturni.
824 2195 921 2275 Quod
944 2207 1161 2282 spectatorem
1185 2207 1217 2262 et
1241 2196 1429 2261 dilectorem
1453 2195 1518 2260 Dei
1545 2194 1741 2260 mirabilium
1765 2197 1926 2282 precipue
1951 2195 2021 2259 de-

344 2299 452 2382 lectat,
476 2322 550 2364 cum
574 2300 610 2364 lit
632 2302 666 2364 in
690 2299 862 2384 cubilibus,
893 2303 927 2366 in
951 2301 1069 2388 quibus
1093 2304 1182 2389 prius
1207 2303 1366 2367 dracones
1389 2301 1591 2384 habitabant,
1622 2303 1706 2366 sicut
1732 2304 1766 2366 in
1790 2302 1932 2388 palaciis
1955 2325 2007 2366 re-

345 2429 421 2491 gum
449 2406 501 2470 vel
532 2408 674 2493 antiquis
697 2408 826 2494 templis
851 2407 1034 2492 demonum,
1066 2421 1162 2496 prout
1185 2433 1284 2496 supra
1307 2410 1582 2495 exemplificatum
1606 2419 1655 2474 est
1683 2410 1717 2473 in
1740 2408 1885 2474 rotunda
1909 2409 2005 2474 domo

345 2523 476 2576 sanctae
500 2512 625 2576 Mariae
650 2525 681 2578 et
704 2515 738 2578 in
761 2515 882 2600 palatio
905 2515 1130 2580 Lateranensi.
1178 2515 1406 2602 Torqueantur
1435 2539 1534 2602 super
1562 2515 1624 2580 hoc
1657 2515 1846 2602 spectaculo
1877 2516 1998 2580 invido·
2012 2521 2108 2581 sd

345 2641 416 2682 rum
445 2618 526 2705 lippi
556 2619 657 2702 oculi,
689 2643 750 2706 ego
773 2641 851 2685 vero
876 2621 1065 2686 delectabor
1087 2623 1120 2686 in
1144 2622 1286 2687 Domino
1317 2622 1395 2687 talia
1425 2633 1590 2708 operante,
1622 2634 1718 2708 atque
1750 2623 1877 2686 serenis
1902 2621 1997 2687 oculis

345 2726 468 2811 aspicia
493 2725 601 2790 Deum
624 2727 786 2818 iacentem
809 2728 842 2790 in
867 2726 1011 2814 quolibet
1034 2728 1092 2792 tali
1115 2729 1277 2815 presepio,
1308 2729 1342 2793 in
1365 2727 1472 2794 medio
1497 2729 1596 2793 duum
1619 2729 1819 2812 animalium,
1853 2727 1948 2794 bovis
1971 2743 1997 2794 et

346 2831 443 2915 asini,
474 2844 630 2918 tanquam
660 2835 694 2896 in
723 2833 831 2898 medio
862 2834 979 2900 calami
1011 2847 1043 2898 et
1074 2836 1173 2900 iunci.
1226 2835 1311 2899 Nam
1341 2834 1399 2899 bos
1430 2835 1551 2899 animal
1580 2836 1736 2900 mundum
1768 2847 1801 2900 et
1832 2837 1996 2900 sacrificiis

345 2948 457 3026 aptum
487 2939 653 3004 ruminans
683 2952 780 3027 atque
812 2943 965 3006 triturans
997 2953 1071 3028 apte
1103 2941 1266 3027 significat
1297 2941 1429 3006 chorum
1459 2941 1674 3006 litteratorum
1697 2940 1791 3006 verbi
1821 2943 1997 3007 ministerio

345 3043 538 3128 deditorum,
555 3069 692 3132 quorum
707 3047 838 3132 linguae
863 3047 1084 3113 assimilantur
1100 3048 1234 3112 calamis
1251 3048 1408 3113 velociter
1432 3048 1652 3113 scribentium.
1687 3049 1731 3112 Et
1753 3050 1866 3113 asinus
1883 3049 1998 3113 animal
2013 3071 2035 3110 a

346 3152 485 3238 simplex
513 3164 610 3240 atque
641 3154 839 3218 oneriferum
869 3177 934 3218 non
965 3157 1144 3242 incongrue
1175 3155 1338 3240 significat
1368 3177 1501 3240 gregem
1532 3155 1743 3241 simplicium,
1775 3153 1871 3220 verbi
1898 3159 2000 3242 gratia

345 3258 481 3322 fratrum
505 3281 736 3325 conversorum
759 3261 812 3325 vel
843 3285 988 3326 sororum
1019 3261 1210 3326 devotarum
1241 3283 1300 3325 seu
1328 3261 1465 3326 aliarum
1495 3261 1639 3326 fidelium
1669 3284 1894 3348 personarum,
1920 3285 2000 3349 quac

176 3365 477 3438 r.eor.1s,r.omnino
501 3377 650 3450 paratum
675 3389 732 3431 cor
754 3365 877 3432 habent
907 3368 950 3432 ad
973 3391 1054 3432 onus
1085 3367 1291 3432 obedientiae
1322 3391 1380 3454 pro
1405 3390 1462 3432 suo
1487 3390 1582 3454 posse
1605 3368 1776 3433 ferendum
1800 3379 1833 3433 et
1863 3371 1898 3433 in
1923 3371 2001 3434 cari-

185 3495 327 3544 masan.
346 3481 424 3554 tate,
449 3494 532 3556 quae
557 3474 666 3537 omnia
688 3473 811 3556 suffert,
836 3475 945 3538 omnia
969 3475 1116 3556 sustinet,
1141 3485 1174 3538 et
1196 3476 1259 3561 ipsi
1283 3485 1439 3561 tanquam
1463 3474 1612 3539 Ysachar
1634 3477 1744 3539 asinus
1775 3476 1868 3540 fortis
1892 3476 2001 3541 hume-

170 3565 329 3670 „„„„,‘,²,⁵l2
348 3599 419 3640 rum
449 3575 636 3663 subponunt
665 3579 707 3644 ad
735 3581 843 3644 omnia
873 3580 1092 3646 sufferendum
1125 3591 1158 3645 et
1187 3582 1421 3646 sustinendum.
1470 3581 1552 3662 Quis
1581 3605 1656 3665 non,
1687 3584 1749 3647 ista
1779 3582 2001 3666 considerans,
2018 3605 2042 3644 a

117 3674 329 3798 [lesmgenitin
347 3682 460 3748 videat
482 3685 590 3749 Iesum
614 3686 743 3750 venisse
771 3688 805 3750 in
829 3699 938 3774 partes
962 3687 1105 3752 Cesarea
1128 3687 1297 3774 Philippi?
1344 3687 1450 3752 Cumb
1474 3690 1561 3752 enim
1585 3686 1688 3752 Cesar
1711 3700 1797 3753 esset
1824 3691 2004 3776 impera-tor

114 3756 328 3887 pappphpepespe
348 3799 380 3854 et
395 3790 566 3877 Philippus
589 3792 762 3876 tetrarcha,
785 3817 850 3857 non
873 3795 1050 3880 incongrue
1074 3794 1124 3858 his
1140 3794 1325 3859 nominibus
1342 3805 1531 3881 prenotatur
1546 3805 1689 3881 potestas
1705 3793 1827 3859 Christi
1844 3817 1883 3860 eo
1898 3819 2001 3882 usque

346 3898 379 3960 in
403 3897 524 3962 mundo
554 3921 758 3985 processura,
787 3912 822 3965 ut
852 3902 1084 3987 imperatorum
1115 3912 1361 3988 ceterorumque
1391 3903 1587 3987 principum,
1618 3902 1775 3966 maiorum
1807 3901 1934 3966 scilicet
1964 3925 2001 3966 ac

345 4004 515 4086 minorum,
540 4004 602 4068 sibi
627 4004 710 4070 colla
732 4006 914 4071 inclinaret.
959 4007 1032 4088 Quo
1057 4007 1151 4072 modo
1176 4008 1328 4094 antiquus
1351 4007 1405 4071 ille
1430 4007 1532 4091 Iesus,
1557 4009 1612 4094 qui
1636 4019 1669 4072 et
1691 4007 1786 4072 Iosue
1811 4007 1920 4073 dictus
1944 4019 2000 4088 est,

167 4108 397 4184 er.10·.1o,24,V⁰
422 4133 535 4195 regum
560 4110 643 4176 colla
666 4114 733 4176 suis
756 4113 959 4200 principibus
984 4114 1142 4180 calcanda
1172 4113 1358 4195 substravit,
1390 4114 1456 4178 sole
1485 4113 1571 4178 diem
1595 4114 1808 4200 prolongante
1832 4137 1936 4202 usque
1961 4115 2002 4178 ad
2019 4137 2042 4176 a

345 4218 655 4282 consummationem
678 4218 751 4282 talis
768 4221 936 4284 victoriae.
971 4221 1115 4285 Putasne
1140 4222 1209 4284 sine
1229 4221 1373 4284 misterio
1389 4245 1455 4284 non
1471 4220 1560 4303 alibi,
1585 4221 1643 4285 sed
1666 4222 1699 4284 in
1715 4221 1788 4286 loco
1804 4221 1862 4285 tali
1880 4221 2001 4286 dietum

167 4322 531 4397 Matth.1t,18.eSlPelr0:
559 4326 642 4402 φαῖσι
666 4341 697 4390 tu
721 4351 753 4390 es
776 4327 887 4390 Petrus
910 4342 938 4392 et
959 4353 1054 4414 super
1077 4330 1158 4392 bane
1177 4343 1301 4414 petram
1325 4328 1502 4414 edificabod
1526 4330 1709 4393 aecclesiam
1741 4353 1839 4392 arreum
1865 4344 1894 4393 et
1908 4344 2001 4414 porte

251 4453 325 4494 mro.
345 4431 451 4516 cirferi
471 4455 531 4495 nort
547 4433 758 4517 precedebant
779 4434 931 4497 arla-ersus
955 4460 1031 4498 eant.
1077 4435 1121 4499 Et
1144 4437 1205 4499 tibi
1225 4435 1305 4499 <letho
1329 4436 1432 4499 clares
1455 4437 1549 4520 rapui
1569 4435 1722 4516 celorum,
1746 4449 1773 4499 et
1796 4436 2001 4522 quodcunque

345 4537 496 4622 ligaveris
518 4563 613 4623 seqrer
636 4553 763 4620 terram,
787 4543 848 4604 erit
866 4542 997 4627 [epotum
1021 4556 1049 4605 et
1072 4544 1104 4605 ia
1130 4543 1215 4622 calis,
1240 4555 1268 4606 et
1290 4542 1494 4626 quodcunque
1517 4543 1650 4606 calceris
1672 4566 1767 4627 sequar
1790 4557 1918 4622 terram,
1943 4545 2002 4606 erit

343 4643 475 4706 salertam
500 4658 528 4708 et
552 4647 584 4707 io
608 4646 707 4708 celas?
752 4646 885 4709 Poterat
907 4646 970 4709 hoc
993 4646 1057 4710 alio
1081 4648 1115 4710 in
1139 4647 1210 4710 loco
1228 4647 1388 4710 Dominus
1414 4647 1536 4710 dixisse
1553 4647 1662 4729 Petro,
1687 4647 1745 4711 sed
1768 4647 1872 4711 voluit
1895 4659 2000 4712 osten·
2016 4671 2041 4710 a

344 4745 420 4811 dere
445 4771 574 4812 cesares
598 4771 636 4813 ac
661 4751 841 4816 tetrarchas
865 4763 1056 4838 ceterosque
1079 4755 1243 4840 principes
1266 4753 1379 4818 mundi
1402 4753 1498 4818 huius
1522 4776 1581 4840 per
1595 4754 1814 4840 principatum
1831 4753 1999 4840 dignitatis

343 4854 540 4939 apostolicae
564 4866 619 4919 aut
637 4856 833 4943 frangendos
854 4870 910 4922 aut
928 4859 1115 4924 flectendos.
1155 4860 1199 4924 Et
1221 4858 1320 4940 beati,
1345 4861 1401 4946 qui
1425 4859 1586 4924 flexibiles
1610 4861 1829 4942 inveniuntur,
1853 4871 1890 4924 ut
1913 4863 1999 4947 prin-

343 4982 420 5046 ceps
451 4959 682 5027 Constantinus
713 4975 745 5027 et
774 4974 848 5051 post
882 4967 989 5051 ipsum
1019 4966 1203 5030 Archadius
1233 4975 1266 5031 et
1297 4965 1477 5048 Honorius,
1507 4966 1771 5049 Valentinianus,
1804 4965 1997 5050 Gracianus,

264 5092 322 5132 ma
342 5065 483 5131 Karolus
515 5080 547 5131 et
574 5069 647 5154 pius
671 5069 866 5134 Ludewicus
897 5073 1062 5158 ceterique
1088 5072 1221 5136 “horrrm
1253 5073 1373 5136 similes
1398 5096 1418 5136 a
1441 5073 1526 5137 malo
1558 5072 1600 5137 ad
1630 5072 1751 5138 bonum
1782 5073 1997 5138 inclinabiles.

342 5173 454 5237 Miseri
477 5197 566 5256 vcro,
595 5176 651 5261 qui
681 5175 768 5240 flecti
798 5175 945 5241 nolentes
969 5178 1075 5263 frangi
1099 5189 1296 5259 meruerunt,
1321 5191 1356 5244 ut
1380 5179 1478 5262 Nero,
1502 5180 1627 5244 Decius
1659 5191 1691 5243 et
1722 5181 1822 5244 ceteri
1852 5181 1934 5244 tales
1964 5181 1997 5244 in
2013 5202 2037 5240 a

341 5281 532 5364 paganismo
556 5283 799 5366 tyrannizantes
824 5295 855 5347 et
878 5283 1013 5371 quidam
1036 5296 1150 5371 postea
1173 5285 1207 5348 in
1232 5285 1471 5350 christianismo
1495 5286 1557 5350 illis
1581 5288 1765 5373 nequiores,
1787 5297 1822 5350 ut
1838 5284 1996 5351 Constan-
2034 5331 2036 5334 -

341 5385 404 5449 tius
426 5387 585 5450 Arrianus
610 5399 642 5450 ct
664 5399 813 5473 apostata
835 5389 980 5455 lulianus
1009 5391 1174 5476 ceterique
1198 5414 1292 5476 reges
1316 5391 1534 5456 hereticorum
1558 5393 1712 5456 vesaniae
1737 5405 1850 5457 contra
1873 5393 1995 5457 aeccle·

447 5567 474 5630 a)
495 5569 719 5620 machinandi.
793 5573 820 5632 b)
843 5573 982 5636 quiscum
996 5573 1029 5623 B.
1107 5569 1133 5634 c)
1155 5573 1299 5623 ermanni.
1373 5571 1402 5636 d)
1422 5575 1575 5640 septenium
1594 5575 1721 5625 verborum
1736 5576 1883 5641 parumque
1898 5576 1997 5641 primm

341 5663 438 5706 toreuma
457 5658 553 5708 litterae
572 5659 599 5707 ia
617 5658 688 5708 meld.
708 5659 821 5724 scriptae.
