4478 6396
640 348 832 404 EPISTOLA
856 349 910 404 AD
934 347 1208 405 INNOCENTIUM
1232 350 1376 406 PAPAM.
1776 347 1840 410 213

182 532 361 614 institutas,
393 534 454 598 iste
478 557 557 598 vero
588 537 812 622 symoniacum
836 547 868 599 et
890 535 1063 600 idolatram
1087 558 1158 600 esse
1183 535 1333 601 ostendat
1356 535 1535 623 quemlibet
1557 559 1613 602 eas
1642 538 1686 603 ad
1707 542 1840 627 propris

184 639 276 704 lucra
292 651 478 705 vertentem
493 641 547 705 vel
570 664 703 706 munere
727 641 869 728 linguae,
893 642 980 728 quod
997 653 1047 706 est
1069 643 1102 706 in
1119 644 1191 728 ipss
1206 642 1386 707 officiorum
1409 645 1581 708 temeraria
1597 649 1839 733 presumptione

184 746 239 810 vel
262 770 398 812 munere
423 746 573 835 obsequii
596 748 743 828 indebiti,
769 749 857 836 quud
880 749 916 812 fit
943 751 977 813 in
1001 751 1194 814 executione
1218 750 1389 814 ministerii
1418 749 1459 814 ab
1484 750 1606 816 altioris
1630 753 1839 840 professionis

185 853 372 918 hominibus
397 855 592 939 exhibendi3
617 855 670 920 vel
692 857 862 942 pecuniae,
887 879 971 942 quae
996 858 1163 942 symoniae
1187 857 1313 942 species
1338 855 1486 921 omnibus
1511 870 1560 923 est
1584 858 1679 924 nuda.

149 992 165 1030 s
295 961 328 1026 S.
364 962 485 1027 Mirum
510 963 669 1049 estquod
693 965 820 1028 conaris
844 973 999 1046 astruere,
1024 965 1138 1051 utqui
1162 985 1214 1027 res
1238 963 1499 1028 aecclesiasticas
1531 962 1573 1029 ab
1597 965 1657 1048 his,
1689 967 1731 1031 ad
1755 990 1839 1054 quae
1859 993 1887 1037 ·.
1922 997 1936 1034 ⁴.

186 1069 334 1132 instituta
357 1081 442 1151 sunt,
467 1069 610 1134 alienant
626 1069 799 1156 speciebus
815 1093 984 1134 munerum
1000 1071 1271 1156 presignatorum,
1290 1070 1455 1135 ‘incidant
1478 1069 1647 1136 idolatriae
1664 1073 1717 1136 vel
1734 1097 1838 1160 symo-

185 1177 260 1239 niae
285 1179 483 1262 contagium.
530 1176 684 1241 Attamen
709 1199 767 1242 nos
791 1201 856 1240 non
879 1176 999 1240 fuimus
1031 1178 1125 1263 primi
1149 1176 1354 1259 alienatores,
1379 1178 1466 1264 quod
1490 1178 1626 1242 fortasse
1651 1179 1758 1244 reddit
1781 1204 1839 1245 nos

185 1281 230 1346 ab
253 1281 315 1346 bac
339 1285 503 1348 sententia
525 1284 683 1348 inmunes.

294 1389 332 1453 R.
369 1390 443 1455 Non
459 1412 531 1476 ego,
556 1390 615 1455 sed
629 1389 751 1454 Lucius
767 1413 855 1477 papa
878 1400 910 1453 et
932 1401 1056 1476 martyr
1079 1389 1139 1454 tibi
1163 1389 1369 1476 respondeat,
1394 1393 1449 1477 qui
1474 1392 1514 1456 de
1534 1392 1731 1478 raptoribus,
1754 1395 1839 1459 frau-

140 1527 166 1563 n
187 1494 402 1580 dulatoribns,
427 1495 657 1562 alienatoribus
681 1519 789 1560 rerum
809 1495 1124 1560 aecclesiasticarum
1148 1519 1325 1582 eommque
1350 1497 1599 1563 consensoribus
1623 1500 1708 1564 inter
1731 1512 1840 1566 cetera

187 1605 235 1667 sic
259 1605 386 1668 intonat
410 1627 481 1690 cap.
494 1603 617 1668 VII⁰.¹:
645 1604 711 1682 Qui
728 1604 850 1668 Cleristl
856 1607 1013 1691 pecuales
1036 1618 1065 1670 et
1082 1606 1251 1670 aecclesiae
1269 1607 1387 1692 aufert,
1404 1607 1549 1694 fraudat
1571 1622 1598 1671 et
1620 1611 1718 1694 rapit,
1741 1609 1839 1674 borrel·

187 1712 264 1775 cida-
287 1715 322 1775 ia
338 1727 501 1799 conspecta
523 1715 602 1776 lasti
624 1712 742 1776 iudicis
765 1737 828 1776 esse
852 1712 1082 1797 deputabitur&
1121 1711 1209 1776 Unde
1228 1726 1256 1776 et
1270 1711 1382 1793 Iudas,
1406 1715 1642 1801 qaipccuae'anr
1658 1715 1839 1800 fraudavit,

188 1843 268 1904 qaae
299 1821 408 1884 asilus
437 1821 616 1899 aecclesiae,
647 1819 685 1883 ld
706 1833 750 1883 est
764 1820 975 1905 pauperibus,
1006 1829 1105 1904 quosa
1133 1820 1286 1883 aecclesia
1302 1843 1437 1905 pascere
1467 1820 1563 1902 debet,
1594 1821 1840 1888 desa-r'baebatar

190 1929 277 1990 iussu
294 1925 483 2006 Salvator-es,
507 1929 596 1990 cuius
620 1928 716 1990 vicem
741 1939 840 1990 teneat
855 1928 1006 2012 episcopi,
1030 1949 1090 1990 aon
1106 1927 1205 1990 solam
1215 1927 1292 2014 sar,
1315 1927 1445 2014 sedfar
1469 1942 1497 1992 et
1517 1929 1692 2016 sacrilegas
1715 1930 1840 2016 effeetus

144 2061 170 2100 rs
189 2048 232 2096 ert
244 2038 263 2096 ².
319 2033 408 2098 Haec
428 2036 511 2122 fieri
530 2034 719 2119 prophetae,
750 2034 825 2097 laec
855 2033 993 2118 apostoli
1021 2048 1050 2097 et
1076 2057 1267 2096 antecessores
1297 2057 1417 2114 corant,
1448 2049 1490 2099 et.
1505 2037 1643 2099 ornarant
1674 2036 1838 2101 catholico·

189 2165 258 2203 rum
282 2155 414 2226 petram
445 2155 548 2205 vetaret
576 2140 710 2220 decreta,
740 2154 768 2204 et
791 2140 868 2204 tales
884 2141 1138 2226 presarnptt'anes
1166 2141 1338 2227 sacrilegia
1366 2165 1430 2205 csse
1460 2141 1649 2207 diiudicant.
1701 2143 1837 2220 Quorum

188 2271 244 2310 aas
273 2263 432 2332 sequentes
462 2249 614 2333 exempla,
645 2270 748 2311 omnes
779 2247 856 2310 tales
871 2260 1118 2334 presumpturos,
1150 2262 1177 2310 et
1206 2247 1375 2312 aecclesiae
1405 2261 1557 2334 raptores,
1588 2261 1680 2334 atqae
1709 2275 1838 2315 sacram

180 2355 378 2440 facultatum
408 2356 597 2420 alienatores
626 2380 646 2418 a
674 2355 838 2418 teatin-ibus
866 2367 991 2418 soractae
1021 2356 1134 2417 rastris
1163 2353 1332 2418 aecclesiae
1362 2355 1636 2420 anathematizatos
1666 2358 1839 2442 apostoliea

187 2464 371 2526 auctoritate
387 2462 553 2548 pellimus,
584 2475 612 2524 et
641 2461 860 2547 danqortamas,
891 2475 982 2546 atque
1005 2461 1176 2546 sacrilegos
1199 2484 1262 2524 esse
1286 2461 1483 2543 iudicaram
1512 2461 1569 2526 sed
1591 2476 1618 2527 et
1641 2486 1745 2528 omnes
1768 2489 1837 2528 caa-

142 2596 170 2634 ro
187 2572 350 2633 sertticates
374 2572 429 2649 ers,
453 2571 529 2653 qula
553 2592 615 2632 aaa
636 2569 737 2632 solare
761 2571 820 2655 qai
832 2569 967 2654 faciunt
990 2569 1040 2630 rei
1060 2567 1254 2648 iudicaretur,
1277 2567 1449 2632 sedetiam
1473 2570 1532 2654 qai
1544 2570 1745 2656 facientibus
1768 2597 1838 2634 roa-

186 2679 331 2740 seate'ant.
378 2675 446 2740 Par
475 2678 557 2740 caira
581 2673 691 2761 peaaf'
715 2689 887 2761 stupentes
915 2685 962 2738 et⁰
987 2676 1206 2738 conseate’eates
1229 2674 1475 2760 consprelteadit.
1522 2674 1623 2758 Ecce,
1648 2674 1757 2758 frater,
1783 2678 1838 2763 qui

187 2783 229 2846 de
253 2782 315 2847 hoc
346 2781 405 2846 tibi
428 2779 662 2868 applaudebas,
687 2782 764 2867 quia
787 2803 838 2844 res
862 2779 1041 2844 aecclesiae
1065 2793 1100 2843 tu
1123 2802 1189 2843 non
1212 2781 1335 2867 primus
1366 2779 1407 2844 ab
1437 2803 1500 2846 usu
1529 2779 1727 2867 apostolicae
1751 2783 1837 2848 vitae

187 2889 402 2968 alienaveras,
427 2911 507 2977 quas
531 2887 606 2952 huie
631 2898 762 2952 sanctae
778 2887 865 2952 vitae
889 2887 1029 2951 affirmat
1052 2898 1176 2972 martyr
1200 2897 1232 2951 et
1255 2910 1341 2973 papa
1358 2885 1511 2952 Urbanus
1534 2889 1749 2976 mancipatae,
1774 2913 1838 2954 non
1857 2915 1887 2956 r.
1923 2943 1929 2956 .

188 2996 308 3060 audisti
339 2995 598 3082 compontificem
629 3006 661 3059 et
692 2993 943 3058 commilitonem
967 2994 1061 3074 ‘eiua
1092 3016 1212 3079 papam
1242 3006 1275 3058 et
1304 3005 1479 3080 martyrem
1502 2995 1651 3078 Lucium,
1677 2997 1838 3083 quomodo

143 3131 169 3170 ss
188 3105 429 3167 consentientes
454 3125 528 3166 cum
552 3100 723 3187 agentibus
746 3099 908 3166 involutos
932 3099 1074 3164 ostendit
1097 3102 1131 3163 in
1153 3100 1241 3164 idem
1264 3100 1430 3165 iudicimn.

297 3209 330 3275 S.
366 3210 433 3274 Nos
456 3233 509 3273 res
533 3208 725 3288 aecclesiae,
756 3207 832 3271 licet
855 3206 1052 3292 apostolicae
1077 3209 1164 3271 vitae
1188 3206 1400 3288 abalienatas,
1432 3208 1611 3273 aecclesiae
1643 3219 1839 3276 tamennon
1909 3195 1911 3200 ⁵

188 3316 422 3397 abalienamus,
439 3317 516 3402 quia
533 3315 638 3378 eidem
658 3315 848 3395 aecclesiae,
873 3314 964 3378 cuius
988 3336 1040 3376 res
1064 3313 1137 3378 illae
1162 3326 1246 3395 sunt,
1271 3337 1353 3400 quas
1376 3313 1544 3398 habemus,
1568 3327 1732 3402 utcunque
1757 3316 1838 3381 mili-

188 3437 305 3507 tamus,
330 3435 363 3488 et
386 3423 460 3488 ideo
484 3423 659 3487 anathema·
679 3422 775 3485 Lucii
802 3444 907 3507 papae
937 3432 1050 3485 contra
1077 3433 1234 3506 raptores,
1266 3420 1468 3485 fraudatores
1493 3432 1526 3485 et
1549 3422 1743 3487 alienatores
1767 3445 1838 3509 prc-

189 3533 333 3618 signatos
357 3531 525 3612 dictatum,
549 3541 584 3593 ut
608 3551 713 3615 spera,
739 3527 925 3592 evademus.

143 3665 170 3704 so
295 3638 333 3701 R.
369 3637 413 3701 Et
434 3637 534 3702 Iudas
557 3647 721 3722 utcunque
744 3634 905 3716 militavit,
930 3658 1027 3721 quem
1055 3645 1164 3698 tamen
1195 3634 1282 3698 idem
1305 3635 1427 3698 Lucius
1457 3635 1490 3698 in
1514 3637 1672 3722 premisso
1697 3637 1838 3722 capitulo

187 3745 292 3809 furem
318 3745 511 3830 sacrilegum
535 3743 702 3824 iudicavit,
727 3744 804 3828 quia
819 3741 972 3806 videlicet
995 3743 1167 3826 pecuniam
1191 3742 1281 3806 iussu
1306 3740 1484 3806 Salvatoris
1508 3741 1708 3829 pauperibus
1732 3742 1838 3808 distri·

188 3850 353 3916 buendam
380 3853 414 3915 in
438 3851 518 3915 alios
542 3873 619 3915 usus
643 3849 788 3914 detorsit.
836 3849 891 3914 Sic
915 3861 947 3912 et
970 3871 1038 3930 vos,
1069 3847 1146 3912 licet
1176 3847 1355 3912 aecclesiae
1385 3857 1551 3934 utcunque
1582 3847 1737 3931 militetis,
1762 3851 1838 3936 quia

188 3982 253 4023 non
277 3957 471 4023 habentibus
496 3957 608 4022 debita
630 3981 689 4022 vos
713 3955 870 4021 habentes
894 3957 1093 4038 consumitis,
1119 3955 1256 4019 eandem
1280 3956 1474 4019 sententiam
1498 3956 1673 4020 incurritis.

296 4066 329 4131 S.
366 4065 473 4146 Quam
497 4065 588 4129 multi
612 4066 659 4128 sic
682 4065 766 4127 inter
789 4085 848 4127 nos
871 4071 978 4148 egent,
1007 4074 1042 4126 ut
1073 4063 1120 4126 eis
1150 4063 1282 4126 minime
1314 4060 1454 4126 sufficiat
1484 4062 1571 4147 quod
1601 4061 1643 4125 ab
1668 4062 1838 4146 aecclesia,

142 4199 169 4238 aa
188 4175 242 4237 eui
266 4174 421 4255 serviunt,
446 4171 576 4237 habent.
623 4169 855 4256 Nunquidnam
879 4182 911 4233 et
933 4167 981 4232 illi
1004 4167 1064 4232 sub
1088 4168 1294 4232 anathemate
1318 4179 1488 4254 prenotato
1511 4168 1645 4233 iacent?

295 4281 333 4343 R.
370 4279 406 4345 Si
435 4301 501 4343 non
532 4279 700 4365 optineant
729 4299 769 4340 ea
798 4299 857 4364 per
881 4274 1082 4362 obsequium,
1113 4273 1256 4340 indebite
1288 4275 1480 4361 impensum,
1504 4285 1540 4339 ut
1563 4277 1712 4362 superius
1736 4276 1838 4341 habes

188 4387 387 4468 distinctum,
418 4396 555 4473 possunt
577 4387 689 4449 vivere
713 4384 754 4448 de
778 4382 876 4448 rebus
899 4381 1142 4464 aecclesiarum,
1173 4404 1237 4446 non
1262 4383 1339 4467 quia
1363 4392 1437 4445 sunt
1468 4381 1577 4446 clerici
1609 4384 1655 4446 sic
1680 4385 1838 4464 viventes,

188 4494 248 4559 sed
271 4495 349 4581 quia
372 4505 447 4558 sunt
469 4515 640 4579 pauperes

297 4600 330 4666 S.
365 4601 541 4686 Nunquam
570 4611 681 4686 preter
709 4621 796 4662 nunc
827 4596 939 4662 audivi
968 4597 1079 4676 astrui,
1103 4609 1139 4659 ut
1162 4597 1218 4681 qui
1247 4596 1373 4660 faciunt
1402 4595 1524 4681 aliquid
1548 4595 1608 4660 sub
1633 4596 1837 4661 anathemate

142 4736 170 4773 ro
189 4707 388 4795 prohibitum
418 4709 569 4772 continuo
600 4705 791 4770 subiaceant
820 4702 1029 4768 anathemati.
1077 4701 1184 4766 Credo
1215 4700 1348 4789 quidem
1379 4724 1434 4766 cos
1466 4701 1639 4766 anathema
1668 4706 1837 4784 meruisse,

189 4815 247 4880 sed
270 4817 334 4879 nisi
356 4815 513 4880 nominati
536 4814 657 4878 firerint
679 4811 721 4876 ab
738 4811 900 4897 episcopis
917 4807 1030 4874 ordine
1046 4807 1202 4892 iudiciali,
1226 4831 1291 4873 non
1308 4820 1385 4895 puto
1410 4831 1465 4874 eos
1490 4809 1704 4873 anathematis
1725 4810 1837 4895 'gladio

189 4923 339 4987 sauciari.

296 5029 333 5093 R.
369 5029 442 5092 Hoc
459 5039 518 5110 est,
538 5026 625 5113 quod
641 5048 740 5113 supra
764 5021 998 5111 conquerebar,
1023 5025 1100 5109 quia
1123 5021 1248 5109 lapides
1272 5022 1392 5086 fundae
1417 5024 1505 5086 versi
1528 5033 1602 5086 snut
1625 5024 1658 5086 in
1676 5023 1836 5109 stipulam,
1857 5050 1935 5091 aar.

191 5136 282 5201 'dum
298 5134 435 5200 verbum
454 5131 689 5221 penetrabilius
713 5133 799 5197 ornni
823 5130 932 5218 gladio
956 5131 1090 5216 ancipiti
1115 5129 1259 5193 creditur
1281 5152 1340 5214 per
1363 5129 1424 5194 hoc
1448 5128 1615 5210 infirmari,
1641 5131 1667 5191 si
1691 5129 1837 5193 moderni

144 5269 170 5307 a
188 5254 298 5308 tacent
322 5243 477 5328 episcopi,
503 5239 717 5305 clamantibus
741 5239 790 5302 his
814 5240 871 5325 qui
894 5260 979 5302 nunc
1005 5239 1135 5300 suntin
1159 5238 1322 5322 presentia
1347 5235 1476 5299 Christi.

297 5492 323 5558 a)
345 5513 413 5562 quas
432 5515 452 5545 c.
527 5493 554 5558 b)
577 5496 626 5544 loeo
644 5512 701 5544 raso
719 5493 746 5543 iu
766 5511 844 5558 uterq.
863 5495 945 5556 suppl.
964 5511 984 5541 c.
1059 5491 1084 5546 c)
1105 5493 1215 5556 seqrritur
1235 5493 1300 5542 loeta
1318 5509 1390 5540 rasta
1408 5509 1428 5540 c.

301 5711 329 5788 l)
353 5713 445 5788 Epist.
474 5713 554 5768 lateii
577 5733 599 5767 c.
618 5713 646 5780 7,
672 5711 830 5767 Hinsclrius
845 5731 875 5784 p.
897 5709 968 5767 178.
1061 5707 1091 5776 2)
1118 5706 1267 5771 Quaedam
1290 5709 1401 5766 caussa.
