<?xml version="1.0" encoding="UTF-8"?>
<!DOCTYPE html PUBLIC "-//W3C//DTD XHTML 1.0 Transitional//EN"
    "http://www.w3.org/TR/xhtml1/DTD/xhtml1-transitional.dtd">
<html xmlns="http://www.w3.org/1999/xhtml" xml:lang="en" lang="en">
 <head>
  <title>
</title>
<meta http-equiv="Content-Type" content="text/html;charset=utf-8" />
  <meta name='ocr-system' content='tesseract 3.04.00' />
  <meta name='ocr-capabilities' content='ocr_page ocr_carea ocr_par ocr_line ocrx_word'/>
</head>
<body>
  <div class='ocr_page' id='page_1' title='image "./monumentagerman00unkngoog_0220.png"; bbox 0 0 4478 6396; ppageno 0'>
   <div class='ocr_carea' id='block_1_1' title="bbox 450 393 1798 456">
    <p class='ocr_par' dir='ltr' id='par_1_1' title="bbox 450 393 1798 456">
     <span class='ocr_line' id='line_1_1' title="bbox 450 393 1798 456; baseline -0.004 0"><span class='ocrx_word' id='word_1_1' title='bbox 450 393 515 456; x_wconf 86' lang='lat'>210</span> <span class='ocrx_word' id='word_1_2' title='bbox 742 398 921 454; x_wconf 84' lang='lat' dir='ltr'>GERHOHI</span> <span class='ocrx_word' id='word_1_3' title='bbox 945 396 1179 452; x_wconf 71' lang='lat' dir='ltr'>Pnaszposrrl</span> <span class='ocrx_word' id='word_1_4' title='bbox 1202 395 1610 452; x_wconf 79' lang='lat' dir='ltr'>REICHERSBEllGENSIS</span> <span class='ocrx_word' id='word_1_5' title='bbox 1635 395 1798 450; x_wconf 86' lang='lat' dir='ltr'>LIBELLI.</span> 
     </span>
    </p>
   </div>
   <div class='ocr_carea' id='block_1_2' title="bbox 287 579 2162 5476">
    <p class='ocr_par' dir='ltr' id='par_1_2' title="bbox 287 579 2162 5476">
     <span class='ocr_line' id='line_1_2' title="bbox 450 579 2108 673; baseline -0.004 -23"><span class='ocrx_word' id='word_1_6' title='bbox 450 599 563 652; x_wconf 88' lang='lat' dir='ltr'>rentur</span> <span class='ocrx_word' id='word_1_7' title='bbox 584 609 644 673; x_wconf 89' lang='lat' dir='ltr'>pro</span> <span class='ocrx_word' id='word_1_8' title='bbox 668 609 708 650; x_wconf 87' lang='lat' dir='ltr'>ea</span> <span class='ocrx_word' id='word_1_9' title='bbox 731 584 911 650; x_wconf 88' lang='lat' dir='ltr'>evellenda.</span> <span class='ocrx_word' id='word_1_10' title='bbox 958 584 1039 666; x_wconf 88' lang='lat' dir='ltr'>Hos,</span> <span class='ocrx_word' id='word_1_11' title='bbox 1064 593 1099 647; x_wconf 93' lang='lat' dir='ltr'>ut</span> <span class='ocrx_word' id='word_1_12' title='bbox 1123 583 1231 666; x_wconf 90' lang='lat' dir='ltr'>credo,</span> <span class='ocrx_word' id='word_1_13' title='bbox 1262 605 1322 668; x_wconf 91' lang='lat' dir='ltr'>per</span> <span class='ocrx_word' id='word_1_14' title='bbox 1347 581 1515 647; x_wconf 90' lang='lat' dir='ltr'>Urbanum</span> <span class='ocrx_word' id='word_1_15' title='bbox 1539 603 1658 667; x_wconf 89' lang='lat' dir='ltr'>papam</span> <span class='ocrx_word' id='word_1_16' title='bbox 1688 580 1894 666; x_wconf 87' lang='lat' dir='ltr'>promulgata</span> <span class='ocrx_word' id='word_1_17' title='bbox 1918 579 2108 645; x_wconf 82' lang='lat' dir='ltr'><strong>maledictio</strong></span> 
     </span>
     <span class='ocr_line' id='line_1_3' title="bbox 451 687 2109 780; baseline -0.005 -22"><span class='ocrx_word' id='word_1_18' title='bbox 451 717 517 758; x_wconf 93' lang='lat' dir='ltr'>non</span> <span class='ocrx_word' id='word_1_19' title='bbox 539 694 651 780; x_wconf 90' lang='lat' dir='ltr'>tangit,</span> <span class='ocrx_word' id='word_1_20' title='bbox 676 693 755 779; x_wconf 87' lang='lat' dir='ltr'>quia</span> <span class='ocrx_word' id='word_1_21' title='bbox 777 715 842 756; x_wconf 91' lang='lat' dir='ltr'>non</span> <span class='ocrx_word' id='word_1_22' title='bbox 866 703 941 756; x_wconf 89' lang='lat' dir='ltr'>sunt</span> <span class='ocrx_word' id='word_1_23' title='bbox 965 691 1027 777; x_wconf 91' lang='lat' dir='ltr'>ipsi</span> <span class='ocrx_word' id='word_1_24' title='bbox 1051 688 1248 776; x_wconf 88' lang='lat' dir='ltr'>apostolicae</span> <span class='ocrx_word' id='word_1_25' title='bbox 1272 689 1359 753; x_wconf 88' lang='lat' dir='ltr'>vitae</span> <span class='ocrx_word' id='word_1_26' title='bbox 1383 687 1551 752; x_wconf 81' lang='lat' dir='ltr'>avulsores</span> <span class='ocrx_word' id='word_1_27' title='bbox 1575 699 1631 752; x_wconf 87' lang='lat' dir='ltr'>aut</span> <span class='ocrx_word' id='word_1_28' title='bbox 1654 687 1973 752; x_wconf 87' lang='lat' dir='ltr'>aecclesiasticarum</span> <span class='ocrx_word' id='word_1_29' title='bbox 1996 709 2109 750; x_wconf 89' lang='lat' dir='ltr'>rerum</span> 
     </span>
     <span class='ocr_line' id='line_1_4' title="bbox 451 793 2110 887; baseline -0.005 -22"><span class='ocrx_word' id='word_1_30' title='bbox 451 801 548 887; x_wconf 92' lang='lat' dir='ltr'>primi</span> <span class='ocrx_word' id='word_1_31' title='bbox 572 799 775 881; x_wconf 79' lang='lat' dir='ltr'>alienatores,</span> <span class='ocrx_word' id='word_1_32' title='bbox 806 799 905 862; x_wconf 90' lang='lat' dir='ltr'>immo</span> <span class='ocrx_word' id='word_1_33' title='bbox 936 807 1066 862; x_wconf 89' lang='lat' dir='ltr'>nostrae</span> <span class='ocrx_word' id='word_1_34' title='bbox 1097 795 1277 862; x_wconf 79' lang='lat' dir='ltr'>aecclesiae</span> <span class='ocrx_word' id='word_1_35' title='bbox 1306 796 1404 881; x_wconf 88' lang='lat' dir='ltr'>longe</span> <span class='ocrx_word' id='word_1_36' title='bbox 1432 805 1506 880; x_wconf 91' lang='lat' dir='ltr'>post</span> <span class='ocrx_word' id='word_1_37' title='bbox 1528 793 1698 859; x_wconf 87' lang='lat' dir='ltr'>Urbanum</span> <span class='ocrx_word' id='word_1_38' title='bbox 1722 817 1843 880; x_wconf 89' lang='lat' dir='ltr'>papam</span> <span class='ocrx_word' id='word_1_39' title='bbox 1867 795 1915 858; x_wconf 88' lang='lat' dir='ltr'>sic</span> <span class='ocrx_word' id='word_1_40' title='bbox 1940 795 2110 857; x_wconf 85' lang='lat' dir='ltr'>institutae</span> 
     </span>
     <span class='ocr_line' id='line_1_5' title="bbox 452 901 2111 989; baseline -0.005 -18"><span class='ocrx_word' id='word_1_41' title='bbox 452 907 629 972; x_wconf 90' lang='lat' dir='ltr'>ereduntur</span> <span class='ocrx_word' id='word_1_42' title='bbox 652 929 672 970; x_wconf 87' lang='lat' dir='ltr'>a</span> <span class='ocrx_word' id='word_1_43' title='bbox 695 907 762 970; x_wconf 91' lang='lat' dir='ltr'>suis</span> <span class='ocrx_word' id='word_1_44' title='bbox 778 903 1023 986; x_wconf 79' lang='lat' dir='ltr'>fundatoribus,</span> <span class='ocrx_word' id='word_1_45' title='bbox 1048 916 1083 967; x_wconf 93' lang='lat' dir='ltr'>ut</span> <span class='ocrx_word' id='word_1_46' title='bbox 1106 926 1272 989; x_wconf 92' lang='lat' dir='ltr'>nunquam</span> <span class='ocrx_word' id='word_1_47' title='bbox 1295 902 1532 966; x_wconf 81' lang='lat' dir='ltr'>destinaverint</span> <span class='ocrx_word' id='word_1_48' title='bbox 1554 924 1606 965; x_wconf 90' lang='lat' dir='ltr'>res</span> <span class='ocrx_word' id='word_1_49' title='bbox 1631 923 1741 965; x_wconf 87' lang='lat' dir='ltr'>aarum</span> <span class='ocrx_word' id='word_1_50' title='bbox 1766 901 1944 987; x_wconf 88' lang='lat' dir='ltr'>apostolice</span> <span class='ocrx_word' id='word_1_51' title='bbox 1968 901 2111 964; x_wconf 71' lang='lat' dir='ltr'>viventi-</span> 
     </span>
     <span class='ocr_line' id='line_1_6' title="bbox 452 982 2147 1098; baseline -0.005 -19"><span class='ocrx_word' id='word_1_52' title='bbox 452 1014 524 1079; x_wconf 92' lang='lat' dir='ltr'>bus.</span> <span class='ocrx_word' id='word_1_53' title='bbox 571 1013 646 1078; x_wconf 89' lang='lat' dir='ltr'>Huc</span> <span class='ocrx_word' id='word_1_54' title='bbox 670 1011 808 1094; x_wconf 87' lang='lat' dir='ltr'>accedit,</span> <span class='ocrx_word' id='word_1_55' title='bbox 833 1011 921 1098; x_wconf 91' lang='lat' dir='ltr'>quod</span> <span class='ocrx_word' id='word_1_56' title='bbox 943 1008 1059 1075; x_wconf 90' lang='lat' dir='ltr'>beatus</span> <span class='ocrx_word' id='word_1_57' title='bbox 1076 982 1249 1074; x_wconf 78' lang='lat' dir='ltr'>(ldalrious</span> <span class='ocrx_word' id='word_1_58' title='bbox 1264 1010 1482 1095; x_wconf 82' lang='lat' dir='ltr'>Augustensis</span> <span class='ocrx_word' id='word_1_59' title='bbox 1507 1010 1680 1095; x_wconf 88' lang='lat' dir='ltr'>episcopus</span> <span class='ocrx_word' id='word_1_60' title='bbox 1695 1009 1747 1071; x_wconf 87' lang='lat' dir='ltr'>vir</span> <span class='ocrx_word' id='word_1_61' title='bbox 1768 1009 1803 1071; x_wconf 93' lang='lat' dir='ltr'>in</span> <span class='ocrx_word' id='word_1_62' title='bbox 1819 1006 1949 1072; x_wconf 81' lang='lat' dir='ltr'>Christo</span> <span class='ocrx_word' id='word_1_63' title='bbox 1974 1007 2147 1072; x_wconf 70' lang='lat' dir='ltr'>illustriss</span> 
     </span>
     <span class='ocr_line' id='line_1_7' title="bbox 452 1114 2112 1207; baseline -0.005 -21"><span class='ocrx_word' id='word_1_64' title='bbox 452 1145 519 1186; x_wconf 90' lang='lat' dir='ltr'>non</span> <span class='ocrx_word' id='word_1_65' title='bbox 544 1120 662 1207; x_wconf 89' lang='lat' dir='ltr'>legitur</span> <span class='ocrx_word' id='word_1_66' title='bbox 692 1119 753 1184; x_wconf 90' lang='lat' dir='ltr'>hoc</span> <span class='ocrx_word' id='word_1_67' title='bbox 785 1119 935 1204; x_wconf 82' lang='lat' dir='ltr'>exegisse</span> <span class='ocrx_word' id='word_1_68' title='bbox 960 1140 980 1180; x_wconf 90' lang='lat' dir='ltr'>a</span> <span class='ocrx_word' id='word_1_69' title='bbox 1003 1117 1069 1182; x_wconf 90' lang='lat' dir='ltr'>suis</span> <span class='ocrx_word' id='word_1_70' title='bbox 1094 1117 1270 1198; x_wconf 89' lang='lat' dir='ltr'>canonicis,</span> <span class='ocrx_word' id='word_1_71' title='bbox 1294 1127 1330 1180; x_wconf 90' lang='lat' dir='ltr'>ut</span> <span class='ocrx_word' id='word_1_72' title='bbox 1353 1116 1492 1202; x_wconf 83' lang='lat' dir='ltr'>propriis</span> <span class='ocrx_word' id='word_1_73' title='bbox 1517 1125 1666 1179; x_wconf 90' lang='lat' dir='ltr'>carerent</span> <span class='ocrx_word' id='word_1_74' title='bbox 1689 1124 1721 1179; x_wconf 90' lang='lat' dir='ltr'>et</span> <span class='ocrx_word' id='word_1_75' title='bbox 1745 1114 1923 1200; x_wconf 86' lang='lat' dir='ltr'>apostolice</span> <span class='ocrx_word' id='word_1_76' title='bbox 1946 1116 2112 1178; x_wconf 86' lang='lat' dir='ltr'>viverent.</span> 
     </span>
     <span class='ocr_line' id='line_1_8' title="bbox 453 1221 2114 1313; baseline -0.005 -21"><span class='ocrx_word' id='word_1_77' title='bbox 453 1227 624 1292; x_wconf 86' lang='lat' dir='ltr'>Invenitur</span> <span class='ocrx_word' id='word_1_78' title='bbox 646 1248 776 1313; x_wconf 89' lang='lat' dir='ltr'>quoque</span> <span class='ocrx_word' id='word_1_79' title='bbox 806 1227 841 1288; x_wconf 92' lang='lat' dir='ltr'>in</span> <span class='ocrx_word' id='word_1_80' title='bbox 863 1222 1059 1311; x_wconf 88' lang='lat' dir='ltr'>quibusdam</span> <span class='ocrx_word' id='word_1_81' title='bbox 1090 1223 1192 1309; x_wconf 86' lang='lat' dir='ltr'>ipsius</span> <span class='ocrx_word' id='word_1_82' title='bbox 1223 1222 1329 1304; x_wconf 87' lang='lat' dir='ltr'>dietis,</span> <span class='ocrx_word' id='word_1_83' title='bbox 1361 1222 1448 1309; x_wconf 90' lang='lat' dir='ltr'>quod</span> <span class='ocrx_word' id='word_1_84' title='bbox 1478 1221 1646 1307; x_wconf 87' lang='lat' dir='ltr'>fragilitati</span> <span class='ocrx_word' id='word_1_85' title='bbox 1674 1221 1864 1286; x_wconf 89' lang='lat' dir='ltr'>clericorum</span> <span class='ocrx_word' id='word_1_86' title='bbox 1888 1221 1986 1285; x_wconf 89' lang='lat' dir='ltr'>valde</span> <span class='ocrx_word' id='word_1_87' title='bbox 2009 1221 2114 1284; x_wconf 88' lang='lat' dir='ltr'>fuerit</span> 
     </span>
     <span class='ocr_line' id='line_1_9' title="bbox 454 1326 2112 1416; baseline -0.005 -17"><span class='ocrx_word' id='word_1_88' title='bbox 454 1332 758 1416; x_wconf 82' lang='lat' dir='ltr'>condescendibilis,</span> <span class='ocrx_word' id='word_1_89' title='bbox 784 1343 816 1396; x_wconf 92' lang='lat' dir='ltr'>et</span> <span class='ocrx_word' id='word_1_90' title='bbox 838 1342 948 1395; x_wconf 86' lang='lat' dir='ltr'>tamen</span> <span class='ocrx_word' id='word_1_91' title='bbox 972 1339 1102 1394; x_wconf 88' lang='lat' dir='ltr'>sanctus</span> <span class='ocrx_word' id='word_1_92' title='bbox 1118 1327 1258 1394; x_wconf 91' lang='lat' dir='ltr'>habetur</span> <span class='ocrx_word' id='word_1_93' title='bbox 1282 1330 1314 1392; x_wconf 91' lang='lat' dir='ltr'>in</span> <span class='ocrx_word' id='word_1_94' title='bbox 1331 1328 1501 1410; x_wconf 88' lang='lat' dir='ltr'>aeeclesia,</span> <span class='ocrx_word' id='word_1_95' title='bbox 1526 1328 1603 1392; x_wconf 90' lang='lat' dir='ltr'>licet</span> <span class='ocrx_word' id='word_1_96' title='bbox 1626 1327 1751 1392; x_wconf 89' lang='lat' dir='ltr'>alienus</span> <span class='ocrx_word' id='word_1_97' title='bbox 1776 1326 1817 1392; x_wconf 89' lang='lat' dir='ltr'>ab</span> <span class='ocrx_word' id='word_1_98' title='bbox 1834 1328 2013 1414; x_wconf 88' lang='lat' dir='ltr'>apostolica</span> <span class='ocrx_word' id='word_1_99' title='bbox 2031 1329 2112 1391; x_wconf 85' lang='lat' dir='ltr'>vita.</span> 
     </span>
     <span class='ocr_line' id='line_1_10' title="bbox 357 1433 2114 1523; baseline -0.005 -17"><span class='ocrx_word' id='word_1_100' title='bbox 357 1465 434 1506; x_wconf 62' lang='lat' dir='ltr'>*rna</span> <span class='ocrx_word' id='word_1_101' title='bbox 561 1441 599 1505; x_wconf 88' lang='lat' dir='ltr'>R.</span> <span class='ocrx_word' id='word_1_102' title='bbox 634 1438 897 1504; x_wconf 85' lang='lat' dir='ltr'>Fundamentum</span> <span class='ocrx_word' id='word_1_103' title='bbox 928 1435 1017 1501; x_wconf 89' lang='lat' dir='ltr'>aliud</span> <span class='ocrx_word' id='word_1_104' title='bbox 1045 1459 1141 1501; x_wconf 89' lang='lat' dir='ltr'>nemo</span> <span class='ocrx_word' id='word_1_105' title='bbox 1167 1440 1288 1523; x_wconf 79' lang='lat' dir='ltr'>&#39;potest</span> <span class='ocrx_word' id='word_1_106' title='bbox 1317 1458 1438 1522; x_wconf 90' lang='lat' dir='ltr'>ponere</span> <span class='ocrx_word' id='word_1_107' title='bbox 1469 1445 1579 1522; x_wconf 90' lang='lat' dir='ltr'>preter</span> <span class='ocrx_word' id='word_1_108' title='bbox 1609 1434 1643 1498; x_wconf 93' lang='lat' dir='ltr'>id</span> <span class='ocrx_word' id='word_1_109' title='bbox 1673 1433 1761 1520; x_wconf 92' lang='lat' dir='ltr'>quod</span> <span class='ocrx_word' id='word_1_110' title='bbox 1791 1437 1931 1520; x_wconf 91' lang='lat' dir='ltr'>positum</span> <span class='ocrx_word' id='word_1_111' title='bbox 1962 1446 2022 1498; x_wconf 89' lang='lat' dir='ltr'>est.</span> <span class='ocrx_word' id='word_1_112' title='bbox 2074 1435 2114 1498; x_wconf 90' lang='lat' dir='ltr'>In</span> 
     </span>
     <span class='ocr_line' id='line_1_11' title="bbox 455 1535 2162 1636; baseline -0.004 -24"><span class='ocrx_word' id='word_1_113' title='bbox 455 1571 554 1636; x_wconf 88' lang='lat' dir='ltr'>supra</span> <span class='ocrx_word' id='word_1_114' title='bbox 577 1547 662 1612; x_wconf 91' lang='lat' dir='ltr'>dieto</span> <span class='ocrx_word' id='word_1_115' title='bbox 688 1548 775 1612; x_wconf 91' lang='lat' dir='ltr'>enim</span> <span class='ocrx_word' id='word_1_116' title='bbox 787 1535 914 1611; x_wconf 78' lang='lat' dir='ltr'>Urbani</span> <span class='ocrx_word' id='word_1_117' title='bbox 939 1543 1069 1609; x_wconf 89' lang='lat' dir='ltr'>decreto</span> <span class='ocrx_word' id='word_1_118' title='bbox 1086 1544 1224 1625; x_wconf 86' lang='lat' dir='ltr'>invenis,</span> <span class='ocrx_word' id='word_1_119' title='bbox 1242 1543 1329 1629; x_wconf 93' lang='lat' dir='ltr'>quod</span> <span class='ocrx_word' id='word_1_120' title='bbox 1346 1543 1490 1629; x_wconf 87' lang='lat' dir='ltr'>episcopi</span> <span class='ocrx_word' id='word_1_121' title='bbox 1514 1541 1622 1606; x_wconf 89' lang='lat' dir='ltr'>locum</span> <span class='ocrx_word' id='word_1_122' title='bbox 1638 1552 1748 1605; x_wconf 88' lang='lat' dir='ltr'>tenent</span> <span class='ocrx_word' id='word_1_123' title='bbox 1772 1540 2002 1628; x_wconf 86' lang='lat' dir='ltr'>apostolorum,</span> <span class='ocrx_word' id='word_1_124' title='bbox 2020 1542 2112 1606; x_wconf 88' lang='lat' dir='ltr'>unde</span> <span class='ocrx_word' id='word_1_125' title='bbox 2136 1567 2162 1605; x_wconf 85' lang='grc' dir='ltr'>ιο</span> 
     </span>
     <span class='ocr_line' id='line_1_12' title="bbox 456 1647 2112 1735; baseline -0.005 -15"><span class='ocrx_word' id='word_1_126' title='bbox 456 1666 489 1720; x_wconf 91' lang='lat' dir='ltr'>et</span> <span class='ocrx_word' id='word_1_127' title='bbox 512 1665 638 1720; x_wconf 89' lang='lat' dir='ltr'>constat</span> <span class='ocrx_word' id='word_1_128' title='bbox 662 1676 717 1718; x_wconf 89' lang='lat' dir='ltr'>eos</span> <span class='ocrx_word' id='word_1_129' title='bbox 742 1652 906 1717; x_wconf 86' lang='lat' dir='ltr'>debitores</span> <span class='ocrx_word' id='word_1_130' title='bbox 931 1652 1187 1716; x_wconf 87' lang='lat' dir='ltr'>conversationis</span> <span class='ocrx_word' id='word_1_131' title='bbox 1212 1673 1334 1715; x_wconf 89' lang='lat' dir='ltr'>eorum.</span> <span class='ocrx_word' id='word_1_132' title='bbox 1381 1649 1536 1735; x_wconf 88' lang='lat' dir='ltr'>Alioquin</span> <span class='ocrx_word' id='word_1_133' title='bbox 1567 1659 1661 1713; x_wconf 82' lang='lat' dir='ltr'>emnt</span> <span class='ocrx_word' id='word_1_134' title='bbox 1691 1647 1849 1712; x_wconf 88' lang='lat' dir='ltr'>audituri:</span> <span class='ocrx_word' id='word_1_135' title='bbox 1876 1648 2004 1730; x_wconf 65' lang='lat' dir='ltr'>‘Amici</span> <span class='ocrx_word' id='word_1_136' title='bbox 2031 1671 2112 1734; x_wconf 91' lang='lat' dir='ltr'>quo-</span> 
     </span>
     <span class='ocr_line' id='line_1_13' title="bbox 455 1754 2113 1844; baseline -0.005 -18"><span class='ocrx_word' id='word_1_137' title='bbox 455 1761 551 1828; x_wconf 92' lang='lat' dir='ltr'>modo</span> <span class='ocrx_word' id='word_1_138' title='bbox 568 1760 631 1826; x_wconf 89' lang='lat' dir='ltr'>huc</span> <span class='ocrx_word' id='word_1_139' title='bbox 648 1762 791 1825; x_wconf 89' lang='lat' dir='ltr'>intrastis</span> <span class='ocrx_word' id='word_1_140' title='bbox 807 1761 842 1823; x_wconf 92' lang='lat' dir='ltr'>in</span> <span class='ocrx_word' id='word_1_141' title='bbox 857 1759 965 1823; x_wconf 92' lang='lat' dir='ltr'>locum</span> <span class='ocrx_word' id='word_1_142' title='bbox 982 1781 1103 1840; x_wconf 90' lang='lat' dir='ltr'>eorum,</span> <span class='ocrx_word' id='word_1_143' title='bbox 1121 1781 1259 1844; x_wconf 91' lang='lat' dir='ltr'>quorum</span> <span class='ocrx_word' id='word_1_144' title='bbox 1275 1780 1339 1822; x_wconf 91' lang='lat' dir='ltr'>non</span> <span class='ocrx_word' id='word_1_145' title='bbox 1356 1759 1432 1821; x_wconf 91' lang='lat' dir='ltr'>estis</span> <span class='ocrx_word' id='word_1_146' title='bbox 1449 1757 1566 1820; x_wconf 87' lang='lat' dir='ltr'>imitati</span> <span class='ocrx_word' id='word_1_147' title='bbox 1583 1754 1810 1842; x_wconf 80' lang='lat' dir='ltr'>exemplrun?&#39;</span> <span class='ocrx_word' id='word_1_148' title='bbox 1848 1755 1926 1821; x_wconf 88' lang='lat' dir='ltr'>Sive</span> <span class='ocrx_word' id='word_1_149' title='bbox 1950 1757 2040 1820; x_wconf 89' lang='lat' dir='ltr'>enim</span> <span class='ocrx_word' id='word_1_150' title='bbox 2065 1755 2113 1819; x_wconf 95' lang='lat' dir='ltr'>illi</span> 
     </span>
     <span class='ocr_line' id='line_1_14' title="bbox 455 1862 2113 1953; baseline -0.005 -20"><span class='ocrx_word' id='word_1_151' title='bbox 455 1870 576 1933; x_wconf 88' lang='lat' dir='ltr'>fuerint</span> <span class='ocrx_word' id='word_1_152' title='bbox 592 1867 758 1932; x_wconf 86' lang='lat' dir='ltr'>avulsores</span> <span class='ocrx_word' id='word_1_153' title='bbox 775 1865 972 1953; x_wconf 88' lang='lat' dir='ltr'>apostolieae</span> <span class='ocrx_word' id='word_1_154' title='bbox 989 1867 1076 1930; x_wconf 85' lang='lat' dir='ltr'>vitae</span> <span class='ocrx_word' id='word_1_155' title='bbox 1094 1866 1163 1929; x_wconf 89' lang='lat' dir='ltr'>sive</span> <span class='ocrx_word' id='word_1_156' title='bbox 1179 1865 1244 1929; x_wconf 88' lang='lat' dir='ltr'>iarn</span> <span class='ocrx_word' id='word_1_157' title='bbox 1261 1864 1316 1928; x_wconf 92' lang='lat' dir='ltr'>illa</span> <span class='ocrx_word' id='word_1_158' title='bbox 1332 1862 1445 1928; x_wconf 88' lang='lat' dir='ltr'>evulsa</span> <span class='ocrx_word' id='word_1_159' title='bbox 1462 1876 1493 1926; x_wconf 90' lang='lat' dir='ltr'>et</span> <span class='ocrx_word' id='word_1_160' title='bbox 1509 1862 1574 1926; x_wconf 90' lang='lat' dir='ltr'>alia</span> <span class='ocrx_word' id='word_1_161' title='bbox 1590 1862 1825 1927; x_wconf 87' lang='lat' dir='ltr'>consuetudine</span> <span class='ocrx_word' id='word_1_162' title='bbox 1842 1862 2040 1942; x_wconf 89' lang='lat' dir='ltr'>introducta,</span> <span class='ocrx_word' id='word_1_163' title='bbox 2065 1862 2113 1926; x_wconf 92' lang='lat' dir='ltr'>illi</span> 
     </span>
     <span class='ocr_line' id='line_1_15' title="bbox 456 1968 2112 2062; baseline -0.004 -23"><span class='ocrx_word' id='word_1_164' title='bbox 456 1975 498 2040; x_wconf 86' lang='lat' dir='ltr'>ad</span> <span class='ocrx_word' id='word_1_165' title='bbox 515 1976 737 2062; x_wconf 87' lang='lat' dir='ltr'>episcopatum</span> <span class='ocrx_word' id='word_1_166' title='bbox 753 1975 903 2038; x_wconf 90' lang='lat' dir='ltr'>venerint</span> <span class='ocrx_word' id='word_1_167' title='bbox 925 1973 1097 2059; x_wconf 87' lang='lat' dir='ltr'>locumque</span> <span class='ocrx_word' id='word_1_168' title='bbox 1122 1972 1341 2058; x_wconf 88' lang='lat' dir='ltr'>apostolorum</span> <span class='ocrx_word' id='word_1_169' title='bbox 1356 1971 1528 2050; x_wconf 82' lang='lat' dir='ltr'>tenuerint,</span> <span class='ocrx_word' id='word_1_170' title='bbox 1553 1969 1639 2033; x_wconf 87' lang='lat' dir='ltr'>solus</span> <span class='ocrx_word' id='word_1_171' title='bbox 1657 1968 1804 2034; x_wconf 81' lang='lat' dir='ltr'>Christus</span> <span class='ocrx_word' id='word_1_172' title='bbox 1828 1979 1898 2034; x_wconf 89' lang='lat' dir='ltr'>erat</span> <span class='ocrx_word' id='word_1_173' title='bbox 1922 1969 2112 2056; x_wconf 84' lang='lat' dir='ltr'>sequendus</span> 
     </span>
     <span class='ocr_line' id='line_1_16' title="bbox 304 2076 2160 2162; baseline -0.003 -17"><span class='ocrx_word' id='word_1_174' title='bbox 304 2105 437 2156; x_wconf 56' lang='lat' dir='ltr'>narsae.</span> <span class='ocrx_word' id='word_1_175' title='bbox 458 2093 490 2146; x_wconf 90' lang='lat' dir='ltr'>et</span> <span class='ocrx_word' id='word_1_176' title='bbox 512 2083 546 2146; x_wconf 94' lang='lat' dir='ltr'>in</span> <span class='ocrx_word' id='word_1_177' title='bbox 569 2081 780 2146; x_wconf 90' lang='lat' dir='ltr'>fundamento</span> <span class='ocrx_word' id='word_1_178' title='bbox 803 2078 983 2144; x_wconf 87' lang='lat' dir='ltr'>habendus.</span> <span class='ocrx_word' id='word_1_179' title='bbox 1026 2079 1110 2143; x_wconf 90' lang='lat' dir='ltr'>Nam</span> <span class='ocrx_word' id='word_1_180' title='bbox 1134 2091 1167 2142; x_wconf 85' lang='lat' dir='ltr'>et</span> <span class='ocrx_word' id='word_1_181' title='bbox 1190 2102 1263 2143; x_wconf 91' lang='lat' dir='ltr'>eum</span> <span class='ocrx_word' id='word_1_182' title='bbox 1287 2076 1341 2141; x_wconf 90' lang='lat' dir='ltr'>ille</span> <span class='ocrx_word' id='word_1_183' title='bbox 1365 2076 1469 2140; x_wconf 87' lang='lat' dir='ltr'>dicat:</span> <span class='ocrx_word' id='word_1_184' title='bbox 1498 2077 1563 2154; x_wconf 72' lang='lat' dir='ltr'>ott</span> <span class='ocrx_word' id='word_1_185' title='bbox 1585 2077 1666 2140; x_wconf 78' lang='lat' dir='ltr'>mihi</span> <span class='ocrx_word' id='word_1_186' title='bbox 1686 2080 1855 2157; x_wconf 74' lang='lat' dir='ltr'>nre&#39;ar&#39;strot,</span> <span class='ocrx_word' id='word_1_187' title='bbox 1880 2104 1926 2142; x_wconf 83' lang='lat' dir='ltr'>me</span> <span class='ocrx_word' id='word_1_188' title='bbox 1949 2092 2111 2162; x_wconf 79' lang='lat' dir='ltr'>sequntur,</span> <span class='ocrx_word' id='word_1_189' title='bbox 2134 2101 2160 2140; x_wconf 80' lang='lat' dir='ltr'>rs</span> 
     </span>
     <span class='ocr_line' id='line_1_17' title="bbox 457 2183 2111 2274; baseline -0.003 -21"><span class='ocrx_word' id='word_1_190' title='bbox 457 2189 556 2253; x_wconf 89' lang='lat' dir='ltr'>idest</span> <span class='ocrx_word' id='word_1_191' title='bbox 579 2211 630 2252; x_wconf 92' lang='lat' dir='ltr'>me</span> <span class='ocrx_word' id='word_1_192' title='bbox 655 2189 807 2271; x_wconf 87' lang='lat' dir='ltr'>imitetur,</span> <span class='ocrx_word' id='word_1_193' title='bbox 825 2188 972 2274; x_wconf 90' lang='lat' dir='ltr'>quisquis</span> <span class='ocrx_word' id='word_1_194' title='bbox 989 2187 1226 2272; x_wconf 88' lang='lat' dir='ltr'>episcoporum,</span> <span class='ocrx_word' id='word_1_195' title='bbox 1251 2183 1525 2271; x_wconf 88' lang='lat' dir='ltr'>presbyterorum,</span> <span class='ocrx_word' id='word_1_196' title='bbox 1551 2183 1762 2247; x_wconf 90' lang='lat' dir='ltr'>diaconorum</span> <span class='ocrx_word' id='word_1_197' title='bbox 1785 2183 1831 2248; x_wconf 93' lang='lat' dir='ltr'>illi</span> <span class='ocrx_word' id='word_1_198' title='bbox 1855 2184 1944 2270; x_wconf 87' lang='lat' dir='ltr'>apud</span> <span class='ocrx_word' id='word_1_199' title='bbox 1960 2197 2111 2248; x_wconf 85' lang='lat' dir='ltr'>sanctum</span> 
     </span>
     <span class='ocr_line' id='line_1_18' title="bbox 458 2291 2111 2379; baseline -0.004 -19"><span class='ocrx_word' id='word_1_200' title='bbox 458 2296 559 2361; x_wconf 89' lang='lat' dir='ltr'>altare</span> <span class='ocrx_word' id='word_1_201' title='bbox 589 2295 832 2376; x_wconf 85' lang='lat' dir='ltr'>ministraverit,</span> <span class='ocrx_word' id='word_1_202' title='bbox 864 2295 890 2357; x_wconf 92' lang='lat' dir='ltr'>si</span> <span class='ocrx_word' id='word_1_203' title='bbox 921 2292 1012 2357; x_wconf 92' lang='lat' dir='ltr'>illum</span> <span class='ocrx_word' id='word_1_204' title='bbox 1035 2315 1165 2379; x_wconf 91' lang='lat' dir='ltr'>quoque</span> <span class='ocrx_word' id='word_1_205' title='bbox 1192 2293 1227 2355; x_wconf 93' lang='lat' dir='ltr'>in</span> <span class='ocrx_word' id='word_1_206' title='bbox 1250 2291 1467 2378; x_wconf 85' lang='lat' dir='ltr'>abnegatione</span> <span class='ocrx_word' id='word_1_207' title='bbox 1492 2313 1623 2354; x_wconf 89' lang='lat' dir='ltr'>suorum</span> <span class='ocrx_word' id='word_1_208' title='bbox 1647 2302 1680 2354; x_wconf 89' lang='lat' dir='ltr'>et</span> <span class='ocrx_word' id='word_1_209' title='bbox 1703 2291 1821 2354; x_wconf 90' lang='lat' dir='ltr'>suimet</span> <span class='ocrx_word' id='word_1_210' title='bbox 1842 2293 1875 2354; x_wconf 91' lang='lat' dir='ltr'>in</span> <span class='ocrx_word' id='word_1_211' title='bbox 1899 2292 2111 2377; x_wconf 85' lang='lat' dir='ltr'>proprietatis</span> 
     </span>
     <span class='ocr_line' id='line_1_19' title="bbox 458 2396 2151 2485; baseline -0.002 -19"><span class='ocrx_word' id='word_1_212' title='bbox 458 2405 613 2484; x_wconf 86' lang='lat' dir='ltr'>carentia,</span> <span class='ocrx_word' id='word_1_213' title='bbox 637 2403 671 2466; x_wconf 89' lang='lat' dir='ltr'>in</span> <span class='ocrx_word' id='word_1_214' title='bbox 688 2402 850 2466; x_wconf 90' lang='lat' dir='ltr'>communi</span> <span class='ocrx_word' id='word_1_215' title='bbox 867 2402 935 2464; x_wconf 87' lang='lat' dir='ltr'>vita</span> <span class='ocrx_word' id='word_1_216' title='bbox 958 2401 1101 2465; x_wconf 88' lang='lat' dir='ltr'>imitatus</span> <span class='ocrx_word' id='word_1_217' title='bbox 1125 2400 1231 2481; x_wconf 88' lang='lat' dir='ltr'>fuerit,</span> <span class='ocrx_word' id='word_1_218' title='bbox 1256 2399 1369 2462; x_wconf 86' lang='lat' dir='ltr'>similis</span> <span class='ocrx_word' id='word_1_219' title='bbox 1394 2409 1442 2462; x_wconf 91' lang='lat' dir='ltr'>est</span> <span class='ocrx_word' id='word_1_220' title='bbox 1464 2396 1587 2462; x_wconf 93' lang='lat' dir='ltr'>homini</span> <span class='ocrx_word' id='word_1_221' title='bbox 1608 2396 1772 2462; x_wconf 89' lang='lat' dir='ltr'>edificanti</span> <span class='ocrx_word' id='word_1_222' title='bbox 1789 2397 1931 2480; x_wconf 90' lang='lat' dir='ltr'>domum,</span> <span class='ocrx_word' id='word_1_223' title='bbox 1956 2399 2011 2485; x_wconf 89' lang='lat' dir='ltr'>qni</span> <span class='ocrx_word' id='word_1_224' title='bbox 2028 2399 2111 2462; x_wconf 88' lang='lat' dir='ltr'>fodit</span> <span class='ocrx_word' id='word_1_225' title='bbox 2149 2405 2151 2408; x_wconf 80' lang='grc'><strong>’</strong></span> 
     </span>
     <span class='ocr_line' id='line_1_20' title="bbox 458 2504 2112 2595; baseline -0.002 -22"><span class='ocrx_word' id='word_1_226' title='bbox 458 2512 491 2574; x_wconf 93' lang='lat' dir='ltr'>in</span> <span class='ocrx_word' id='word_1_227' title='bbox 515 2509 615 2574; x_wconf 89' lang='lat' dir='ltr'>altum</span> <span class='ocrx_word' id='word_1_228' title='bbox 639 2519 671 2572; x_wconf 90' lang='lat' dir='ltr'>et</span> <span class='ocrx_word' id='word_1_229' title='bbox 694 2509 785 2595; x_wconf 90' lang='lat' dir='ltr'>ponit</span> <span class='ocrx_word' id='word_1_230' title='bbox 808 2507 1021 2572; x_wconf 88' lang='lat' dir='ltr'>fundamenta</span> <span class='ocrx_word' id='word_1_231' title='bbox 1048 2529 1146 2592; x_wconf 87' lang='lat' dir='ltr'>supra</span> <span class='ocrx_word' id='word_1_232' title='bbox 1167 2518 1305 2593; x_wconf 86' lang='lat' dir='ltr'>petram.</span> <span class='ocrx_word' id='word_1_233' title='bbox 1353 2505 1419 2586; x_wconf 78' lang='lat' dir='ltr'>Qui</span> <span class='ocrx_word' id='word_1_234' title='bbox 1449 2515 1558 2569; x_wconf 90' lang='lat' dir='ltr'>autem</span> <span class='ocrx_word' id='word_1_235' title='bbox 1582 2504 1636 2568; x_wconf 84' lang='lat' dir='ltr'>vel</span> <span class='ocrx_word' id='word_1_236' title='bbox 1663 2507 1695 2568; x_wconf 91' lang='lat' dir='ltr'>in</span> <span class='ocrx_word' id='word_1_237' title='bbox 1723 2504 1795 2568; x_wconf 92' lang='lat' dir='ltr'>loco</span> <span class='ocrx_word' id='word_1_238' title='bbox 1820 2505 2051 2591; x_wconf 85' lang='lat' dir='ltr'>apostolorum,</span> <span class='ocrx_word' id='word_1_239' title='bbox 2077 2517 2112 2570; x_wconf 88' lang='lat' dir='ltr'>nt</span> 
     </span>
     <span class='ocr_line' id='line_1_21' title="bbox 458 2610 2159 2702; baseline -0.004 -22"><span class='ocrx_word' id='word_1_240' title='bbox 458 2617 614 2702; x_wconf 89' lang='lat' dir='ltr'>episcopi,</span> <span class='ocrx_word' id='word_1_241' title='bbox 638 2615 691 2679; x_wconf 92' lang='lat' dir='ltr'>vel</span> <span class='ocrx_word' id='word_1_242' title='bbox 713 2617 748 2679; x_wconf 92' lang='lat' dir='ltr'>in</span> <span class='ocrx_word' id='word_1_243' title='bbox 771 2615 842 2679; x_wconf 91' lang='lat' dir='ltr'>loeo</span> <span class='ocrx_word' id='word_1_244' title='bbox 865 2613 1067 2678; x_wconf 62' lang='lat' dir='ltr'>LXXH⁰f¹¹¹¹¹</span> <span class='ocrx_word' id='word_1_245' title='bbox 1091 2612 1334 2699; x_wconf 88' lang='lat' dir='ltr'>discipulorum,</span> <span class='ocrx_word' id='word_1_246' title='bbox 1359 2623 1394 2676; x_wconf 90' lang='lat' dir='ltr'>ut</span> <span class='ocrx_word' id='word_1_247' title='bbox 1416 2610 1609 2698; x_wconf 84' lang='lat' dir='ltr'>presbyteri,</span> <span class='ocrx_word' id='word_1_248' title='bbox 1634 2611 1686 2675; x_wconf 90' lang='lat' dir='ltr'>vel</span> <span class='ocrx_word' id='word_1_249' title='bbox 1714 2613 1747 2675; x_wconf 93' lang='lat' dir='ltr'>in</span> <span class='ocrx_word' id='word_1_250' title='bbox 1770 2612 1842 2676; x_wconf 90' lang='lat' dir='ltr'>loeo</span> <span class='ocrx_word' id='word_1_251' title='bbox 1867 2612 1933 2676; x_wconf 85' lang='lat' dir='ltr'>VII</span> <span class='ocrx_word' id='word_1_252' title='bbox 1956 2612 2110 2677; x_wconf 89' lang='lat' dir='ltr'>diacono·</span> <span class='ocrx_word' id='word_1_253' title='bbox 2132 2636 2159 2674; x_wconf 77' lang='lat' dir='ltr'>ao</span> 
     </span>
     <span class='ocr_line' id='line_1_22' title="bbox 457 2717 2111 2808; baseline -0.002 -22"><span class='ocrx_word' id='word_1_254' title='bbox 457 2745 538 2804; x_wconf 90' lang='lat' dir='ltr'>rum,</span> <span class='ocrx_word' id='word_1_255' title='bbox 562 2734 598 2787; x_wconf 91' lang='lat' dir='ltr'>ut</span> <span class='ocrx_word' id='word_1_256' title='bbox 621 2722 738 2808; x_wconf 91' lang='lat' dir='ltr'>reliqui</span> <span class='ocrx_word' id='word_1_257' title='bbox 761 2721 871 2786; x_wconf 84' lang='lat' dir='ltr'>altaris</span> <span class='ocrx_word' id='word_1_258' title='bbox 888 2720 1037 2801; x_wconf 89' lang='lat' dir='ltr'>ministri,</span> <span class='ocrx_word' id='word_1_259' title='bbox 1062 2742 1219 2806; x_wconf 87' lang='lat' dir='ltr'>apparere</span> <span class='ocrx_word' id='word_1_260' title='bbox 1236 2729 1436 2805; x_wconf 86' lang='lat' dir='ltr'>presumunt,</span> <span class='ocrx_word' id='word_1_261' title='bbox 1461 2719 1608 2782; x_wconf 88' lang='lat' dir='ltr'>nolentes</span> <span class='ocrx_word' id='word_1_262' title='bbox 1625 2719 1736 2782; x_wconf 89' lang='lat' dir='ltr'>vivere</span> <span class='ocrx_word' id='word_1_263' title='bbox 1759 2720 1794 2782; x_wconf 92' lang='lat' dir='ltr'>in</span> <span class='ocrx_word' id='word_1_264' title='bbox 1817 2717 1873 2782; x_wconf 91' lang='lat' dir='ltr'>illa</span> <span class='ocrx_word' id='word_1_265' title='bbox 1888 2721 1965 2802; x_wconf 87' lang='lat' dir='ltr'>vita,</span> <span class='ocrx_word' id='word_1_266' title='bbox 1990 2721 2024 2783; x_wconf 94' lang='lat' dir='ltr'>in</span> <span class='ocrx_word' id='word_1_267' title='bbox 2045 2743 2111 2806; x_wconf 91' lang='lat' dir='ltr'>qua</span> 
     </span>
     <span class='ocr_line' id='line_1_23' title="bbox 457 2824 2115 2915; baseline -0.001 -23"><span class='ocrx_word' id='word_1_268' title='bbox 457 2828 504 2892; x_wconf 93' lang='lat' dir='ltr'>illi</span> <span class='ocrx_word' id='word_1_269' title='bbox 527 2830 680 2892; x_wconf 88' lang='lat' dir='ltr'>vixerunt</span> <span class='ocrx_word' id='word_1_270' title='bbox 702 2829 758 2915; x_wconf 92' lang='lat' dir='ltr'>qui</span> <span class='ocrx_word' id='word_1_271' title='bbox 782 2827 906 2913; x_wconf 89' lang='lat' dir='ltr'>absque</span> <span class='ocrx_word' id='word_1_272' title='bbox 930 2825 1004 2890; x_wconf 91' lang='lat' dir='ltr'>felle</span> <span class='ocrx_word' id='word_1_273' title='bbox 1030 2826 1220 2912; x_wconf 89' lang='lat' dir='ltr'>simpliciter</span> <span class='ocrx_word' id='word_1_274' title='bbox 1245 2825 1324 2890; x_wconf 91' lang='lat' dir='ltr'>illud</span> <span class='ocrx_word' id='word_1_275' title='bbox 1348 2824 1467 2891; x_wconf 80' lang='lat' dir='ltr'>Christi</span> <span class='ocrx_word' id='word_1_276' title='bbox 1500 2825 1642 2890; x_wconf 90' lang='lat' dir='ltr'>edictum</span> <span class='ocrx_word' id='word_1_277' title='bbox 1673 2836 1901 2912; x_wconf 90' lang='lat' dir='ltr'>susceperunt:</span> <span class='ocrx_word' id='word_1_278' title='bbox 1937 2828 2003 2904; x_wconf 76' lang='lat' dir='ltr'>Qui</span> <span class='ocrx_word' id='word_1_279' title='bbox 2030 2829 2115 2891; x_wconf 77' lang='lat' dir='ltr'>mihi</span> 
     </span>
     <span class='ocr_line' id='line_1_24' title="bbox 287 2933 2112 3021; baseline -0.002 -21"><span class='ocrx_word' id='word_1_280' title='bbox 287 2961 367 3002; x_wconf 61' lang='lat' dir='ltr'>nasu.</span> <span class='ocrx_word' id='word_1_281' title='bbox 376 2961 395 3010; x_wconf 89' lang='grc' dir='ltr'>ι,</span> <span class='ocrx_word' id='word_1_282' title='bbox 404 2960 438 3000; x_wconf 82' lang='lat' dir='ltr'>ss.</span> <span class='ocrx_word' id='word_1_283' title='bbox 458 2939 626 3016; x_wconf 60' lang='lat' dir='ltr'>altaserra,</span> <span class='ocrx_word' id='word_1_284' title='bbox 657 2961 704 3000; x_wconf 86' lang='lat' dir='ltr'>me</span> <span class='ocrx_word' id='word_1_285' title='bbox 733 2950 891 3021; x_wconf 81' lang='lat' dir='ltr'>sequatur,</span> <span class='ocrx_word' id='word_1_286' title='bbox 921 2934 955 2996; x_wconf 92' lang='lat' dir='ltr'>in</span> <span class='ocrx_word' id='word_1_287' title='bbox 986 2935 1060 2998; x_wconf 89' lang='lat' dir='ltr'>totis</span> <span class='ocrx_word' id='word_1_288' title='bbox 1092 2933 1208 2998; x_wconf 84' lang='lat' dir='ltr'>officiis</span> <span class='ocrx_word' id='word_1_289' title='bbox 1239 2934 1379 3018; x_wconf 91' lang='lat' dir='ltr'>totisque</span> <span class='ocrx_word' id='word_1_290' title='bbox 1410 2933 1608 3013; x_wconf 89' lang='lat' dir='ltr'>ministeriis,</span> <span class='ocrx_word' id='word_1_291' title='bbox 1638 2955 1721 3019; x_wconf 92' lang='lat' dir='ltr'>quae</span> <span class='ocrx_word' id='word_1_292' title='bbox 1752 2943 1853 3018; x_wconf 87' lang='lat' dir='ltr'>agunt</span> <span class='ocrx_word' id='word_1_293' title='bbox 1883 2933 2004 2997; x_wconf 82' lang='lat' dir='ltr'>similes</span> <span class='ocrx_word' id='word_1_294' title='bbox 2036 2945 2112 2997; x_wconf 89' lang='lat' dir='ltr'>sunt</span> 
     </span>
     <span class='ocr_line' id='line_1_25' title="bbox 457 3039 2110 3128; baseline -0.001 -23"><span class='ocrx_word' id='word_1_295' title='bbox 457 3041 579 3107; x_wconf 93' lang='lat' dir='ltr'>homini</span> <span class='ocrx_word' id='word_1_296' title='bbox 604 3041 770 3106; x_wconf 83' lang='lat' dir='ltr'>edificanti</span> <span class='ocrx_word' id='word_1_297' title='bbox 793 3063 891 3128; x_wconf 88' lang='lat' dir='ltr'>super</span> <span class='ocrx_word' id='word_1_298' title='bbox 914 3063 1058 3123; x_wconf 88' lang='lat' dir='ltr'>arenam,</span> <span class='ocrx_word' id='word_1_299' title='bbox 1083 3040 1160 3126; x_wconf 91' lang='lat' dir='ltr'>quia</span> <span class='ocrx_word' id='word_1_300' title='bbox 1183 3064 1248 3105; x_wconf 92' lang='lat' dir='ltr'>non</span> <span class='ocrx_word' id='word_1_301' title='bbox 1270 3039 1393 3104; x_wconf 91' lang='lat' dir='ltr'>habent</span> <span class='ocrx_word' id='word_1_302' title='bbox 1415 3041 1449 3103; x_wconf 94' lang='lat' dir='ltr'>in</span> <span class='ocrx_word' id='word_1_303' title='bbox 1474 3039 1603 3104; x_wconf 80' lang='lat' dir='ltr'>Christo</span> <span class='ocrx_word' id='word_1_304' title='bbox 1634 3039 1802 3103; x_wconf 77' lang='lat' dir='ltr'>fundatam</span> <span class='ocrx_word' id='word_1_305' title='bbox 1833 3063 1911 3104; x_wconf 91' lang='lat' dir='ltr'>suae</span> <span class='ocrx_word' id='word_1_306' title='bbox 1936 3063 2110 3104; x_wconf 84' lang='lat' dir='ltr'>conversa-</span> 
     </span>
     <span class='ocr_line' id='line_1_26' title="bbox 458 3145 2158 3235; baseline -0.002 -23"><span class='ocrx_word' id='word_1_307' title='bbox 458 3149 555 3213; x_wconf 90' lang='lat' dir='ltr'>tionis</span> <span class='ocrx_word' id='word_1_308' title='bbox 579 3148 735 3235; x_wconf 87' lang='lat' dir='ltr'>regulam.</span> <span class='ocrx_word' id='word_1_309' title='bbox 782 3147 878 3212; x_wconf 89' lang='lat' dir='ltr'>Unde</span> <span class='ocrx_word' id='word_1_310' title='bbox 903 3149 981 3212; x_wconf 89' lang='lat' dir='ltr'>satis</span> <span class='ocrx_word' id='word_1_311' title='bbox 1006 3149 1184 3233; x_wconf 88' lang='lat' dir='ltr'>incongrue</span> <span class='ocrx_word' id='word_1_312' title='bbox 1209 3147 1320 3211; x_wconf 86' lang='lat' dir='ltr'>dixisti</span> <span class='ocrx_word' id='word_1_313' title='bbox 1345 3147 1442 3211; x_wconf 87' lang='lat' dir='ltr'>aliam</span> <span class='ocrx_word' id='word_1_314' title='bbox 1465 3145 1698 3232; x_wconf 84' lang='lat' dir='ltr'>plantationem</span> <span class='ocrx_word' id='word_1_315' title='bbox 1722 3169 1808 3210; x_wconf 89' lang='lat' dir='ltr'>nuno</span> <span class='ocrx_word' id='word_1_316' title='bbox 1831 3147 1958 3226; x_wconf 90' lang='lat' dir='ltr'>florere,</span> <span class='ocrx_word' id='word_1_317' title='bbox 1987 3148 2021 3211; x_wconf 91' lang='lat' dir='ltr'>in</span> <span class='ocrx_word' id='word_1_318' title='bbox 2046 3170 2111 3234; x_wconf 86' lang='lat' dir='ltr'>qua</span> <span class='ocrx_word' id='word_1_319' title='bbox 2131 3171 2158 3209; x_wconf 85' lang='lat' dir='ltr'>ss</span> 
     </span>
     <span class='ocr_line' id='line_1_27' title="bbox 366 3252 2110 3341; baseline -0.005 -16"><span class='ocrx_word' id='word_1_320' title='bbox 366 3280 439 3325; x_wconf 71' lang='lat' dir='ltr'>*tra</span> <span class='ocrx_word' id='word_1_321' title='bbox 458 3277 523 3320; x_wconf 92' lang='lat' dir='ltr'>non</span> <span class='ocrx_word' id='word_1_322' title='bbox 539 3257 660 3320; x_wconf 91' lang='lat' dir='ltr'>vivitur</span> <span class='ocrx_word' id='word_1_323' title='bbox 683 3255 871 3341; x_wconf 87' lang='lat' dir='ltr'>apostolice,</span> <span class='ocrx_word' id='word_1_324' title='bbox 897 3279 971 3320; x_wconf 90' lang='lat' dir='ltr'>oum</span> <span class='ocrx_word' id='word_1_325' title='bbox 994 3254 1028 3318; x_wconf 96' lang='lat' dir='ltr'>hi</span> <span class='ocrx_word' id='word_1_326' title='bbox 1052 3255 1107 3341; x_wconf 92' lang='lat' dir='ltr'>qui</span> <span class='ocrx_word' id='word_1_327' title='bbox 1131 3254 1206 3335; x_wconf 88' lang='lat' dir='ltr'>alia,</span> <span class='ocrx_word' id='word_1_328' title='bbox 1231 3277 1328 3340; x_wconf 91' lang='lat' dir='ltr'>quam</span> <span class='ocrx_word' id='word_1_329' title='bbox 1347 3252 1508 3318; x_wconf 79' lang='lat' dir='ltr'>‘Christus</span> <span class='ocrx_word' id='word_1_330' title='bbox 1533 3253 1701 3339; x_wconf 85' lang='lat' dir='ltr'>plantavit,</span> <span class='ocrx_word' id='word_1_331' title='bbox 1726 3252 1874 3339; x_wconf 84' lang='lat' dir='ltr'>plantant</span> <span class='ocrx_word' id='word_1_332' title='bbox 1894 3253 1947 3317; x_wconf 84' lang='lat' dir='ltr'>vol</span> <span class='ocrx_word' id='word_1_333' title='bbox 1971 3254 2013 3318; x_wconf 88' lang='lat' dir='ltr'>ab</span> <span class='ocrx_word' id='word_1_334' title='bbox 2037 3254 2110 3318; x_wconf 90' lang='lat' dir='ltr'>aliis</span> 
     </span>
     <span class='ocr_line' id='line_1_28' title="bbox 458 3359 2111 3451; baseline -0.001 -25"><span class='ocrx_word' id='word_1_335' title='bbox 458 3363 605 3451; x_wconf 90' lang='lat' dir='ltr'>plantata</span> <span class='ocrx_word' id='word_1_336' title='bbox 628 3372 802 3442; x_wconf 88' lang='lat' dir='ltr'>sectantur,</span> <span class='ocrx_word' id='word_1_337' title='bbox 827 3363 947 3426; x_wconf 89' lang='lat' dir='ltr'>rectius</span> <span class='ocrx_word' id='word_1_338' title='bbox 971 3361 1083 3444; x_wconf 86' lang='lat' dir='ltr'>fetere,</span> <span class='ocrx_word' id='word_1_339' title='bbox 1109 3384 1206 3449; x_wconf 90' lang='lat' dir='ltr'>quam</span> <span class='ocrx_word' id='word_1_340' title='bbox 1229 3360 1345 3426; x_wconf 88' lang='lat' dir='ltr'>florere</span> <span class='ocrx_word' id='word_1_341' title='bbox 1369 3360 1530 3424; x_wconf 88' lang='lat' dir='ltr'>dieantur.</span> <span class='ocrx_word' id='word_1_342' title='bbox 1565 3359 1656 3424; x_wconf 88' lang='lat' dir='ltr'>Inter</span> <span class='ocrx_word' id='word_1_343' title='bbox 1671 3383 1752 3446; x_wconf 89' lang='lat' dir='ltr'>quos</span> <span class='ocrx_word' id='word_1_344' title='bbox 1775 3383 1943 3446; x_wconf 87' lang='lat' dir='ltr'>personae,</span> <span class='ocrx_word' id='word_1_345' title='bbox 1969 3385 2051 3447; x_wconf 90' lang='lat' dir='ltr'>quas</span> <span class='ocrx_word' id='word_1_346' title='bbox 2076 3373 2111 3426; x_wconf 93' lang='lat' dir='ltr'>tu</span> 
     </span>
     <span class='ocr_line' id='line_1_29' title="bbox 457 3457 2110 3557; baseline -0.002 -22"><span class='ocrx_word' id='word_1_347' title='bbox 457 3471 540 3535; x_wconf 90' lang='lat' dir='ltr'>dicis</span> <span class='ocrx_word' id='word_1_348' title='bbox 571 3468 768 3557; x_wconf 92' lang='lat' dir='ltr'>probabiles,</span> <span class='ocrx_word' id='word_1_349' title='bbox 794 3469 871 3554; x_wconf 88' lang='lat' dir='ltr'>quia</span> <span class='ocrx_word' id='word_1_350' title='bbox 894 3468 976 3532; x_wconf 89' lang='lat' dir='ltr'>forte</span> <span class='ocrx_word' id='word_1_351' title='bbox 1001 3479 1076 3532; x_wconf 89' lang='lat' dir='ltr'>sunt</span> <span class='ocrx_word' id='word_1_352' title='bbox 1099 3491 1178 3553; x_wconf 88' lang='lat' dir='ltr'>erga</span> <span class='ocrx_word' id='word_1_353' title='bbox 1208 3457 1369 3553; x_wconf 79' lang='lat' dir='ltr'>pauperes</span> <span class='ocrx_word' id='word_1_354' title='bbox 1399 3467 1504 3552; x_wconf 64' lang='lat' dir='ltr'>largi*</span> <span class='ocrx_word' id='word_1_355' title='bbox 1537 3481 1568 3530; x_wconf 89' lang='lat' dir='ltr'>et</span> <span class='ocrx_word' id='word_1_356' title='bbox 1596 3469 1779 3531; x_wconf 88' lang='lat' dir='ltr'>castitatem</span> <span class='ocrx_word' id='word_1_357' title='bbox 1810 3477 1987 3548; x_wconf 84' lang='lat' dir='ltr'>servantes,</span> <span class='ocrx_word' id='word_1_358' title='bbox 2019 3480 2110 3542; x_wconf 88' lang='lat' dir='ltr'>tanto</span> 
     </span>
     <span class='ocr_line' id='line_1_30' title="bbox 459 3573 2110 3664; baseline -0.003 -21"><span class='ocrx_word' id='word_1_359' title='bbox 459 3577 598 3664; x_wconf 87' lang='lat' dir='ltr'>amplius</span> <span class='ocrx_word' id='word_1_360' title='bbox 622 3600 641 3640; x_wconf 90' lang='lat' dir='ltr'>a</span> <span class='ocrx_word' id='word_1_361' title='bbox 663 3576 737 3640; x_wconf 88' lang='lat' dir='ltr'>Deo</span> <span class='ocrx_word' id='word_1_362' title='bbox 768 3574 992 3661; x_wconf 86' lang='lat' dir='ltr'>reprobantur,</span> <span class='ocrx_word' id='word_1_363' title='bbox 1025 3585 1144 3660; x_wconf 90' lang='lat' dir='ltr'>quanto</span> <span class='ocrx_word' id='word_1_364' title='bbox 1175 3597 1235 3660; x_wconf 92' lang='lat' dir='ltr'>per</span> <span class='ocrx_word' id='word_1_365' title='bbox 1264 3596 1320 3638; x_wconf 89' lang='lat' dir='ltr'>eas</span> <span class='ocrx_word' id='word_1_366' title='bbox 1351 3583 1505 3662; x_wconf 87' lang='lat' dir='ltr'>tanquam</span> <span class='ocrx_word' id='word_1_367' title='bbox 1537 3597 1596 3661; x_wconf 88' lang='lat' dir='ltr'>per</span> <span class='ocrx_word' id='word_1_368' title='bbox 1626 3574 1792 3638; x_wconf 88' lang='lat' dir='ltr'>columnas</span> <span class='ocrx_word' id='word_1_369' title='bbox 1823 3576 1906 3638; x_wconf 92' lang='lat' dir='ltr'>muri</span> <span class='ocrx_word' id='word_1_370' title='bbox 1930 3573 2110 3661; x_wconf 86' lang='lat' dir='ltr'>Babylonis</span> 
     </span>
     <span class='ocr_line' id='line_1_31' title="bbox 458 3680 2154 3762; baseline -0.004 -13"><span class='ocrx_word' id='word_1_371' title='bbox 458 3684 590 3749; x_wconf 83' lang='lat' dir='ltr'>tandem</span> <span class='ocrx_word' id='word_1_372' title='bbox 614 3683 730 3748; x_wconf 90' lang='lat' dir='ltr'>ruituri</span> <span class='ocrx_word' id='word_1_373' title='bbox 753 3692 983 3746; x_wconf 88' lang='lat' dir='ltr'>sustentantur.</span> <span class='ocrx_word' id='word_1_374' title='bbox 1032 3681 1097 3762; x_wconf 79' lang='lat' dir='ltr'>Qui</span> <span class='ocrx_word' id='word_1_375' title='bbox 1121 3683 1148 3744; x_wconf 87' lang='lat' dir='ltr'>si</span> <span class='ocrx_word' id='word_1_376' title='bbox 1172 3680 1287 3745; x_wconf 89' lang='lat' dir='ltr'>darent</span> <span class='ocrx_word' id='word_1_377' title='bbox 1310 3681 1530 3762; x_wconf 87' lang='lat' dir='ltr'>elemosinam,</span> <span class='ocrx_word' id='word_1_378' title='bbox 1554 3693 1589 3745; x_wconf 89' lang='lat' dir='ltr'>nt</span> <span class='ocrx_word' id='word_1_379' title='bbox 1612 3680 1705 3744; x_wconf 90' lang='lat' dir='ltr'>Deus</span> <span class='ocrx_word' id='word_1_380' title='bbox 1735 3691 1874 3744; x_wconf 87' lang='lat' dir='ltr'>mutaret</span> <span class='ocrx_word' id='word_1_381' title='bbox 1898 3704 2011 3745; x_wconf 91' lang='lat' dir='ltr'>eorum</span> <span class='ocrx_word' id='word_1_382' title='bbox 2035 3705 2109 3746; x_wconf 89' lang='lat' dir='ltr'>eon·</span> <span class='ocrx_word' id='word_1_383' title='bbox 2130 3705 2154 3743; x_wconf 81' lang='lat' dir='ltr'>a</span> 
     </span>
     <span class='ocr_line' id='line_1_32' title="bbox 459 3785 2110 3875; baseline -0.001 -20"><span class='ocrx_word' id='word_1_384' title='bbox 459 3792 678 3855; x_wconf 87' lang='lat' dir='ltr'>versationem</span> <span class='ocrx_word' id='word_1_385' title='bbox 700 3811 835 3875; x_wconf 89' lang='lat' dir='ltr'>pravam</span> <span class='ocrx_word' id='word_1_386' title='bbox 860 3799 892 3852; x_wconf 92' lang='lat' dir='ltr'>et</span> <span class='ocrx_word' id='word_1_387' title='bbox 914 3788 1127 3853; x_wconf 90' lang='lat' dir='ltr'>fundamento</span> <span class='ocrx_word' id='word_1_388' title='bbox 1151 3787 1339 3852; x_wconf 89' lang='lat' dir='ltr'>destitutam</span> <span class='ocrx_word' id='word_1_389' title='bbox 1361 3787 1520 3874; x_wconf 88' lang='lat' dir='ltr'>daretque</span> <span class='ocrx_word' id='word_1_390' title='bbox 1551 3787 1614 3850; x_wconf 89' lang='lat' dir='ltr'>illis</span> <span class='ocrx_word' id='word_1_391' title='bbox 1645 3788 1679 3850; x_wconf 93' lang='lat' dir='ltr'>in</span> <span class='ocrx_word' id='word_1_392' title='bbox 1701 3785 1912 3852; x_wconf 89' lang='lat' dir='ltr'>fundamento</span> <span class='ocrx_word' id='word_1_393' title='bbox 1936 3811 2110 3853; x_wconf 88' lang='lat' dir='ltr'>eonversa-</span> 
     </span>
     <span class='ocr_line' id='line_1_33' title="bbox 460 3893 2110 3982; baseline -0.001 -21"><span class='ocrx_word' id='word_1_394' title='bbox 460 3899 555 3962; x_wconf 87' lang='lat' dir='ltr'>tionis</span> <span class='ocrx_word' id='word_1_395' title='bbox 579 3895 700 3960; x_wconf 89' lang='lat' dir='ltr'>habere</span> <span class='ocrx_word' id='word_1_396' title='bbox 725 3897 818 3982; x_wconf 87' lang='lat' dir='ltr'>quasi</span> <span class='ocrx_word' id='word_1_397' title='bbox 841 3905 967 3982; x_wconf 88' lang='lat' dir='ltr'>petram</span> <span class='ocrx_word' id='word_1_398' title='bbox 991 3895 1188 3981; x_wconf 89' lang='lat' dir='ltr'>apostolicae</span> <span class='ocrx_word' id='word_1_399' title='bbox 1206 3895 1461 3958; x_wconf 87' lang='lat' dir='ltr'>conversationis</span> <span class='ocrx_word' id='word_1_400' title='bbox 1478 3893 1633 3980; x_wconf 87' lang='lat' dir='ltr'>regulam,</span> <span class='ocrx_word' id='word_1_401' title='bbox 1651 3905 1683 3957; x_wconf 91' lang='lat' dir='ltr'>et</span> <span class='ocrx_word' id='word_1_402' title='bbox 1699 3917 1764 3958; x_wconf 90' lang='lat' dir='ltr'>non</span> <span class='ocrx_word' id='word_1_403' title='bbox 1781 3893 1994 3959; x_wconf 89' lang='lat' dir='ltr'>defenderent</span> <span class='ocrx_word' id='word_1_404' title='bbox 2010 3897 2110 3960; x_wconf 86' lang='lat' dir='ltr'>vitam</span> 
     </span>
     <span class='ocr_line' id='line_1_34' title="bbox 459 4000 2111 4088; baseline -0.001 -20"><span class='ocrx_word' id='word_1_405' title='bbox 459 4006 493 4068; x_wconf 91' lang='lat' dir='ltr'>in</span> <span class='ocrx_word' id='word_1_406' title='bbox 518 4003 603 4068; x_wconf 90' lang='lat' dir='ltr'>clero</span> <span class='ocrx_word' id='word_1_407' title='bbox 634 4001 822 4088; x_wconf 87' lang='lat' dir='ltr'>apostolicis</span> <span class='ocrx_word' id='word_1_408' title='bbox 852 4003 1006 4066; x_wconf 91' lang='lat' dir='ltr'>institutis</span> <span class='ocrx_word' id='word_1_409' title='bbox 1038 4003 1243 4084; x_wconf 88' lang='lat' dir='ltr'>contrariam,</span> <span class='ocrx_word' id='word_1_410' title='bbox 1274 4012 1385 4086; x_wconf 88' lang='lat' dir='ltr'>posset</span> <span class='ocrx_word' id='word_1_411' title='bbox 1414 4000 1495 4082; x_wconf 87' lang='lat' dir='ltr'>fieri,</span> <span class='ocrx_word' id='word_1_412' title='bbox 1524 4012 1558 4065; x_wconf 91' lang='lat' dir='ltr'>ut</span> <span class='ocrx_word' id='word_1_413' title='bbox 1582 4011 1638 4064; x_wconf 87' lang='lat' dir='ltr'>aut</span> <span class='ocrx_word' id='word_1_414' title='bbox 1660 4002 1724 4086; x_wconf 89' lang='lat' dir='ltr'>ipsi</span> <span class='ocrx_word' id='word_1_415' title='bbox 1747 4011 1948 4065; x_wconf 87' lang='lat' dir='ltr'>mutarentur</span> <span class='ocrx_word' id='word_1_416' title='bbox 1972 4013 2004 4066; x_wconf 91' lang='lat' dir='ltr'>et</span> <span class='ocrx_word' id='word_1_417' title='bbox 2027 4004 2111 4066; x_wconf 90' lang='lat' dir='ltr'>muri</span> 
     </span>
     <span class='ocr_line' id='line_1_35' title="bbox 459 4106 2111 4195; baseline 0 -22"><span class='ocrx_word' id='word_1_418' title='bbox 459 4108 649 4195; x_wconf 89' lang='lat' dir='ltr'>Babylonis,</span> <span class='ocrx_word' id='word_1_419' title='bbox 674 4131 754 4195; x_wconf 90' lang='lat' dir='ltr'>quos</span> <span class='ocrx_word' id='word_1_420' title='bbox 778 4108 825 4172; x_wconf 93' lang='lat' dir='ltr'>illi</span> <span class='ocrx_word' id='word_1_421' title='bbox 849 4119 1038 4190; x_wconf 89' lang='lat' dir='ltr'>sustentant,</span> <span class='ocrx_word' id='word_1_422' title='bbox 1070 4118 1201 4172; x_wconf 82' lang='lat' dir='ltr'>merent</span> <span class='ocrx_word' id='word_1_423' title='bbox 1231 4117 1296 4187; x_wconf 85' lang='lat' dir='ltr'>aut,</span> <span class='ocrx_word' id='word_1_424' title='bbox 1328 4109 1355 4170; x_wconf 89' lang='lat' dir='ltr'>si</span> <span class='ocrx_word' id='word_1_425' title='bbox 1378 4108 1413 4171; x_wconf 90' lang='lat' dir='ltr'>in</span> <span class='ocrx_word' id='word_1_426' title='bbox 1437 4107 1497 4172; x_wconf 89' lang='lat' dir='ltr'>hoo</span> <span class='ocrx_word' id='word_1_427' title='bbox 1522 4106 1684 4171; x_wconf 87' lang='lat' dir='ltr'>desiderio</span> <span class='ocrx_word' id='word_1_428' title='bbox 1712 4118 1914 4172; x_wconf 89' lang='lat' dir='ltr'>morerentur</span> <span class='ocrx_word' id='word_1_429' title='bbox 1938 4131 2111 4173; x_wconf 87' lang='lat' dir='ltr'>conversa-</span> 
     </span>
     <span class='ocr_line' id='line_1_36' title="bbox 460 4214 2156 4302; baseline -0.001 -22"><span class='ocrx_word' id='word_1_430' title='bbox 460 4218 557 4281; x_wconf 88' lang='lat' dir='ltr'>tionis</span> <span class='ocrx_word' id='word_1_431' title='bbox 587 4216 741 4298; x_wconf 83' lang='lat' dir='ltr'>fniotum,</span> <span class='ocrx_word' id='word_1_432' title='bbox 773 4238 870 4302; x_wconf 89' lang='lat' dir='ltr'>quem</span> <span class='ocrx_word' id='word_1_433' title='bbox 900 4215 1050 4281; x_wconf 88' lang='lat' dir='ltr'>voluntas</span> <span class='ocrx_word' id='word_1_434' title='bbox 1081 4238 1192 4280; x_wconf 88' lang='lat' dir='ltr'>eorum</span> <span class='ocrx_word' id='word_1_435' title='bbox 1224 4215 1361 4300; x_wconf 89' lang='lat' dir='ltr'>optavit,</span> <span class='ocrx_word' id='word_1_436' title='bbox 1397 4225 1556 4301; x_wconf 90' lang='lat' dir='ltr'>preventu</span> <span class='ocrx_word' id='word_1_437' title='bbox 1592 4214 1794 4278; x_wconf 88' lang='lat' dir='ltr'>mortalitatis</span> <span class='ocrx_word' id='word_1_438' title='bbox 1830 4239 1895 4278; x_wconf 91' lang='lat' dir='ltr'>non</span> <span class='ocrx_word' id='word_1_439' title='bbox 1924 4215 2109 4300; x_wconf 90' lang='lat' dir='ltr'>perderent.</span> <span class='ocrx_word' id='word_1_440' title='bbox 2130 4239 2156 4280; x_wconf 85' lang='lat' dir='ltr'>ss</span> 
     </span>
     <span class='ocr_line' id='line_1_37' title="bbox 460 4321 2111 4409; baseline 0.001 -23"><span class='ocrx_word' id='word_1_441' title='bbox 460 4323 615 4408; x_wconf 86' lang='lat' dir='ltr'>Legimus</span> <span class='ocrx_word' id='word_1_442' title='bbox 640 4323 726 4386; x_wconf 91' lang='lat' dir='ltr'>enim</span> <span class='ocrx_word' id='word_1_443' title='bbox 750 4321 791 4386; x_wconf 89' lang='lat' dir='ltr'>de</span> <span class='ocrx_word' id='word_1_444' title='bbox 816 4321 1011 4408; x_wconf 90' lang='lat' dir='ltr'>quibusdam</span> <span class='ocrx_word' id='word_1_445' title='bbox 1035 4323 1207 4408; x_wconf 89' lang='lat' dir='ltr'>episeopis,</span> <span class='ocrx_word' id='word_1_446' title='bbox 1232 4323 1288 4408; x_wconf 93' lang='lat' dir='ltr'>qui</span> <span class='ocrx_word' id='word_1_447' title='bbox 1311 4322 1345 4384; x_wconf 96' lang='lat' dir='ltr'>in</span> <span class='ocrx_word' id='word_1_448' title='bbox 1362 4322 1544 4407; x_wconf 88' lang='lat' dir='ltr'>semetipsis</span> <span class='ocrx_word' id='word_1_449' title='bbox 1561 4321 1693 4406; x_wconf 90' lang='lat' dir='ltr'>quidem</span> <span class='ocrx_word' id='word_1_450' title='bbox 1710 4333 1924 4387; x_wconf 83' lang='lat' dir='ltr'>servaverunt</span> <span class='ocrx_word' id='word_1_451' title='bbox 1939 4345 1999 4408; x_wconf 92' lang='lat' dir='ltr'>pro</span> <span class='ocrx_word' id='word_1_452' title='bbox 2015 4346 2111 4409; x_wconf 86' lang='lat' dir='ltr'>posse</span> 
     </span>
     <span class='ocr_line' id='line_1_38' title="bbox 461 4427 2112 4516; baseline 0.001 -23"><span class='ocrx_word' id='word_1_453' title='bbox 461 4428 672 4516; x_wconf 88' lang='lat' dir='ltr'>apostolicam</span> <span class='ocrx_word' id='word_1_454' title='bbox 702 4428 945 4514; x_wconf 87' lang='lat' dir='ltr'>perfectionem,</span> <span class='ocrx_word' id='word_1_455' title='bbox 977 4428 1035 4492; x_wconf 88' lang='lat' dir='ltr'>sed</span> <span class='ocrx_word' id='word_1_456' title='bbox 1066 4452 1139 4493; x_wconf 91' lang='lat' dir='ltr'>eum</span> <span class='ocrx_word' id='word_1_457' title='bbox 1164 4427 1251 4493; x_wconf 92' lang='lat' dir='ltr'>clero</span> <span class='ocrx_word' id='word_1_458' title='bbox 1275 4427 1338 4492; x_wconf 88' lang='lat' dir='ltr'>sibi</span> <span class='ocrx_word' id='word_1_459' title='bbox 1362 4429 1534 4491; x_wconf 88' lang='lat' dir='ltr'>commisso</span> <span class='ocrx_word' id='word_1_460' title='bbox 1565 4451 1628 4492; x_wconf 93' lang='lat' dir='ltr'>non</span> <span class='ocrx_word' id='word_1_461' title='bbox 1659 4438 1834 4514; x_wconf 90' lang='lat' dir='ltr'>potuerunt</span> <span class='ocrx_word' id='word_1_462' title='bbox 1863 4427 1986 4493; x_wconf 88' lang='lat' dir='ltr'>habere</span> <span class='ocrx_word' id='word_1_463' title='bbox 2011 4431 2112 4494; x_wconf 84' lang='lat' dir='ltr'>vitam</span> 
     </span>
     <span class='ocr_line' id='line_1_39' title="bbox 462 4533 2112 4622; baseline 0 -22"><span class='ocrx_word' id='word_1_464' title='bbox 462 4559 664 4600; x_wconf 90' lang='lat' dir='ltr'>communem</span> <span class='ocrx_word' id='word_1_465' title='bbox 685 4535 864 4600; x_wconf 88' lang='lat' dir='ltr'>secundum</span> <span class='ocrx_word' id='word_1_466' title='bbox 879 4534 969 4599; x_wconf 89' lang='lat' dir='ltr'>beati</span> <span class='ocrx_word' id='word_1_467' title='bbox 986 4533 1138 4621; x_wconf 80' lang='lat' dir='ltr'>Gregorii</span> <span class='ocrx_word' id='word_1_468' title='bbox 1162 4535 1205 4599; x_wconf 86' lang='lat' dir='ltr'>ad</span> <span class='ocrx_word' id='word_1_469' title='bbox 1219 4535 1439 4620; x_wconf 88' lang='lat' dir='ltr'>Augustinum</span> <span class='ocrx_word' id='word_1_470' title='bbox 1455 4533 1635 4619; x_wconf 85' lang='lat' dir='ltr'>Anglorum</span> <span class='ocrx_word' id='word_1_471' title='bbox 1660 4536 1849 4620; x_wconf 89' lang='lat' dir='ltr'>episcopum</span> <span class='ocrx_word' id='word_1_472' title='bbox 1873 4535 2112 4622; x_wconf 87' lang='lat' dir='ltr'>dipositionem,</span> 
     </span>
     <span class='ocr_line' id='line_1_40' title="bbox 462 4641 2111 4729; baseline 0.001 -24"><span class='ocrx_word' id='word_1_473' title='bbox 462 4653 627 4706; x_wconf 87' lang='lat' dir='ltr'>ettamen</span> <span class='ocrx_word' id='word_1_474' title='bbox 651 4645 755 4707; x_wconf 89' lang='lat' dir='ltr'>sancti</span> <span class='ocrx_word' id='word_1_475' title='bbox 778 4641 948 4724; x_wconf 89' lang='lat' dir='ltr'>habentur,</span> <span class='ocrx_word' id='word_1_476' title='bbox 973 4643 1051 4728; x_wconf 91' lang='lat' dir='ltr'>quia</span> <span class='ocrx_word' id='word_1_477' title='bbox 1075 4643 1174 4706; x_wconf 89' lang='lat' dir='ltr'>vitam</span> <span class='ocrx_word' id='word_1_478' title='bbox 1206 4641 1359 4727; x_wconf 90' lang='lat' dir='ltr'>apostolis</span> <span class='ocrx_word' id='word_1_479' title='bbox 1391 4643 1585 4708; x_wconf 86' lang='lat' dir='ltr'>contrariam</span> <span class='ocrx_word' id='word_1_480' title='bbox 1614 4665 1674 4705; x_wconf 90' lang='lat' dir='ltr'>neo</span> <span class='ocrx_word' id='word_1_481' title='bbox 1698 4643 1762 4728; x_wconf 87' lang='lat' dir='ltr'>ipsi</span> <span class='ocrx_word' id='word_1_482' title='bbox 1785 4641 1929 4724; x_wconf 87' lang='lat' dir='ltr'>duxisse,</span> <span class='ocrx_word' id='word_1_483' title='bbox 1955 4655 2111 4729; x_wconf 91' lang='lat' dir='ltr'>quantum</span> 
     </span>
     <span class='ocr_line' id='line_1_41' title="bbox 463 4748 2159 4836; baseline 0.001 -24"><span class='ocrx_word' id='word_1_484' title='bbox 463 4751 496 4812; x_wconf 93' lang='lat' dir='ltr'>in</span> <span class='ocrx_word' id='word_1_485' title='bbox 518 4749 598 4834; x_wconf 90' lang='lat' dir='ltr'>ipsis</span> <span class='ocrx_word' id='word_1_486' title='bbox 626 4749 695 4830; x_wconf 90' lang='lat' dir='ltr'>fuit,</span> <span class='ocrx_word' id='word_1_487' title='bbox 727 4772 787 4812; x_wconf 89' lang='lat' dir='ltr'>nee</span> <span class='ocrx_word' id='word_1_488' title='bbox 818 4751 852 4812; x_wconf 91' lang='lat' dir='ltr'>in</span> <span class='ocrx_word' id='word_1_489' title='bbox 876 4749 947 4813; x_wconf 90' lang='lat' dir='ltr'>aliis</span> <span class='ocrx_word' id='word_1_490' title='bbox 972 4748 1157 4812; x_wconf 88' lang='lat' dir='ltr'>defendisse</span> <span class='ocrx_word' id='word_1_491' title='bbox 1182 4748 1348 4834; x_wconf 87' lang='lat' dir='ltr'>leguntur:</span> <span class='ocrx_word' id='word_1_492' title='bbox 1374 4749 1454 4834; x_wconf 91' lang='lat' dir='ltr'>quin</span> <span class='ocrx_word' id='word_1_493' title='bbox 1476 4750 1583 4833; x_wconf 86' lang='lat' dir='ltr'>potius</span> <span class='ocrx_word' id='word_1_494' title='bbox 1607 4749 1649 4812; x_wconf 93' lang='lat' dir='ltr'>ad</span> <span class='ocrx_word' id='word_1_495' title='bbox 1673 4772 1745 4813; x_wconf 90' lang='lat' dir='ltr'>eam</span> <span class='ocrx_word' id='word_1_496' title='bbox 1769 4751 1803 4812; x_wconf 95' lang='lat' dir='ltr'>in</span> <span class='ocrx_word' id='word_1_497' title='bbox 1827 4749 1914 4814; x_wconf 88' lang='lat' dir='ltr'>clero</span> <span class='ocrx_word' id='word_1_498' title='bbox 1938 4749 2112 4836; x_wconf 87' lang='lat' dir='ltr'>disponen-</span> <span class='ocrx_word' id='word_1_499' title='bbox 2132 4776 2159 4813; x_wconf 74' lang='lat' dir='ltr'>so</span> 
     </span>
     <span class='ocr_line' id='line_1_42' title="bbox 462 4854 2115 4956; baseline 0.002 -38"><span class='ocrx_word' id='word_1_500' title='bbox 462 4854 538 4919; x_wconf 88' lang='lat' dir='ltr'>dam</span> <span class='ocrx_word' id='word_1_501' title='bbox 569 4865 634 4956; x_wconf 66' lang='lat' dir='ltr'>toto</span> <span class='ocrx_word' id='word_1_502' title='bbox 665 4855 784 4918; x_wconf 87' lang='lat' dir='ltr'>affectu</span> <span class='ocrx_word' id='word_1_503' title='bbox 815 4857 976 4941; x_wconf 87' lang='lat' dir='ltr'>aspirasse</span> <span class='ocrx_word' id='word_1_504' title='bbox 1008 4855 1193 4938; x_wconf 89' lang='lat' dir='ltr'>creduntur,</span> <span class='ocrx_word' id='word_1_505' title='bbox 1227 4855 1305 4919; x_wconf 89' lang='lat' dir='ltr'>licet</span> <span class='ocrx_word' id='word_1_506' title='bbox 1340 4854 1473 4941; x_wconf 87' lang='lat' dir='ltr'>quidam</span> <span class='ocrx_word' id='word_1_507' title='bbox 1506 4879 1659 4941; x_wconf 87' lang='lat' dir='ltr'>perverse</span> <span class='ocrx_word' id='word_1_508' title='bbox 1691 4879 1729 4921; x_wconf 92' lang='lat' dir='ltr'>ac</span> <span class='ocrx_word' id='word_1_509' title='bbox 1759 4856 1914 4921; x_wconf 89' lang='lat' dir='ltr'>mendose</span> <span class='ocrx_word' id='word_1_510' title='bbox 1944 4858 2115 4943; x_wconf 86' lang='lat' dir='ltr'>imponant</span> 
     </span>
     <span class='ocr_line' id='line_1_43' title="bbox 462 4957 2113 5049; baseline 0.002 -24"><span class='ocrx_word' id='word_1_511' title='bbox 462 4972 576 5026; x_wconf 87' lang='lat' dir='ltr'>sancto</span> <span class='ocrx_word' id='word_1_512' title='bbox 602 4957 764 5043; x_wconf 88' lang='lat' dir='ltr'>Odalrioo,</span> <span class='ocrx_word' id='word_1_513' title='bbox 796 4962 883 5047; x_wconf 92' lang='lat' dir='ltr'>quod</span> <span class='ocrx_word' id='word_1_514' title='bbox 914 4963 956 5026; x_wconf 90' lang='lat' dir='ltr'>ad</span> <span class='ocrx_word' id='word_1_515' title='bbox 986 4985 1104 5049; x_wconf 88' lang='lat' dir='ltr'>papam</span> <span class='ocrx_word' id='word_1_516' title='bbox 1129 4962 1311 5048; x_wconf 90' lang='lat' dir='ltr'>Nyeolaum</span> <span class='ocrx_word' id='word_1_517' title='bbox 1342 4963 1509 5049; x_wconf 89' lang='lat' dir='ltr'>scripserit</span> <span class='ocrx_word' id='word_1_518' title='bbox 1539 4986 1597 5048; x_wconf 93' lang='lat' dir='ltr'>pro</span> <span class='ocrx_word' id='word_1_519' title='bbox 1629 4962 1842 5027; x_wconf 89' lang='lat' dir='ltr'>defendendis</span> <span class='ocrx_word' id='word_1_520' title='bbox 1874 4975 1907 5028; x_wconf 90' lang='lat' dir='ltr'>et</span> <span class='ocrx_word' id='word_1_521' title='bbox 1936 4964 2113 5028; x_wconf 89' lang='lat' dir='ltr'>tolerandis</span> 
     </span>
     <span class='ocr_line' id='line_1_44' title="bbox 369 5067 2113 5157; baseline 0.003 -26"><span class='ocrx_word' id='word_1_522' title='bbox 369 5094 398 5138; x_wconf 65' lang='grc' dir='ltr'>ο,</span> <span class='ocrx_word' id='word_1_523' title='bbox 431 5067 727 5156; x_wconf 73' lang='lat' dir='ltr'>¹,presbyterou1m</span> <span class='ocrx_word' id='word_1_524' title='bbox 752 5079 784 5133; x_wconf 91' lang='lat' dir='ltr'>et</span> <span class='ocrx_word' id='word_1_525' title='bbox 806 5069 1002 5157; x_wconf 90' lang='lat' dir='ltr'>reliquorum</span> <span class='ocrx_word' id='word_1_526' title='bbox 1034 5071 1252 5133; x_wconf 90' lang='lat' dir='ltr'>ministrorum</span> <span class='ocrx_word' id='word_1_527' title='bbox 1276 5070 1341 5133; x_wconf 92' lang='lat' dir='ltr'>Dei</span> <span class='ocrx_word' id='word_1_528' title='bbox 1367 5071 1552 5155; x_wconf 66' lang='lat' dir='ltr'>&#39;coniugiis</span> <span class='ocrx_word' id='word_1_529' title='bbox 1581 5091 1622 5134; x_wconf 90' lang='lat' dir='ltr'>ne</span> <span class='ocrx_word' id='word_1_530' title='bbox 1647 5070 1846 5134; x_wconf 88' lang='lat' dir='ltr'>continentia</span> <span class='ocrx_word' id='word_1_531' title='bbox 1869 5083 1955 5133; x_wconf 89' lang='lat' dir='ltr'>esset</span> <span class='ocrx_word' id='word_1_532' title='bbox 1983 5074 2113 5136; x_wconf 90' lang='lat' dir='ltr'>occasio</span> 
     </span>
     <span class='ocr_line' id='line_1_45' title="bbox 462 5175 2113 5262; baseline 0.002 -24"><span class='ocrx_word' id='word_1_533' title='bbox 462 5175 684 5240; x_wconf 86' lang='lat' dir='ltr'>fornicationis</span> <span class='ocrx_word' id='word_1_534' title='bbox 696 5180 717 5238; x_wconf 84' lang='lat'>1.</span> <span class='ocrx_word' id='word_1_535' title='bbox 753 5175 851 5257; x_wconf 79' lang='lat' dir='ltr'>Quod</span> <span class='ocrx_word' id='word_1_536' title='bbox 873 5176 1080 5241; x_wconf 89' lang='lat' dir='ltr'>falsissimum</span> <span class='ocrx_word' id='word_1_537' title='bbox 1103 5175 1181 5240; x_wconf 92' lang='lat' dir='ltr'>inde</span> <span class='ocrx_word' id='word_1_538' title='bbox 1204 5177 1418 5258; x_wconf 86' lang='lat' dir='ltr'>convincitur,</span> <span class='ocrx_word' id='word_1_539' title='bbox 1444 5177 1531 5262; x_wconf 92' lang='lat' dir='ltr'>quod</span> <span class='ocrx_word' id='word_1_540' title='bbox 1555 5189 1701 5262; x_wconf 88' lang='lat' dir='ltr'>tempore</span> <span class='ocrx_word' id='word_1_541' title='bbox 1718 5199 1776 5241; x_wconf 88' lang='lat' dir='ltr'>suo</span> <span class='ocrx_word' id='word_1_542' title='bbox 1792 5175 1897 5240; x_wconf 90' lang='lat' dir='ltr'>nullus</span> <span class='ocrx_word' id='word_1_543' title='bbox 1915 5177 2113 5262; x_wconf 88' lang='lat' dir='ltr'>apostolicae</span> 
     </span>
     <span class='ocr_line' id='line_1_46' title="bbox 463 5281 2160 5369; baseline 0.002 -24"><span class='ocrx_word' id='word_1_544' title='bbox 463 5281 534 5346; x_wconf 91' lang='lat' dir='ltr'>sedi</span> <span class='ocrx_word' id='word_1_545' title='bbox 550 5281 679 5369; x_wconf 87' lang='lat' dir='ltr'>prefuit,</span> <span class='ocrx_word' id='word_1_546' title='bbox 697 5284 750 5347; x_wconf 92' lang='lat' dir='ltr'>oui</span> <span class='ocrx_word' id='word_1_547' title='bbox 765 5283 920 5348; x_wconf 86' lang='lat' dir='ltr'>Nicolaus</span> <span class='ocrx_word' id='word_1_548' title='bbox 943 5305 1062 5348; x_wconf 89' lang='lat' dir='ltr'>nomen</span> <span class='ocrx_word' id='word_1_549' title='bbox 1085 5284 1212 5348; x_wconf 69' lang='lat' dir='ltr'>fuerit2.</span> <span class='ocrx_word' id='word_1_550' title='bbox 1248 5283 1334 5347; x_wconf 88' lang='lat' dir='ltr'>Huic</span> <span class='ocrx_word' id='word_1_551' title='bbox 1355 5305 1432 5367; x_wconf 86' lang='lat' dir='ltr'>ergo</span> <span class='ocrx_word' id='word_1_552' title='bbox 1449 5283 1519 5347; x_wconf 89' lang='lat' dir='ltr'>viro</span> <span class='ocrx_word' id='word_1_553' title='bbox 1544 5295 1656 5348; x_wconf 89' lang='lat' dir='ltr'>saneto</span> <span class='ocrx_word' id='word_1_554' title='bbox 1681 5282 1875 5364; x_wconf 63' lang='lat' dir='ltr'>consimiles</span> <span class='ocrx_word' id='word_1_555' title='bbox 1900 5284 1932 5346; x_wconf 93' lang='lat' dir='ltr'>in</span> <span class='ocrx_word' id='word_1_556' title='bbox 1950 5306 1984 5347; x_wconf 89' lang='lat' dir='ltr'>se</span> <span class='ocrx_word' id='word_1_557' title='bbox 2002 5295 2113 5349; x_wconf 86' lang='lat' dir='ltr'>sancte</span> <span class='ocrx_word' id='word_1_558' title='bbox 2132 5309 2160 5348; x_wconf 77' lang='lat' dir='ltr'>ss</span> 
     </span>
     <span class='ocr_line' id='line_1_47' title="bbox 462 5387 2113 5476; baseline 0.001 -24"><span class='ocrx_word' id='word_1_559' title='bbox 462 5391 611 5452; x_wconf 88' lang='lat' dir='ltr'>viventes</span> <span class='ocrx_word' id='word_1_560' title='bbox 635 5399 667 5452; x_wconf 91' lang='lat' dir='ltr'>et</span> <span class='ocrx_word' id='word_1_561' title='bbox 691 5389 827 5454; x_wconf 91' lang='lat' dir='ltr'>aliorum</span> <span class='ocrx_word' id='word_1_562' title='bbox 850 5387 1065 5454; x_wconf 82' lang='lat' dir='ltr'>inordinatam</span> <span class='ocrx_word' id='word_1_563' title='bbox 1086 5391 1187 5455; x_wconf 87' lang='lat' dir='ltr'>vitem</span> <span class='ocrx_word' id='word_1_564' title='bbox 1211 5413 1277 5454; x_wconf 89' lang='lat' dir='ltr'>non</span> <span class='ocrx_word' id='word_1_565' title='bbox 1300 5400 1438 5472; x_wconf 89' lang='lat' dir='ltr'>tuentes,</span> <span class='ocrx_word' id='word_1_566' title='bbox 1463 5390 1561 5453; x_wconf 89' lang='lat' dir='ltr'>immo</span> <span class='ocrx_word' id='word_1_567' title='bbox 1585 5412 1763 5476; x_wconf 85' lang='lat' dir='ltr'>proposse</span> <span class='ocrx_word' id='word_1_568' title='bbox 1788 5389 1902 5453; x_wconf 87' lang='lat' dir='ltr'>saltem</span> <span class='ocrx_word' id='word_1_569' title='bbox 1926 5391 2113 5476; x_wconf 89' lang='lat' dir='ltr'>apostolicis</span> 
     </span>
    </p>
   </div>
   <div class='ocr_carea' id='block_1_3' title="bbox 570 5588 734 5654">
    <p class='ocr_par' dir='ltr' id='par_1_3' title="bbox 570 5588 734 5654">
     <span class='ocr_line' id='line_1_48' title="bbox 570 5588 734 5654; baseline -0.006 -14"><span class='ocrx_word' id='word_1_570' title='bbox 570 5588 596 5652; x_wconf 88' lang='lat' dir='ltr'>n)</span> <span class='ocrx_word' id='word_1_571' title='bbox 620 5590 695 5654; x_wconf 86' lang='lat' dir='ltr'>large</span> <span class='ocrx_word' id='word_1_572' title='bbox 714 5607 734 5639; x_wconf 82' lang='lat' dir='ltr'>o.</span> 
     </span>
    </p>
   </div>
   <div class='ocr_carea' id='block_1_4' title="bbox 572 5751 2119 5831">
    <p class='ocr_par' dir='ltr' id='par_1_4' title="bbox 572 5751 2119 5831">
     <span class='ocr_line' id='line_1_49' title="bbox 572 5751 2119 5831; baseline 0.003 -23"><span class='ocrx_word' id='word_1_573' title='bbox 572 5751 602 5828; x_wconf 87' lang='lat'>1)</span> <span class='ocrx_word' id='word_1_574' title='bbox 618 5753 705 5812; x_wconf 85' lang='lat' dir='ltr'>Dicta</span> <span class='ocrx_word' id='word_1_575' title='bbox 718 5753 981 5810; x_wconf 82' lang='lat' dir='ltr'>Pseudo-Udolrici</span> <span class='ocrx_word' id='word_1_576' title='bbox 997 5752 1074 5827; x_wconf 66' lang='lat' dir='ltr'>qast.</span> <span class='ocrx_word' id='word_1_577' title='bbox 1092 5754 1126 5808; x_wconf 84' lang='lat' dir='ltr'>de</span> <span class='ocrx_word' id='word_1_578' title='bbox 1143 5753 1317 5810; x_wconf 77' lang='lat' dir='ltr'>rorrtiuenct&#39;o</span> <span class='ocrx_word' id='word_1_579' title='bbox 1333 5753 1506 5825; x_wconf 67' lang='lat' dir='ltr'>clericorum,</span> <span class='ocrx_word' id='word_1_580' title='bbox 1525 5755 1587 5810; x_wconf 82' lang='lat' dir='ltr'>Lib.</span> <span class='ocrx_word' id='word_1_581' title='bbox 1606 5756 1629 5825; x_wconf 84' lang='lat'>1,</span> <span class='ocrx_word' id='word_1_582' title='bbox 1641 5777 1674 5830; x_wconf 86' lang='lat' dir='ltr'>p.</span> <span class='ocrx_word' id='word_1_583' title='bbox 1690 5756 1751 5811; x_wconf 78' lang='lat'>254</span> <span class='ocrx_word' id='word_1_584' title='bbox 1765 5775 1826 5831; x_wconf 77' lang='lat' dir='ltr'>sqq.</span> <span class='ocrx_word' id='word_1_585' title='bbox 1887 5755 1917 5826; x_wconf 88' lang='lat'>2)</span> <span class='ocrx_word' id='word_1_586' title='bbox 1934 5755 2099 5814; x_wconf 73' lang='lat' dir='ltr'>Rectissime</span> <span class='ocrx_word' id='word_1_587' title='bbox 2109 5759 2119 5812; x_wconf 67' lang='grc' dir='ltr'><strong><em>ἱ</em></strong></span> 
     </span>
    </p>
   </div>
   <div class='ocr_carea' id='block_1_5' title="bbox 0 0 2257 6388">
    <p class='ocr_par' dir='ltr' id='par_1_5' title="bbox 0 0 2257 6388">
     <span class='ocr_line' id='line_1_50' title="bbox 0 0 2257 6388; baseline 0 0"><span class='ocrx_word' id='word_1_588' title='bbox 0 0 2257 6388; x_wconf 95' lang='lat' dir='ltr'> </span> 
     </span>
    </p>
   </div>
  </div>
 </body>
</html>
