4418 6412
415 351 480 415 404
708 355 887 414 GERHOHI
909 356 1143 414 PRAEPOSI'I'I
1165 355 1574 414 REICHERSBERGENSIS
1597 355 1764 411 LIBELLI.

416 546 488 633 quis
513 544 625 610 vendit
648 543 932 610 benedictionesl’
968 543 1012 609 Et
1034 564 1111 629 ego:
1137 542 1282 626 ‘Iudico',
1305 544 1449 630 inquam.
1488 542 1532 608 Et
1554 541 1626 607 ille:
1651 541 1800 625 ‘Nonne',
1824 543 1942 629 inquit,
1968 541 2070 627 ‘peius

416 661 466 717 est
495 651 637 717 vendere
668 649 952 716 maledictionesl'
999 649 1182 737 Respondi:
1215 649 1313 714 ‘Vere
1343 650 1436 736 peius
1466 658 1499 713 et
1528 648 1601 712 talis
1628 647 1781 713 venditor
1803 649 1874 713 sine
1898 645 2001 713 dubio
2025 657 2074 711 est

416 757 578 823 hereticus
613 767 646 823 et
681 755 913 844 symoniacus’.
960 756 1022 820 His
1055 777 1075 820 a
1105 779 1156 822 mc
1188 756 1352 821 concessis
1382 755 1436 820 ille
1466 754 1590 820 intulit:
1623 755 1726 841 ‘Ergo
1757 755 1942 842 symoniam
1978 776 2074 840 gran-

304 888 335 930 ·.
383 889 397 928 ¹.
417 863 492 928 dem
519 865 750 930 commiserunt
780 864 836 950 qui
859 886 917 951 pro
940 863 1082 950 pecunia
1105 862 1226 929 'Siculi
1254 873 1287 928 et
1308 860 1602 927 Mediolanensium
1631 862 1913 947 conpromiserunt
1942 882 2075 924 excom·

416 970 647 1036 munieandum
674 993 694 1035 a
721 993 756 1034 se
784 969 938 1035 domnum
964 970 1194 1056 imperatorem
1221 992 1281 1057 per
1308 969 1497 1034 occasiones
1527 967 1652 1055 aliquas
1684 979 1717 1034 et
1744 991 1811 1032 non
1834 965 2107 1032 absolvendums

417 1078 487 1142 sine
511 1087 668 1141 assensu·
692 1098 813 1158 eorum,
837 1077 894 1162 qui
916 1076 1073 1164 pecunias
1097 1075 1257 1141 dederunt
1279 1075 1340 1141 sub
1363 1075 1420 1140 tali
1436 1077 1597 1159 cautione,
1613 1084 1649 1140 ut
1664 1074 1805 1140 obeunte
1821 1075 1971 1140 Adriano
1989 1095 2078 1160 papa

417 1181 523 1248 nullus
545 1185 581 1246 in
604 1185 674 1248 eius
697 1181 804 1248 locum
827 1180 1087 1266 submitteretur,
1111 1182 1174 1246 nisi
1190 1183 1247 1269 qui
1263 1181 1378 1247 eadem
1394 1183 1670 1268 conpromissione
1686 1181 1876 1246 teneretnr’.
1911 1180 1968 1246 Ad
1992 1179 2077 1245 haec

418 1311 479 1376 ego
503 1289 589 1354 dixi:
614 1289 723 1370 ‘Quod
745 1291 773 1354 si
795 1290 841 1354 ita
865 1299 960 1372 esset,
985 1290 1217 1377 compromissio
1234 1287 1307 1354 telis
1324 1311 1344 1353 a
1359 1289 1508 1375 symonia
1524 1290 1674 1354 excusari
1694 1311 1760 1353 non
1775 1289 1911 1375 possct'.
1949 1286 2078 1352 Addidi

418 1397 533 1460 etiarm
565 1394 647 1462 ‘Sed
678 1394 764 1460 absit
793 1393 834 1460 ab
859 1396 1001 1460 omniurn
1031 1394 1177 1460 fidelium
1204 1395 1268 1460 fide
1292 1395 1371 1460 talia
1398 1406 1464 1459 tam
1488 1394 1688 1460 execrabilia
1712 1394 1752 1459 de
1775 1395 1874 1460 tantis
1897 1396 1980 1460 viris
2005 1416 2077 1458 cre·

418 1501 506 1585 dere,
530 1525 611 1589 quos
635 1503 732 1567 etiam
755 1525 821 1566 uon
845 1501 941 1567 decet
963 1501 1102 1568 iudicari
1127 1500 1166 1566 de
1191 1502 1260 1566 sola
1283 1502 1435 1588 opinione
1459 1500 1622 1588 ambigua,
1647 1524 1721 1567 curn
1743 1501 1790 1566 illi
1813 1523 1874 1566 nec
1891 1500 1978 1566 ultro
1998 1523 2078 1565 con·
2097 1524 2123 1564 ro

417 1608 496 1673 fessi
518 1630 624 1695 neque
648 1607 844 1674 iudicialiter
867 1609 1006 1674 convicti
1032 1619 1106 1674 sunt
1128 1631 1234 1696 neque
1263 1610 1296 1673 in
1320 1607 1438 1673 talibus
1463 1606 1683 1673 contractibus
1712 1607 1901 1673 manifesti’.
1951 1605 2080 1673 Contra

418 1713 499 1780 haec
522 1737 606 1780 unus
630 1737 672 1778 ex
696 1714 873 1801 capellanis
896 1713 1136 1802 imperialibus:
1161 1715 1300 1799 ‘Immo’,
1324 1715 1439 1802 inquit,
1457 1715 1538 1780 ‘iam
1561 1714 1725 1779 manifesti
1749 1723 1781 1779 et
1804 1735 1864 1801 per
1886 1715 1995 1779 socios
2014 1715 2078 1777 cri-

417 1822 514 1886 minis
537 1820 749 1886 manifestati’
762 1827 782 1884 ¹.
829 1819 883 1885 Ad
905 1820 987 1886 haec
1011 1843 1089 1907 ego:
1115 1821 1203 1886 ‘Non
1227 1822 1300 1904 est’,
1325 1823 1468 1908 inquam,
1493 1821 1701 1886 ‘conveniens
1725 1821 1946 1887 testimonium
1971 1821 2078 1884 socio-

418 1950 490 1992 rum
514 1927 669 2010 criminis,
693 1929 780 2014 quia,
804 1938 841 1992 ut
863 1929 964 1992 sacris
988 1926 1168 1992 canonibus
1192 1929 1377 2010 asturitur2,
1408 1931 1530 1994 nemini
1557 1929 1595 1994 de
1624 1953 1656 1994 ae
1686 1930 1830 2015 confesso
1860 1927 2077 1993 cruciando-rub

420 2049 580 2122 estsuper
603 2037 722 2100 crimen
744 2035 906 2100 olienom'.
955 2031 1077 2100 Contra
1101 2034 1163 2099 hoc
1186 2033 1257 2098 ille:
1287 2033 1340 2098 ‘In
1363 2033 1451 2117 hac',
1474 2034 1589 2120 inquit,
1615 2033 1739 2120 ‘regula
1761 2035 1925 2120 excipitur
1949 2035 2077 2098 crimen
2095 2057 2121 2098 rs

420 2139 509 2205 lesse
532 2141 721 2223 maiestatis,
746 2139 787 2206 de
804 2163 867 2228 quo
892 2139 1091 2206 credendum
1115 2151 1164 2206 est
1186 2141 1284 2206 etiam
1308 2141 1404 2206 sociis
1427 2141 1529 2226 ipsius
1553 2140 1707 2222 criminis,
1731 2141 1787 2226 qui
1810 2140 1873 2205 hoe
1896 2139 2076 2227 prodentes

421 2269 486 2311 non
510 2269 552 2311 cx
576 2248 710 2311 crimine
734 2245 944 2333 dampnandi,
976 2246 1100 2320 sodex
1123 2247 1305 2334 proditione
1329 2245 1402 2312 tulis
1426 2246 1521 2334 culpe
1548 2245 1704 2311 laudandi
1732 2258 1816 2312 sunt.
1863 2247 1941 2312 Fuit
1965 2259 2076 2312 autem

319 2379 403 2418 ⁸arsa
422 2363 536 2418 contra
558 2353 735 2440 imperialis
752 2353 919 2440 dignitatis
943 2355 1144 2418 maiestatem
1160 2353 1268 2419 facere
1284 2354 1383 2419 talem
1400 2354 1733 2440 'compromissionem
1750 2354 1843 2418 cuius
1859 2353 2075 2419 observator⁸

423 2470 473 2524 est
494 2482 570 2524 reus
593 2461 771 2525 maiestatis
796 2462 953 2548 cuiusque
968 2460 1151 2547 proditores
1174 2460 1359 2526 iudicantur
1380 2461 1529 2524 inmunes
1545 2458 1730 2546 exlegibus
1749 2458 1996 2546 imperialibus’.
2032 2461 2077 2525 Et

423 2588 501 2652 ego:
527 2565 693 2649 ‘Habeto’,
717 2569 861 2653 inquam,
879 2571 928 2632 ‘tu
950 2566 1010 2632 tibi
1033 2567 1123 2654 leges
1146 2567 1331 2653 imperiales
1355 2578 1388 2632 et
1410 2566 1589 2632 secundum
1605 2589 1661 2630 eas
1685 2566 1794 2631 iudica
1816 2569 1850 2631 in
1867 2569 1969 2648 curia,
1986 2567 2075 2654 quod
2093 2593 2119 2632 ac

423 2681 549 2758 spectat
572 2671 614 2736 ad
637 2671 718 2738 illas.
754 2673 905 2738 Ecclesia
918 2695 998 2738 vero
1021 2671 1121 2738 habet
1143 2695 1284 2738 canones
1307 2671 1396 2738 illam
1418 2682 1507 2737 tuam
1523 2673 1750 2759 exceptionem
1773 2696 1838 2739 non
1854 2674 2074 2756 admittentes,

423 2779 521 2842 immo
552 2801 572 2842 a
602 2780 709 2844 causis
744 2779 996 2845 aecclesiasticis
1030 2779 1120 2865 leges
1151 2779 1253 2845 seculi
1283 2777 1494 2845 excludentes
1505 2783 1526 2862 ³,
1561 2780 1624 2844 uisi
1653 2777 1710 2843 ubi
1741 2778 1942 2845 concordant
1972 2782 2075 2845 sacris

424 2883 613 2969 canonibus,
638 2884 756 2972 quibus
779 2886 813 2950 in
836 2887 899 2950 ista
921 2887 1143 2951 controversia
1165 2885 1322 2951 utendum
1346 2886 1441 2951 est'4.

533 2990 568 3057 Si
587 2993 696 3056 omnia
714 2993 798 3056 inter
817 2992 955 3056 curiales
974 2991 1053 3056 mihi
1069 2991 1198 3057 obieeta
1213 2992 1331 3058 vellem
1353 2991 1513 3080 replicare
1533 3014 1607 3057 cum
1622 2994 1796 3079 responsis,
1821 2993 1940 3081 quibus
1964 2993 2007 3058 ad
2025 3017 2073 3076 ea,

424 3109 520 3185 prout
535 3102 635 3186 potui,
659 3097 824 3186 respondi,
848 3098 1014 3164 fastidium
1035 3111 1120 3163 esset
1142 3099 1272 3184 legenti,
1296 3099 1355 3164 sed
1369 3099 1456 3163 istud
1478 3100 1714 3186 pretermittere
1730 3121 1795 3164 non
1818 3121 1962 3186 possum,
1987 3101 2073 3187 quod
2091 3123 2118 3165 aa

123 3291 124 3296 ἵ
214 3277 216 3280 ,
247 3231 405 3281 amsans.
424 3203 516 3269 multi
528 3205 685 3270 mirantur
700 3205 795 3292 longe
811 3205 940 3292 lateque
957 3204 1099 3270 auditam
1118 3227 1189 3270 esse
1205 3227 1319 3270 vocem
1335 3205 1437 3270 falsae
1454 3207 1566 3270 matris
1583 3205 1738 3270 dicentis:
1755 3207 1822 3273 Nee
1838 3209 1928 3288 milti,
1945 3233 2002 3273 uec
2017 3211 2077 3274 tibi

333 3337 405 3378 aar.
424 3314 476 3392 ait,
494 3312 552 3377 aed
573 3312 738 3377 dividatur
756 3323 789 3377 et
811 3334 971 3399 nusquam
994 3334 1110 3376 sonare
1131 3333 1246 3377 vocem
1269 3333 1347 3401 vere
1370 3311 1525 3377 dicentis:
1549 3313 1632 3378 Data
1650 3313 1723 3378 hoio
1742 3315 1900 3402 r’ufoatem
1917 3318 2024 3380 vivom
2048 3331 2074 3380 et

424 3420 520 3484 nolite
543 3443 612 3484 eom
635 3422 808 3506 interficere
818 3423 838 3482 ⁵.
874 3418 960 3483 Nam
983 3421 1010 3482 si
1026 3418 1108 3484 haec
1126 3441 1193 3482 vox
1212 3418 1326 3482 fuisset
1349 3417 1470 3501 audita,
1496 3417 1648 3483 Salomon
1663 3441 1761 3483 verus
1780 3419 1845 3484 iam
1868 3421 2074 3486 terminasset

424 3523 524 3606 litem,
549 3546 632 3611 quae
648 3523 755 3590 adhuc
770 3524 990 3612 prolongetur,
1015 3524 1092 3590 dum
1108 3548 1185 3610 vere
1200 3525 1322 3608 matris,
1346 3526 1439 3589 cuius
1454 3525 1583 3591 viscera
1601 3536 1793 3590 moveantur
1807 3547 1907 3612 super
1921 3526 1989 3592 filio
2006 3551 2072 3608 suo,

427 3630 561 3696 affectus
577 3653 642 3696 nou
658 3633 804 3696 sentitur.
835 3631 879 3696 Et
894 3632 1031 3696 forsitan
1045 3631 1120 3697 Deo
1137 3631 1328 3717 disponente
1343 3629 1419 3696 ideo
1435 3630 1544 3718 gladio
1560 3632 1719 3697 materiali
1735 3655 1845 3697 sumus
1864 3635 2016 3720 expositi,
2039 3644 2074 3699 ut
2092 3659 2119 3700 so

427 3736 541 3802 saltem
565 3736 697 3803 horrore
721 3761 760 3802 ac
783 3738 908 3824 fulgore
925 3738 1019 3803 huius
1036 3738 1137 3824 gladii
1152 3739 1282 3802 viscera
1296 3748 1443 3802 materna
1459 3748 1710 3825 permoveantur
1732 3750 1765 3804 et
1787 3750 2073 3826 recognoscantur,

427 3842 545 3931 quibus
575 3855 709 3909 eatenus
739 3843 908 3909 occultatis
938 3844 1095 3910 iudicium
1126 3867 1254 3931 quoque
1286 3844 1469 3909 Salomonis
1499 3845 1692 3910 occultetur.¹
1734 3845 1934 3911 Putabamus
1965 3857 2074 3912 tamen

316 3976 407 4018 *assa
427 3951 573 4015 conciliis
596 3950 856 4016 universalibus⁶
877 3951 931 4016 vel
954 3950 1097 4017 consiliis
1121 3949 1347 4016 'familiaribus
1377 3951 1466 4016 litem
1496 3951 1580 4017 hanc
1610 3952 1847 4017 terminandam
1877 3965 1910 4018 et
1939 3953 1982 4019 ob
2012 3954 2073 4019 hoo

426 4057 490 4142 ipsi
513 4056 630 4122 domno
653 4059 841 4144 imperatori
864 4067 1052 4144 suggestum
1077 4069 1125 4122 est
1148 4080 1169 4122 a
1190 4056 1298 4122 multia
1321 4057 1545 4144 prudentibus,
1566 4069 1602 4123 ut
1623 4081 1658 4124 se
1683 4061 1898 4125 committeret
1920 4061 2073 4126 concilio·

426 4187 498 4228 rum
520 4163 573 4228 vel
604 4164 811 4230 consiliorum
841 4163 1085 4250 dispensationi.
1133 4163 1230 4245 Quod
1260 4187 1334 4229 eum
1363 4165 1478 4229 firisset
1508 4166 1538 4229 ei
1568 4187 1758 4251 persuasum
1782 4188 1802 4230 a
1825 4167 1890 4230 suis
1903 4171 1922 4248 ⁷,
1954 4166 2073 4232 domno
2092 4191 2118 4231 ss

426 4292 532 4358 papae
549 4271 731 4336 dissuasum
747 4282 797 4335 est
819 4272 931 4354 asnis,
955 4280 988 4335 et
1009 4271 1056 4335 ita
1079 4281 1112 4335 et
1127 4269 1265 4335 diversis
1280 4269 1448 4349 hincinde
1465 4271 1657 4336 consiliariis
1672 4281 1782 4336 manet
1798 4272 1979 4358 periculum
1996 4273 2073 4339 scis-

426 4379 532 4460 matis,
556 4377 644 4464 quod
667 4376 719 4442 vel
746 4378 846 4441 minui
871 4377 923 4442 vel
951 4378 1082 4442 omnino
1111 4377 1232 4442 auferri
1262 4377 1368 4442 adhuc
1399 4400 1567 4464 speramus
1597 4399 1656 4465 per
1686 4377 1964 4462 offendiculorum,
1989 4402 2074 4466 quae

427 4485 570 4570 presenti
600 4485 720 4570 scripto
749 4484 994 4566 insinuavimus,
1017 4483 1071 4548 vel
1098 4484 1345 4549 minorationem
1373 4482 1631 4571 qualemcunque
1655 4484 1709 4549 vel
1732 4484 1961 4569 omnimodam,
1986 4486 2075 4574 quod

534 4681 560 4746 a)
581 4701 644 4734 corr.
663 4701 693 4734 aa
712 4699 846 4735 consensu
864 4699 885 4734 c.
957 4679 986 4746 b)
1008 4684 1082 4735 credi
1101 4690 1193 4750 potest
1211 4685 1247 4734 H.
1320 4680 1346 4746 e)
1366 4663 1511 4750 eausam
1528 4685 1626 4745 factus,
1644 4685 1711 4751 quod
1728 4701 1827 4736 mosam
1844 4704 1865 4737 c.

427 4849 625 4921 imperatorem
641 4848 805 4905 fratruelem
821 4867 900 4903 suum
915 4867 966 4920 pro
981 4850 1126 4922 regalibus
1141 4851 1177 4905 ab
1195 4867 1229 4905 eo
1245 4849 1430 4920 suscipiendis
1442 4848 1557 4920 Papiam
1572 4848 1718 4920 profectus
1735 4857 1779 4906 est
1795 4869 1857 4906 eum
1873 4852 2073 4923 prosecutione
2091 4868 2118 4906 ro

426 4957 585 5014 litterarum
616 4958 810 5029 episcoporum
839 4955 1087 5028 suffraganeorum.
1136 4954 1199 5020 Quo
1225 4956 1395 5028 perveniens
1418 4973 1480 5010 cum
1506 4955 1630 5027 benigne
1661 4956 1696 5011 ab
1723 4957 1892 5028 imperatore
1923 4967 2074 5031 susceptus

428 5071 515 5132 esset,
539 5069 604 5135 post
627 5063 715 5118 multa
741 5081 814 5134 quae
845 5062 884 5117 ibi
913 5063 949 5116 ab
976 5062 1146 5133 imperatore
1175 5064 1204 5117 in
1231 5070 1342 5118 secreto
1373 5069 1404 5118 et
1430 5063 1458 5116 in
1481 5062 1595 5133 publico
1618 5063 1792 5131 dictasunt,
1817 5082 1890 5136 quae
1915 5071 1946 5120 et
1969 5067 2074 5138 scripto

428 5170 631 5240 comprehensa
653 5175 719 5223 sunt
742 5187 759 5222 a
781 5167 926 5239 preposito
949 5168 1213 5241 Richerspergensi,
1237 5169 1284 5240 qui
1308 5187 1372 5224 cum
1395 5169 1528 5240 episcopo
1551 5177 1670 5226 venerat
1693 5169 1769 5225 illuc.
1846 5168 1876 5243 1)
1900 5169 1950 5244 Cf.
1968 5171 2015 5228 De
2032 5172 2074 5229 iu·

427 5275 523 5351 verny.
547 5273 713 5330 Antichristi
735 5272 758 5342 l,
783 5291 806 5329 c.
825 5272 875 5329 55.
990 5273 1021 5345 2)
1046 5275 1170 5331 Decreta
1192 5273 1259 5331 Iulii
1274 5294 1375 5351 popae
1398 5293 1421 5331 c.
1441 5273 1491 5345 12,
1515 5264 1719 5353 Hiuacltioa'p.
1738 5274 1819 5346 769,·
1850 5274 1936 5334 Grot.
1960 5276 1992 5336 Ο.
2006 5278 2073 5348 XV,

427 5401 474 5457 qu.
494 5381 522 5450 3,
548 5401 570 5437 c.
590 5379 619 5436 5.
636 5381 722 5436 add:
745 5380 858 5435 Nemini
883 5379 1095 5453 (praeterquam
1119 5382 1154 5436 de
1181 5381 1295 5438 crimine
1319 5383 1397 5439 lesse
1421 5380 1588 5453 maiestatis)
1613 5389 1662 5438 etc.
1704 5379 1786 5440 Gom
1811 5382 1893 5441 Rom.
1918 5385 2074 5442 educarat:
2092 5399 2117 5439 ss

427 5489 508 5544 Haec
532 5489 661 5559 exceptio
684 5488 713 5541 in
732 5487 810 5542 nullo
835 5505 869 5542 ex
890 5487 959 5543 locis
981 5488 1112 5544 indicatis
1135 5489 1267 5558 habetur,
1290 5497 1491 5561 praeterquam
1514 5491 1590 5561 apud
1608 5489 1782 5545 Anselmum.
1864 5489 1895 5561 3)
1921 5488 1970 5562 Os.
1989 5489 2074 5549 Grot.

428 5593 554 5664 DistX,
579 5593 645 5648 c.l.
716 5591 747 5647 4)
769 5591 817 5664 Cf.
835 5592 1021 5669 Deinvestip.
1038 5585 1242 5665 Anuctrau'l,
1262 5595 1351 5652 aar.
1414 5594 1445 5666 5)
1472 5593 1520 5668 Of.
1537 5595 1601 5652 ibid.
1627 5594 1715 5652 059.
1786 5596 1817 5666 6)
1836 5595 1967 5668 Of.r'br'd.
1985 5596 2074 5654 cst

429 5700 460 5771 7)
487 5697 535 5771 Cf.
560 5699 637 5774 epist.
655 5698 704 5755 17.
729 5700 771 5756 od
783 5699 981 5756 Alexandrum
997 5698 1053 5755 ΙΙΙ.
1079 5701 1097 5755 l.
1115 5701 1151 5768 l.;
1175 5701 1252 5775 epist.
1270 5701 1319 5757 18.
1344 5703 1362 5758 1.
1380 5703 1398 5758 l.
1424 5703 1474 5759 col.
1493 5701 1555 5759 570
1563 5723 1574 5772 ;
1599 5699 1702 5760 Coruus.
1728 5702 1757 5760 iu
1775 5722 1822 5778 pa.
1839 5702 1911 5759 133.
1936 5704 2030 5776 infra.
