4544 6420
452 411 514 472 rra
983 397 1209 467 reserares
1233 367 1283 441 Ul
1319 391 1574 469 Sersuurrers.

450 614 583 688 propter
598 603 706 665 Deum
723 599 905 665 exhibetur.
952 599 1078 664 Eadem
1101 601 1171 685 ipsa
1194 585 1386 664 obedientia
1410 623 1451 666 ex
1476 624 1575 666 causa
1598 601 1685 664 mala
1709 612 1767 680 est,
1793 602 1889 665 imrno
1913 600 2100 686 perdicione

451 709 560 793 digna,
591 707 721 794 quaudo
752 708 945 771 scismaticis
970 705 1152 786 exhibetur,
1184 701 1303 792 quihus
1328 707 1416 772 nulla
1440 709 1563 772 ratione
1587 707 1733 771 debetur.
1782 707 1891 788 Quare
1915 730 1981 770 non
2005 706 2101 772 debe·

451 815 527 878 tur?
574 815 617 878 Et
641 837 741 900 quare
766 813 954 899 perdicione
980 813 1103 899 digna?
1152 813 1247 894 Quia,
1273 813 1356 878 sicut
1373 814 1483 878 divino
1509 814 1594 878 culto
1611 813 1765 877 demones
1790 837 1809 876 a
1833 815 1899 878 suis
1924 813 2101 880 cultoribus

452 921 496 985 dii
527 920 737 1007 predicantur
768 931 800 983 et
829 921 1066 1001 meuciuntur⁸,
1097 920 1163 984 itab
1188 919 1276 984 cultu
1302 919 1493 984 obediencie
1526 921 1699 984 scismatici
1724 943 1742 983 a
1767 922 1832 984 suis
1857 919 2102 984 veneratoribus

452 1027 602 1092 catholici
627 1038 659 1091 et
682 1027 868 1092 sacerdotes
885 1027 1019 1090 Domini
1043 1027 1253 1113 predicantur
1276 1039 1307 1091 et
1331 1029 1536 1091 meuciuntur
1560 1039 1591 1090 ct
1615 1027 1656 1090 ad
1674 1027 1791 1091 similia
1811 1027 2019 1107 seducuntur,
2045 1049 2133 1112 pere

452 1157 532 1220 quos
556 1134 723 1198 mendacis
748 1132 938 1197 obediencie
964 1133 1114 1218 exempla
1138 1147 1305 1218 spargunt.

314 1261 432 1309 aunan.
558 1241 610 1305 De
635 1240 696 1304 hac
720 1239 908 1304 adoratione
926 1239 1045 1304 dicitur·
1066 1241 1100 1302 in
1117 1238 1199 1303 libro
1215 1240 1351 1304 Hester:
1378 1241 1471 1305 Solus
1488 1241 1718 1305 nrm-doctore
1744 1241 1982 1328 rzoatflecrebar
2001 1267 2102 1326 pertua

341 1367 432 1416 rear.
452 1348 555 1412 Amen
574 1348 933 1433 neqrreodorabatauru.
972 1347 1098 1426 Perdes,
1123 1347 1238 1432 inquit,
1263 1373 1376 1426 arunas,
1401 1351 1460 1432 pur'
1482 1349 1845 1412 locunturarcadacr'uru.
1894 1348 1958 1411 Et⁰
1975 1347 2103 1432 Esayas

298 1457 432 1558 θὶξζῑξζξῖ
452 1454 626 1540 propheta:
653 1455 693 1518 Vc
717 1455 791 1533 hr'io,
816 1457 874 1539 qui
896 1455 1004 1517 dicant
1026 1455 1144 1516 rnatu-ru
1169 1454 1298 1534 horru'ur',
1317 1469 1486 1540 propteroa
1505 1454 1674 1519 dilatantes
1694 1456 1841 1540 r'afernus
1856 1459 1997 1519 orriruam
2013 1480 2101 1518 aanor

452 1576 480 1625 et
502 1565 628 1648 operuit
651 1586 684 1624 os
707 1587 795 1624 aurun
820 1561 935 1645 absquo
960 1562 1024 1624 ¹ullo
1049 1563 1189 1624 terrur'uo.
1237 1559 1302 1623 Et8
1326 1561 1417 1623 iuxta
1442 1560 1621 1645 apostolum
1647 1570 1679 1623 ct
1703 1559 1898 1644 Gregorium
1929 1558 2147 1646 loquiruur,1o

452 1668 545 1732 factis
571 1690 648 1752 ergo
673 1667 876 1730 mentimur.

559 1773 708 1852 Adhuc¹,
734 1795 834 1860 quare
858 1774 1047 1859 perdicione
1072 1773 1170 1858 digna
1195 1785 1243 1836 est
1267 1774 1453 1837 scismatica
1479 1772 1744 1861 [obedienciakl‘l
1785 1773 1870 1854 Quia
1894 1784 2102 1858 paternorum

281 1903 432 1948 amaseae.
452 1882 660 1944 terminorum
685 1882 899 1966 transgressio
925 1892 982 1962 est,
1015 1903 1111 1966 quam
1138 1880 1291 1944 Salomon
1323 1879 1472 1965 prohibet
1501 1880 1630 1944 diceus:
1662 1881 1734 1944 Non
1765 1882 2015 1968 transgrediaris
2045 1897 2103 1945 ter-

452 1991 553 2052 minos
577 1992 731 2074 antiquos,
763 2012 839 2073 quos
856 2003 1031 2074 posueruut
1049 2003 1159 2074 patrea
1182 1990 1237 2051 tui.
1286 1985 1396 2051 Sancti
1420 1999 1528 2072 patres
1553 1989 1654 2050 nostri
1679 1989 1827 2072 superius
1856 2011 1897 2051 ex
1922 1997 2013 2073 parte
2038 2010 2102 2050 me-

452 2095 566 2158 morati
592 2095 745 2157 terminos
770 2092 863 2157 nobis
888 2103 1076 2178 posueruut,
1102 2093 1231 2178 quando
1256 2116 1314 2156 uos
1339 2115 1431 2156 orare
1456 2105 1510 2156 aut
1535 2093 1691 2178 psallere¹
1711 2105 1765 2157 aut
1782 2094 2028 2157 salutacionesm
2050 2105 2104 2156 aut
2125 2121 2147 2159 rs

452 2200 664 2264 sodalitatcs¹¹
695 2223 768 2264 cum
800 2201 993 2264 scismaticis
1024 2199 1146 2264 habere
1178 2198 1421 2286 prohibuerunt.
1473 2200 1556 2263 Istos
1587 2202 1741 2264 terminos
1773 2224 1831 2263 nos
1862 2201 2041 2264 audactcr⁰
2073 2212 2104 2264 et

384 2377 387 2384 ,
451 2307 591 2371 libenter
614 2307 880 2392 transgredimur,
905 2308 982 2392 quia
1006 2329 1070 2370 nou
1095 2307 1197 2370 solum
1222 2308 1256 2369 in
1280 2307 1340 2371 hiis
1357 2306 1547 2388 minoribus,
1572 2330 1685 2370 verum
1710 2309 1808 2371 ctiam
1831 2309 1864 2370 iu
1885 2307 2103 2394 quibusdamr

452 2412 629 2477 tnaior'ibus
653 2415 845 2477 scismaticis
870 2411 971 2476 libere
995 2414 1160 2498 iungimur
1184 2423 1308 2476 atvero
1333 2414 1365 2476 in
1387 2413 1475 2476 illam
1493 2412 1652 2477 Samuelis
1672 2415 1870 2477 sentenciam
1888 2413 2103 2500 prolabimur:

311 2507 432 2608 ¹¹}{{;,f⁵’
454 2521 570 2584 Melior
594 2535 637 2584 cst
660 2522 841 2584 obediencia
866 2545 959 2606 quarn
985 2523 1108 2584 or'ctr'ruc
1132 2535 1159 2584 ct
1181 2522 1381 2584 arisealrarev
1405 2523 1507 2608 ruapis
1531 2546 1624 2606 quarn
1649 2523 1763 2607 offerre
1786 2522 1913 2607 adipem
1931 2525 2102 2609 pr'npru'uru

452 2625 660 2713 [arternum
691 2630 860 2712 qaoaz‘amr
887 2630 982 2712 qua-si
996 2642 1160 2712 peccatum
1191 2627 1359 2690 ariolandi
1386 2641 1430 2690 avt
1460 2653 1635 2714 repugnare
1659 2643 1686 2690 ot
1709 2631 1804 2713 quasi
1825 2629 1925 2692 scelus
1945 2630 2149 2716 ydolatriam

453 2735 534 2798 nollo
558 2737 784 2818 acquiesceret

559 2837 627 2903 Cur
650 2862 727 2924 ergo
756 2861 821 2903 non
844 2838 1002 2920 videmus,
1035 2863 1092 2902 cur
1122 2861 1186 2902 non
1217 2839 1379 2903 credimus
1411 2840 1505 2902 nimis
1536 2840 1698 2904 infelicem
1732 2851 1763 2904 et
1791 2843 2009 2926 perniciosam
2033 2865 2104 2906 esse

453 2946 540 3010 illam
565 2945 802 3026 obedienciam,
827 2968 925 3031 quam
949 2945 1140 3008 exhibemus
1164 2969 1223 3031 per
1246 2945 1533 3009 inobedienciam?
1582 2947 1609 3010 Ο
1634 2948 1803 3010 miseria¹¹t
1853 2947 1981 3012 Sanctis
2007 2951 2103 3034 patri-

453 3052 513 3116 bus
538 3054 665 3134 nostris,
691 3053 746 3139 qui
771 3053 886 3139 spiritu
902 3052 966 3116 Dei
992 3050 1182 3137 agebantur,
1208 3050 1341 3115 obedire
1366 3064 1399 3115 et
1423 3054 1632 3138 acquiescere
1656 3067 1789 3139 propter
1806 3055 1939 3119 celestia
1956 3055 2105 3119 nolumus

454 3171 485 3222 et
509 3160 711 3240 scismaticis,
737 3160 792 3246 qui
817 3161 978 3222 contrario
1003 3160 1119 3244 spiritu
1142 3160 1314 3243 agitantur,
1339 3169 1473 3245 propter
1495 3169 1624 3222 terrena
1648 3159 1787 3224 libenter
1803 3160 1972 3226 obedimus
1997 3174 2029 3226 et
2052 3185 2104 3226 ac·
2125 3189 2150 3227 es

454 3267 662 3352 quiescimus.
709 3266 759 3329 Ita
783 3265 847 3328 vile
873 3276 921 3329 est
945 3264 1038 3329 nobis
1062 3287 1199 3350 reguum
1224 3265 1366 3330 celorum
1397 3277 1429 3328 et
1459 3276 1523 3330 tam
1555 3267 1738 3351 preciosum
1770 3291 1905 3353 regnum
1929 3280 2104 3350 terrenum,

453 3383 488 3436 ut
512 3371 553 3435 ab
577 3372 641 3453 illo,
668 3374 759 3436 cuius
784 3372 905 3458 gaudia
928 3395 1094 3458 uunquam
1125 3373 1319 3452 minuentur,
1351 3373 1607 3458 perpetualiterv
1631 3375 1842 3437 exterminari
1866 3398 1930 3438 non
1954 3376 2104 3440 formide-

454 3502 534 3560 mus,
559 3501 623 3564 quo
647 3481 681 3542 in
704 3480 776 3558 isto,
802 3478 889 3565 quod
914 3479 977 3542 cito
1002 3479 1180 3563 periturum
1205 3489 1262 3558 est,
1288 3502 1385 3565 super
1408 3491 1580 3564 angustam
1605 3478 1855 3545 substanciamr
1879 3493 1911 3546 et
1935 3493 2104 3546 ventosum

453 3586 608 3649 honorem
637 3586 679 3649 ad
702 3596 881 3671 punctum¹
910 3585 1003 3670 quasi
1034 3607 1216 3670 regnemus.
1265 3587 1293 3650 Ο
1319 3585 1423 3671 qualis
1448 3588 1680 3651 commutacioi
1728 3588 1792 3651 Pro
1817 3591 1943 3652 externi
1971 3590 2105 3653 hominii

455 3703 486 3756 et
510 3693 693 3756 scismatico
719 3691 909 3756 obediencie
935 3691 1019 3755 male
1043 3691 1129 3755 dulci
1153 3692 1260 3755 fructu
1279 3694 1386 3756 anime
1403 3695 1615 3757 commutate!
1653 3694 1680 3758 Ο
1699 3707 1810 3758 sancte
1827 3695 1982 3781 apostole,
2008 3719 2104 3782 quam
2125 3723 2151 3761 ao

455 3800 574 3862 frustra
604 3798 739 3862 fratrum
770 3800 855 3862 intus
886 3799 1011 3885 perdite
1036 3800 1223 3862 vivencium
1247 3797 1501 3863 subtractionem
1531 3799 1625 3864 nobis
1648 3801 1776 3882 indicis,
1805 3801 1862 3866 ubi
1892 3826 1951 3866 nos
1981 3803 2107 3866 fortiter

277 3931 436 3978 arueras.
457 3905 669 3970 contestando
702 3905 800 3969 dicis:
833 3907 1069 3970 Dcrruucr'amus
1102 3909 1186 3969 robes
1218 3909 1249 3969 r'u
1281 3910 1404 3970 nomine
1429 3907 1571 3988 llornr'ue',
1600 3923 1633 3972 ut
1660 3911 1852 3973 orrbtrahatr‘s
1878 3935 1929 3972 uos
1958 3913 1997 3974 ab
2022 3914 2110 3974 oorrr-r'

350 4015 562 4101 *ruafrotre
585 4015 762 4076 arubalante
787 4013 987 4076 inordinato!
1031 4011 1136 4074 ‘Vero
1166 4011 1295 4092 frustra,
1328 4035 1401 4075 curn
1433 4010 1525 4076 nobis
1557 4037 1598 4077 ex
1623 4013 1716 4077 nobis
1745 4014 1850 4096 liceat,
1883 4027 1995 4080 contra
2018 4027 2107 4080 tuam

458 4119 730 4204 increpacionem,
756 4129 906 4204 questum
922 4120 1076 4203 pietatem
1094 4118 1247 4203 putando,
1273 4141 1477 4205 quocumque
1502 4120 1596 4184 ruodo
1616 4123 1803 4186 transitoria
1826 4123 1954 4202 lucrari,
1980 4132 2011 4186 et
2035 4123 2106 4204 hiis,

460 4227 515 4313 qai
545 4226 623 4288 foris
653 4235 736 4306 sunt,
768 4247 831 4288 non
862 4223 1081 4309 astringendo,
1114 4226 1212 4287 ctiam
1236 4227 1261 4287 si
1287 4247 1392 4288 sermo
1417 4236 1490 4288 tuus
1521 4228 1555 4289 in
1578 4225 1672 4290 uobis
1700 4252 1764 4291 non
1789 4231 1906 4314 capiat,
1938 4229 2108 4293 illicitamy
2128 4258 2154 4295 aa

356 4358 440 4406 raso.
460 4319 568 4396 tamen
592 4330 684 4395 uobis
710 4354 781 4394 esse
806 4331 985 4394 denuncias
1016 4329 1080 4394 tale
1109 4331 1302 4394 hominium:
1335 4333 1426 4412 Erue,
1450 4349 1613 4418 prr-ratum
1641 4361 1731 4398 aaaron.
1763 4347 1814 4400 αι’
1840 4337 1976 4400 Sodoma
1994 4337 2108 4423 predi-

460 4455 609 4504 caverunt
631 4464 685 4502 nec
709 4439 965 4502 exdocendo-runt&
1014 4437 1113 4522 Ergo,
1145 4449 1273 4500 tacente
1304 4437 1425 4523 lingua,
1456 4438 1664 4525 predicamus
1692 4453 1725 4504 et
1749 4441 1902 4506 docemus
1930 4444 1999 4506 sive
2022 4442 2110 4507 bona

460 4547 528 4609 sive
552 4544 648 4626 mala,
680 4567 743 4631 que
767 4544 820 4607 vel
844 4543 973 4629 publice
999 4543 1051 4607 vel
1075 4545 1227 4628 privatim
1251 4545 1387 4630 agimus,
1418 4544 1580 4633 talemque
1612 4547 1847 4630 obedienciam,
1878 4547 1935 4612 ubi
1964 4551 2043 4613 istas
2068 4551 2108 4614 de

295 4651 613 4729 a.oor.a,1s.membris
638 4650 759 4715 Christi
791 4662 823 4714 et
852 4649 1006 4712 membris
1037 4648 1158 4712 diaboli
1189 4650 1254 4713 fers
1285 4653 1483 4716 sentencias:
1518 4654 1581 4730 tlara
1605 4681 1689 4740 prora
1711 4657 1811 4741 ¹piricii
1839 4682 1906 4720 cunr
1940 4658 2109 4744 infidelit?

343 4787 440 4836 marr,
459 4771 529 4822 aut:
558 4759 622 4837 Qua
645 4762 776 4823 socr'etaa
800 4759 867 4822 larci
887 4757 932 4820 ad
953 4759 1117 4820 terrabras?
1163 4757 1277 4821 Nonne
1298 4769 1407 4843 partes
1432 4769 1506 4822 sunt
1529 4759 1628 4823 alium
1652 4760 1706 4823 alii
1730 4762 1928 4846 perituram⁰
1953 4764 2154 4829 honoremur

460 4878 492 4929 et
516 4865 647 4930 divitias
670 4862 886 4951 impendere?
934 4862 1100 4942 Quamdiu
1124 4864 1183 4926 iste
1208 4875 1317 4948 partes
1340 4865 1425 4928 iuter
1449 4888 1504 4928 eos
1529 4879 1662 4930 currunt
1685 4879 1717 4930 et
1741 4881 1921 4951 recurrunt,
1953 4871 2109 4956 quamdiu

459 4983 681 5058 perseverant,
707 4969 863 5056 quamdiu
886 4970 932 5033 ita
956 4968 1017 5032 sibi
1042 4971 1183 5033 invicem
1199 4972 1405 5056 participant,
1431 4973 1457 5034 si
1481 4972 1534 5036 ille
1559 4995 1617 5058 per
1634 4976 1752 5038 scisma
1775 4975 1980 5062 alienigena⁰
2006 4989 2038 5041 et
2062 4978 2108 5040 irr-

566 5155 592 5214 a)
614 5155 766 5203 meciuutur
783 5171 804 5202 c.
908 5148 936 5215 b)
956 5154 983 5202 ia
1001 5170 1064 5202 corr.
1084 5154 1123 5202 ita
1141 5171 1161 5202 a.
1265 5151 1290 5214 c)
1312 5154 1476 5204 Mardoehus
1496 5174 1558 5205 corr.
1578 5156 1760 5208 Mardorheus
1778 5177 1798 5208 c.
1899 5157 1927 5222 d)
1948 5178 2069 5224 aelmaer.
2088 5179 2108 5210 e.

459 5240 485 5306 θ)
504 5243 557 5292 alia
576 5260 642 5292 niort.
662 5243 788 5307 ineptatio
806 5260 882 5293 vocuo
900 5242 984 5291 relicto
1002 5242 1117 5306 rappido.
1191 5239 1211 5301 f)
1234 5241 1347 5292 dilatavi
1366 5261 1386 5293 c.
1459 5243 1487 5308 g)
1510 5252 1536 5294 et
1551 5254 1609 5308 post
1627 5265 1690 5296 corr.
1711 5248 1744 5296 Et
1763 5266 1782 5297 c.
1856 5247 1884 5310 h)
1905 5267 1952 5314 aeq.
1973 5256 2000 5299 et
2019 5251 2108 5308 factis,

460 5350 525 5382 truta.
545 5349 591 5382 rec.
611 5332 659 5380 del.
678 5332 759 5381 factis
778 5350 798 5381 o.
871 5329 892 5392 i)
915 5330 1004 5380 adhuc
1023 5348 1086 5379 corr.
1107 5330 1201 5379 Adhuc
1221 5349 1241 5380 r.
1316 5328 1344 5394 k)
1364 5331 1429 5381 deest
1447 5351 1467 5382 e.
1542 5330 1560 5394 Ι)
1583 5333 1698 5399 spatiere
1717 5355 1737 5384 a
1811 5335 1847 5398 ur)
1869 5338 2025 5388 saturanicis
2045 5357 2107 5388 corr.
2128 5353 2154 5390 aa

458 5422 510 5471 alia
528 5439 596 5470 man.
616 5420 780 5470 salutacioes
800 5439 819 5470 a.
911 5416 939 5480 n)
968 5419 1093 5471 solitates
1112 5437 1175 5468 corr.
1194 5420 1246 5468 alia
1265 5437 1333 5470 man.
1352 5421 1512 5471 sodalitates
1531 5441 1551 5472 a.
1643 5423 1670 5485 o)
1699 5425 1851 5475 auclara-ter
1869 5445 1931 5476 arrr.
1953 5444 1969 5475 u
1988 5437 2109 5491 erpururto

459 5511 590 5561 audacter
608 5527 628 5560 c.
732 5508 759 5576 p)
789 5511 886 5574 quibus
905 5527 968 5558 corr.
987 5509 1039 5557 alia
1059 5527 1126 5557 ruau.
1146 5509 1308 5572 quibusdum
1327 5527 1347 5558 a
1451 5508 1478 5574 q)
1507 5510 1680 5561 crlrreaustare
1703 5531 1765 5561 corr.
1785 5533 1852 5563 rrrau.
1872 5533 1932 5565 saca.
1952 5517 2027 5566 XIV.
2049 5517 2107 5566 ΧΓ.

459 5599 614 5649 auscultare
633 5617 653 5649 c.
727 5596 750 5660 r)
769 5599 835 5649 dcent
852 5617 881 5658 a,
901 5615 931 5647 ex
948 5598 1022 5646 biblia
1040 5597 1160 5661 suppleri.
1234 5595 1257 5660 s)
1278 5615 1358 5662 quum
1377 5602 1582 5663 corr.quorriaru
1602 5619 1622 5650 c.
1687 5599 1708 5664 t)
1730 5605 1906 5667 uqquiescere
1926 5623 1946 5655 r.
2011 5602 2039 5668 u)
2061 5607 2107 5656 mi·

459 5703 519 5738 sera
537 5707 557 5738 c.
614 5685 641 5750 ν)
664 5686 871 5753 perpettualiter
890 5705 910 5736 e.
966 5683 999 5748 w)
1020 5695 1104 5750 supst.
1124 5704 1143 5734 c.
1209 5682 1235 5748 rr)
1256 5695 1321 5751 puet
1339 5705 1401 5736 corr.
1422 5695 1432 5738 t
1451 5698 1571 5752 crprrrrcto
1590 5699 1642 5755 pue
1661 5709 1680 5740 e.
1746 5693 1773 5756 y)
1797 5692 1893 5744 illicita
1912 5713 1932 5744 e,
1990 5691 2015 5758 z)
2034 5696 2107 5750 deest,

458 5795 579 5842 superscr.
595 5785 652 5842 post
670 5795 737 5826 uma.
756 5776 809 5826 alia
827 5795 846 5826 c.
921 5771 947 5836 a)
968 5775 1155 5824 absouderunt
1173 5793 1192 5825 c.
1266 5772 1294 5837 b)
1314 5777 1423 5826 infidele
1442 5777 1466 5827 lr.
1481 5779 1497 5827 l.
1517 5788 1540 5828 et
1558 5780 1656 5844 saepire
1674 5799 1695 5831 c.
1770 5778 1796 5844 o)
1816 5801 1828 5832 e
1846 5802 1908 5832 forr.
1927 5802 1947 5833 r.
2127 5799 2154 5837 ao
