4386 6390
411 362 476 425 530
618 368 818 426 DIALOGUS
842 371 894 424 DE
918 368 1185 426 PONTIFICATU
1209 368 1389 425 SANCTAE
1413 369 1607 424 ROMANAE
1631 368 1860 424 ECCLESIAE.

410 555 532 622 Beatus
556 577 685 642 quoque
709 554 893 642 Ciprianus,
918 555 1120 620 sacerdotem
1135 555 1271 620 Domini
1294 565 1432 642 utroque
1455 555 1535 620 vitio
1558 555 1672 620 volens
1696 577 1769 620 esee
1792 579 1914 642 purum
1937 565 1968 618 et
1989 578 2051 641 pur·

410 673 532 748 gamm,
556 663 602 727 ait
624 663 709 726 inter
725 666 871 726 eetera¹:
901 662 988 726 Tuae
1005 663 1203 749 deindepost
1218 665 1430 750 episcopatum
1453 687 1514 728 noa
1538 665 1722 743 ambitura‘,
1747 688 1808 727 nort
1825 676 1988 742 extortam
2009 665 2056 728 sed

412 769 450 836 de
474 770 548 850 Dei,
579 773 638 855 qui
658 769 833 834 sacerdotes
849 770 950 857 feeit,
978 770 1133 834 voluatote
1156 784 1329 856 susceptum
1358 778 1391 832 et
1414 777 1533 832 cetera.
1579 766 1788 855 Ubicumque
1813 791 1894 853 ergo
1919 767 1983 831 duo
2005 768 2056 834 hec

411 876 492 940 vitia
515 875 675 958 affirerint,
699 914 743 924 -
766 897 831 940 non
855 874 939 958 dico,
964 874 1051 962 quod
1074 874 1128 940 hic
1150 875 1282 958 fuerint,
1305 914 1349 923 —
1372 873 1593 940 indubitanter
1616 877 1809 940 canonicam
1835 885 1935 961 atque
1959 875 2059 939 catho-

232 1006 392 1058 nsasspar.
411 981 507 1048 licam
531 982 713 1069 impediunt
735 981 937 1064 electionem,
968 982 1091 1068 pariter
1120 992 1153 1047 et
1183 981 1429 1046 ordinationem.
1542 981 1581 1046 ln
1605 981 1742 1048 concilio
1766 981 1819 1046 vel
1844 983 1955 1068 potius
1980 984 2087 1046 curias

410 1095 538 1176 nuper²
567 1090 601 1153 in
623 1089 797 1153 Bisuntina
822 1087 946 1154 diocesi
977 1087 1150 1170 celebrata,
1180 1111 1254 1153 cum
1285 1099 1317 1154 et
1347 1088 1495 1153 dominus
1525 1089 1701 1176 imperator
1724 1098 1758 1153 et
1780 1111 1859 1154 suus
1883 1110 1973 1176 papa
1995 1111 2062 1152 rex-

411 1217 475 1282 que
500 1196 622 1279 Datie³
651 1218 690 1261 ac
718 1205 805 1260 totus
836 1205 1015 1261 conventus
1046 1197 1273 1283 episcoporum
1302 1195 1535 1278 consedissent,
1560 1194 1692 1282 quidam
1717 1194 1857 1260 clericus
1881 1205 2063 1277 veteranus,

412 1304 550 1392 ecclesie
581 1300 668 1367 beati
691 1303 780 1366 Petri
803 1303 905 1366 Rome
937 1301 1079 1367 decanus
1088 1301 1111 1342 ¹³·
1122 1307 1143 1384 ⁴,
1174 1325 1294 1388 magna
1324 1325 1359 1367 ee
1390 1313 1422 1366 et
1450 1302 1542 1367 utilia
1572 1301 1735 1389 spondens
1764 1302 1942 1384 dicturum,
1974 1302 2064 1366 silen-

410 1411 490 1475 tium
520 1409 707 1496 postulavit,
738 1418 771 1473 et
800 1431 874 1474 cum
905 1419 997 1473 tanta
1025 1410 1239 1497 promissione
1269 1432 1328 1474 sua
1351 1411 1520 1474 universos
1551 1407 1748 1474 reddidisset
1778 1409 1942 1492 adtentos,
1973 1409 2065 1473 altius

412 1515 552 1598 ordiens,
577 1515 693 1580 multos
717 1515 918 1581 scismaticos
942 1525 975 1580 et
998 1538 1113 1580 causas
1137 1517 1308 1598 scismatis,
1333 1514 1519 1603 superbiam
1534 1515 1688 1581 videlicet
1711 1527 1744 1580 et
1760 1518 1936 1581 avaritiam
1953 1516 2065 1580 Roma·
2083 1543 2105 1580 ro
2153 1551 2189 1588 0

410 1646 537 1706 norum,
561 1622 657 1708 longe
680 1633 765 1686 retro
790 1622 961 1686 revolvens
985 1623 1144 1706 recitavit,
1168 1623 1365 1710 tandemque
1389 1633 1463 1709 post
1484 1621 1617 1710 longum
1640 1646 1822 1688 sermonem
1846 1625 1894 1688 ita
1917 1623 2066 1710 exempla

412 1739 527 1794 suaet
551 1727 778 1794 similitudines
803 1727 983 1815 adaptavit,
1006 1739 1042 1794 ut
1064 1728 1204 1794 diceret:
1235 1729 1305 1795 ‘Sic
1334 1729 1454 1796 accidit
1477 1731 1575 1795 etiam
1599 1741 1744 1818 tempore
1767 1731 1905 1795 istorum
1931 1729 2066 1795 duorum

307 1861 393 1903 anso.
412 1835 619 1901 invasorum’.
669 1835 741 1922 Qua
765 1857 845 1918 vox,
869 1837 1096 1900 universorum
1126 1835 1258 1902 auribus
1283 1841 1451 1923 excepta,
1481 1835 1675 1923 quibusdam
1705 1837 1806 1901 risum
1837 1838 1960 1919 movit3
1990 1860 2066 1900 nou-

412 1942 507 2008 nullis
531 1943 564 2007 in
588 1943 704 2030 spiritu
726 1942 852 2007 locutus
875 1942 975 2007 fuisse
999 1943 1089 2006 visus
1113 1954 1171 2008 est.
1206 1943 1283 2025 Alii,
1308 1943 1530 2028 indignatione
1553 1945 1641 2026 moti,
1666 1942 1800 2009 ulterius
1824 1944 2067 2008 sermocinandi

414 2048 477 2114 sibi
506 2049 693 2114 facultatem
722 2050 957 2136 precluserunt.
1048 2047 1175 2114 Ibidem
1205 2051 1302 2114 etiam
1326 2049 1458 2136 quidam
1482 2048 1640 2135 dignitate
1671 2051 1855 2138 episcopus,
1886 2050 2066 2135 religionee
2085 2074 2108 2112 rs
2129 2079 2173 2118 ε

414 2155 641 2221 Cisterciensis
665 2157 842 2222 monachus
853 2161 874 2239 ⁵,
899 2179 1046 2222 sermone
1072 2154 1193 2239 habito,
1217 2155 1316 2221 dixit:
1342 2155 1512 2221 ‘Iudicium
1537 2156 1632 2221 huius
1655 2158 1778 2242 negotii
1801 2156 1963 2221 iudicium
1980 2157 2066 2222 Sale-

234 2289 396 2340 ateangaae.
414 2264 518 2328 monis
543 2285 602 2328 sua
625 2262 816 2328 difficultate
840 2273 1007 2349 exuperat.
1046 2262 1117 2328 Illic
1142 2264 1228 2327 enim
1253 2261 1380 2328 duabus
1404 2261 1675 2328 contendentibus
1699 2263 1739 2328 de
1762 2263 1862 2346 fili0⁶‚
1888 2287 1963 2328 cum
1987 2263 2068 2328 falsa

321 2396 396 2438 rasa
415 2379 518 2434 mater
542 2370 681 2434 diceret:
705 2371 773 2436 Nec
796 2371 880 2436 oniti
899 2395 953 2436 nee
976 2373 1038 2436 stt
1057 2374 1108 2452 sit,
1131 2371 1189 2436 sed
1204 2372 1379 2452 ‹laira'datoa
1403 2392 1482 2435 vera
1505 2381 1619 2453 mater,
1643 2381 1788 2460 materne
1804 2371 2066 2457 compunctionis

413 2478 543 2541 viscera
577 2499 675 2564 super
708 2475 775 2541 filio
810 2477 976 2541 continere
1007 2499 1071 2541 non
1101 2475 1224 2557 valens,
1260 2477 1448 2563 malensque
1478 2477 1580 2542 filium
1611 2495 1704 2542 suum
1734 2477 1794 2542 sub
1825 2478 1936 2542 aliena
1966 2489 2066 2542 matre

365 2611 396 2650 a.
415 2585 527 2648 vivere
551 2607 650 2670 quam
673 2585 789 2670 perire,
821 2583 920 2647 dixit:
955 2585 1098 2664 Obsecro,
1130 2584 1200 2648 date
1230 2585 1303 2648 duic
1328 2587 1483 2671 insontem
1508 2588 1622 2667 sicam,
1653 2600 1682 2650 et
1703 2587 1798 2650 nolite
1821 2587 1966 2650 occidere
1989 2611 2064 2650 enm.
2086 2614 2102 2637 ⁴⁸
2127 2620 2148 2643 ·

414 2690 492 2755 Istic
517 2701 636 2771 autem,
667 2713 740 2755 cum
771 2689 902 2754 audiam
934 2699 1106 2775 utrumque
1137 2689 1178 2753 de
1209 2690 1299 2776 prole
1331 2691 1527 2756 contendere
1552 2701 1585 2756 et
1606 2701 1787 2756 maternum
1812 2713 1871 2756 seu
1893 2703 2066 2779 paternum

414 2820 532 2862 nomen
562 2798 772 2883 pertinaciter
802 2797 966 2880 affectare,
996 2807 1176 2861 maternam
1205 2807 1314 2862 tamen
1344 2800 1613 2884 compassionem,
1643 2799 1736 2863 iactis
1766 2799 2068 2864 immisericorditer

414 2903 491 2968 hine
524 2903 601 2968 inde
632 2905 1004 2969 excommunicationum
1039 2903 1172 2990 spiculis
1208 2927 1305 2990 super
1338 2904 1412 2968 filiis
1448 2905 1600 2994 ecclesie,
1635 2917 1785 2970 neutrum
1820 2904 1960 2988 habere,
1991 2929 2065 2993 que-

415 3009 518 3075 renda
541 3011 619 3075 mihi
643 3010 749 3075 adhuc
773 3033 853 3075 vera
875 3021 979 3076 mater
1001 3011 1140 3075 videtur.
1188 3011 1227 3074 ln
1250 3009 1351 3076 dubia
1374 3011 1533 3097 siquidem
1558 3034 1659 3076 causa
1689 3023 1810 3077 certam
1835 3012 1914 3077 dare
1940 3023 2065 3077 senten-

414 3119 493 3182 tiam
515 3119 722 3182 temerarium
747 3127 795 3181 est
819 3127 851 3182 et
873 3117 1061 3182 incautum'.
1108 3117 1180 3204 Hec
1207 3117 1263 3200 illi,
1295 3140 1360 3182 non
1384 3141 1455 3204 ego,
1479 3120 1535 3204 qui
1558 3119 1703 3184 neutrius
1726 3120 1892 3184 introitum
1916 3117 2064 3206 probant.
2081 3141 2154 3186 25

369 3307 371 3310 Ι
413 3224 485 3289 Nee
501 3225 587 3289 enim
604 3246 665 3310 ego
689 3226 722 3288 in
740 3235 864 3289 tantum
887 3246 1049 3310 presum0,
1066 3235 1102 3288 ut
1117 3224 1170 3288 vel
1186 3225 1282 3289 istum
1300 3225 1351 3289 vel
1375 3225 1464 3290 illum
1481 3225 1608 3290 leonem
1624 3226 1677 3290 vel
1694 3227 1868 3291 draconem
1886 3227 2063 3314 appellem,

415 3330 483 3414 sed,
514 3330 604 3395 velut
633 3353 790 3418 organum
814 3331 929 3413 factus,
959 3330 1133 3395 multarum
1164 3354 1245 3417 quas
1269 3331 1380 3396 audivi
1404 3333 1637 3398 sententiarum
1660 3334 1813 3397 recitator
1837 3335 1946 3419 potius
1971 3355 2064 3420 quam

414 3439 545 3526 proprie
568 3438 737 3524 positionis
760 3449 901 3502 assertor
924 3438 1038 3502 existe.

522 3561 582 3650 (3).
633 3561 805 3649 Expeditis
848 3561 1125 3651 qualitercumque
1168 3562 1294 3628 duobus
1336 3566 1434 3628 ramis
1475 3566 1640 3652 proposita
1682 3565 1875 3651 questionis,
1918 3577 2063 3652 superest

416 3669 597 3750 ostendere,
629 3670 701 3756 quis
732 3669 814 3734 alter
837 3669 974 3734 duorum
997 3681 1135 3755 papatus
1159 3671 1289 3734 nomine
1313 3671 1408 3734 simul
1431 3682 1464 3736 et
1486 3694 1532 3754 re,
1564 3672 1678 3758 quisve
1706 3673 1836 3736 nomine
1864 3671 2012 3737 tantmu‘¹
2034 3681 2062 3735 et
2077 3694 2098 3732 a

304 3801 396 3842 *aaa
415 3798 480 3840 non
509 3798 545 3840 rc
575 3777 771 3863 participare
808 3775 984 3840 'credatua
1039 3776 1105 3841 Sed
1136 3778 1212 3863 quia
1246 3778 1412 3862 negotium
1442 3777 1504 3842 hoe
1534 3777 1634 3842 altum
1665 3787 1715 3842 est
1745 3788 1777 3842 et
1805 3777 1965 3844 iudicium
1996 3801 2062 3867 mee

416 3883 585 3969 parvitatis
615 3881 854 3947 multiformiter
878 3882 1018 3965 excedit,
1049 3892 1142 3969 tropo
1166 3885 1339 3972 prosopeie
1362 3895 1466 3967 utens,
1497 3885 1576 3970 ipsis
1607 3884 1859 3971 disputationem
1891 3887 2060 3966 committo,

416 3999 462 4071 ut,
486 3989 615 4075 dialogo
640 3989 779 4075 quodam
803 3999 939 4071 utentes,
961 4003 1097 4075 uterque
1122 4011 1213 4054 suam
1236 4000 1371 4076 partem,
1395 4001 1492 4076 prout
1514 3993 1643 4078 poterit,
1667 3993 1750 4056 tueri
1772 3990 1908 4056 laboret.
1942 3993 2061 4058 Victori

416 4105 526 4182 partes
550 4097 668 4160 actoris
691 4094 872 4178 tribuimus,
897 4095 958 4160 hac
975 4095 1130 4160 videlicet
1151 4098 1287 4180 ratione,
1312 4097 1400 4184 quod
1424 4099 1508 4163 sicut
1528 4108 1687 4181 asserunt,
1712 4097 1904 4184 dignitatem
1927 4109 2061 4186 papatus

417 4202 486 4266 sive
510 4203 593 4268 iuste
617 4204 687 4268 sive
710 4203 828 4266 iniuste
844 4203 934 4289 prior
949 4203 1039 4266 visus
1056 4212 1104 4266 est
1128 4213 1160 4268 et
1183 4204 1290 4268 animo
1307 4214 1339 4268 et
1355 4227 1489 4291 corpore
1505 4205 1690 4292 possedisse
1707 4245 1750 4252 —
1766 4210 1862 4271 ansol
1878 4210 1987 4271 animo
2001 4208 2061 4270 solo
2078 4223 2097 4262 ’ὁ

416 4333 504 4374 semo
520 4314 749 4397 possessionem
774 4311 966 4396 adipiscitur
989 4349 1032 4357 -
1056 4333 1076 4373 a
1099 4333 1164 4395 qua
1186 4333 1246 4396 per
1268 4311 1420 4376 iniuriam
1443 4313 1513 4375 sine
1537 4313 1722 4376 interventu
1752 4311 1914 4377 iudicialis
1941 4312 2060 4377 arbitn'i

416 4415 606 4480 Alexander
635 4439 709 4480 eum
737 4415 858 4503 pellere
890 4416 1046 4503 culpatur.
1100 4416 1160 4480 Rei
1189 4417 1296 4482 locum
1327 4429 1416 4482 tenet
1444 4418 1644 4482 Alexander.
1691 4418 1737 4483 Ut
1766 4429 1875 4483 tamen
1910 4420 2061 4484 noveritis

416 4544 506 4588 reum
534 4521 596 4587 hoc
627 4522 697 4586 loco
728 4545 935 4610 nequaquam
967 4546 987 4587 a
1017 4533 1109 4586 reatu
1139 4523 1214 4588 dici.
1262 4524 1348 4588 Reus
1377 4526 1462 4588 enim
1494 4525 1612 4590 dieitur
1635 4524 1714 4589 alias
1740 4547 1759 4588 a
1782 4535 1884 4607 reatu,
1916 4527 1997 4590 alias
2024 4525 2062 4589 ad

523 4773 550 4837 a)
573 4778 736 4827 exttmbitum
753 4777 828 4842 ΟΨ.
919 4774 947 4839 b)
969 4777 1098 4828 Decanus
1117 4794 1244 4828 romanus
1270 4778 1297 4828 ia
1316 4796 1394 4844 nter-p.
1413 4780 1447 4829 al.
1467 4796 1533 4828 arca.
1552 4777 1632 4829 satit.
1724 4775 1750 4841 c)
1772 4781 1919 4830 monachus
1942 4781 1969 4830 in
1988 4799 2061 4845 scarp.

416 4865 500 4916 eadem
518 4883 604 4927 ments,
623 4883 697 4932 quam
716 4867 787 4915 saed>
804 4867 1052 4930 eoae-mentoravimus,
1070 4867 1151 4917 ocidit.
1224 4865 1252 4927 d)
1274 4871 1310 4916 tm
1330 4885 1350 4917 c.
2078 4873 2101 4910 ²⁰

526 5081 555 5152 1)
580 5082 673 5157 Epist.
692 5081 742 5150 55,
768 5101 791 5138 c.
809 5081 838 5152 9,
857 5103 891 5157 p.
910 5082 983 5139 630.
1009 5085 1051 5140 ed.
1077 5085 1190 5141 Hartel.
1283 5081 1314 5157 2)
1336 5084 1371 5140 A.
1388 5083 1482 5140 1162.
1508 5083 1584 5160 Sept.
1600 5084 1627 5139 l.
1653 5084 1683 5140 ia
1705 5084 1773 5142 villa
1795 5106 1817 5142 a.
1836 5084 1973 5144 Iohannis
1997 5087 2063 5144 Los-

416 5189 510 5246 aeasis
533 5184 588 5263 (St.
613 5188 691 5246 Jean
716 5190 750 5245 de
774 5185 878 5264 Leone)
903 5190 1056 5260 celebrata·
1080 5191 1120 5262 cf.
1146 5192 1260 5261 aester,
1286 5190 1462 5248 ‘Alexander
1485 5190 1554 5247 III!
1572 5211 1605 5267 p.
1625 5191 1818 5248 218-225.
1901 5189 1932 5266 3)
1955 5193 2063 5250 ttame-

415 5315 513 5352 raarua
529 5295 549 5351 Ι
567 5289 829 5370 (nat-1182).
900 5295 929 5366 4)
955 5296 1041 5366 Idem,
1058 5305 1088 5352 ut
1101 5297 1219 5368 videtur,
1237 5297 1339 5354 Petrus
1356 5296 1542 5368 Christianus,
1566 5298 1615 5374 qai
1636 5318 1664 5354 a.
1681 5299 1775 5354 1160.
1800 5317 1891 5356 arenae
1909 5299 2065 5356 Februario

416 5401 531 5459 cenatio
554 5401 692 5477 Papieasi
713 5401 852 5472 interfuit.
891 5402 939 5473 Cf.
964 5403 1083 5458 Radere.
1103 5402 1191 5461 Gesta
1213 5404 1356 5460 Friderici
1378 5404 1432 5474 IV,
1458 5425 1480 5460 c.
1500 5405 1551 5461 76.
1571 5405 1621 5462 77.
1647 5407 1689 5462 ed.
1711 5405 1802 5462 Waitz
1820 5425 1854 5480 p.
1872 5404 2062 5462 254-258.

417 5505 448 5582 5)
473 5507 544 5572 Quis
560 5509 664 5579 suerit,
688 5507 833 5565 nescimus.
874 5508 988 5564 Nullum
1013 5509 1083 5566 enim
1108 5530 1202 5567 eornm
1227 5511 1427 5586 episcoporum,
1443 5511 1501 5587 'qai
1523 5511 1669 5586 diplomati
1691 5531 1719 5568 a.
1736 5511 1830 5568 1162.
1857 5511 1934 5587 Sept.
1949 5513 1978 5568 l.
2003 5512 2064 5587 ipsa
2080 5521 2105 5560 *ὁ

417 5615 461 5672 die
489 5615 600 5672 concilii
628 5617 701 5671 clero
726 5613 885 5673 Geaeoeasi
914 5616 980 5672 dato
1007 5615 1238 5690 subscripserunt,
1271 5618 1311 5689 cs.
1337 5616 1425 5694 Spore,
1451 5617 1587 5674 ‘ffistoire
1616 5619 1650 5676 de
1675 5616 1800 5676 Geaeve’
1825 5618 1865 5688 II,
1890 5639 1924 5694 p.
1944 5618 1995 5675 32.
2014 5619 2062 5674 ts.

418 5719 626 5779 Cistercieasem
642 5721 738 5793 fuisse
762 5730 878 5779 coastat.
971 5717 1002 5796 6)
1028 5720 1076 5794 Os.
1095 5721 1184 5781 (ἔθνὴ.
1210 5726 1227 5780 l.
1245 5726 1262 5780 l.
1289 5743 1311 5780 c.
1330 5723 1380 5795 55,
1404 5744 1495 5800 supra
1512 5745 1545 5800 p.
1565 5724 1639 5781 363.
1724 5721 1755 5800 l)
1779 5724 1869 5783 Iastit.
1893 5725 1949 5796 IV,
1968 5725 2018 5796 15,
2036 5725 2062 5780 5.
