4410 6406
731 360 848 416 LIBER
871 362 923 416 DE
948 360 1181 418 SIMONIACIS.
1628 351 1633 362 ⁴
1716 355 1780 418 263

121 549 309 632 genuinum
332 547 454 614 radicis
483 550 552 613 eius
582 548 748 613 humorem
773 547 898 632 bibunt,
924 559 956 614 et
978 549 1093 612 vivunt
1122 547 1301 635 florentque
1332 558 1365 612 et
1393 547 1488 613 flores
1519 547 1643 613 fructus
1673 560 1780 635 partu-

123 655 229 719 riunt.
265 655 310 720 At
325 677 403 720 vero
427 656 455 719 si
479 656 519 720 de
535 656 601 720 vite
625 655 749 742 palmes
773 657 903 720 excisus
926 656 1033 737 fuerit,
1058 656 1123 719 iarn
1146 653 1224 719 boni
1248 656 1317 720 suci
1341 656 1411 719 eius
1434 656 1597 742 particeps
1621 677 1782 721 essenon

125 773 256 847 potest3
281 761 339 826 sed
361 783 423 826 neo
438 763 521 826 vivit
542 785 604 827 nec
627 785 721 826 usum
745 761 843 827 habet
867 762 976 844 alium,
1000 763 1064 825 nisi
1087 762 1180 827 utin
1203 763 1313 847 ignem
1335 763 1482 826 mittatur
1503 772 1537 826 et
1559 761 1682 826 ardeat.
1717 763 1781 828 Its·

126 890 208 954 que,
233 891 252 933 o
276 869 410 933 heretici
434 879 532 955 atque
556 869 732 933 scismatici
763 867 805 932 ab
835 868 983 956 ecclesieJ
1007 891 1142 955 corpore
1171 891 1230 933 vos
1257 868 1464 956 precidentes
1494 879 1526 933 et
1555 871 1694 955 propriis
1726 869 1781 934 ad-

84 997 103 1035 s
125 974 357 1040 inventionum
379 985 562 1040 vestrarum
585 974 720 1039 sarculis
743 976 875 1061 precisi,
899 975 998 1039 nolite
1022 986 1147 1061 putere,
1172 975 1259 1061 quod
1283 975 1413 1039 vitalem
1437 975 1577 1040 fructum
1600 976 1685 1040 ferre
1709 999 1781 1062 pos-

127 1083 215 1146 sitis.
260 1081 408 1168 Itemque
432 1093 465 1146 et
487 1105 545 1146 vos
568 1092 809 1168 presumptores
834 1092 867 1146 et
888 1082 980 1146 nimii
1007 1093 1184 1146 assertores
1214 1080 1309 1146 liberi
1339 1080 1475 1164 arbitrii,
1500 1083 1555 1169 qui
1579 1105 1637 1147 vos
1661 1085 1782 1168 putatis

127 1210 199 1252 non
222 1188 368 1276 indigere
393 1189 579 1254 auxiliantis
603 1198 636 1253 et
658 1189 842 1253 miserantis
866 1190 989 1274 gratiae
1006 1189 1070 1253 Dei
1095 1199 1250 1275 tanquam
1266 1187 1411 1254 volentes
1435 1199 1467 1252 et
1491 1200 1657 1253 currentes
1673 1201 1782 1254 vestra

127 1295 306 1360 velocitate
322 1297 409 1360 vitae
434 1295 649 1382 sempiternae
666 1295 805 1360 fructum
822 1295 1098 1382 comprehendere
1114 1296 1260 1382 possitis:
1286 1296 1400 1360 scitote
1416 1318 1475 1359 vos
1499 1294 1662 1360 horrenda
1684 1319 1783 1360 manu

129 1401 313 1488 'agricolae
330 1402 489 1467 tollendos
513 1413 546 1467 et
567 1403 602 1466 in
624 1404 734 1488 ignem
757 1402 942 1487 mittendae,
965 1403 1028 1466 nisi
1052 1425 1179 1466 omnem
1196 1401 1470 1489 pulchritudinem
1487 1424 1680 1489 omnemque
1697 1403 1781 1468 fruc·
1800 1427 1891 1467 ·r.1or.

75 1534 107 1572 so
127 1521 225 1573 tuum
248 1519 453 1573 venustatem
476 1531 542 1573 non
566 1531 608 1572 ex
630 1508 734 1591 vobis,
763 1508 822 1573 sed
846 1531 888 1573 ex
910 1510 986 1573 vitis
1010 1509 1124 1573 intima
1146 1508 1258 1572 radice
1281 1508 1458 1595 procedere
1483 1508 1623 1574 confessi
1645 1509 1781 1574 fixeritis.

129 1615 228 1681 Dicit
243 1617 329 1680 enim
344 1615 450 1680 fidelis
474 1627 507 1680 et
522 1636 626 1680 verax
644 1617 735 1680 testis
759 1627 884 1680 noster:
912 1616 978 1695 Qui
997 1631 1101 1680 maaet
1122 1619 1156 1681 ia
1180 1641 1227 1680 me
1250 1631 1279 1682 ct
1300 1640 1353 1704 eqo
1379 1619 1411 1680 ia
1428 1641 1472 1697 eo,
1496 1617 1547 1680 tic
1555 1618 1629 1704 fert
1635 1619 1782 1705 fructum
1802 1640 1922 1689 rosina.

130 1725 276 1804 ciuicam,
306 1726 382 1809 quio
412 1726 480 1788 aiae
510 1749 557 1788 me
587 1725 689 1788 nichil
703 1726 836 1810 potestis
851 1725 976 1811 facere.
1023 1721 1125 1787 Plane
1155 1721 1265 1804 nichil,
1298 1724 1375 1809 quia
1398 1733 1569 1808 peccatum
1599 1721 1698 1787 nichil
1723 1734 1781 1806 est,

132 1829 223 1915 quod
246 1828 349 1893 solum
374 1830 442 1893 sine
466 1830 537 1916 ipso
561 1830 670 1895 facere
694 1852 875 1916 possumus.
922 1830 995 1893 Non
1027 1839 1076 1893 est
1106 1831 1191 1893 enim
1221 1839 1393 1916 peccatum
1416 1828 1482 1893 ulla
1505 1827 1693 1912 substantia,
1725 1829 1783 1894 sed

133 1937 299 2022 corruptio
330 1935 540 2001 substantiae.
588 1935 743 2002 Similiter
773 1936 978 2001 mendacium
1009 1959 1068 2023 pro
1092 1935 1212 2001 nichilo
1236 1946 1285 2000 est
1312 1935 1507 2000 habendum.
1553 1936 1614 2000 Est
1643 1959 1783 2024 namque

85 2068 113 2106 rs
133 2042 351 2126 mendacium,
376 2066 440 2129 quo
463 2043 499 2107 id
522 2043 724 2130 significatur
746 2043 922 2130 essequod
944 2054 1107 2125 non⁸est,
1131 2042 1184 2107 vel
1207 2065 1272 2107 non
1296 2065 1367 2107 esse
1391 2041 1478 2128 quod
1494 2053 1552 2107 est.
1588 2043 1684 2108 Unde
1710 2066 1782 2108 cum

133 2149 285 2214 audimus
315 2151 534 2232 mentientem,
566 2149 706 2215 solemus
737 2149 862 2214 dicere:
895 2149 1018 2215 ‘Nichil
1042 2149 1134 2232 dicis,
1159 2149 1247 2236 quod
1276 2147 1363 2213 idem
1388 2149 1460 2230 est’,
1492 2172 1531 2214 ac
1562 2151 1589 2213 si
1619 2149 1782 2215 dicamus:

134 2257 224 2321 ‘Non
248 2256 407 2343 estquod
431 2256 534 2322 dicis’.
580 2257 654 2321 Non
678 2267 727 2321 est
749 2258 795 2321 ita
817 2258 851 2320 in
875 2279 983 2322 rerum
1007 2257 1191 2339 existentia,
1215 2257 1300 2321 sicut
1322 2257 1509 2343 significant
1530 2255 1633 2321 verba
1655 2267 1727 2341 tua,
1752 2268 1784 2322 et

133 2361 209 2428 ideo
232 2374 321 2428 recte
344 2363 552 2428 mendacium
575 2363 675 2428 nichil
696 2364 825 2446 dicitur,
850 2365 927 2450 quia
949 2387 1015 2428 non
1038 2361 1136 2428 habet
1159 2360 1215 2427 ubi
1239 2361 1395 2427 subsistat
1419 2364 1487 2427 eius
1512 2365 1686 2428 existentia
1710 2362 1783 2428 sub·

133 2479 240 2535 tracta
262 2471 315 2535 vel
339 2471 502 2557 denegata
531 2470 578 2534 illi
602 2493 637 2536 re
661 2470 854 2556 significata.
901 2469 957 2536 Sic
986 2480 1159 2557 postquam
1183 2468 1331 2534 Christus
1361 2479 1456 2534 natus
1481 2481 1539 2552 est,
1564 2472 1657 2535 cuius
1679 2472 1783 2536 nasci-

89 2603 115 2640 ιο
133 2577 199 2642 turi
222 2579 351 2664 signum
375 2589 445 2642 erat
468 2578 683 2657 circumcisio,
708 2577 854 2663 apostolo
878 2577 1076 2641 affirmante:
1106 2577 1313 2642 Circumcisae
1336 2577 1440 2642 nichil
1460 2593 1513 2657 cat,
1537 2575 1572 2641 id
1595 2589 1644 2642 est
1667 2577 1784 2642 falsum
1803 2601 1954 2650 tessara

134 2686 264 2770 signum
289 2695 353 2767 est,
385 2683 546 2770 quidquid
567 2684 622 2749 illo
646 2685 739 2769 signo
764 2683 967 2768 significatur
989 2683 1142 2766 futurum,
1167 2685 1232 2747 iam
1256 2694 1305 2747 est
1328 2685 1529 2770 preteritum,
1553 2694 1629 2748 nato
1654 2682 1783 2749 Christo

134 2790 176 2856 dc
200 2792 324 2856 semine
340 2789 506 2873 Abrahae,
531 2792 622 2856 cuius
645 2791 773 2855 futurae
797 2791 974 2856 nativitatis
999 2801 1068 2854 erat
1091 2792 1218 2876 signum
1235 2812 1348 2854 verum
1372 2791 1445 2876 ipsa
1468 2791 1672 2855 circumcisio
1689 2813 1783 2877 prop-

133 2911 225 2963 terea
248 2898 356 2984 posita
384 2899 419 2962 in
441 2896 498 2962 illa
522 2899 666 2984 corpons
689 2908 791 2983 parte,
819 2919 880 2983 per
902 2920 999 2983 quarn
1024 2919 1134 2961 semen
1158 2895 1347 2978 traducitur,
1378 2919 1419 2960 ne
1444 2895 1648 2961 dubitaretur
1671 2894 1711 2962 de
1736 2919 1784 2962 se-

133 3006 223 3069 mine
246 3003 401 3069 Abrahae
431 3006 624 3086 nasciturus,
649 3005 704 3091 qui
729 3003 771 3068 ad
794 3002 1037 3068 benedicendas
1061 3025 1173 3068 omnes
1196 3014 1310 3089 gentes
1334 3004 1395 3068 fuit
1418 3002 1571 3068 Abrahae
1595 3005 1783 3090 promissus.

90 3135 116 3173 a
135 3111 209 3192 Quo
233 3122 310 3176 nato
348 3113 534 3198 quicunque
558 3133 593 3176 se
617 3109 822 3176 circumcidit
843 3109 944 3176 nichil
971 3111 1059 3192 facit,
1091 3111 1244 3196 quoniam
1274 3120 1355 3174 teste
1379 3110 1541 3196 apostolo:
1578 3111 1785 3176 Circumcisio
1804 3136 1904 3185 aare.

134 3221 237 3284 nichil
266 3234 319 3299 cst,
350 3235 379 3285 et
393 3223 585 3306 prepucium
615 3220 718 3284 nichil
746 3234 799 3299 est,
829 3219 886 3283 sed
913 3221 1087 3283 obseruatio
1116 3219 1336 3283 mandatorum
1361 3219 1432 3283 Dei.
1480 3216 1583 3282 Simili
1608 3217 1704 3282 modo
1729 3219 1784 3305 qui

136 3331 356 3390 'sacramenta
379 3325 517 3390 ecclesie
542 3325 619 3390 data
641 3336 736 3390 extra
759 3324 932 3389 ecclesiam
960 3322 1114 3408 celebrat,
1145 3323 1245 3388 nichil
1275 3324 1365 3405 facit,
1397 3325 1474 3410 quia
1504 3323 1552 3388 ibi
1579 3325 1706 3410 signum
1737 3327 1784 3388 rei
1804 3350 1890 3389 ·r.1os.

135 3455 228 3497 sacre
260 3430 403 3516 adhibet,
433 3430 490 3497 ubi
520 3455 572 3496 res
596 3455 690 3496 sacra
714 3454 785 3496 esse
808 3454 874 3496 non
889 3441 1005 3517 potest.
1044 3429 1096 3494 lbi
1120 3428 1253 3494 exhibet
1277 3431 1404 3515 signum
1428 3431 1703 3512 sanctificationis,
1727 3431 1784 3496 ubi

135 3538 237 3604 nichil
267 3539 497 3620 sanctificatur,
536 3549 569 3603 et
598 3539 671 3603 ideo
702 3539 830 3624 signum
854 3537 907 3602 vel
937 3547 1175 3601 sacramentum
1205 3535 1285 3601 illud
1315 3536 1415 3601 nichil
1446 3547 1503 3602 est.
1551 3537 1676 3600 Verum
1706 3560 1783 3623 ergo

91 3669 117 3708 so
135 3647 257 3710 veritas
281 3645 380 3710 dixit:
409 3647 492 3724 Quia
515 3649 583 3712 siue
606 3671 654 3712 me
677 3647 779 3710 nichil
794 3649 926 3732 protestis
942 3646 1066 3732 facere.
1114 3643 1187 3708 Hoc
1211 3645 1297 3707 enim
1322 3643 1467 3708 veritatis
1491 3645 1711 3708 testimonium
1735 3655 1784 3708 est
1803 3669 1923 3716 ronias

136 3751 219 3816 adeo
243 3775 366 3835 verum,
390 3763 425 3816 ut
447 3751 548 3816 nichil
571 3754 612 3816 sit
635 3751 745 3839 apudb
768 3753 874 3838 ipsum
899 3762 1145 3833 sacramentum,
1176 3749 1212 3814 id
1236 3760 1285 3814 est
1306 3751 1413 3836 ipsum
1437 3773 1549 3814 sacrae
1572 3752 1620 3815 rei
1644 3751 1782 3836 signum,

137 3861 230 3923 cuius
253 3857 411 3924 exhibent
434 3860 577 3949 speciem
600 3858 750 3945 palmites
773 3859 902 3944 precisi,
934 3857 992 3921 sed
1016 3858 1159 3944 speciem
1183 3858 1269 3922 omni
1293 3857 1411 3939 fructu,
1434 3858 1522 3922 omni
1544 3859 1673 3940 virtute,
1698 3859 1785 3922 omni

136 3987 237 4031 verae
260 3967 335 4030 vitis
358 3964 522 4030 viriditate
546 3987 584 4030 ac
608 3987 686 4029 suco
718 3977 893 4046 carentem,
925 3975 957 4029 et
986 3964 1060 4029 ideo
1083 3963 1258 4028 Iudeorum
1287 3966 1342 4051 qui
1369 3963 1597 4051 blasphemant
1620 3963 1784 4030 Christum

138 4073 378 4137 circumcisioni
402 4074 591 4158 peremnia
614 4070 824 4136 consimilem.
859 4071 944 4136 Nam
968 4073 1051 4136 sicut
1073 4071 1168 4135 Iudei
1189 4069 1417 4158 blasphemant
1433 4069 1598 4135 Christum
1621 4082 1654 4136 et
1676 4083 1784 4137 tamen

94 4201 119 4241 aa
138 4191 270 4266 portant
292 4179 421 4265 signum
444 4179 622 4244 nativitatis
646 4179 716 4242 eius
739 4177 962 4260 indicativum,
987 4180 1033 4242 sic
1057 4178 1193 4243 heretici
1209 4189 1242 4242 et
1256 4179 1409 4260 maxime,
1434 4189 1469 4242 ut
1484 4189 1710 4265 preostensam
1725 4189 1784 4260 est,
1827 4227 1830 4236 .

139 4286 319 4373 symoniaci
341 4284 570 4372 blasphemant
586 4284 741 4371 Spiritum
758 4296 915 4367 sanctum,
940 4295 973 4350 et
995 4295 1104 4349 tamen
1127 4282 1294 4349 celebrant
1317 4286 1410 4369 signa
1433 4285 1537 4348 sancti
1554 4283 1694 4371 Spiritus
1711 4307 1785 4371 ope-

139 4394 297 4457 rationem
321 4403 354 4457 et
375 4394 528 4457 virtutem
553 4391 780 4479 significantia.

246 4499 425 4563 Memorem
448 4498 596 4564 volumus
620 4521 691 4562 esse
715 4498 879 4580 lectorem,
905 4499 991 4585 quia,
1019 4507 1054 4562 ut
1078 4499 1226 4585 superius
1250 4498 1547 4582 determinavimus,
1571 4521 1636 4563 non
1659 4499 1722 4561 nisi
1746 4497 1786 4562 de

139 4606 320 4670 manifestis
344 4616 377 4670 et
399 4604 588 4671 indubitatis
612 4616 711 4693 atque
735 4604 934 4692 synodaliter
956 4605 1118 4669 damnatis
1148 4604 1300 4669 hereticis
1330 4606 1467 4692 agimus,
1498 4605 1634 4692 illosque
1662 4615 1787 4670 tanturn

93 4737 121 4776 so
140 4714 346 4800 symoniacos
370 4713 464 4799 quasi
486 4734 559 4777 reos
583 4711 720 4777 concilio
751 4714 784 4776 in
809 4713 929 4776 sanctis
960 4712 1105 4776 conciliis
1136 4711 1305 4776 damnatos
1336 4713 1521 4794 asserimus,
1546 4735 1627 4799 quos
1656 4714 1688 4776 in
1713 4711 1787 4776 felle

140 4818 365 4884 amaritudinis
389 4829 422 4884 et
444 4818 640 4905 obligatione
663 4819 838 4905 impietatis
862 4841 921 4904 per
936 4819 997 4883 hoc
1021 4841 1093 4883 esse
1117 4819 1306 4902 constiterit,
1323 4819 1411 4905 quod
1434 4841 1546 4884 eorum
1570 4821 1718 4907 symonia
1740 4821 1786 4883 in·

141 4925 290 4991 dubitata
318 4927 472 5008 cernitur,
503 4937 535 4990 et
565 4924 606 4990 ob
630 4925 691 4990 hoc
716 4947 826 4990 eorum
851 4925 994 4990 officium
1017 4948 1037 4989 a
1059 4925 1207 4990 Romana
1237 4923 1314 4990 sede
1343 4923 1557 4990 interdicitur.
1604 4924 1670 4990 Ubi
1701 4927 1787 4990 enim

141 5033 322 5120 symoniaci
344 5032 398 5097 vel
422 5034 522 5098 cctcri
552 5033 687 5097 heretici
711 5033 757 5096 sic
780 5031 894 5114 latent,
917 5043 953 5097 ut
975 5054 1034 5118 pro
1058 5031 1225 5096 catholicis
1249 5054 1269 5096 a
1293 5030 1462 5097 catholicis
1491 5030 1682 5114 habeantur,
1709 5037 1786 5095 'non
1806 5059 1896 5102 anos.

141 5161 198 5204 eos
221 5139 401 5205 iudicamus
424 5161 498 5204 reos
522 5139 669 5221 concilio,
694 5140 778 5205 sicut
797 5162 870 5203 cum
894 5140 950 5226 qui
973 5139 1064 5203 fratri
1088 5161 1146 5204 suo
1170 5139 1288 5204 ‘racha'
1314 5137 1426 5202 dicens
1449 5160 1524 5203 reus
1548 5139 1609 5202 erit
1633 5138 1786 5221 concili03
1807 5166 1957 5216 natasse.

93 5271 123 5311 ιι
142 5245 202 5310 sed
224 5245 419 5311 arbitramur
442 5269 497 5310 eos
521 5268 593 5310 reos
609 5245 741 5329 iudicio,
766 5248 849 5311 sicut
872 5269 945 5310 eum
962 5247 1018 5332 qui
1034 5246 1125 5310 fratri
1149 5268 1207 5310 suo
1222 5246 1375 5310 irascitur
1390 5242 1528 5310 dicimus
1544 5267 1634 5309 reum
1654 5245 1786 5328 iudicio,

142 5351 263 5418 iudicio
279 5353 434 5418 videlicet
448 5375 514 5417 non
529 5352 681 5436 humano,
705 5352 764 5417 sed
779 5352 901 5435 divino,
925 5351 969 5416 ad
987 5375 1084 5439 quem
1100 5362 1250 5438 spectant
1265 5353 1374 5416 omnia
1390 5375 1473 5438 quae
1497 5351 1577 5418 liunt
1600 5354 1634 5415 in
1650 5353 1786 5417 occulto.

144 5458 241 5540 Quod
264 5483 341 5548 ergo
365 5459 406 5524 de
430 5459 630 5525 occultorum
646 5458 862 5524 hereticorum
878 5460 1090 5524 sacramentis
1113 5460 1162 5523 rei
1177 5460 1299 5523 veritas
1321 5457 1452 5540 habeat,
1476 5459 1561 5523 illius
1584 5459 1705 5524 iudicio
1723 5481 1787 5523 ser-

144 5565 284 5632 vandum
315 5578 477 5653 putamus,
505 5567 561 5653 qui
591 5567 618 5630 si
646 5567 743 5630 etiam
772 5589 832 5652 por
861 5565 942 5630 tales
972 5565 1113 5630 necdum
1143 5576 1254 5651 aperte
1285 5564 1427 5630 seclusos
1458 5565 1582 5652 aliquid
1604 5567 1733 5630 virtutis
1757 5577 1789 5630 et

250 5729 277 5792 a)
299 5749 324 5782 n.
345 5749 367 5782 c.
387 5731 407 5782 l.
428 5749 453 5781 n.
475 5733 498 5781 1.
571 5729 599 5792 b)
622 5732 703 5781 etiarn
723 5733 747 5781 2.
