4478 6396
456 337 520 400 238
750 341 929 398 GERHOHI
952 339 1186 396 PRAEPOSITI
1209 339 1615 398 REICHERSBERGENSIS
1639 343 1804 400 LIBELLI.

453 529 617 617 pontifice,
649 531 741 595 cuius
770 540 813 612 te,
844 551 932 616 papa
960 527 1141 608 Innocenti,
1173 527 1271 592 credo
1301 527 1471 593 menbrum
1503 539 1534 592 et
1565 530 1723 594 vicariurn
1754 553 1836 594 esse.
1884 530 1957 594 Tua
1987 529 2109 616 itaque,

453 648 557 723 pater,
582 635 802 702 consolatione
826 645 939 700 contra
955 636 1052 699 totius
1069 633 1236 719 religionis
1253 635 1402 699 inimicos
1418 634 1560 721 indigeo.
1598 635 1705 717 Quam
1723 659 1914 723 consequar,
1939 637 1967 700 si
1984 633 2110 706 scribas

454 743 701 829 archiepiscopo
726 741 967 829 Salzpurgensi,
992 752 1028 805 ut
1051 739 1231 804 subsidium
1255 741 1339 805 ferat
1363 743 1517 828 episcopo
1541 743 1771 829 Ratisponensi
1799 743 1983 830 regularem
2007 742 2111 810 vium

455 849 517 914 sibi
549 851 729 914 commissis
760 849 952 914 clericorum
984 845 1291 933 congregationibus
1321 849 1491 933 iniungere
1515 848 1568 912 vel
1592 849 1706 914 saltem
1729 849 1897 936 regulares
1921 849 1985 913 illis
2010 849 2111 914 inter·

313 981 434 1029 resona.
454 957 591 1020 miscere
622 956 776 1042 cupienti,
808 956 900 1018 cuius
931 955 964 1018 in
994 953 1168 1041 parrochia
1198 976 1259 1039 ego
1290 953 1388 1019 sedeo
1419 956 1504 1018 sicut
1533 977 1647 1041 passer
1676 955 1838 1021 solitarius
1869 957 1903 1020 in
1934 965 2032 1037 tecto,
2064 956 2143 1022 itas

455 1061 717 1127 circumvallatus
748 1060 790 1126 ab
820 1063 1025 1126 inimicorum
1056 1083 1155 1147 grege
1185 1083 1368 1142 numeroso,
1392 1073 1427 1125 ut
1451 1063 1485 1124 in
1508 1063 1666 1147 proximis
1689 1074 1721 1126 te
1745 1064 1897 1127 venIente
1922 1062 1965 1126 ad
1989 1061 2111 1128 Leodi-

364 1192 435 1234 ·r.sr.
455 1191 586 1234 oensem
611 1168 834 1234 urbem1non
858 1191 955 1232 ausus
978 1168 1096 1232 fuerim
1120 1168 1231 1232 venire
1258 1167 1314 1231 'ad
1337 1167 1505 1232 visendam
1536 1179 1635 1250 tuam,
1666 1180 1768 1255 pater,
1799 1169 1999 1255 presentiam
2024 1168 2111 1236 desi-

455 1275 642 1340 derabilem.
689 1275 792 1361 Rogo,
823 1287 926 1362 pater,
955 1284 990 1338 ut
1021 1273 1167 1340 scribens
1198 1275 1327 1339 domino
1359 1275 1513 1360 episcopo
1538 1275 1769 1362 Salzpurgensi
1794 1275 1938 1362 digneris
1962 1277 1997 1339 in
2021 1274 2111 1340 bono

454 1384 642 1448 memoriam
673 1381 794 1446 habere
817 1382 891 1464 mei,
922 1380 1049 1468 indigni
1078 1379 1272 1468 presbyteri,
1303 1382 1434 1445 nomine
1459 1379 1614 1462 Gerhohi,
1639 1393 1799 1468 quatenus
1822 1382 1876 1446 ille
1900 1404 1952 1446 me
1977 1392 2113 1446 tueatur

453 1488 495 1553 ab
518 1487 691 1553 insultibus
721 1490 935 1571 inimicorum,
960 1487 1078 1574 quibus
1102 1498 1192 1552 tuum
1216 1510 1345 1573 quoque
1376 1509 1493 1552 nomen
1524 1487 1565 1552 ob
1596 1488 1657 1553 hoc
1682 1499 1731 1552 est
1754 1489 1912 1571 odiosum,
1937 1487 2027 1574 quod
2051 1510 2111 1552 eos
2131 1513 2157 1554 m

453 1595 540 1682 apud
563 1595 707 1660 Mentem
731 1594 886 1661 Clarum²
909 1596 1043 1682 tetigisti
1068 1594 1108 1660 de
1133 1593 1240 1659 colore
1264 1594 1403 1658 vestium
1433 1592 1674 1680 notabilemque
1703 1596 1809 1660 fecisti
1831 1597 1933 1659 vitam
1958 1605 1992 1659 ct
2016 1593 2111 1658 habi-

452 1713 521 1767 tum
546 1725 666 1767 eorum.
713 1701 781 1767 Nos
805 1703 901 1784 enim,
926 1703 983 1787 qui
1006 1701 1172 1787 regulares
1197 1700 1345 1780 dicimur,
1370 1701 1397 1763 si
1421 1700 1493 1786 quis
1517 1723 1583 1765 non
1606 1699 1718 1764 obedit
1741 1701 1841 1766 verbo
1865 1712 1930 1782 tue,
1955 1724 2017 1788 per
2040 1703 2111 1787 epi-

453 1808 566 1873 stolam
599 1809 686 1873 hunc
721 1819 868 1873 notamus
904 1818 936 1872 et
967 1809 1158 1894 corripimus
1190 1818 1226 1871 ut
1259 1808 1409 1890 fratrem,
1446 1807 1504 1871 sed
1538 1806 1584 1871 illi
1619 1817 1833 1893 persecuntur
1864 1809 2108 1895 corripientem.

452 1916 559 1980 Tuum
583 1927 633 1980 est
656 1937 744 2002 erg0,
775 1925 877 2001 pater,
910 1937 964 1979 eos
989 1914 1158 1996 consolari,
1184 1937 1265 2001 quos
1289 1915 1374 1978 inter
1396 1915 1544 1979 inimicos
1568 1913 1634 1979 Dei
1661 1916 1834 2001 agnoveris
1857 1914 2049 2001 periclitari,
2075 1925 2110 1979 et

453 2033 488 2086 ut
511 2033 546 2086 tu
570 2022 823 2087 consolationem
853 2021 1033 2108 perfectam
1064 2021 1284 2107 consequaris,
1316 2021 1531 2085 exterminato
1554 2021 1687 2086 inimico
1710 2021 1776 2086 Dei
1800 2032 1832 2086 et
1855 2033 1920 2103 tuo,
1946 2021 1987 2086 de
2013 2023 2107 2086 cuius
2128 2045 2152 2085 rs

454 2129 607 2216 qualitate
639 2128 749 2215 aliqua
778 2151 865 2193 nunc
896 2127 1006 2192 dicere
1037 2126 1201 2192 haberem.
1249 2126 1316 2193 Sed
1343 2127 1404 2192 hoc
1428 2126 1492 2192 feci
1516 2126 1662 2192 scribens
1687 2128 1729 2193 ad
1750 2127 1974 2192 venerabilem
1997 2129 2106 2192 virum

452 2235 631 2300 Iohannem
655 2236 841 2301 Ostiensem
871 2235 1060 2321 episcopum
1072 2239 1093 2316 ³,
1126 2235 1178 2298 cui
1207 2233 1405 2319 persuadere
1436 2233 1555 2316 studui,
1586 2234 1675 2320 quod
1697 2235 1813 2298 Petrus
1838 2258 1912 2299 cum
1936 2236 2004 2298 suis
2030 2257 2106 2298 con·

334 2409 337 2416 ,
453 2343 615 2406 sentaneis
639 2343 817 2428 pertineret
841 2340 883 2405 ad
907 2363 1025 2427 corpus
1048 2340 1106 2410 filii
1130 2340 1331 2426 perditionis,
1363 2341 1391 2404 si
1420 2351 1529 2404 tamen
1559 2341 1629 2427 ipse
1653 2363 1718 2405 non
1742 2351 1791 2406 est
1814 2343 1886 2428 ipsa
1908 2341 1965 2406 illa
1987 2339 2105 2420 bestia,
2208 2407 2209 2410 ,

282 2473 432 2526 amram.
453 2450 545 2514 cuius
568 2450 602 2512 in
626 2446 805 2534 apocalipsi
828 2447 926 2534 plaga
944 2448 1056 2512 mortis
1073 2446 1193 2511 dicitur
1208 2458 1336 2530 curata3
1362 2448 1439 2533 quia
1462 2449 1663 2534 contempnit
1685 2448 1896 2513 fortissimum
1919 2448 2105 2528 anathema,

452 2565 608 2642 tanquam
632 2555 720 2620 nulla
744 2556 785 2619 sit
807 2555 841 2618 in
858 2576 896 2619 eo
919 2555 1032 2618 mortis
1056 2553 1154 2641 plaga
1176 2564 1210 2618 ct
1232 2555 1326 2640 quasi
1348 2554 1424 2618 inde
1449 2555 1490 2618 sit
1512 2555 1546 2617 in
1563 2577 1601 2619 eo
1621 2556 1734 2619 mortis
1757 2554 1855 2642 plaga
1875 2565 1998 2636 curata,
2017 2554 2105 2641 quod
2123 2580 2149 2618 ao

453 2663 484 2726 ei
506 2661 677 2726 multitudo
700 2684 876 2748 pravorum
899 2671 949 2725 est
972 2661 1143 2725 associata.
1190 2660 1294 2745 Igitur
1321 2662 1390 2724 sive
1414 2661 1484 2747 ipse
1509 2662 1550 2724 sit
1572 2660 1754 2726 membrum
1777 2663 1846 2726 sive
1871 2672 1970 2748 caput
1993 2663 2105 2747 magni

356 2793 434 2835 aar.
453 2767 646 2832 Antichristi
669 2767 901 2854 permundum
926 2767 1061 2850 dilatati,
1087 2767 1231 2832 destruet
1247 2789 1321 2831 eum
1337 2767 1498 2832 Dominus
1517 2767 1749 2833 'illustratione
1773 2768 1932 2833 adventus
1957 2769 2017 2833 sui.
2054 2768 2105 2833 Tu

452 2896 541 2956 vero,
572 2896 659 2961 papa
687 2874 869 2956 Innocenti,
899 2875 993 2960 quasi
1023 2897 1058 2938 os
1082 2874 1216 2938 Domini
1247 2875 1321 2956 eris,
1353 2875 1381 2937 si
1411 2875 1614 2960 separaveris
1645 2876 1828 2961 preciosum
1857 2898 1877 2939 a
1900 2874 1967 2958 vili,
1999 2877 2027 2939 si
2058 2875 2104 2939 di·

453 2981 606 3045 stinxeris
635 2980 729 3067 lupos
761 3003 781 3045 a
810 2981 959 3068 precioso
989 2980 1055 3045 Dei
1086 2981 1177 3062 ovili,
1209 2981 1236 3044 si
1267 3002 1385 3066 greges
1415 2980 1576 3045 sodalium
1605 2980 1802 3048 disiunxeris
1832 3005 1853 3046 a
1883 2981 2103 3047 tabernaculis

452 3097 630 3174 pastorum,
662 3087 841 3152 secundum
865 3087 953 3174 quod
976 3098 1011 3151 tu
1035 3089 1106 3173 ipse
1130 3088 1322 3152 internoscis
1346 3087 1534 3152 distantiam
1564 3087 1649 3151 illius
1673 3088 1891 3174 plantationis,
1917 3112 2016 3175 quam
2039 3112 2104 3154 uon
2122 3113 2147 3154 as

274 3221 432 3270 satanan.
451 3192 611 3280 plantavit
633 3195 742 3277 Pater,
768 3216 851 3280 quae
875 3193 1008 3258 tandem
1032 3193 1261 3276 eradIcabitur,
1293 3205 1325 3258 et
1355 3193 1449 3276 illius,
1482 3217 1580 3280 quam
1608 3193 1769 3281 plautavit
1798 3196 1832 3258 in
1857 3194 1986 3261 Christo
2010 3196 2103 3260 Deus

355 3290 357 3296 '
450 3311 554 3387 pater,
579 3323 663 3387 qnae
686 3323 853 3388 nunquam
878 3299 1106 3366 eradicabitur.
1143 3300 1264 3366 Notum
1288 3302 1375 3365 enim
1398 3299 1540 3383 esttibi,
1565 3310 1662 3387 atque
1686 3302 1895 3388 perspicuum
1918 3302 2003 3366 inter
2027 3325 2103 3390 apo-

452 3407 564 3472 stolice
589 3417 622 3472 et
644 3430 709 3472 non
733 3407 909 3494 apostolice
925 3409 1074 3472 viventes
1098 3407 1234 3473 clericos
1253 3406 1366 3472 habita
1382 3407 1599 3490 distinctions,
1624 3431 1690 3494 qua
1712 3409 1746 3472 in
1761 3408 1910 3495 portione
1934 3409 1976 3473 sit
1990 3408 2103 3474 Aaron

452 3514 605 3579 sacerdos
629 3516 793 3579 cumanis
817 3513 892 3580 filiis
922 3515 956 3578 in
986 3515 1148 3580 continuis
1178 3513 1381 3579 tabernaculi
1412 3515 1516 3579 sancti
1546 3514 1705 3580 excubiis.
1753 3513 1815 3579 Cui
1838 3538 1856 3579 c
1881 3517 2045 3580 contrario
2069 3519 2103 3580 in

281 3620 516 3698 sum.1s,aa.alia
538 3631 630 3708 parte
654 3621 776 3687 resistit
800 3643 938 3708 eumque
962 3621 1136 3703 maledicit,
1168 3623 1265 3686 immo
1296 3620 1409 3686 nolens
1439 3620 1605 3687 benedicit
1628 3622 1764 3686 Balaam
1787 3621 1916 3705 ariolus,
1942 3622 2104 3709 propheta
2121 3648 2147 3688 ao

319 3729 432 3824 ²335&
452 3728 631 3794 conductus
656 3751 730 3792 cum
754 3727 904 3794 omnibus
928 3727 1144 3793 conductitiis.
1182 3728 1253 3794 Stat
1276 3727 1352 3792 hinc
1368 3727 1500 3793 Samuel
1522 3729 1556 3792 in
1571 3728 1658 3793 linea
1682 3751 1740 3792 sua
1755 3729 1875 3810 tunica,
1896 3750 1995 3815 quam
2012 3728 2103 3794 dedit

452 3836 482 3900 ci
512 3845 616 3899 mater
643 3857 711 3918 sua,
741 3837 809 3900 vita
839 3834 964 3899 scilicet
994 3835 1182 3921 apostolica,
1213 3845 1286 3921 post
1314 3834 1446 3920 longam
1476 3835 1677 3900 sterilitatem
1707 3835 1858 3901 fecunda.
1904 3835 1999 3900 Illinc
2023 3859 2101 3900 vero

309 3925 431 4028 ⁰‚‘;¹1'2¹.³{{j
450 3941 625 4006 lasciviunt
653 3941 714 4006 lilii
735 3941 822 4024 Heli,
854 3942 910 4027 qui
941 3941 1103 4006 dormiunt
1134 3965 1208 4007 cum
1231 3941 1419 4006 mulieribus
1449 3965 1510 4006 nec
1541 3943 1647 4007 sciunt
1676 3942 1784 4008 officia
1814 3942 2021 4009 sacerdotum
2052 3965 2101 4007 ra·

450 4048 607 4134 piuntquc
639 4070 713 4112 cum
741 4047 882 4112 tridente
912 4048 1096 4112 fuscinula⁸
1119 4047 1317 4135 stipendium
1347 4049 1467 4113 sanctis
1491 4048 1603 4113 usibus
1628 4049 1835 4114 destinatum.
1882 4049 1968 4116 Hinc
1993 4071 2100 4114 sacer-

451 4154 543 4220 dotes
566 4154 703 4240 legitimi
726 4155 848 4240 portari
872 4177 981 4219 arcam
997 4155 1141 4236 Domini,
1165 4154 1323 4220 habentes
1339 4154 1493 4219 videlicet
1509 4177 1625 4242 corpus
1643 4153 1774 4238 Christi,
1798 4157 1832 4220 in
1856 4178 1919 4242 quo
1943 4167 2100 4242 tanquam
2119 4180 2145 4223 u

450 4261 484 4326 iu
515 4283 592 4326 arca
621 4261 826 4326 sanctissima
855 4261 942 4327 salus
971 4261 1085 4326 mundi
1115 4272 1165 4325 est
1193 4263 1345 4348 reposita.
1391 4259 1436 4326 At
1465 4261 1553 4326 illinc
1584 4262 1770 4327 sacerdotes
1801 4262 2015 4345 excelsorum,
2045 4264 2101 4350 qui

360 4393 432 4434 aas.
450 4389 582 4432 manum
610 4369 677 4432 suis
701 4367 954 4433 'ordinatoribus
978 4368 1031 4432 vel
1055 4367 1287 4432 aecclesiarum
1311 4366 1477 4432 datoribus
1500 4366 1664 4454 implendo
1688 4368 1869 4433 ascendunt
1893 4369 2034 4452 excelsa,
2060 4369 2100 4434 de

452 4472 569 4559 quibus
600 4473 784 4538 evidentius
815 4483 971 4560 appareat
995 4496 1107 4539 eorum
1129 4475 1230 4538 vestis
1253 4473 1365 4560 gulata
1388 4485 1420 4538 et
1443 4474 1624 4560 splendida,
1649 4475 1706 4560 qui
1730 4475 1827 4540 etiam
1850 4474 2027 4541 aecclesias
2051 4499 2100 4541 re·

451 4590 533 4665 gunt
561 4602 621 4666 per
644 4581 806 4646 conducta
829 4590 861 4644 et
884 4589 993 4666 empta
1016 4580 1133 4662 officia,
1159 4579 1245 4666 quod
1271 4591 1320 4644 est
1349 4582 1553 4667 apertissima
1581 4582 1737 4668 symonia.
1785 4580 1907 4646 Carent
1936 4581 1992 4646 illa
2023 4605 2101 4647 arca

451 4695 574 4768 sancta,
599 4688 677 4774 quia
699 4708 805 4752 vacua
833 4697 907 4752 sunt
930 4709 1041 4752 eorum
1065 4696 1278 4752 sacramenta.
1325 4687 1400 4752 Una
1426 4688 1460 4751 in
1482 4697 1575 4773 parte
1599 4697 1662 4753 stat
1684 4688 1799 4753 Helias
1823 4698 1864 4770 et,
1895 4690 1967 4775 ipso
1991 4689 2100 4754 Deum
2118 4715 2144 4755 ro

272 4821 431 4870 anquam.
451 4795 596 4858 suaviter
618 4795 802 4876 invocante,
830 4793 1026 4858 sacrificium
1048 4793 1134 4858 illius
1158 4793 1271 4858 celesti
1294 4795 1494 4858 consumitur
1516 4795 1601 4880 igne.
1648 4793 1693 4858 At
1716 4805 1829 4859 contra
1852 4817 1926 4859 eum
1950 4797 1983 4858 in
2006 4806 2099 4882 parte

451 4899 554 4964 altera
577 4900 694 4968 chorus
719 4899 925 4966 sacerdotum
940 4899 1023 4964 Baal
1038 4899 1249 4964 vendentium
1273 4910 1306 4964 et
1329 4902 1514 4982 ementium,
1539 4911 1571 4964 et
1594 4900 1846 4966 conducentium
1870 4913 1902 4966 et
1924 4901 2100 4967 conducto·

330 5079 331 5082 Ἴ
449 5029 522 5071 rum
545 5005 752 5072 sacerdotum
776 5029 859 5094 grex
882 5006 1036 5071 altissime
1061 5008 1256 5090 canentium,
1280 5008 1326 5072 ita
1348 5018 1384 5073 ut
1400 5009 1499 5072 etiam
1521 5008 1631 5093 ignem
1655 5007 1695 5072 de
1720 5008 1810 5073 caelo
1826 5008 1949 5073 faciant
1965 5008 2099 5074 descen-

450 5112 538 5194 dere,
564 5113 694 5199 quando
721 5123 912 5200 presumunt
936 5112 1092 5199 Spiritum
1122 5123 1271 5179 sanctum
1300 5115 1464 5197 invocare,
1496 5116 1552 5201 qui
1581 5125 1690 5180 tamen
1719 5137 1785 5180 non
1808 5114 1979 5181 descendit
2002 5139 2101 5203 super

556 5309 583 5374 a)
604 5313 633 5364 in
650 5331 729 5379 uterq.
750 5329 869 5374 munere,
890 5312 991 5378 lingue,
1012 5329 1105 5364 manus
1125 5314 1260 5378 obsequii.
2117 5326 2144 5366 aa

559 5473 589 5552 1)
612 5477 791 5536 Innocentius
809 5477 849 5535 ΙΙ.
875 5477 975 5534 Leontii
996 5484 1122 5535 mnatre
1145 5485 1186 5534 est
1207 5497 1234 5533 a.
1255 5477 1350 5548 1131,
1377 5477 1466 5534 Mart.
1486 5477 1525 5532 22
1544 5509 1587 5517 -
1603 5478 1674 5554 Apr.
1694 5477 1731 5548 2,·
1756 5479 1799 5551 cs.
1821 5478 1910 5554 Jcffe'
1929 5479 1953 5551 I,
1973 5500 2005 5555 p.
2024 5477 2097 5536 847.

451 5579 483 5658 2)
506 5581 637 5658 &nodas
662 5581 784 5642 Olurom.
810 5577 1094 5659 (1130,Nm.1s)
1120 5603 1142 5640 c.
1169 5582 1205 5653 2,·
1235 5582 1510 5660 Jcffer'hpblb.
1626 5585 1656 5654 3)
1681 5585 1967 5642 allas-1134.
2017 5585 2100 5650 Quae

450 5689 567 5766 abab
588 5690 663 5748 inter
686 5690 775 5748 editas
797 5710 854 5749 non
876 5690 1025 5749 invenitur.
