4418 6412
457 387 521 450 342
749 391 930 448 GERHOHI
952 391 1187 448 PRAEPOSITI
1210 391 1620 448 REIOHERSBERGENSIS
1644 391 1811 447 LIBELLI.

385 603 436 656 (aa).
530 581 582 644 33.
618 579 677 643 De
701 577 829 642 Amen
853 579 971 644 hoste
996 577 1233 662 Iudeorum,
1258 579 1299 645 in
1322 602 1400 667 quo
1424 580 1555 667 tipum
1578 578 1865 643 hereticorum
1889 586 2038 642 teneat.

543 703 630 768 -Sed
654 713 686 768 et
709 701 789 768 illud
814 702 856 767 ad
879 702 1017 789 figuram
1041 703 1256 768 hereticorum
1280 703 1447 768 nonnichil
1469 703 1559 786 facit,
1584 701 1671 790 quod
1693 704 1728 767 in
1746 700 1861 767 eodem
1886 723 1988 787 regno
2003 701 2098 766 Medo-

455 835 527 876 rum
550 833 610 897 per
625 808 732 874 Amen
749 809 874 873 hostem
890 808 1065 874 Iudeorum
1082 820 1195 874 contra
1219 809 1358 876 eandem
1373 820 1503 897 gentem
1528 807 1678 874 diabolus
1702 808 1907 874 machinatus
1931 817 1983 872 est
2004 830 2101 893 regem

456 918 716 982 circumveniens
732 915 922 998 Assuenrm,
947 925 1107 1002 quatenus
1131 926 1163 981 et
1185 915 1441 982 Mardochaeum
1466 918 1556 981 cruci
1580 915 1729 1003 affigeret
1752 925 1785 980 et
1807 925 1876 980 tota
1898 937 1981 1000 gens
1999 912 2104 979 ludeo-

359 1045 437 1096 ·p.u.
456 1047 527 1088 rum
543 1046 609 1088 una
624 1023 678 1088 die
695 1023 919 1109 perimeretur.
956 1021 1023 1087 Sed
1047 1024 1251 1088 *interventu
1274 1025 1408 1110 reginae
1431 1024 1553 1089 Hester
1575 1023 1668 1088 dolus
1692 1032 1725 1086 et
1749 1021 1841 1087 dolor
1864 1023 1935 1086 eius
1959 1023 1994 1085 in
2017 1033 2108 1107 caput
2132 1045 2151 1084 s

456 1131 558 1217 ipsius
581 1153 758 1194 conversus
783 1139 832 1193 est
855 1139 888 1194 et
911 1131 944 1193 in
967 1131 1125 1193 verticem
1149 1131 1251 1217 ipsius
1275 1131 1430 1217 iniquitas
1455 1131 1524 1194 eius
1548 1129 1729 1195 descendit.
1768 1130 1853 1193 Nam
1876 1130 1912 1192 in
1935 1125 2111 1215 patibulo·,

298 1223 544 1328 7,⁶1'5,⁸3f¹1¹'4,qu0d
570 1247 744 1323 paraverat
767 1235 977 1316 Illardocheo,
1008 1236 1079 1322 ipse
1110 1259 1286 1323 suspensus
1316 1246 1366 1302 est
1396 1237 1538 1324 itemque
1569 1235 1684 1301 decem
1714 1236 1772 1300 filii
1803 1237 1873 1300 eius
1903 1235 1939 1298 iu
1962 1232 2115 1320 patibulis

456 1343 559 1426 affixI,
589 1343 723 1430 insuper
745 1351 778 1406 et
801 1364 924 1424 omnes,
955 1343 1010 1428 qui
1035 1364 1069 1406 sc
1100 1341 1142 1406 ad
1170 1365 1284 1407 necem
1309 1343 1481 1408 Iudeorum
1506 1353 1713 1430 paraverant,
1743 1365 1840 1407 versa
1863 1343 1937 1407 vice
1963 1363 1983 1404 a
2005 1339 2113 1404 Iudeis

305 1472 368 1516 mu.
376 1475 409 1522 ιο,
418 1475 437 1516 r.
457 1449 619 1514 interlecti
647 1458 731 1513 sunt.
779 1447 845 1514 Sed
870 1459 903 1512 et
925 1447 986 1513 hoe
1011 1449 1099 1535 quod
1122 1448 1340 1514 Mardocheus
1364 1451 1525 1514 somnium
1549 1473 1642 1515 suum
1667 1471 1852 1537 exponens:
1884 1450 1971 1530 Duo,
2001 1449 2111 1534 inquit,

457 1557 610 1621 dracones
632 1581 686 1644 epo
709 1581 778 1620 scm
801 1571 829 1621 et
847 1555 963 1636 Arana,
986 1577 1052 1619 non
1077 1555 1180 1620 solum
1204 1556 1420 1622 hereticorum
1444 1557 1614 1639 astuciam,
1639 1555 1697 1621 sed
1721 1566 1753 1621 et
1776 1565 1964 1621 sanctorum
1987 1565 2112 1641 patrum

455 1664 597 1727 misticat
626 1661 842 1750 prudentiam.
889 1661 973 1726 Nam
1005 1663 1089 1727 sicut
1119 1665 1154 1726 in
1176 1663 1272 1745 malo,
1303 1665 1349 1728 ita
1373 1673 1405 1728 et
1432 1662 1575 1728 inbono
1599 1686 1734 1750 serpens
1757 1662 1810 1728 vel
1834 1663 1934 1728 draco
1959 1684 2114 1726 nonnum·

292 1790 436 1842 reama
456 1792 554 1855 quam
578 1769 612 1834 in
636 1769 804 1855 seripturis
828 1769 997 1855 accipitur.
1033 1768 1130 1834 Unde
1154 1781 1203 1834 est
1227 1768 1306 1835 illud
1329 1770 1417 1856 quod
1432 1771 1528 1857 virga
1542 1771 1651 1857 Moysi
1666 1792 1764 1835 versa
1786 1771 1819 1834 in
1843 1768 2021 1834 draconem
2045 1767 2113 1832 dra-

456 1898 554 1941 cones
578 1897 748 1962 magorum
772 1874 953 1956 devoravit,
985 1877 1136 1941 nimirum
1165 1877 1199 1940 in
1223 1885 1336 1964 typum
1368 1876 1531 1942 heresium
1560 1899 1621 1964 per
1643 1876 1850 1964 prudentiam
1877 1877 2039 1940 iustorum
2062 1896 2114 1938 an·

455 1981 726 2047 nichilandarum.
774 1981 866 2047 Sicut
888 1984 999 2070 itaque
1022 2005 1082 2069 per
1104 2005 1236 2048 manum
1260 1983 1367 2070 Moysi
1395 1982 1494 2048 draco
1519 1983 1678 2049 dracones
1702 1982 1874 2048 devoravit
1897 1992 1930 2048 et
1953 1980 2114 2069 quomodo

428 2089 490 2176 ,in
514 2090 638 2154 somnio
663 2087 853 2154 Mardochei
877 2089 976 2154 draco
1000 2112 1020 2153 a
1044 2088 1186 2154 dracone
1209 2091 1316 2154 victus
1347 2101 1406 2172 est,
1437 2091 1484 2155 ita
1514 2100 1546 2156 et
1576 2091 1754 2156 certamine
1785 2090 1869 2154 inter
1899 2088 2115 2154 hereticomm

288 2218 437 2270 cesenas.
456 2197 616 2261 astuciam
646 2205 679 2260 et
709 2205 895 2260 sanctorum
925 2195 1132 2283 prudentiam
1162 2207 1322 2262 commoto
1354 2198 1515 2283 sapientia
1537 2197 1617 2262 vicit
1640 2196 1798 2262 malitiam
1821 2197 1987 2282 attingens
2011 2217 2031 2258 a
2054 2193 2115 2258 fine

456 2325 560 2389 usque
584 2301 627 2366 ad
650 2301 745 2367 finem
770 2301 906 2384 fortiter,
931 2301 1107 2389 disponens
1131 2304 1240 2368 omnia
1263 2304 1425 2369 suaviter·
1465 2303 1563 2384 Quod
1589 2305 1669 2368 item
1698 2304 1733 2368 in
1756 2302 1937 2389 apocalipsi
1961 2301 2115 2366 Iohannis

456 2407 596 2474 mirabili
612 2410 739 2473 visione
762 2418 1035 2496 premonstratum
1060 2419 1118 2474 est.
1164 2409 1250 2474 Nam
1273 2410 1358 2474 sicut
1380 2409 1447 2474 illic
1463 2409 1574 2493 draco,
1591 2432 1689 2498 quem
1705 2409 1871 2475 diabolum
1894 2408 2114 2495 intelligimus,

289 2539 437 2588 apansa.
457 2515 565 2580 emisit
587 2513 628 2579 de
652 2537 708 2580 ore
731 2537 802 2598 suo,
827 2515 915 2602 quod
937 2516 1091 2580 nimirum
1116 2539 1151 2581 oe
1175 2526 1246 2581 erat
1268 2515 1383 2580 Arrius
1407 2539 1559 2599 vesanus,
1588 2539 1706 2604 aquam
1730 2526 1896 2603 tamquam
1919 2515 2052 2596 flumen,
2084 2514 2115 2579 id

458 2632 507 2686 eet
530 2621 713 2686 doctrinam
736 2620 924 2704 hereticam,
949 2630 984 2686 ut
1007 2620 1175 2686 mulierem
1198 2621 1354 2687 videlicet
1377 2623 1560 2706 ecclesiam,
1589 2645 1652 2709 que
1681 2621 1864 2709 perfidem
1895 2643 1989 2686 suam
2019 2643 2115 2709 pepe-

457 2737 545 2792 rerat
560 2728 751 2810 masculum,
769 2725 944 2810 Christum,
961 2727 1046 2792 trahi
1061 2728 1185 2794 faceret
1201 2751 1220 2792 a
1235 2728 1377 2812 flumine,
1402 2729 1461 2794 sed
1484 2741 1582 2813 terra,
1604 2731 1757 2794 nimirum
1773 2727 1923 2811 ecclesia,
1939 2730 1974 2792 in
1990 2728 2115 2794 Niceno

458 2834 596 2900 concilio
612 2844 812 2920 congregata
828 2835 956 2920 aperuit
979 2857 1015 2899 os
1039 2858 1133 2899 suum
1156 2844 1189 2899 et
1212 2832 1381 2900 absorbuit
1404 2835 1536 2918 flumen,
1554 2835 1739 2901 damnando
1755 2834 1911 2900 videlicet
1925 2835 2115 2922 pestiferum

457 2940 546 3005 Arrii
571 2941 705 3028 dogma:
737 2941 783 3005 ita
806 2950 839 3006 et
861 2939 970 3005 Aman
992 2941 1083 3006 velut
1106 2941 1239 3030 quidam
1262 2941 1350 3006 Arrii
1381 2942 1591 3029 preambulas
1614 2944 1792 3030 pessimum
1817 2941 1857 3006 de
1882 2941 1981 3007 corde
2005 2951 2038 3006 et
2062 2963 2115 3006 ore

459 3070 516 3111 suo
540 3047 648 3112 emisit
664 3047 834 3112 consilium
851 3057 964 3112 contra
988 3047 1127 3113 eandem
1150 3058 1291 3135 gentem,
1316 3048 1357 3113 de
1382 3072 1447 3136 qua
1469 3050 1633 3115 masculus
1656 3049 1710 3114 ille
1734 3061 1882 3114 recturus
1906 3059 2021 3135 gentes
2045 3071 2114 3135 spe·

458 3152 592 3219 rebatur
614 3153 752 3236 futurus,
776 3165 937 3240 quatenus
961 3177 1000 3219 ea
1023 3155 1169 3219 extincta
1192 3153 1314 3220 Christi
1344 3155 1557 3243 impediretur
1580 3155 1750 3238 adventus,
1781 3155 1842 3220 sed
1865 3167 1897 3220 et
1920 3165 1999 3220 tunc
2024 3156 2114 3242 quasi
2134 3181 2162 3219 ss

457 3271 545 3326 terra
560 3283 596 3325 os
612 3283 706 3324 suum
730 3261 866 3347 aperuit,
891 3260 1045 3347 quandob
1068 3262 1183 3347 regina
1198 3261 1320 3326 Hester
1340 3263 1446 3349 primo
1470 3261 1511 3326 ad
1532 3263 1642 3328 Deum
1666 3261 1877 3345 orationibus,
1901 3259 2022 3327 deinde
2039 3284 2114 3348 quo·

459 3389 522 3454 que
546 3365 635 3454 apud
650 3389 762 3452 regem
785 3366 1018 3433 intercedendo
1042 3368 1119 3454 egit,
1141 3377 1300 3454 quatenus
1324 3368 1495 3433 consilium
1510 3368 1619 3434 Amen
1641 3371 1818 3456 pessimum
1842 3371 1877 3432 in
1893 3379 1993 3455 caput
2016 3369 2114 3454 ipsius

458 3472 656 3538 redundaret
680 3483 712 3537 et
734 3495 815 3559 gens
839 3472 895 3537 illa
910 3474 1007 3538 unica
1023 3472 1076 3538 vel
1092 3471 1199 3554 arbor,
1215 3472 1256 3537 de
1274 3496 1339 3560 qua
1355 3473 1478 3539 fructus
1502 3475 1616 3540 salutis
1640 3474 1904 3562 exspectabatur,
1929 3473 2022 3539 salva
2044 3497 2114 3561 per·

458 3590 615 3645 maneret.
661 3580 706 3644 Et
733 3579 781 3645 ibi
808 3579 940 3666 quidem
970 3579 1071 3666 gladii
1102 3579 1145 3644 ad
1171 3579 1346 3645 Iudeorum
1374 3603 1472 3646 neces
1503 3581 1688 3668 corporales
1719 3581 1930 3669 parabantur,
1961 3581 2114 3646 hierem

460 3686 570 3773 lingue
586 3687 813 3769 hereticorum,
837 3686 1010 3751 macheras
1026 3687 1178 3750 nimirum
1194 3697 1299 3770 acute,
1323 3687 1367 3752 ad
1389 3687 1631 3754 interficiendas
1655 3690 1780 3754 animas
1805 3687 2035 3752 exerebantur.
2074 3687 2115 3752 Et
2130 3714 2151 3754 a

460 3795 545 3858 sicut
573 3793 712 3879 legimus
735 3816 830 3880 reges
855 3793 1013 3880 quosdam
1038 3815 1080 3858 ex
1104 3793 1239 3858 consilio
1261 3793 1479 3860 hereticorum
1503 3794 1698 3882 depravatos
1722 3806 1835 3860 contre
1863 3795 2038 3859 ecclesiam
2062 3794 2114 3858 dc-

459 3902 605 3982 seviisse,
636 3902 682 3965 ita
705 3910 838 3965 econtra
868 3899 1006 3986 legimus
1037 3901 1198 3986 sapientia
1220 3900 1373 3965 vincente
1401 3901 1565 3966 maliciam
1588 3901 1749 3966 hereticos
1773 3923 1887 3988 regum
1910 3899 2114 3966 animadver-

460 4008 550 4071 sione
574 4006 778 4093 dampnatos,
796 4005 894 4093 quod,
911 4017 947 4071 ut
962 4005 1115 4089 diximus,
1139 4007 1173 4069 ln
1188 4005 1297 4071 Aman
1319 4007 1466 4073 malicias
1490 4007 1586 4072 simul
1609 4017 1642 4073 et
1665 4007 1873 4073 damnatione
1898 4017 1930 4072 et
1953 4009 1987 4072 in
2003 4009 2115 4095 regine

458 4113 579 4178 Hester
600 4112 774 4200 prudentia
798 4134 837 4177 ac
861 4111 1052 4177 Mardochei
1075 4112 1291 4178 sollicitudine
1316 4137 1458 4201 congrue
1482 4114 1715 4202 prefiguratum
1739 4125 1796 4179 est.

388 4313 440 4364 (ss).
942 4293 995 4354 34.
1030 4290 1090 4354 De
1115 4289 1450 4356 dimensionibus
1474 4291 1630 4379 templi.
2132 4317 2156 4358 u

565 4415 699 4480 Interim
729 4437 808 4480 vero
838 4416 990 4502 pensanti
1020 4414 1100 4479 mihi
1130 4415 1349 4480 dimensiones
1380 4415 1501 4503 templi,
1533 4438 1597 4502 quc
1628 4439 1648 4480 a
1677 4416 1810 4503 regibus
1835 4416 1923 4504 Cyro
1951 4427 1984 4482 et
2011 4418 2113 4482 Dario

459 4522 681 4608 captivitatem
704 4520 928 4586 relaxantibus
953 4523 1126 4586 constitute
1151 4532 1235 4604 sunt,
1259 4532 1429 4608 suspectus
1445 4533 1494 4588 est
1517 4524 1551 4586 in
1568 4521 1739 4588 altitudine
1763 4544 1802 4588 ae
1825 4523 1996 4589 latitudine
2022 4546 2114 4588 sexa-

457 4650 615 4715 genorum
631 4626 814 4693 cubitorum
829 4650 993 4692 numerus.
1030 4627 1085 4694 Sic
1109 4629 1196 4693 enim
1220 4629 1292 4714 ipsa
1307 4626 1377 4693 Oiri
1393 4629 1561 4694 concessio
1578 4631 1699 4716 scripta
1722 4631 1866 4696 continet
1887 4631 1974 4694 inter
1989 4640 2113 4696 cetera:

286 4757 438 4807 ammam.
458 4751 486 4800 at
507 4751 541 4800 ut
555 4749 681 4822 portant
696 4735 912 4823 furzdaraento
935 4737 1153 4822 subportaatia
1176 4735 1375 4800 altitudinem
1398 4738 1570 4801 cubitorum
1588 4737 1655 4801 LX
1675 4752 1704 4802 et
1725 4737 1923 4803 latitudinem
1939 4739 2113 4803 cubitorum

458 4841 530 4906 LX.
566 4840 650 4905 Nam
671 4864 747 4906 cum
761 4840 928 4929 templum,
951 4851 987 4906 ut
1010 4841 1155 4906 estimari
1178 4849 1294 4927 potest,
1319 4841 1361 4905 ad
1384 4843 1501 4928 prioris
1524 4844 1628 4908 instar
1644 4845 1742 4908 etiam
1764 4842 1967 4930 longitudine
1990 4843 2114 4909 factum
2131 4869 2157 4908 ro

360 4970 438 5020 mas.
457 4970 598 5012 unacum
626 4948 757 5013 oraculo
780 4948 844 5012 LX
867 4947 993 5026 cubitos
1024 4947 1176 5012 habuerit
1204 4947 1503 5034 undiqueversum
1533 4951 1567 5012 in
1591 4948 1847 5014 dimensionibus
1872 4951 2035 5014 'senarius
2060 4950 2114 5015 de·

458 5077 558 5120 cenus
582 5056 732 5137 occurrit,
757 5056 813 5141 qui
836 5053 915 5118 mihi
938 5053 1021 5119 forte
1045 5075 1111 5117 non
1135 5054 1295 5136 inmerito,
1319 5065 1355 5118 ut
1377 5052 1457 5136 dixi,
1482 5065 1652 5142 suspectus
1676 5065 1735 5136 est,
1759 5057 1911 5120 nimirum
1926 5079 1987 5142 pro
2004 5057 2114 5121 simili-

312 5183 439 5256 nussn.
457 5161 569 5227 tudine
593 5161 678 5226 illius
694 5159 896 5246 Babylonica
920 5171 1025 5225 statue
1049 5182 1158 5242 auree,
1183 5182 1281 5246 quam
1301 5172 1452 5225 erexerat
1467 5159 1770 5228 Nabuchodonosor
1791 5185 1862 5244 rex,
1887 5164 1985 5227 etiam
2009 5164 2114 5251 ipsam

458 5266 631 5332 habentem
661 5268 695 5330 in
719 5265 888 5331 altitudine
912 5266 1039 5332 cubitos
1061 5266 1125 5330 LX
1148 5277 1181 5331 st
1204 5267 1238 5330 in
1260 5265 1432 5332 latitudine
1456 5266 1583 5332 cubitos
1608 5290 1676 5332 sex.
1724 5268 1847 5333 Sedet
1876 5270 1910 5332 in
1933 5270 2114 5357 apocalipsi

286 5396 439 5447 asseram.
457 5374 611 5438 Iohannis
641 5395 812 5438 numerum
841 5371 976 5455 bestiae,
1008 5395 1071 5459 que
1102 5374 1214 5460 utique
1244 5371 1464 5438 Antichristus
1493 5373 1695 5460 intelligitur,
1726 5375 1909 5440 invenimus
1940 5387 2114 5442 sexcentos
2131 5400 2157 5439 aa

456 5480 579 5563 LXVI,
604 5479 645 5544 de
662 5503 726 5567 quo
742 5479 898 5544 videlicet
920 5478 1024 5544 bestie
1047 5501 1182 5544 numero
1205 5481 1411 5566 postmodum
1434 5481 1640 5545 tractandum
1656 5483 1727 5546 erit.
1763 5481 1896 5546 Interim
1913 5504 1992 5548 vero
2010 5484 2114 5548 scien-

457 5585 545 5669 dum,
569 5586 656 5673 quod
679 5587 827 5651 senarius
851 5596 1019 5650 creaturae
1043 5584 1146 5650 solum
1171 5597 1203 5650 et
1225 5608 1291 5650 non
1315 5587 1469 5652 creatoris
1492 5610 1646 5652 numerus
1666 5599 1724 5653 est.
1760 5587 1809 5652 VI
1831 5610 1972 5674 namque
1997 5588 2113 5654 diebus

564 5746 591 5811 a)
614 5751 736 5817 pstibolo
755 5767 775 5801 c.
849 5747 878 5812 b)
900 5750 1008 5815 quande
1027 5766 1047 5800 c.
