4568 6428
247 1449 608 1586 HESSON
612 1451 692 1586 IS
733 1448 1326 1586 SOHOLASTIOI
1358 1451 1759 1587 RELATIO

473 1693 600 1828 DE
638 1693 1061 1830 CONOILIO
1098 1694 1527 1831 REMENSI.

925 1991 1088 2056 EDIDIT

708 2190 785 2290 W.
813 2187 1296 2291 WATTENBACH.

143 2483 158 2522 ⁵
308 2444 577 2529 Comoteutariam
601 2462 639 2526 de
662 2463 753 2527 rebuo
776 2488 806 2526 a.
826 2463 920 2524 1119.
947 2464 1027 2526 inter
1047 2460 1206 2526 Calcatum
1222 2459 1268 2524 H.
1287 2485 1412 2548 papam
1431 2475 1460 2526 et
1473 2461 1661 2526 Heiaricum
1682 2462 1715 2526 V.
1734 2466 1829 2550 impe-

178 2582 315 2632 ratorem
335 2571 430 2656 pert-io
445 2571 576 2655 primur
583 2569 715 2655 publici
736 2571 818 2634 iuria
834 2570 921 2657 fecit
936 2567 1004 2633 Set.
1028 2567 1207 2655 Teuqaapel
1225 2595 1254 2632 a.
1275 2569 1369 2631 1612.
1395 2570 1429 2632 iu
1444 2567 1655 2634 Monumemir
1677 2569 1829 2635 adoeroue

180 2672 403 2740 Scbirmoticoe
418 2700 455 2762 p.
475 2676 661 2758 329-338,
685 2701 765 2762 quoe
788 2676 885 2740 editio
909 2677 1040 2762 repetito
1063 2690 1107 2739 eet
1129 2678 1210 2738 inter
1229 2673 1334 2762 Opera
1357 2674 1501 2740 Greteeri
1522 2674 1587 2739 Vol.
1613 2675 1664 2739 VI.
1683 2703 1713 2741 a.
1734 2678 1828 2740 1735.

178 2779 271 2845 Idem
298 2796 377 2846 recte
406 2782 640 2864 animaduertit,
671 2784 822 2847 eaeimium
845 2783 926 2846 bunc
951 2783 1092 2847 libellum
1116 2782 1314 2846 tribuendum
1337 2806 1402 2847 eree
1423 2781 1566 2847 Herooui
1592 2783 1719 2848 cuidam
1741 2784 1828 2848 ecbo-

181 2888 301 2968 loetico,
331 2912 405 2952 uoue
436 2889 502 2954 loeo
524 2889 717 2954 Elelcebardi
745 2887 818 2973 (SS.
852 2889 911 2969 VI,
936 2889 1031 2975 255),
1063 2891 1122 2974 qui
1149 2889 1279 2954 eundem
1309 2903 1337 2952 et
1367 2889 1512 2954 loudooit
1540 2904 1568 2954 et
1591 2893 1625 2954 ia
1655 2915 1729 2954 aeuo
1758 2914 1831 2954 ortoo

133 3019 161 3058 10
180 2997 336 3060 convertit.
387 2995 484 3074 Quem
507 3021 577 3060 cum
592 3010 727 3083 propter
750 2998 891 3060 am'mrom
914 3021 935 3060 a
958 2997 1051 3060 rebue
1074 2997 1277 3082 imperatorie
1300 3009 1328 3060 et
1350 2997 1483 3082 imperii
1510 2997 1668 3061 commodo
1692 3021 1831 3084 proroue

180 3103 329 3182 alienum,
353 3116 381 3166 et
402 3104 462 3188 qui
474 3127 632 3168 caesarem
647 3129 684 3170 ue
700 3105 824 3168 uomiue
840 3103 967 3189 quidem
983 3105 1187 3190 imperatorio
1204 3103 1368 3189 appellare
1384 3102 1531 3190 dryaaaa
1547 3104 1665 3191 fuerit,
1689 3104 1829 3169 Franco-

177 3209 299 3295 9allum
321 3210 431 3296 furere
454 3223 651 3296 putaremur,
680 3213 810 3298 primm
844 3209 889 3273 W.
918 3209 1137 3275 Gieeebreclrt¹
1168 3210 1404 3291 demomtraoit,
1440 3234 1509 3274 eum
1538 3213 1574 3275 ia
1604 3211 1831 3298 diplomatibus

179 3315 460 3402 Arqeutiaeusibue
489 3341 644 3381 cartorum
676 3318 915 3380 1116-1119.
948 3319 1089 3381 inveniri
1110 3320 1191 3381 inter
1220 3318 1387 3382 caaoaicoo
1415 3319 1549 3382 umiorie
1579 3319 1739 3399 eccleciae,
1772 3321 1828 3384 ubi

179 3419 286 3485 Hesso
316 3421 477 3486 scolarum
500 3423 656 3508 magister
684 3423 873 3510 appellatur.
921 3423 962 3488 Ia
986 3426 1057 3511 ipra
1080 3424 1233 3488 Heinrici
1261 3423 1294 3486 V.
1320 3424 1444 3504 oborto,
1474 3449 1554 3509 quae
1577 3451 1605 3488 a.
1634 3427 1727 3489 1119.
1754 3426 1829 3490 doto

134 3553 162 3592 15
180 3553 244 3594 oete
267 3529 391 3594 uidetur
400 3535 422 3609 ²,
453 3533 534 3595 iuter
564 3545 651 3595 teoteo
680 3545 814 3618 apparet
842 3555 906 3595 uuo
936 3556 1006 3595 cum
1033 3529 1159 3595 Cuaoue
1190 3533 1344 3617 epmcopo.
1396 3530 1446 3595 De
1475 3532 1542 3612 boc,
1572 3547 1606 3596 ut
1627 3532 1711 3597 Pbil.
1743 3533 1831 3618 Jaffb

179 3638 307 3716 monuit,
320 3636 508 3702 Adelbertus
519 3637 724 3725 Moyuatiaue
739 3638 995 3724 archiepiscopus
1004 3639 1123 3724 paucio
1138 3639 1233 3702 aaa-ie
1241 3651 1317 3724 poet
1332 3635 1457 3702 Caliato
1470 3662 1576 3725 popae
1591 3640 1730 3725 ecriproit,
1747 3639 1833 3724 quod

179 3743 287 3805 statim
309 3753 383 3828 post
405 3742 566 3807 Remense
590 3744 764 3808 concilium
786 3742 1046 3808 misericordiam
1068 3743 1244 3830 posmlavit
1267 3754 1301 3808 et
1324 3765 1344 3806 a
1367 3742 1525 3807 cardinali
1549 3755 1660 3808 sancte
1683 3744 1828 3809 Romane

180 3848 317 3913 ecclesie
348 3847 585 3914 absolutionem
608 3852 742 3937 recepit.
788 3851 892 3916 Autea
923 3875 992 3916 eum
1023 3854 1058 3915 ia
1088 3852 1233 3936 obsequio
1264 3853 1347 3938 rapio
1370 3851 1535 3916 aeoiduum
1558 3853 1668 3939 sulem
1697 3851 1799 3936 refert
1808 3854 1828 3916 ⁸.

178 3955 300 4020 Eodem
323 3970 457 4045 tempore
480 3959 652 4023 Heoeoaem
675 3983 795 4044 quoque
818 3984 839 4022 o
861 3960 946 4046 repis
961 3959 1113 4045 partibus
1136 3957 1304 4023 dorcium
1334 3959 1507 4022 oerelrimile
1530 3972 1583 4039 eet,
1614 3974 1642 4023 et
1662 3958 1826 4023 Wilbelmo
1937 4035 1938 4038 Ἴ

134 4088 162 4127 oo
180 4061 218 4126 de
237 4062 420 4150 Compellie,
444 4067 534 4129 cuiue
549 4066 704 4153 fortasse,
721 4089 790 4130 cum
805 4064 947 4130 Paririie
962 4064 1093 4145 docmet,
1118 4064 1295 4152 direipulm
1311 4065 1394 4152 suit,
1418 4065 1610 4145 adboeoiose,
1634 4091 1703 4130 cum
1719 4068 1830 4152 paceo-

179 4170 274 4236 ceudi
294 4195 390 4235 cauea
413 4170 621 4259 Arqeutiaam
644 4174 784 4237 aenaea.
831 4171 918 4236 Nam
941 4173 980 4236 cb
1004 4172 1061 4236 boc
1084 4171 1159 4236 iude
1182 4186 1316 4259 tempore
1339 4175 1554 4237 narrationem
1582 4197 1672 4237 euam
1696 4173 1831 4254 orditur,

172 4281 270 4362 priua
286 4279 383 4366 sacto
405 4303 468 4343 aaa
491 4281 662 4367 attiuqerw5
685 4304 722 4343 rte
746 4279 784 4344 id
805 4279 933 4364 quidem
956 4280 1066 4367 refert,
1091 4281 1163 4365 quir
1187 4279 1302 4366 leqatoe
1325 4281 1400 4344 ictor
1422 4281 1554 4360 mirerit,
1582 4294 1686 4344 utrum
1711 4305 1732 4344 o
1748 4273 1834 4366 pom

179 4386 261 4472 tiriae
291 4385 442 4451 destinati
462 4387 594 4474 fuerim
622 4411 665 4453 are
694 4410 750 4452 auo
778 4386 883 4451 Morte
907 4410 1023 4472 paoem
1053 4389 1227 4468 reetimere,
1261 4387 1311 4451 vel
1336 4388 1448 4472 potius
1478 4389 1698 4474 imperatorem
1728 4387 1832 4452 verbio

179 4495 334 4558 ereaeorirssr
364 4493 410 4558 ad
437 4496 647 4559 couceeeiouee
677 4493 893 4580 imprudenter
916 4493 1094 4581 faciertdoo
1123 4493 1299 4579 impellere,
1330 4495 1436 4558 eonati
1456 4494 1594 4581 sueriat.
1642 4493 1691 4556 De
1718 4493 1830 4558 Pontio

137 4620 164 4660 eo
180 4613 281 4664 autem
296 4600 374 4687 fere
396 4601 483 4666 nibil
504 4601 653 4682 traditur,
676 4601 776 4665 eoliae
801 4603 945 4688 epiceopi
957 4614 1070 4687 portee
1094 4601 1264 4665 luculenter
1287 4601 1494 4686 explicaretur.
1535 4597 1601 4664 Sed
1622 4625 1691 4664 cum
1714 4624 1829 4688 moqua

181 4705 411 4772 comludeudoe
433 4710 531 4795 pacit
559 4732 630 4794 opes
660 4709 793 4772 excitata
816 4708 952 4794 fureret,
991 4732 1061 4771 cum
1095 4709 1187 4772 totim
1218 4709 1350 4772 concilii
1376 4707 1571 4772 incommodo
1606 4722 1634 4771 ot
1663 4707 1834 4772 oebemeoti

180 4805 347 4878 multorum
376 4814 594 4902 iadiqnatioae
624 4815 737 4880 bellum
767 4814 939 4896 recruduit,
971 4828 999 4878 et
1027 4814 1103 4879 boec
1133 4839 1229 4879 cauea
1257 4815 1362 4901 furore
1392 4813 1526 4894 uidetur,
1557 4839 1636 4900 quoe
1658 4813 1831 4879 Heroouem

182 4920 226 4984 ad
258 4924 488 4986 enarrationem
523 4924 616 4986 totius
649 4924 768 5009 repetii
799 4923 963 5007 compulit,
993 4935 1027 4985 ut
1058 4922 1132 4986 boae
1161 4920 1386 4986 caimadoertit
1414 4920 1446 4984 J.
1472 4920 1618 4985 Haller4.
1672 4919 1736 4985 Ubi
1763 4944 1833 4984 cum

183 5027 308 5113 eulpam
329 5029 386 5092 rei
401 5030 436 5092 iu
457 5031 678 5114 imperatorem
694 5030 808 5093 reiciat
822 5031 988 5113 animoque
1011 5028 1164 5092 odoereuo
1186 5029 1267 5091 burte
1289 5029 1367 5092 cotia
1390 5029 1508 5116 infecto
1531 5029 1705 5114 scripserit,
1729 5041 1831 5092 tamea

140 5159 167 5198 oo
183 5135 311 5199 ceritati
329 5135 485 5199 etuduuoe
508 5135 642 5215 uidetur,
666 5136 856 5222 multumque
879 5136 964 5200 abeat
986 5160 1006 5198 a
1022 5136 1164 5222 sabulis,
1188 5159 1267 5220 quoe
1289 5133 1462 5199 Ioboauem
1485 5134 1681 5199 cardinalem
1706 5135 1829 5220 loquea-

183 5253 241 5305 tom
260 5241 352 5328 facit
376 5240 548 5306 Ordericuo
573 5241 697 5324 Vitellio,
729 5257 888 5328 tamquam
918 5265 1078 5306 armorum
1103 5255 1220 5306 terrore
1250 5243 1422 5327 imperator
1438 5243 1621 5328 pontificem
1644 5241 1690 5306 od
1711 5242 1831 5329 sapam

292 5443 321 5515 1)
353 5445 388 5502 Ia
416 5444 488 5503 libro
515 5443 627 5504 ‘Geecla
659 5447 687 5503 d.
720 5447 868 5504 demota
898 5443 1072 5503 Koirerreit’
1103 5444 1163 5515 111,
1192 5442 1290 5515 1048,
1321 5463 1349 5501 a.
1377 5443 1472 5501 1869.
1530 5443 1651 5502 Tabulae
1680 5444 1745 5502 illue
1774 5443 1831 5500 iam

184 5551 357 5610 inoculatio
375 5550 539 5628 GodDipl.
564 5552 641 5611 urbi-5
655 5553 772 5631 Aryeut.
789 5573 817 5612 u.
843 5551 1008 5629 Wiepaadio
1031 5551 1103 5610 edito
1120 5552 1143 5623 1,
1162 5551 1202 5609 56
1220 5549 1313 5609 ebt.
1392 5549 1422 5620 2)
1447 5551 1483 5608 L.
1501 5553 1518 5608 l.
1531 5570 1564 5626 p.
1582 5549 1634 5607 59.
1709 5549 1739 5621 3)
1757 5549 1830 5607 Bibl.

185 5657 254 5716 Her.
280 5655 375 5716 Germ
394 5659 454 5729 III,
480 5658 553 5715 393.
645 5659 676 5730 4)
702 5659 769 5717 ‘Die
786 5660 1024 5736 Verbaadluaqeu
1046 5678 1100 5718 ocu
1125 5658 1258 5717 Macron.
1297 5658 1359 5714 Zur
1381 5657 1592 5734 Vorpeecbiebte
1614 5658 1662 5715 da
1685 5656 1828 5716 Worouer

141 5781 168 5820 u
188 5761 374 5823 Concordotr'
397 5765 427 5824 ia
450 5765 552 5824 anuali
575 5764 664 5825 ‘Nate
686 5767 813 5825 Heidelb.
837 5765 1043 5837 Jaortocuer’,
1074 5766 1133 5824 Vol.
1158 5764 1200 5836 II,
1218 5785 1252 5841 p.
1272 5764 1455 5822 let-164.
