<?xml version="1.0" encoding="UTF-8"?>
<!DOCTYPE html PUBLIC "-//W3C//DTD XHTML 1.0 Transitional//EN"
    "http://www.w3.org/TR/xhtml1/DTD/xhtml1-transitional.dtd">
<html xmlns="http://www.w3.org/1999/xhtml" xml:lang="en" lang="en">
 <head>
  <title>
</title>
<meta http-equiv="Content-Type" content="text/html;charset=utf-8" />
  <meta name='ocr-system' content='tesseract 3.04.00' />
  <meta name='ocr-capabilities' content='ocr_page ocr_carea ocr_par ocr_line ocrx_word'/>
</head>
<body>
  <div class='ocr_page' id='page_1' title='image "./monumentagerman00unkngoog_0560.png"; bbox 0 0 4426 6398; ppageno 0'>
   <div class='ocr_carea' id='block_1_1' title="bbox 485 387 1772 452">
    <p class='ocr_par' dir='ltr' id='par_1_1' title="bbox 485 387 1772 452">
     <span class='ocr_line' id='line_1_1' title="bbox 485 387 1772 452; baseline 0 -2"><span class='ocrx_word' id='word_1_1' title='bbox 485 395 668 452; x_wconf 86' lang='lat' dir='ltr'><strong><em>MONACHI</em></strong></span> <span class='ocrx_word' id='word_1_2' title='bbox 690 394 833 452; x_wconf 87' lang='lat' dir='ltr'><strong><em>EXULIS</em></strong></span> <span class='ocrx_word' id='word_1_3' title='bbox 858 394 888 450; x_wconf 89' lang='lat' dir='ltr'><strong><em>S.</em></strong></span> <span class='ocrx_word' id='word_1_4' title='bbox 912 394 1128 451; x_wconf 81' lang='lat' dir='ltr'>LAURENTII</span> <span class='ocrx_word' id='word_1_5' title='bbox 1153 392 1402 451; x_wconf 86' lang='lat' dir='ltr'><strong><em>OPUSCULUM.</em></strong></span> <span class='ocrx_word' id='word_1_6' title='bbox 1709 387 1772 450; x_wconf 87' lang='grc'><strong><em>623</em></strong></span> 
     </span>
    </p>
   </div>
   <div class='ocr_carea' id='block_1_2' title="bbox 78 575 1866 4506">
    <p class='ocr_par' dir='ltr' id='par_1_2' title="bbox 78 575 1866 3760">
     <span class='ocr_line' id='line_1_2' title="bbox 121 575 1866 670; baseline -0.001 -22"><span class='ocrx_word' id='word_1_7' title='bbox 121 584 286 648; x_wconf 73' lang='lat' dir='ltr'><em>laborabat</em></span> <span class='ocrx_word' id='word_1_8' title='bbox 316 584 438 648; x_wconf 83' lang='lat' dir='ltr'><strong><em>mendis</em></strong></span> <span class='ocrx_word' id='word_1_9' title='bbox 470 584 593 648; x_wconf 78' lang='lat' dir='ltr'><em>mederi</em></span> <span class='ocrx_word' id='word_1_10' title='bbox 615 596 749 669; x_wconf 87' lang='lat' dir='ltr'><strong><em>poterat.</em></strong></span> <span class='ocrx_word' id='word_1_11' title='bbox 802 582 940 660; x_wconf 79' lang='lat' dir='ltr'><strong><em>Quorum</em></strong></span> <span class='ocrx_word' id='word_1_12' title='bbox 973 606 1035 647; x_wconf 90' lang='lat' dir='ltr'><strong><em>non</em></strong></span> <span class='ocrx_word' id='word_1_13' title='bbox 1059 606 1170 668; x_wconf 88' lang='lat' dir='ltr'><strong><em>pauca</em></strong></span> <span class='ocrx_word' id='word_1_14' title='bbox 1202 585 1267 646; x_wconf 90' lang='lat' dir='ltr'><strong><em>iam</em></strong></span> <span class='ocrx_word' id='word_1_15' title='bbox 1300 581 1407 645; x_wconf 87' lang='lat' dir='ltr'><strong><em>codici</em></strong></span> <span class='ocrx_word' id='word_1_16' title='bbox 1436 582 1602 668; x_wconf 79' lang='lat' dir='ltr'><strong><em>arcleetppo</em></strong></span> <span class='ocrx_word' id='word_1_17' title='bbox 1634 583 1774 670; x_wconf 69' lang='lat' dir='ltr'><strong><em>infense</em></strong></span> <span class='ocrx_word' id='word_1_18' title='bbox 1862 575 1866 582; x_wconf 62' lang='grc'>’</span> 
     </span>
     <span class='ocr_line' id='line_1_3' title="bbox 118 687 1773 777; baseline -0.001 -23"><span class='ocrx_word' id='word_1_19' title='bbox 118 705 202 777; x_wconf 86' lang='lat' dir='ltr'><strong><em>puto.</em></strong></span> <span class='ocrx_word' id='word_1_20' title='bbox 239 689 294 754; x_wconf 82' lang='lat' dir='ltr'><strong><em>Eu·</em></strong></span> <span class='ocrx_word' id='word_1_21' title='bbox 315 691 437 755; x_wconf 83' lang='lat' dir='ltr'><strong><em>ultimis</em></strong></span> <span class='ocrx_word' id='word_1_22' title='bbox 460 692 542 754; x_wconf 88' lang='lat' dir='ltr'><strong><em>enim</em></strong></span> <span class='ocrx_word' id='word_1_23' title='bbox 566 691 707 754; x_wconf 77' lang='lat' dir='ltr'><strong><em>versibus</em></strong></span> <span class='ocrx_word' id='word_1_24' title='bbox 730 691 912 776; x_wconf 81' lang='lat' dir='ltr'><strong><em>opusculum</em></strong></span> <span class='ocrx_word' id='word_1_25' title='bbox 936 715 957 752; x_wconf 87' lang='lat' dir='ltr'><strong><em>n</em></strong></span> <span class='ocrx_word' id='word_1_26' title='bbox 973 703 1069 776; x_wconf 90' lang='lat' dir='ltr'><strong><em>poeta</em></strong></span> <span class='ocrx_word' id='word_1_27' title='bbox 1092 712 1154 752; x_wconf 87' lang='lat' dir='ltr'><strong><em>non</em></strong></span> <span class='ocrx_word' id='word_1_28' title='bbox 1164 687 1346 774; x_wconf 83' lang='lat' dir='ltr'><strong><em>perfeetum</em></strong></span> <span class='ocrx_word' id='word_1_29' title='bbox 1362 712 1426 752; x_wconf 82' lang='lat' dir='ltr'><strong><em>eece</em></strong></span> <span class='ocrx_word' id='word_1_30' title='bbox 1448 691 1527 752; x_wconf 75' lang='lat' dir='ltr'><strong><em>satie</em></strong></span> <span class='ocrx_word' id='word_1_31' title='bbox 1550 688 1654 753; x_wconf 87' lang='lat' dir='ltr'><strong><em>elucet.</em></strong></span> <span class='ocrx_word' id='word_1_32' title='bbox 1695 688 1773 753; x_wconf 79' lang='lat' dir='ltr'><strong><em>Cum</em></strong></span> 
     </span>
     <span class='ocr_line' id='line_1_4' title="bbox 123 795 1773 883; baseline -0.001 -22"><span class='ocrx_word' id='word_1_33' title='bbox 123 799 219 883; x_wconf 81' lang='lat' dir='ltr'><strong><em>iqitur</em></strong></span> <span class='ocrx_word' id='word_1_34' title='bbox 234 799 379 861; x_wconf 84' lang='lat' dir='ltr'><strong><em>carmina</em></strong></span> <span class='ocrx_word' id='word_1_35' title='bbox 391 799 507 882; x_wconf 85' lang='lat' dir='ltr'><strong><em>priora</em></strong></span> <span class='ocrx_word' id='word_1_36' title='bbox 530 810 558 861; x_wconf 88' lang='lat' dir='ltr'><strong><em>et</em></strong></span> <span class='ocrx_word' id='word_1_37' title='bbox 579 821 777 861; x_wconf 88' lang='lat' dir='ltr'><strong><em>numeror-um</em></strong></span> <span class='ocrx_word' id='word_1_38' title='bbox 789 798 931 882; x_wconf 84' lang='lat' dir='ltr'><strong><em>puritate</em></strong></span> <span class='ocrx_word' id='word_1_39' title='bbox 954 810 982 860; x_wconf 91' lang='lat' dir='ltr'><strong><em>et</em></strong></span> <span class='ocrx_word' id='word_1_40' title='bbox 1003 797 1156 859; x_wconf 82' lang='lat' dir='ltr'><strong><em>sermonis</em></strong></span> <span class='ocrx_word' id='word_1_41' title='bbox 1179 795 1333 880; x_wconf 84' lang='lat' dir='ltr'><strong><em>eleqantia</em></strong></span> <span class='ocrx_word' id='word_1_42' title='bbox 1356 795 1517 874; x_wconf 77' lang='lat' dir='ltr'><strong><em>annullant,</em></strong></span> <span class='ocrx_word' id='word_1_43' title='bbox 1542 798 1576 859; x_wconf 88' lang='lat' dir='ltr'><strong><em>in</em></strong></span> <span class='ocrx_word' id='word_1_44' title='bbox 1584 797 1773 881; x_wconf 81' lang='lat' dir='ltr'><strong><em>posteriori·</em></strong></span> 
     </span>
     <span class='ocr_line' id='line_1_5' title="bbox 122 901 1771 989; baseline -0.001 -23"><span class='ocrx_word' id='word_1_45' title='bbox 122 905 177 966; x_wconf 82' lang='lat' dir='ltr'><strong><em>bue</em></strong></span> <span class='ocrx_word' id='word_1_46' title='bbox 201 905 328 967; x_wconf 85' lang='lat' dir='ltr'><strong><em>numeri</em></strong></span> <span class='ocrx_word' id='word_1_47' title='bbox 346 905 475 989; x_wconf 75' lang='lat' dir='ltr'><strong><em>saepius</em></strong></span> <span class='ocrx_word' id='word_1_48' title='bbox 498 903 587 982; x_wconf 84' lang='lat' dir='ltr'><strong><em>laesi,</em></strong></span> <span class='ocrx_word' id='word_1_49' title='bbox 615 927 715 968; x_wconf 84' lang='lat' dir='ltr'><strong><em>sermo</em></strong></span> <span class='ocrx_word' id='word_1_50' title='bbox 740 926 811 967; x_wconf 86' lang='lat' dir='ltr'><strong><em>uero</em></strong></span> <span class='ocrx_word' id='word_1_51' title='bbox 834 905 962 988; x_wconf 86' lang='lat' dir='ltr'><strong><em>enepiue</em></strong></span> <span class='ocrx_word' id='word_1_52' title='bbox 985 902 1064 966; x_wconf 86' lang='lat' dir='ltr'><strong><em>adeo</em></strong></span> <span class='ocrx_word' id='word_1_53' title='bbox 1088 902 1224 966; x_wconf 76' lang='lat' dir='ltr'><strong><em>tuentem</em></strong></span> <span class='ocrx_word' id='word_1_54' title='bbox 1246 903 1413 986; x_wconf 86' lang='lat' dir='ltr'><strong><em>reperitur,</em></strong></span> <span class='ocrx_word' id='word_1_55' title='bbox 1438 915 1471 966; x_wconf 90' lang='grc' dir='ltr'><strong><em>ιιι</em></strong></span> <span class='ocrx_word' id='word_1_56' title='bbox 1492 901 1539 966; x_wconf 86' lang='lat' dir='ltr'><strong><em>ad</em></strong></span> <span class='ocrx_word' id='word_1_57' title='bbox 1559 917 1771 988; x_wconf 84' lang='lat' dir='ltr'><strong><em>arqurnentum</em></strong></span> 
     </span>
     <span class='ocr_line' id='line_1_6' title="bbox 92 1008 1773 1096; baseline -0.001 -23"><span class='ocrx_word' id='word_1_58' title='bbox 92 1033 351 1096; x_wconf 82' lang='lat' dir='ltr'><strong><em>ueermonemque</em></strong></span> <span class='ocrx_word' id='word_1_59' title='bbox 377 1009 552 1095; x_wconf 78' lang='lat' dir='ltr'><strong><em>pedestrem</em></strong></span> <span class='ocrx_word' id='word_1_60' title='bbox 576 1024 703 1096; x_wconf 88' lang='lat' dir='ltr'><strong><em>poetam</em></strong></span> <span class='ocrx_word' id='word_1_61' title='bbox 733 1011 897 1074; x_wconf 79' lang='lat' dir='ltr'><strong><em>transiisse</em></strong></span> <span class='ocrx_word' id='word_1_62' title='bbox 927 1023 982 1073; x_wconf 84' lang='grc' dir='ltr'><em>ιιιιι</em></span> <span class='ocrx_word' id='word_1_63' title='bbox 1010 1009 1126 1088; x_wconf 86' lang='lat' dir='ltr'><strong><em>alium,</em></strong></span> <span class='ocrx_word' id='word_1_64' title='bbox 1157 1009 1277 1071; x_wconf 88' lang='lat' dir='ltr'><strong><em>minore</em></strong></span> <span class='ocrx_word' id='word_1_65' title='bbox 1307 1011 1424 1094; x_wconf 79' lang='lat' dir='ltr'><strong><em>quippe</em></strong></span> <span class='ocrx_word' id='word_1_66' title='bbox 1454 1008 1560 1072; x_wconf 91' lang='lat' dir='ltr'><strong><em>indole</em></strong></span> <span class='ocrx_word' id='word_1_67' title='bbox 1580 1008 1773 1094; x_wconf 85' lang='lat' dir='ltr'><strong><em>praeditum,</em></strong></span> 
     </span>
     <span class='ocr_line' id='line_1_7' title="bbox 122 1115 1774 1203; baseline -0.002 -23"><span class='ocrx_word' id='word_1_68' title='bbox 122 1119 189 1181; x_wconf 87' lang='lat' dir='ltr'><strong><em>ciue</em></strong></span> <span class='ocrx_word' id='word_1_69' title='bbox 212 1117 395 1203; x_wconf 79' lang='lat' dir='ltr'><strong><em>opuseulum</em></strong></span> <span class='ocrx_word' id='word_1_70' title='bbox 418 1119 575 1201; x_wconf 72' lang='lat' dir='ltr'><strong><em>excepieee</em></strong></span> <span class='ocrx_word' id='word_1_71' title='bbox 590 1129 732 1202; x_wconf 84' lang='lat' dir='ltr'><strong><em>putares.</em></strong></span> <span class='ocrx_word' id='word_1_72' title='bbox 779 1115 1012 1180; x_wconf 80' lang='lat' dir='ltr'><strong><em>Posterioribue</em></strong></span> <span class='ocrx_word' id='word_1_73' title='bbox 1034 1138 1106 1202; x_wconf 83' lang='lat' dir='ltr'><strong><em>erqo</em></strong></span> <span class='ocrx_word' id='word_1_74' title='bbox 1130 1139 1241 1178; x_wconf 87' lang='lat' dir='ltr'><strong><em>manue</em></strong></span> <span class='ocrx_word' id='word_1_75' title='bbox 1264 1129 1400 1179; x_wconf 73' lang='lat' dir='ltr'><strong><em>extrema</em></strong></span> <span class='ocrx_word' id='word_1_76' title='bbox 1424 1117 1481 1178; x_wconf 80' lang='lat' dir='ltr'><strong><em>viu·</em></strong></span> <span class='ocrx_word' id='word_1_77' title='bbox 1502 1118 1639 1180; x_wconf 77' lang='lat' dir='ltr'><strong><em>noemeit.</em></strong></span> <span class='ocrx_word' id='word_1_78' title='bbox 1686 1115 1774 1180; x_wconf 87' lang='lat' dir='ltr'><strong><em>Unde</em></strong></span> 
     </span>
     <span class='ocr_line' id='line_1_8' title="bbox 122 1221 1772 1309; baseline -0.001 -23"><span class='ocrx_word' id='word_1_79' title='bbox 122 1247 243 1309; x_wconf 87' lang='lat' dir='ltr'><strong><em>quoque</em></strong></span> <span class='ocrx_word' id='word_1_80' title='bbox 266 1247 327 1287; x_wconf 91' lang='lat' dir='ltr'><strong><em>non</em></strong></span> <span class='ocrx_word' id='word_1_81' title='bbox 348 1247 423 1286; x_wconf 90' lang='lat' dir='ltr'><strong><em>cceu</em></strong></span> <span class='ocrx_word' id='word_1_82' title='bbox 446 1225 582 1287; x_wconf 88' lang='lat' dir='ltr'><strong><em>euenieee</em></strong></span> <span class='ocrx_word' id='word_1_83' title='bbox 605 1223 793 1309; x_wconf 85' lang='lat' dir='ltr'><strong><em>colleqerim,</em></strong></span> <span class='ocrx_word' id='word_1_84' title='bbox 817 1236 850 1286; x_wconf 88' lang='lat' dir='ltr'><strong><em>ut</em></strong></span> <span class='ocrx_word' id='word_1_85' title='bbox 872 1225 907 1287; x_wconf 89' lang='lat' dir='ltr'><strong><em>in</em></strong></span> <span class='ocrx_word' id='word_1_86' title='bbox 930 1222 980 1286; x_wconf 79' lang='lat' dir='ltr'><strong><em>leie</em></strong></span> <span class='ocrx_word' id='word_1_87' title='bbox 1004 1223 1085 1307; x_wconf 78' lang='lat' dir='ltr'><strong><em>speie</em></strong></span> <span class='ocrx_word' id='word_1_88' title='bbox 1095 1222 1245 1307; x_wconf 78' lang='lat' dir='ltr'><strong><em>partibus</em></strong></span> <span class='ocrx_word' id='word_1_89' title='bbox 1260 1234 1302 1284; x_wconf 90' lang='grc' dir='ltr'><strong><em>ιοι</em></strong></span> <span class='ocrx_word' id='word_1_90' title='bbox 1324 1235 1352 1285; x_wconf 88' lang='lat' dir='ltr'><strong><em>et</em></strong></span> <span class='ocrx_word' id='word_1_91' title='bbox 1373 1235 1459 1285; x_wconf 87' lang='lat' dir='ltr'><strong><em>tanta</em></strong></span> <span class='ocrx_word' id='word_1_92' title='bbox 1475 1221 1588 1286; x_wconf 86' lang='lat' dir='ltr'><strong><em>menda</em></strong></span> <span class='ocrx_word' id='word_1_93' title='bbox 1605 1221 1772 1308; x_wconf 77' lang='lat' dir='ltr'><strong><em>deprehen-</em></strong></span> 
     </span>
     <span class='ocr_line' id='line_1_9' title="bbox 123 1328 1773 1416; baseline -0.001 -23"><span class='ocrx_word' id='word_1_94' title='bbox 123 1329 247 1393; x_wconf 86' lang='lat' dir='ltr'><strong><em>dantur.</em></strong></span> <span class='ocrx_word' id='word_1_95' title='bbox 298 1328 385 1406; x_wconf 78' lang='lat' dir='ltr'><strong><em>Quae</em></strong></span> <span class='ocrx_word' id='word_1_96' title='bbox 408 1353 475 1393; x_wconf 86' lang='lat' dir='ltr'><strong><em>eum</em></strong></span> <span class='ocrx_word' id='word_1_97' title='bbox 500 1331 699 1416; x_wconf 79' lang='lat' dir='ltr'><strong><em>corriperem,</em></strong></span> <span class='ocrx_word' id='word_1_98' title='bbox 723 1353 782 1392; x_wconf 89' lang='lat' dir='ltr'><strong><em>non</em></strong></span> <span class='ocrx_word' id='word_1_99' title='bbox 806 1329 910 1408; x_wconf 87' lang='lat' dir='ltr'><strong><em>semel,</em></strong></span> <span class='ocrx_word' id='word_1_100' title='bbox 934 1353 971 1392; x_wconf 89' lang='lat' dir='ltr'><strong><em>nc</em></strong></span> <span class='ocrx_word' id='word_1_101' title='bbox 995 1330 1074 1392; x_wconf 89' lang='lat' dir='ltr'><strong><em>vitia</em></strong></span> <span class='ocrx_word' id='word_1_102' title='bbox 1097 1352 1159 1391; x_wconf 88' lang='lat' dir='ltr'><strong><em>non</em></strong></span> <span class='ocrx_word' id='word_1_103' title='bbox 1182 1341 1244 1391; x_wconf 78' lang='lat' dir='ltr'><strong><em>mm</em></strong></span> <span class='ocrx_word' id='word_1_104' title='bbox 1269 1328 1403 1392; x_wconf 83' lang='lat' dir='ltr'><strong><em>librarii</em></strong></span> <span class='ocrx_word' id='word_1_105' title='bbox 1423 1352 1518 1412; x_wconf 89' lang='lat' dir='ltr'><strong><em>quam</em></strong></span> <span class='ocrx_word' id='word_1_106' title='bbox 1542 1331 1645 1414; x_wconf 83' lang='lat' dir='ltr'><strong><em>ipsine</em></strong></span> <span class='ocrx_word' id='word_1_107' title='bbox 1660 1343 1773 1414; x_wconf 88' lang='lat' dir='ltr'><strong><em>poetae</em></strong></span> 
     </span>
     <span class='ocr_line' id='line_1_10' title="bbox 122 1432 1775 1520; baseline -0.001 -21"><span class='ocrx_word' id='word_1_108' title='bbox 122 1435 329 1515; x_wconf 75' lang='lat' dir='ltr'><strong><em>emendarem,</em></strong></span> <span class='ocrx_word' id='word_1_109' title='bbox 353 1437 491 1501; x_wconf 77' lang='lat' dir='ltr'><strong><em>eueher.</em></strong></span> <span class='ocrx_word' id='word_1_110' title='bbox 538 1435 588 1500; x_wconf 88' lang='lat' dir='ltr'><strong><em>De</em></strong></span> <span class='ocrx_word' id='word_1_111' title='bbox 611 1449 736 1499; x_wconf 86' lang='lat' dir='ltr'><strong><em>auctore</em></strong></span> <span class='ocrx_word' id='word_1_112' title='bbox 758 1435 844 1499; x_wconf 72' lang='lat' dir='ltr'><strong><em>citit</em></strong></span> <span class='ocrx_word' id='word_1_113' title='bbox 865 1434 1015 1499; x_wconf 87' lang='lat' dir='ltr'><strong><em>traditum</em></strong></span> <span class='ocrx_word' id='word_1_114' title='bbox 1040 1449 1092 1498; x_wconf 86' lang='lat' dir='ltr'><strong><em>eet.</em></strong></span> <span class='ocrx_word' id='word_1_115' title='bbox 1140 1432 1206 1497; x_wconf 84' lang='lat' dir='ltr'><strong><em>Sed</em></strong></span> <span class='ocrx_word' id='word_1_116' title='bbox 1227 1436 1358 1520; x_wconf 82' lang='lat' dir='ltr'><strong><em>ceetiqin</em></strong></span> <span class='ocrx_word' id='word_1_117' title='bbox 1382 1457 1442 1498; x_wconf 86' lang='lat' dir='ltr'><strong><em>non</em></strong></span> <span class='ocrx_word' id='word_1_118' title='bbox 1468 1434 1587 1516; x_wconf 77' lang='lat' dir='ltr'><strong><em>desunt,</em></strong></span> <span class='ocrx_word' id='word_1_119' title='bbox 1611 1436 1724 1520; x_wconf 81' lang='lat' dir='ltr'><strong><em>quibus</em></strong></span> <span class='ocrx_word' id='word_1_120' title='bbox 1747 1449 1775 1499; x_wconf 90' lang='lat' dir='ltr'><strong><em>et</em></strong></span> 
     </span>
     <span class='ocr_line' id='line_1_11' title="bbox 81 1540 1773 1628; baseline 0 -24"><span class='ocrx_word' id='word_1_121' title='bbox 81 1567 106 1605; x_wconf 84' lang='lat' dir='ltr'><strong><em>n</em></strong></span> <span class='ocrx_word' id='word_1_122' title='bbox 123 1544 191 1607; x_wconf 78' lang='lat' dir='ltr'><strong><em>eius</em></strong></span> <span class='ocrx_word' id='word_1_123' title='bbox 220 1567 330 1607; x_wconf 87' lang='lat' dir='ltr'><strong><em>nomen</em></strong></span> <span class='ocrx_word' id='word_1_124' title='bbox 353 1557 381 1607; x_wconf 89' lang='lat' dir='ltr'><strong><em>et</em></strong></span> <span class='ocrx_word' id='word_1_125' title='bbox 403 1566 463 1628; x_wconf 88' lang='lat' dir='ltr'><strong><em>quo</em></strong></span> <span class='ocrx_word' id='word_1_126' title='bbox 488 1543 553 1606; x_wconf 91' lang='lat' dir='ltr'><strong><em>loco</em></strong></span> <span class='ocrx_word' id='word_1_127' title='bbox 577 1556 605 1606; x_wconf 88' lang='lat' dir='ltr'><strong><em>et</em></strong></span> <span class='ocrx_word' id='word_1_128' title='bbox 627 1567 690 1627; x_wconf 89' lang='lat' dir='ltr'><strong><em>qua</em></strong></span> <span class='ocrx_word' id='word_1_129' title='bbox 713 1555 811 1606; x_wconf 89' lang='lat' dir='ltr'><strong><em>aetate</em></strong></span> <span class='ocrx_word' id='word_1_130' title='bbox 826 1543 987 1628; x_wconf 80' lang='lat' dir='ltr'><strong><em>floruerit,</em></strong></span> <span class='ocrx_word' id='word_1_131' title='bbox 1010 1541 1119 1627; x_wconf 85' lang='lat' dir='ltr'><strong><em>facile</em></strong></span> <span class='ocrx_word' id='word_1_132' title='bbox 1147 1540 1303 1625; x_wconf 84' lang='lat' dir='ltr'><strong><em>indaqari</em></strong></span> <span class='ocrx_word' id='word_1_133' title='bbox 1318 1543 1429 1626; x_wconf 85' lang='lat' dir='ltr'><strong><em>poseit.</em></strong></span> <span class='ocrx_word' id='word_1_134' title='bbox 1477 1540 1667 1605; x_wconf 77' lang='lat' dir='ltr'><em>Monachum</em></span> <span class='ocrx_word' id='word_1_135' title='bbox 1691 1545 1773 1606; x_wconf 86' lang='lat' dir='ltr'><strong><em>enim</em></strong></span> 
     </span>
     <span class='ocr_line' id='line_1_12' title="bbox 121 1645 1777 1736; baseline 0.001 -25"><span class='ocrx_word' id='word_1_136' title='bbox 121 1673 146 1712; x_wconf 86' lang='lat' dir='ltr'><strong><em>e.</em></strong></span> <span class='ocrx_word' id='word_1_137' title='bbox 171 1648 345 1713; x_wconf 81' lang='lat' dir='ltr'><strong><em>Laurentii</em></strong></span> <span class='ocrx_word' id='word_1_138' title='bbox 367 1648 556 1714; x_wconf 86' lang='lat' dir='ltr'><strong><em>Leodieueie</em></strong></span> <span class='ocrx_word' id='word_1_139' title='bbox 585 1673 654 1714; x_wconf 89' lang='lat' dir='ltr'><strong><em>eum</em></strong></span> <span class='ocrx_word' id='word_1_140' title='bbox 676 1649 788 1736; x_wconf 84' lang='lat' dir='ltr'><strong><em>fuieee</em></strong></span> <span class='ocrx_word' id='word_1_141' title='bbox 809 1662 900 1734; x_wconf 89' lang='lat' dir='ltr'><strong><em>patet</em></strong></span> <span class='ocrx_word' id='word_1_142' title='bbox 929 1662 1000 1712; x_wconf 90' lang='lat' dir='ltr'><strong><em>tunc</em></strong></span> <span class='ocrx_word' id='word_1_143' title='bbox 1030 1649 1178 1732; x_wconf 86' lang='lat' dir='ltr'><strong><em>temporie</em></strong></span> <span class='ocrx_word' id='word_1_144' title='bbox 1208 1649 1247 1710; x_wconf 82' lang='lat' dir='ltr'><strong><em>ab</em></strong></span> <span class='ocrx_word' id='word_1_145' title='bbox 1274 1645 1396 1711; x_wconf 76' lang='lat' dir='ltr'><strong><em>Otherto</em></strong></span> <span class='ocrx_word' id='word_1_146' title='bbox 1427 1650 1572 1733; x_wconf 89' lang='lat' dir='ltr'><strong><em>epiecopo</em></strong></span> <span class='ocrx_word' id='word_1_147' title='bbox 1602 1648 1777 1713; x_wconf 86' lang='lat' dir='ltr'><strong><em>Leodienei</em></strong></span> 
     </span>
     <span class='ocr_line' id='line_1_13' title="bbox 123 1754 1773 1840; baseline 0.002 -23"><span class='ocrx_word' id='word_1_148' title='bbox 123 1756 298 1840; x_wconf 67' lang='lat' dir='ltr'><strong><em>expulsum,</em></strong></span> <span class='ocrx_word' id='word_1_149' title='bbox 322 1757 381 1840; x_wconf 91' lang='lat' dir='ltr'><strong><em>qui</em></strong></span> <span class='ocrx_word' id='word_1_150' title='bbox 400 1781 430 1818; x_wconf 91' lang='lat' dir='ltr'><strong><em>a.</em></strong></span> <span class='ocrx_word' id='word_1_151' title='bbox 447 1756 541 1818; x_wconf 89' lang='grc'><strong>1095.</strong></span> <span class='ocrx_word' id='word_1_152' title='bbox 567 1755 641 1819; x_wconf 80' lang='lat' dir='ltr'><strong><em>enul</em></strong></span> <span class='ocrx_word' id='word_1_153' title='bbox 662 1755 713 1819; x_wconf 78' lang='lat' dir='ltr'><strong><em>hie</em></strong></span> <span class='ocrx_word' id='word_1_154' title='bbox 736 1757 878 1820; x_wconf 78' lang='lat' dir='ltr'><strong><em>uersibus</em></strong></span> <span class='ocrx_word' id='word_1_155' title='bbox 896 1754 934 1818; x_wconf 90' lang='lat' dir='ltr'><strong><em>de</em></strong></span> <span class='ocrx_word' id='word_1_156' title='bbox 950 1755 1046 1817; x_wconf 88' lang='lat' dir='ltr'><strong><em>malie</em></strong></span> <span class='ocrx_word' id='word_1_157' title='bbox 1062 1757 1132 1840; x_wconf 86' lang='lat' dir='ltr'><strong><em>eqit,</em></strong></span> <span class='ocrx_word' id='word_1_158' title='bbox 1157 1756 1271 1838; x_wconf 78' lang='lat' dir='ltr'><strong><em>quibus</em></strong></span> <span class='ocrx_word' id='word_1_159' title='bbox 1295 1756 1362 1839; x_wconf 87' lang='lat' dir='ltr'><strong><em>ipee</em></strong></span> <span class='ocrx_word' id='word_1_160' title='bbox 1386 1757 1622 1840; x_wconf 81' lang='lat' dir='ltr'><strong><em>etquicunque</em></strong></span> <span class='ocrx_word' id='word_1_161' title='bbox 1646 1756 1773 1820; x_wconf 88' lang='lat' dir='ltr'><strong><em>elerico·</em></strong></span> 
     </span>
     <span class='ocr_line' id='line_1_14' title="bbox 123 1860 1774 1948; baseline 0.001 -24"><span class='ocrx_word' id='word_1_162' title='bbox 123 1885 193 1924; x_wconf 88' lang='lat' dir='ltr'><strong><em>rum</em></strong></span> <span class='ocrx_word' id='word_1_163' title='bbox 209 1860 432 1926; x_wconf 84' lang='lat' dir='ltr'><strong><em>Leodieneium</em></strong></span> <span class='ocrx_word' id='word_1_164' title='bbox 450 1863 630 1947; x_wconf 80' lang='lat' dir='ltr'><strong><em>apartibus</em></strong></span> <span class='ocrx_word' id='word_1_165' title='bbox 652 1864 760 1926; x_wconf 73' lang='lat' dir='ltr'><strong><em>oseriae</em></strong></span> <span class='ocrx_word' id='word_1_166' title='bbox 777 1861 939 1925; x_wconf 80' lang='lat' dir='ltr'><strong><em>Romanae</em></strong></span> <span class='ocrx_word' id='word_1_167' title='bbox 961 1861 1093 1940; x_wconf 87' lang='lat' dir='ltr'><strong><em>etabant,</em></strong></span> <span class='ocrx_word' id='word_1_168' title='bbox 1117 1875 1189 1924; x_wconf 86' lang='lat' dir='ltr'><strong><em>tunc</em></strong></span> <span class='ocrx_word' id='word_1_169' title='bbox 1212 1861 1336 1948; x_wconf 80' lang='lat' dir='ltr'><strong><em>afflicti</em></strong></span> <span class='ocrx_word' id='word_1_170' title='bbox 1356 1875 1452 1925; x_wconf 86' lang='lat' dir='ltr'><strong><em>erant.</em></strong></span> <span class='ocrx_word' id='word_1_171' title='bbox 1489 1860 1654 1926; x_wconf 78' lang='lat' dir='ltr'><strong><em>Neminem</em></strong></span> <span class='ocrx_word' id='word_1_172' title='bbox 1673 1863 1774 1926; x_wconf 72' lang='lat' dir='ltr'><strong><em>numm</em></strong></span> 
     </span>
     <span class='ocr_line' id='line_1_15' title="bbox 123 1967 1775 2033; baseline 0.001 -3"><span class='ocrx_word' id='word_1_173' title='bbox 123 1968 343 2032; x_wconf 77' lang='lat' dir='ltr'><strong><em>monachornm</em></strong></span> <span class='ocrx_word' id='word_1_174' title='bbox 367 1982 439 2032; x_wconf 87' lang='lat' dir='ltr'><strong><em>tunc</em></strong></span> <span class='ocrx_word' id='word_1_175' title='bbox 463 1969 587 2032; x_wconf 73' lang='lat' dir='ltr'><strong><em>exulum</em></strong></span> <span class='ocrx_word' id='word_1_176' title='bbox 615 1983 677 2032; x_wconf 88' lang='lat' dir='ltr'><strong><em>tam</em></strong></span> <span class='ocrx_word' id='word_1_177' title='bbox 703 1969 847 2032; x_wconf 88' lang='lat' dir='ltr'><strong><em>idoneum</em></strong></span> <span class='ocrx_word' id='word_1_178' title='bbox 872 1967 979 2031; x_wconf 46' lang='lat' dir='ltr'><strong><em>*uideri</em></strong></span> <span class='ocrx_word' id='word_1_179' title='bbox 1000 1969 1054 2031; x_wconf 90' lang='lat' dir='ltr'><strong><em>cui</em></strong></span> <span class='ocrx_word' id='word_1_180' title='bbox 1075 1969 1218 2031; x_wconf 76' lang='lat' dir='ltr'><strong><em>canusina</em></strong></span> <span class='ocrx_word' id='word_1_181' title='bbox 1242 1967 1431 2031; x_wconf 86' lang='lat' dir='ltr'><strong><em>addicamue</em></strong></span> <span class='ocrx_word' id='word_1_182' title='bbox 1454 1969 1519 2032; x_wconf 90' lang='lat' dir='ltr'><strong><em>iam</em></strong></span> <span class='ocrx_word' id='word_1_183' title='bbox 1544 1967 1583 2030; x_wconf 84' lang='lat' dir='ltr'><strong><em>E.</em></strong></span> <span class='ocrx_word' id='word_1_184' title='bbox 1610 1967 1775 2033; x_wconf 82' lang='lat' dir='ltr'><strong><em>Du&#39;mmler</em></strong></span> 
     </span>
     <span class='ocr_line' id='line_1_16' title="bbox 80 2074 1774 2161; baseline 0.001 -25"><span class='ocrx_word' id='word_1_185' title='bbox 80 2098 105 2137; x_wconf 80' lang='lat' dir='ltr'><strong><em>ic</em></strong></span> <span class='ocrx_word' id='word_1_186' title='bbox 123 2074 257 2138; x_wconf 80' lang='lat' dir='ltr'><strong><em>ostendit</em></strong></span> <span class='ocrx_word' id='word_1_187' title='bbox 266 2077 287 2155; x_wconf 83' lang='lat'><strong><em>¹,</em></strong></span> <span class='ocrx_word' id='word_1_188' title='bbox 317 2098 413 2160; x_wconf 86' lang='lat' dir='ltr'><strong><em>quarn</em></strong></span> <span class='ocrx_word' id='word_1_189' title='bbox 436 2074 621 2160; x_wconf 81' lang='lat' dir='ltr'><strong><em>Rupertum,</em></strong></span> <span class='ocrx_word' id='word_1_190' title='bbox 645 2075 852 2160; x_wconf 85' lang='lat' dir='ltr'><strong><em>praeclarum</em></strong></span> <span class='ocrx_word' id='word_1_191' title='bbox 882 2075 974 2138; x_wconf 90' lang='lat' dir='ltr'><strong><em>illum</em></strong></span> <span class='ocrx_word' id='word_1_192' title='bbox 1004 2087 1129 2137; x_wconf 82' lang='lat' dir='ltr'><strong><em>sanctae</em></strong></span> <span class='ocrx_word' id='word_1_193' title='bbox 1151 2076 1328 2159; x_wconf 70' lang='lat' dir='ltr'><strong><em>scripturae</em></strong></span> <span class='ocrx_word' id='word_1_194' title='bbox 1353 2076 1559 2159; x_wconf 73' lang='lat' dir='ltr'><strong><em>interpretem,</em></strong></span> <span class='ocrx_word' id='word_1_195' title='bbox 1590 2077 1650 2159; x_wconf 92' lang='lat' dir='ltr'><strong><em>qui</em></strong></span> <span class='ocrx_word' id='word_1_196' title='bbox 1665 2089 1774 2161; x_wconf 85' lang='lat' dir='ltr'><strong><em>postea</em></strong></span> 
     </span>
     <span class='ocr_line' id='line_1_17' title="bbox 124 2178 1773 2268; baseline 0 -24"><span class='ocrx_word' id='word_1_197' title='bbox 124 2181 283 2245; x_wconf 80' lang='lat' dir='ltr'><strong><em>abbatiam</em></strong></span> <span class='ocrx_word' id='word_1_198' title='bbox 299 2179 488 2245; x_wconf 84' lang='lat' dir='ltr'><strong><em>Tuitieneem</em></strong></span> <span class='ocrx_word' id='word_1_199' title='bbox 512 2181 644 2268; x_wconf 89' lang='lat' dir='ltr'><strong><em>adeptue</em></strong></span> <span class='ocrx_word' id='word_1_200' title='bbox 668 2182 759 2266; x_wconf 87' lang='lat' dir='ltr'><strong><em>vulqo</em></strong></span> <span class='ocrx_word' id='word_1_201' title='bbox 776 2180 806 2243; x_wconf 88' lang='lat' dir='ltr'><em>T</em></span> <span class='ocrx_word' id='word_1_202' title='bbox 805 2183 948 2245; x_wconf 89' lang='lat' dir='ltr'><strong><em>nitieneie</em></strong></span> <span class='ocrx_word' id='word_1_203' title='bbox 971 2183 1159 2244; x_wconf 84' lang='lat' dir='ltr'><strong><em>nominatur.</em></strong></span> <span class='ocrx_word' id='word_1_204' title='bbox 1195 2178 1293 2244; x_wconf 90' lang='lat' dir='ltr'><strong><em>Illum</em></strong></span> <span class='ocrx_word' id='word_1_205' title='bbox 1313 2183 1394 2245; x_wconf 86' lang='lat' dir='ltr'><strong><em>enim</em></strong></span> <span class='ocrx_word' id='word_1_206' title='bbox 1419 2180 1540 2244; x_wconf 86' lang='lat' dir='ltr'><strong><em>eosdem</em></strong></span> <span class='ocrx_word' id='word_1_207' title='bbox 1560 2195 1669 2266; x_wconf 86' lang='lat' dir='ltr'><strong><em>poetae</em></strong></span> <span class='ocrx_word' id='word_1_208' title='bbox 1692 2185 1773 2245; x_wconf 86' lang='lat' dir='ltr'><strong><em>nnti-</em></strong></span> 
     </span>
     <span class='ocr_line' id='line_1_18' title="bbox 124 2286 1773 2373; baseline 0.001 -22"><span class='ocrx_word' id='word_1_209' title='bbox 124 2310 201 2372; x_wconf 85' lang='lat' dir='ltr'><strong><em>quos</em></strong></span> <span class='ocrx_word' id='word_1_210' title='bbox 223 2288 371 2352; x_wconf 74' lang='lat' dir='ltr'><strong><em>callueeee</em></strong></span> <span class='ocrx_word' id='word_1_211' title='bbox 394 2292 542 2367; x_wconf 81' lang='lat' dir='ltr'><strong><em>conetat²,</em></strong></span> <span class='ocrx_word' id='word_1_212' title='bbox 573 2311 650 2373; x_wconf 88' lang='lat' dir='ltr'><strong><em>quoe</em></strong></span> <span class='ocrx_word' id='word_1_213' title='bbox 673 2301 775 2352; x_wconf 83' lang='lat' dir='ltr'><strong><em>noster</em></strong></span> <span class='ocrx_word' id='word_1_214' title='bbox 799 2288 945 2352; x_wconf 86' lang='lat' dir='ltr'><strong><em>laudauit</em></strong></span> <span class='ocrx_word' id='word_1_215' title='bbox 973 2301 1027 2350; x_wconf 89' lang='lat' dir='ltr'><strong><em>aut</em></strong></span> <span class='ocrx_word' id='word_1_216' title='bbox 1056 2289 1197 2351; x_wconf 77' lang='lat' dir='ltr'><strong><em>imitatus</em></strong></span> <span class='ocrx_word' id='word_1_217' title='bbox 1220 2300 1271 2351; x_wconf 87' lang='lat' dir='ltr'><strong><em>eet.</em></strong></span> <span class='ocrx_word' id='word_1_218' title='bbox 1319 2286 1385 2351; x_wconf 90' lang='lat' dir='ltr'><strong><em>Ille</em></strong></span> <span class='ocrx_word' id='word_1_219' title='bbox 1401 2311 1496 2373; x_wconf 87' lang='lat' dir='ltr'><strong><em>puer,</em></strong></span> <span class='ocrx_word' id='word_1_220' title='bbox 1521 2301 1554 2351; x_wconf 92' lang='lat' dir='ltr'><strong><em>ut</em></strong></span> <span class='ocrx_word' id='word_1_221' title='bbox 1576 2290 1674 2352; x_wconf 86' lang='lat' dir='ltr'><strong><em>morie</em></strong></span> <span class='ocrx_word' id='word_1_222' title='bbox 1697 2303 1773 2368; x_wconf 86' lang='lat' dir='ltr'><strong><em>erat,</em></strong></span> 
     </span>
     <span class='ocr_line' id='line_1_19' title="bbox 124 2393 1773 2480; baseline 0.001 -24"><span class='ocrx_word' id='word_1_223' title='bbox 124 2395 158 2456; x_wconf 88' lang='lat' dir='ltr'><strong><em>in</em></strong></span> <span class='ocrx_word' id='word_1_224' title='bbox 186 2397 374 2458; x_wconf 83' lang='lat' dir='ltr'><strong><em>monasterio</em></strong></span> <span class='ocrx_word' id='word_1_225' title='bbox 404 2419 428 2457; x_wconf 88' lang='lat' dir='ltr'><strong><em>e.</em></strong></span> <span class='ocrx_word' id='word_1_226' title='bbox 452 2393 625 2459; x_wconf 83' lang='lat' dir='ltr'><strong><em>Laurentii</em></strong></span> <span class='ocrx_word' id='word_1_227' title='bbox 652 2396 794 2459; x_wconf 78' lang='lat' dir='ltr'><strong><em>uersibue</em></strong></span> <span class='ocrx_word' id='word_1_228' title='bbox 824 2394 996 2458; x_wconf 80' lang='lat' dir='ltr'><strong><em>condendis</em></strong></span> <span class='ocrx_word' id='word_1_229' title='bbox 1024 2393 1145 2457; x_wconf 81' lang='lat' dir='ltr'><strong><em>studuit</em></strong></span> <span class='ocrx_word' id='word_1_230' title='bbox 1174 2407 1215 2473; x_wconf 89' lang='lat' dir='ltr'><strong><em>et,</em></strong></span> <span class='ocrx_word' id='word_1_231' title='bbox 1246 2407 1279 2457; x_wconf 91' lang='lat' dir='ltr'><strong><em>ut</em></strong></span> <span class='ocrx_word' id='word_1_232' title='bbox 1309 2396 1376 2478; x_wconf 89' lang='lat' dir='ltr'><strong><em>ipee</em></strong></span> <span class='ocrx_word' id='word_1_233' title='bbox 1406 2396 1566 2474; x_wconf 84' lang='lat' dir='ltr'><strong><em>narrauit,</em></strong></span> <span class='ocrx_word' id='word_1_234' title='bbox 1597 2395 1773 2480; x_wconf 78' lang='lat' dir='ltr'><strong><em>compluria</em></strong></span> 
     </span>
     <span class='ocr_line' id='line_1_20' title="bbox 123 2499 1776 2586; baseline 0.001 -23"><span class='ocrx_word' id='word_1_235' title='bbox 123 2503 268 2564; x_wconf 87' lang='lat' dir='ltr'><strong><em>carmina</em></strong></span> <span class='ocrx_word' id='word_1_236' title='bbox 291 2503 394 2565; x_wconf 78' lang='lat' dir='ltr'><strong><em>variis</em></strong></span> <span class='ocrx_word' id='word_1_237' title='bbox 416 2504 524 2565; x_wconf 72' lang='lat' dir='ltr'><strong><em>menie</em></strong></span> <span class='ocrx_word' id='word_1_238' title='bbox 539 2503 741 2586; x_wconf 79' lang='lat' dir='ltr'><strong><em>compoeuit³,</em></strong></span> <span class='ocrx_word' id='word_1_239' title='bbox 765 2525 898 2586; x_wconf 89' lang='lat' dir='ltr'><strong><em>quorum</em></strong></span> <span class='ocrx_word' id='word_1_240' title='bbox 921 2501 1072 2564; x_wconf 87' lang='lat' dir='ltr'><strong><em>nonnullo</em></strong></span> <span class='ocrx_word' id='word_1_241' title='bbox 1096 2503 1272 2564; x_wconf 77' lang='lat' dir='ltr'><strong><em>etiamnunc</em></strong></span> <span class='ocrx_word' id='word_1_242' title='bbox 1296 2503 1428 2564; x_wconf 57' lang='lat' dir='ltr'><strong><em>enitenti</em></strong></span> <span class='ocrx_word' id='word_1_243' title='bbox 1468 2499 1589 2577; x_wconf 77' lang='lat' dir='ltr'><strong><em>Quibus</em></strong></span> <span class='ocrx_word' id='word_1_244' title='bbox 1604 2501 1776 2566; x_wconf 86' lang='lat' dir='ltr'><strong><em>condendie</em></strong></span> 
     </span>
     <span class='ocr_line' id='line_1_21' title="bbox 79 2607 1776 2693; baseline 0 -23"><span class='ocrx_word' id='word_1_245' title='bbox 79 2632 105 2670; x_wconf 81' lang='lat' dir='ltr'><strong><em>m</em></strong></span> <span class='ocrx_word' id='word_1_246' title='bbox 124 2631 184 2670; x_wconf 88' lang='lat' dir='ltr'><strong><em>non</em></strong></span> <span class='ocrx_word' id='word_1_247' title='bbox 207 2607 303 2670; x_wconf 82' lang='lat' dir='ltr'><strong><em>eernel</em></strong></span> <span class='ocrx_word' id='word_1_248' title='bbox 324 2607 444 2671; x_wconf 87' lang='lat' dir='ltr'><strong><em>eaedem</em></strong></span> <span class='ocrx_word' id='word_1_249' title='bbox 467 2631 622 2686; x_wconf 76' lang='lat' dir='ltr'><strong><em>nunzeroe,</em></strong></span> <span class='ocrx_word' id='word_1_250' title='bbox 646 2609 759 2692; x_wconf 80' lang='lat' dir='ltr'><strong><em>quibus</em></strong></span> <span class='ocrx_word' id='word_1_251' title='bbox 775 2622 875 2672; x_wconf 74' lang='lat' dir='ltr'><strong><em>menen</em></strong></span> <span class='ocrx_word' id='word_1_252' title='bbox 892 2621 963 2670; x_wconf 89' lang='lat' dir='ltr'><strong><em>tunc</em></strong></span> <span class='ocrx_word' id='word_1_253' title='bbox 971 2609 1135 2693; x_wconf 77' lang='lat' dir='ltr'><strong><em>perpauci</em></strong></span> <span class='ocrx_word' id='word_1_254' title='bbox 1148 2608 1341 2686; x_wconf 77' lang='lat' dir='ltr'><strong><em>utebantur5,</em></strong></span> <span class='ocrx_word' id='word_1_255' title='bbox 1365 2607 1513 2672; x_wconf 80' lang='lat' dir='ltr'><strong><em>adhibuit</em></strong></span> <span class='ocrx_word' id='word_1_256' title='bbox 1521 2610 1543 2688; x_wconf 78' lang='lat'><strong><em>⁶,</em></strong></span> <span class='ocrx_word' id='word_1_257' title='bbox 1566 2622 1658 2693; x_wconf 79' lang='lat' dir='ltr'><strong><em>atqim</em></strong></span> <span class='ocrx_word' id='word_1_258' title='bbox 1674 2623 1776 2672; x_wconf 77' lang='lat' dir='ltr'><strong><em>noster·</em></strong></span> 
     </span>
     <span class='ocr_line' id='line_1_22' title="bbox 124 2713 1773 2800; baseline 0.001 -24"><span class='ocrx_word' id='word_1_259' title='bbox 124 2715 158 2776; x_wconf 91' lang='lat' dir='ltr'><strong><em>in</em></strong></span> <span class='ocrx_word' id='word_1_260' title='bbox 182 2714 238 2776; x_wconf 77' lang='lat' dir='ltr'><strong><em>loc</em></strong></span> <span class='ocrx_word' id='word_1_261' title='bbox 261 2715 418 2799; x_wconf 79' lang='lat' dir='ltr'><strong><em>opusculo.</em></strong></span> <span class='ocrx_word' id='word_1_262' title='bbox 466 2713 537 2777; x_wconf 81' lang='lat' dir='ltr'><strong><em>Iane</em></strong></span> <span class='ocrx_word' id='word_1_263' title='bbox 561 2739 633 2778; x_wconf 85' lang='lat' dir='ltr'><strong><em>cero</em></strong></span> <span class='ocrx_word' id='word_1_264' title='bbox 661 2717 695 2778; x_wconf 89' lang='lat' dir='ltr'><strong><em>in</em></strong></span> <span class='ocrx_word' id='word_1_265' title='bbox 720 2715 864 2778; x_wconf 80' lang='lat' dir='ltr'><strong><em>chronico</em></strong></span> <span class='ocrx_word' id='word_1_266' title='bbox 888 2737 912 2777; x_wconf 88' lang='lat' dir='ltr'><strong><em>e.</em></strong></span> <span class='ocrx_word' id='word_1_267' title='bbox 937 2713 1117 2793; x_wconf 83' lang='lat' dir='ltr'><strong><em>Laurentii,</em></strong></span> <span class='ocrx_word' id='word_1_268' title='bbox 1148 2713 1234 2799; x_wconf 88' lang='lat' dir='ltr'><strong><em>quod</em></strong></span> <span class='ocrx_word' id='word_1_269' title='bbox 1256 2739 1325 2777; x_wconf 87' lang='lat' dir='ltr'><strong><em>curn</em></strong></span> <span class='ocrx_word' id='word_1_270' title='bbox 1348 2713 1678 2799; x_wconf 82' lang='lat' dir='ltr'><strong><em>nequeadu.1095.</em></strong></span> <span class='ocrx_word' id='word_1_271' title='bbox 1701 2739 1773 2800; x_wconf 85' lang='lat' dir='ltr'><strong><em>per-</em></strong></span> 
     </span>
     <span class='ocr_line' id='line_1_23' title="bbox 123 2819 1775 2907; baseline -0.002 -24"><span class='ocrx_word' id='word_1_272' title='bbox 123 2821 232 2905; x_wconf 86' lang='lat' dir='ltr'><strong><em>tinqat,</em></strong></span> <span class='ocrx_word' id='word_1_273' title='bbox 256 2821 368 2906; x_wconf 90' lang='lat' dir='ltr'><strong><em>paullo</em></strong></span> <span class='ocrx_word' id='word_1_274' title='bbox 384 2835 461 2906; x_wconf 87' lang='lat' dir='ltr'><strong><em>poet</em></strong></span> <span class='ocrx_word' id='word_1_275' title='bbox 486 2821 541 2885; x_wconf 77' lang='lat' dir='ltr'><strong><em>hoe</em></strong></span> <span class='ocrx_word' id='word_1_276' title='bbox 565 2845 672 2884; x_wconf 72' lang='lat' dir='ltr'><strong><em>cereces</em></strong></span> <span class='ocrx_word' id='word_1_277' title='bbox 694 2823 844 2906; x_wconf 87' lang='lat' dir='ltr'><strong><em>eeriptum</em></strong></span> <span class='ocrx_word' id='word_1_278' title='bbox 870 2844 933 2883; x_wconf 84' lang='lat' dir='ltr'><strong><em>eeee</em></strong></span> <span class='ocrx_word' id='word_1_279' title='bbox 956 2835 1100 2906; x_wconf 83' lang='lat' dir='ltr'><strong><em>apparet,</em></strong></span> <span class='ocrx_word' id='word_1_280' title='bbox 1128 2819 1244 2884; x_wconf 85' lang='lat' dir='ltr'><strong><em>eiedem</em></strong></span> <span class='ocrx_word' id='word_1_281' title='bbox 1260 2822 1338 2907; x_wconf 83' lang='lat' dir='ltr'><strong><em>fere</em></strong></span> <span class='ocrx_word' id='word_1_282' title='bbox 1367 2821 1469 2885; x_wconf 85' lang='lat' dir='ltr'><strong><em>uerbie</em></strong></span> <span class='ocrx_word' id='word_1_283' title='bbox 1497 2821 1535 2884; x_wconf 86' lang='lat' dir='ltr'><strong><em>de</em></strong></span> <span class='ocrx_word' id='word_1_284' title='bbox 1559 2821 1694 2884; x_wconf 89' lang='lat' dir='ltr'><strong><em>dracone</em></strong></span> <span class='ocrx_word' id='word_1_285' title='bbox 1718 2823 1775 2885; x_wconf 77' lang='lat' dir='ltr'><strong><em>illo</em></strong></span> 
     </span>
     <span class='ocr_line' id='line_1_24' title="bbox 124 2927 1777 3014; baseline 0.001 -24"><span class='ocrx_word' id='word_1_286' title='bbox 124 2927 341 3012; x_wconf 71' lang='lat' dir='ltr'><strong><em>apocalyptica</em></strong></span> <span class='ocrx_word' id='word_1_287' title='bbox 352 2929 373 3007; x_wconf 78' lang='lat'><strong><em>⁷,</em></strong></span> <span class='ocrx_word' id='word_1_288' title='bbox 404 2927 442 2991; x_wconf 91' lang='lat' dir='ltr'><strong><em>de</em></strong></span> <span class='ocrx_word' id='word_1_289' title='bbox 465 2928 613 2992; x_wconf 81' lang='lat' dir='ltr'><strong><em>eceleeiae</em></strong></span> <span class='ocrx_word' id='word_1_290' title='bbox 635 2929 801 3014; x_wconf 87' lang='lat' dir='ltr'><strong><em>anquetiie,</em></strong></span> <span class='ocrx_word' id='word_1_291' title='bbox 826 2927 863 2991; x_wconf 90' lang='lat' dir='ltr'><strong><em>de</em></strong></span> <span class='ocrx_word' id='word_1_292' title='bbox 886 2927 1058 2991; x_wconf 51' lang='lat' dir='ltr'><strong><em>¹Iucu-rentii</em></strong></span> <span class='ocrx_word' id='word_1_293' title='bbox 1078 2929 1254 3014; x_wconf 77' lang='lat' dir='ltr'><strong><em>rneartyrio&#39;3</em></strong></span> <span class='ocrx_word' id='word_1_294' title='bbox 1277 2930 1346 3014; x_wconf 86' lang='lat' dir='ltr'><strong><em>eqit,</em></strong></span> <span class='ocrx_word' id='word_1_295' title='bbox 1371 2941 1463 3012; x_wconf 88' lang='lat' dir='ltr'><strong><em>atque</em></strong></span> <span class='ocrx_word' id='word_1_296' title='bbox 1486 2941 1596 2992; x_wconf 81' lang='lat' dir='ltr'><strong><em>noster.</em></strong></span> <span class='ocrx_word' id='word_1_297' title='bbox 1644 2928 1777 2992; x_wconf 82' lang='lat' dir='ltr'><strong><em>Accedit</em></strong></span> 
     </span>
     <span class='ocr_line' id='line_1_25' title="bbox 125 3032 1775 3118; baseline 0.003 -24"><span class='ocrx_word' id='word_1_298' title='bbox 125 3033 210 3118; x_wconf 86' lang='lat' dir='ltr'><strong><em>qnod</em></strong></span> <span class='ocrx_word' id='word_1_299' title='bbox 232 3035 266 3097; x_wconf 87' lang='lat' dir='ltr'><strong><em>in</em></strong></span> <span class='ocrx_word' id='word_1_300' title='bbox 282 3033 385 3096; x_wconf 85' lang='lat' dir='ltr'><strong><em>eodem</em></strong></span> <span class='ocrx_word' id='word_1_301' title='bbox 404 3034 550 3098; x_wconf 80' lang='lat' dir='ltr'><strong><em>chronico</em></strong></span> <span class='ocrx_word' id='word_1_302' title='bbox 567 3033 605 3098; x_wconf 92' lang='lat' dir='ltr'><strong><em>de</em></strong></span> <span class='ocrx_word' id='word_1_303' title='bbox 620 3035 808 3098; x_wconf 86' lang='lat' dir='ltr'><strong><em>revelatione</em></strong></span> <span class='ocrx_word' id='word_1_304' title='bbox 824 3034 974 3097; x_wconf 76' lang='lat' dir='ltr'><strong><em>uionacleo</em></strong></span> <span class='ocrx_word' id='word_1_305' title='bbox 991 3034 1117 3097; x_wconf 87' lang='lat' dir='ltr'><strong><em>cuidam</em></strong></span> <span class='ocrx_word' id='word_1_306' title='bbox 1142 3058 1166 3096; x_wconf 86' lang='lat' dir='ltr'><strong><em>e.</em></strong></span> <span class='ocrx_word' id='word_1_307' title='bbox 1183 3032 1356 3097; x_wconf 85' lang='lat' dir='ltr'><strong><em>Laurentii</em></strong></span> <span class='ocrx_word' id='word_1_308' title='bbox 1376 3035 1582 3098; x_wconf 87' lang='lat' dir='ltr'><strong><em>antealtaria</em></strong></span> <span class='ocrx_word' id='word_1_309' title='bbox 1605 3059 1628 3098; x_wconf 89' lang='lat' dir='ltr'><strong><em>e.</em></strong></span> <span class='ocrx_word' id='word_1_310' title='bbox 1647 3034 1775 3099; x_wconf 84' lang='lat' dir='ltr'><strong><em>Marino</em></strong></span> 
     </span>
     <span class='ocr_line' id='line_1_26' title="bbox 78 3139 1775 3228; baseline 0.001 -25"><span class='ocrx_word' id='word_1_311' title='bbox 78 3164 105 3204; x_wconf 75' lang='lat' dir='ltr'><strong><em>ee</em></strong></span> <span class='ocrx_word' id='word_1_312' title='bbox 116 3139 213 3226; x_wconf 78' lang='lat' dir='ltr'><strong><em>fescta</em></strong></span> <span class='ocrx_word' id='word_1_313' title='bbox 237 3140 355 3204; x_wconf 85' lang='lat' dir='ltr'><strong><em>rettulit</em></strong></span> <span class='ocrx_word' id='word_1_314' title='bbox 363 3143 385 3220; x_wconf 82' lang='lat'><strong><em>⁹,</em></strong></span> <span class='ocrx_word' id='word_1_315' title='bbox 409 3165 504 3226; x_wconf 88' lang='lat' dir='ltr'><strong><em>quam</em></strong></span> <span class='ocrx_word' id='word_1_316' title='bbox 526 3142 592 3204; x_wconf 85' lang='lat' dir='ltr'><strong><em>eive</em></strong></span> <span class='ocrx_word' id='word_1_317' title='bbox 609 3142 677 3227; x_wconf 80' lang='lat' dir='ltr'><strong><em>epse</em></strong></span> <span class='ocrx_word' id='word_1_318' title='bbox 691 3143 757 3204; x_wconf 85' lang='lat' dir='ltr'><strong><em>eine</em></strong></span> <span class='ocrx_word' id='word_1_319' title='bbox 773 3143 859 3205; x_wconf 86' lang='lat' dir='ltr'><strong><em>nlius</em></strong></span> <span class='ocrx_word' id='word_1_320' title='bbox 867 3143 1016 3228; x_wconf 88' lang='lat' dir='ltr'><strong><em>fratrum</em></strong></span> <span class='ocrx_word' id='word_1_321' title='bbox 1032 3141 1184 3220; x_wconf 80' lang='lat' dir='ltr'><strong><em>habuerit,</em></strong></span> <span class='ocrx_word' id='word_1_322' title='bbox 1208 3139 1254 3203; x_wconf 89' lang='lat' dir='ltr'><strong><em>ad</em></strong></span> <span class='ocrx_word' id='word_1_323' title='bbox 1275 3140 1330 3203; x_wconf 71' lang='lat' dir='ltr'><strong><em>lios</em></strong></span> <span class='ocrx_word' id='word_1_324' title='bbox 1350 3165 1456 3205; x_wconf 83' lang='lat' dir='ltr'><strong><em>uerene</em></strong></span> <span class='ocrx_word' id='word_1_325' title='bbox 1472 3140 1648 3205; x_wconf 88' lang='lat' dir='ltr'><strong><em>condendae</em></strong></span> <span class='ocrx_word' id='word_1_326' title='bbox 1671 3156 1775 3205; x_wconf 81' lang='lat' dir='ltr'><strong><em>nostro</em></strong></span> 
     </span>
     <span class='ocr_line' id='line_1_27' title="bbox 124 3246 1774 3334; baseline 0.002 -26"><span class='ocrx_word' id='word_1_327' title='bbox 124 3270 234 3310; x_wconf 83' lang='lat' dir='ltr'><strong><em>eneam</em></strong></span> <span class='ocrx_word' id='word_1_328' title='bbox 250 3246 357 3310; x_wconf 87' lang='lat' dir='ltr'><strong><em>datam</em></strong></span> <span class='ocrx_word' id='word_1_329' title='bbox 373 3271 437 3311; x_wconf 87' lang='lat' dir='ltr'><strong><em>eeee</em></strong></span> <span class='ocrx_word' id='word_1_330' title='bbox 452 3261 578 3311; x_wconf 82' lang='lat' dir='ltr'><strong><em>coreetnt.</em></strong></span> <span class='ocrx_word' id='word_1_331' title='bbox 614 3247 759 3333; x_wconf 85' lang='lat' dir='ltr'><strong><em>Denique</em></strong></span> <span class='ocrx_word' id='word_1_332' title='bbox 775 3262 804 3312; x_wconf 87' lang='lat' dir='ltr'><strong><em>et</em></strong></span> <span class='ocrx_word' id='word_1_333' title='bbox 817 3250 983 3311; x_wconf 78' lang='lat' dir='ltr'><strong><em>sententiae</em></strong></span> <span class='ocrx_word' id='word_1_334' title='bbox 998 3249 1102 3311; x_wconf 81' lang='lat' dir='ltr'><strong><em>nostri</em></strong></span> <span class='ocrx_word' id='word_1_335' title='bbox 1114 3261 1143 3311; x_wconf 89' lang='lat' dir='ltr'><strong><em>et</em></strong></span> <span class='ocrx_word' id='word_1_336' title='bbox 1157 3247 1352 3327; x_wconf 85' lang='lat' dir='ltr'><strong><em>elocutiones,</em></strong></span> <span class='ocrx_word' id='word_1_337' title='bbox 1375 3247 1483 3332; x_wconf 87' lang='lat' dir='ltr'><strong><em>quand</em></strong></span> <span class='ocrx_word' id='word_1_338' title='bbox 1496 3272 1667 3312; x_wconf 83' lang='lat' dir='ltr'><strong><em>sermonem</em></strong></span> <span class='ocrx_word' id='word_1_339' title='bbox 1678 3249 1774 3334; x_wconf 86' lang='lat' dir='ltr'><strong><em>pede-</em></strong></span> 
     </span>
     <span class='ocr_line' id='line_1_28' title="bbox 123 3352 1776 3440; baseline 0.001 -24"><span class='ocrx_word' id='word_1_340' title='bbox 123 3366 216 3417; x_wconf 81' lang='lat' dir='ltr'><strong><em>strem</em></strong></span> <span class='ocrx_word' id='word_1_341' title='bbox 239 3377 308 3416; x_wconf 89' lang='lat' dir='ltr'><strong><em>curn</em></strong></span> <span class='ocrx_word' id='word_1_342' title='bbox 324 3356 450 3439; x_wconf 84' lang='lat' dir='ltr'><strong><em>poetico</em></strong></span> <span class='ocrx_word' id='word_1_343' title='bbox 480 3377 665 3439; x_wconf 88' lang='lat' dir='ltr'><strong><em>comparare</em></strong></span> <span class='ocrx_word' id='word_1_344' title='bbox 694 3355 796 3434; x_wconf 87' lang='lat' dir='ltr'><strong><em>liceat,</em></strong></span> <span class='ocrx_word' id='word_1_345' title='bbox 824 3354 902 3417; x_wconf 87' lang='lat' dir='ltr'><strong><em>adeo</em></strong></span> <span class='ocrx_word' id='word_1_346' title='bbox 933 3379 993 3417; x_wconf 75' lang='lat' dir='ltr'><strong><em>reon</em></strong></span> <span class='ocrx_word' id='word_1_347' title='bbox 1016 3379 1037 3417; x_wconf 89' lang='lat' dir='ltr'><strong><em>a</em></strong></span> <span class='ocrx_word' id='word_1_348' title='bbox 1060 3352 1199 3439; x_wconf 82' lang='lat' dir='ltr'><strong><em>Ruperti</em></strong></span> <span class='ocrx_word' id='word_1_349' title='bbox 1223 3377 1335 3440; x_wconf 85' lang='lat' dir='ltr'><strong><em>qenere</em></strong></span> <span class='ocrx_word' id='word_1_350' title='bbox 1365 3353 1497 3418; x_wconf 84' lang='lat' dir='ltr'><strong><em>dicendi</em></strong></span> <span class='ocrx_word' id='word_1_351' title='bbox 1524 3368 1553 3418; x_wconf 85' lang='lat' dir='ltr'><strong><em>et</em></strong></span> <span class='ocrx_word' id='word_1_352' title='bbox 1580 3357 1739 3419; x_wconf 78' lang='lat' dir='ltr'><strong><em>sententiis</em></strong></span> <span class='ocrx_word' id='word_1_353' title='bbox 1750 3359 1776 3396; x_wconf 82' lang='lat'><strong><em>¹⁰</em></strong></span> 
     </span>
     <span class='ocr_line' id='line_1_29' title="bbox 124 3458 1773 3546; baseline 0.001 -24"><span class='ocrx_word' id='word_1_354' title='bbox 124 3458 286 3545; x_wconf 69' lang='lat' dir='ltr'><strong><em>differmt,</em></strong></span> <span class='ocrx_word' id='word_1_355' title='bbox 310 3474 343 3523; x_wconf 82' lang='lat' dir='ltr'><strong><em>ut</em></strong></span> <span class='ocrx_word' id='word_1_356' title='bbox 365 3485 402 3524; x_wconf 88' lang='lat' dir='ltr'><strong><em>ne</em></strong></span> <span class='ocrx_word' id='word_1_357' title='bbox 425 3460 500 3524; x_wconf 86' lang='lat' dir='ltr'><strong><em>inde</em></strong></span> <span class='ocrx_word' id='word_1_358' title='bbox 523 3461 649 3545; x_wconf 87' lang='lat' dir='ltr'><strong><em>quidem</em></strong></span> <span class='ocrx_word' id='word_1_359' title='bbox 673 3462 785 3546; x_wconf 88' lang='lat' dir='ltr'><strong><em>aliqua</em></strong></span> <span class='ocrx_word' id='word_1_360' title='bbox 807 3463 947 3546; x_wconf 79' lang='lat' dir='ltr'><strong><em>euspicio</em></strong></span> <span class='ocrx_word' id='word_1_361' title='bbox 971 3474 1078 3524; x_wconf 87' lang='lat' dir='ltr'><strong><em>contra</em></strong></span> <span class='ocrx_word' id='word_1_362' title='bbox 1094 3459 1277 3524; x_wconf 80' lang='lat' dir='ltr'><strong><em>Diimmleri</em></strong></span> <span class='ocrx_word' id='word_1_363' title='bbox 1293 3463 1501 3524; x_wconf 85' lang='lat' dir='ltr'><strong><em>coniecturam</em></strong></span> <span class='ocrx_word' id='word_1_364' title='bbox 1525 3464 1647 3526; x_wconf 88' lang='lat' dir='ltr'><strong><em>moueri</em></strong></span> <span class='ocrx_word' id='word_1_365' title='bbox 1664 3465 1773 3546; x_wconf 79' lang='lat' dir='ltr'><strong><em>possit.</em></strong></span> 
     </span>
     <span class='ocr_line' id='line_1_30' title="bbox 123 3565 1776 3654; baseline 0.001 -25"><span class='ocrx_word' id='word_1_366' title='bbox 123 3565 222 3654; x_wconf 83' lang='lat' dir='ltr'><strong><em>Erqo,</em></strong></span> <span class='ocrx_word' id='word_1_367' title='bbox 252 3569 285 3630; x_wconf 88' lang='lat' dir='ltr'><strong><em>ei</em></strong></span> <span class='ocrx_word' id='word_1_368' title='bbox 311 3590 372 3630; x_wconf 90' lang='lat' dir='ltr'><strong><em>non</em></strong></span> <span class='ocrx_word' id='word_1_369' title='bbox 392 3581 562 3653; x_wconf 87' lang='lat' dir='ltr'><strong><em>procerte</em></strong></span> <span class='ocrx_word' id='word_1_370' title='bbox 586 3567 726 3653; x_wconf 81' lang='lat' dir='ltr'><strong><em>Ruperto</em></strong></span> <span class='ocrx_word' id='word_1_371' title='bbox 756 3570 868 3632; x_wconf 84' lang='lat' dir='ltr'><strong><em>seriem</em></strong></span> <span class='ocrx_word' id='word_1_372' title='bbox 898 3581 1036 3631; x_wconf 75' lang='lat' dir='ltr'><strong><em>reoetram</em></strong></span> <span class='ocrx_word' id='word_1_373' title='bbox 1066 3567 1216 3631; x_wconf 84' lang='lat' dir='ltr'><strong><em>addicere</em></strong></span> <span class='ocrx_word' id='word_1_374' title='bbox 1245 3569 1359 3647; x_wconf 86' lang='lat' dir='ltr'><strong><em>aueirn,</em></strong></span> <span class='ocrx_word' id='word_1_375' title='bbox 1388 3581 1429 3645; x_wconf 90' lang='lat' dir='ltr'><strong><em>at,</em></strong></span> <span class='ocrx_word' id='word_1_376' title='bbox 1459 3566 1555 3631; x_wconf 89' lang='lat' dir='ltr'><strong><em>donec</em></strong></span> <span class='ocrx_word' id='word_1_377' title='bbox 1571 3568 1776 3653; x_wconf 81' lang='lat' dir='ltr'><strong><em>probabilior</em></strong></span> 
     </span>
     <span class='ocr_line' id='line_1_31' title="bbox 78 3673 1171 3760; baseline -0.002 -22"><span class='ocrx_word' id='word_1_378' title='bbox 78 3697 106 3738; x_wconf 79' lang='lat' dir='ltr'><strong><em>eo</em></strong></span> <span class='ocrx_word' id='word_1_379' title='bbox 117 3673 311 3760; x_wconf 88' lang='lat' dir='ltr'><strong><em>proferatur</em></strong></span> <span class='ocrx_word' id='word_1_380' title='bbox 333 3676 521 3753; x_wconf 87' lang='lat' dir='ltr'><strong><em>coniectura,</em></strong></span> <span class='ocrx_word' id='word_1_381' title='bbox 545 3674 763 3738; x_wconf 80' lang='lat' dir='ltr'><strong><em>Ditmmlerum</em></strong></span> <span class='ocrx_word' id='word_1_382' title='bbox 787 3676 880 3759; x_wconf 85' lang='lat' dir='ltr'><strong><em>ecqui</em></strong></span> <span class='ocrx_word' id='word_1_383' title='bbox 899 3697 960 3738; x_wconf 91' lang='lat' dir='ltr'><strong><em>non</em></strong></span> <span class='ocrx_word' id='word_1_384' title='bbox 984 3674 1171 3738; x_wconf 81' lang='lat' dir='ltr'><strong><em>dubitamus.</em></strong></span> 
     </span>
    </p>

    <p class='ocr_par' dir='ltr' id='par_1_3' title="bbox 123 3778 1775 4187">
     <span class='ocr_line' id='line_1_32' title="bbox 232 3778 1774 3866; baseline 0.002 -26"><span class='ocrx_word' id='word_1_385' title='bbox 232 3778 281 3843; x_wconf 88' lang='lat' dir='ltr'><strong><em>De</em></strong></span> <span class='ocrx_word' id='word_1_386' title='bbox 304 3782 369 3844; x_wconf 90' lang='lat' dir='ltr'><strong><em>vita</em></strong></span> <span class='ocrx_word' id='word_1_387' title='bbox 392 3794 420 3844; x_wconf 88' lang='lat' dir='ltr'><strong><em>et</em></strong></span> <span class='ocrx_word' id='word_1_388' title='bbox 441 3782 571 3865; x_wconf 86' lang='lat' dir='ltr'><strong><em>ecriptie</em></strong></span> <span class='ocrx_word' id='word_1_389' title='bbox 593 3780 739 3866; x_wconf 81' lang='lat' dir='ltr'><strong><em>Ruperti,</em></strong></span> <span class='ocrx_word' id='word_1_390' title='bbox 763 3805 832 3844; x_wconf 90' lang='lat' dir='ltr'><strong><em>cum</em></strong></span> <span class='ocrx_word' id='word_1_391' title='bbox 858 3783 922 3844; x_wconf 87' lang='lat' dir='ltr'><strong><em>iam</em></strong></span> <span class='ocrx_word' id='word_1_392' title='bbox 944 3780 1002 3844; x_wconf 80' lang='lat' dir='ltr'><strong><em>Pt.</em></strong></span> <span class='ocrx_word' id='word_1_393' title='bbox 1027 3781 1150 3866; x_wconf 59' lang='grc' dir='ltr'><strong><em>,1ᾳῇιῦ</em></strong></span> <span class='ocrx_word' id='word_1_394' title='bbox 1175 3795 1203 3844; x_wconf 88' lang='lat' dir='ltr'><strong><em>et</em></strong></span> <span class='ocrx_word' id='word_1_395' title='bbox 1224 3805 1324 3866; x_wconf 87' lang='lat' dir='ltr'><strong><em>nuper</em></strong></span> <span class='ocrx_word' id='word_1_396' title='bbox 1348 3780 1386 3843; x_wconf 83' lang='lat' dir='ltr'><strong><em>Il.</em></strong></span> <span class='ocrx_word' id='word_1_397' title='bbox 1410 3780 1546 3844; x_wconf 77' lang='lat' dir='ltr'><strong><em>Ilocloll</em></strong></span> <span class='ocrx_word' id='word_1_398' title='bbox 1566 3783 1644 3845; x_wconf 73' lang='lat' dir='ltr'><strong><em>satie</em></strong></span> <span class='ocrx_word' id='word_1_399' title='bbox 1667 3806 1774 3866; x_wconf 87' lang='lat' dir='ltr'><strong><em>euper-</em></strong></span> 
     </span>
     <span class='ocr_line' id='line_1_33' title="bbox 125 3886 1775 3973; baseline 0 -23"><span class='ocrx_word' id='word_1_400' title='bbox 125 3909 183 3972; x_wconf 92' lang='lat' dir='ltr'><strong><em>que</em></strong></span> <span class='ocrx_word' id='word_1_401' title='bbox 207 3889 334 3973; x_wconf 86' lang='lat' dir='ltr'><strong><em>eqerint,</em></strong></span> <span class='ocrx_word' id='word_1_402' title='bbox 361 3911 422 3950; x_wconf 88' lang='lat' dir='ltr'><strong><em>non</em></strong></span> <span class='ocrx_word' id='word_1_403' title='bbox 446 3887 552 3966; x_wconf 79' lang='lat' dir='ltr'><strong><em>labeo,</em></strong></span> <span class='ocrx_word' id='word_1_404' title='bbox 576 3888 663 3972; x_wconf 88' lang='lat' dir='ltr'><strong><em>quod</em></strong></span> <span class='ocrx_word' id='word_1_405' title='bbox 672 3887 772 3973; x_wconf 87' lang='lat' dir='ltr'><strong><em>plura</em></strong></span> <span class='ocrx_word' id='word_1_406' title='bbox 789 3887 903 3951; x_wconf 87' lang='lat' dir='ltr'><strong><em>dicam.</em></strong></span> <span class='ocrx_word' id='word_1_407' title='bbox 943 3886 1053 3973; x_wconf 81' lang='lat' dir='ltr'><strong><em>Neque</em></strong></span> <span class='ocrx_word' id='word_1_408' title='bbox 1076 3911 1148 3951; x_wconf 87' lang='lat' dir='ltr'><strong><em>uero</em></strong></span> <span class='ocrx_word' id='word_1_409' title='bbox 1172 3887 1297 3972; x_wconf 89' lang='lat' dir='ltr'><strong><em>quando</em></strong></span> <span class='ocrx_word' id='word_1_410' title='bbox 1321 3888 1396 3950; x_wconf 80' lang='lat' dir='ltr'><strong><em>liaeo</em></strong></span> <span class='ocrx_word' id='word_1_411' title='bbox 1420 3889 1563 3951; x_wconf 83' lang='lat' dir='ltr'><strong><em>carmina</em></strong></span> <span class='ocrx_word' id='word_1_412' title='bbox 1588 3887 1775 3966; x_wconf 83' lang='lat' dir='ltr'><strong><em>condiderit,</em></strong></span> 
     </span>
     <span class='ocr_line' id='line_1_34' title="bbox 125 3992 1774 4081; baseline 0 -25"><span class='ocrx_word' id='word_1_413' title='bbox 125 3995 304 4056; x_wconf 72' lang='lat' dir='ltr'><strong><em>accinctina</em></strong></span> <span class='ocrx_word' id='word_1_414' title='bbox 328 3993 506 4078; x_wconf 77' lang='lat' dir='ltr'><strong><em>deequirere</em></strong></span> <span class='ocrx_word' id='word_1_415' title='bbox 529 4008 656 4079; x_wconf 87' lang='lat' dir='ltr'><strong><em>oportet,</em></strong></span> <span class='ocrx_word' id='word_1_416' title='bbox 680 4018 749 4058; x_wconf 89' lang='lat' dir='ltr'><strong><em>cum</em></strong></span> <span class='ocrx_word' id='word_1_417' title='bbox 772 3996 837 4058; x_wconf 88' lang='lat' dir='ltr'><strong><em>ium</em></strong></span> <span class='ocrx_word' id='word_1_418' title='bbox 855 3992 1021 4058; x_wconf 74' lang='lat' dir='ltr'><strong><em>Durrimler</em></strong></span> <span class='ocrx_word' id='word_1_419' title='bbox 1043 4019 1080 4058; x_wconf 91' lang='lat' dir='ltr'><strong><em>ea</em></strong></span> <span class='ocrx_word' id='word_1_420' title='bbox 1103 4019 1131 4058; x_wconf 92' lang='lat' dir='ltr'><strong><em>a.</em></strong></span> <span class='ocrx_word' id='word_1_421' title='bbox 1150 3995 1243 4056; x_wconf 90' lang='grc'>1095.</span> <span class='ocrx_word' id='word_1_422' title='bbox 1269 4008 1338 4058; x_wconf 87' lang='lat' dir='ltr'><strong><em>ante</em></strong></span> <span class='ocrx_word' id='word_1_423' title='bbox 1354 3994 1435 4081; x_wconf 86' lang='lat' dir='ltr'><strong><em>Auq.</em></strong></span> <span class='ocrx_word' id='word_1_424' title='bbox 1454 3995 1485 4073; x_wconf 85' lang='lat'><strong><em>9,</em></strong></span> <span class='ocrx_word' id='word_1_425' title='bbox 1509 4019 1571 4079; x_wconf 90' lang='lat' dir='ltr'><strong><em>qua</em></strong></span> <span class='ocrx_word' id='word_1_426' title='bbox 1589 3994 1641 4057; x_wconf 89' lang='lat' dir='ltr'><strong><em>dic</em></strong></span> <span class='ocrx_word' id='word_1_427' title='bbox 1657 3993 1774 4058; x_wconf 87' lang='lat' dir='ltr'><strong><em>Beren-</em></strong></span> 
     </span>
     <span class='ocr_line' id='line_1_35' title="bbox 123 4100 1773 4187; baseline 0 -24"><span class='ocrx_word' id='word_1_428' title='bbox 123 4102 236 4187; x_wconf 86' lang='lat' dir='ltr'><strong><em>aniue</em></strong></span> <span class='ocrx_word' id='word_1_429' title='bbox 252 4100 349 4164; x_wconf 84' lang='lat' dir='ltr'><strong><em>abbae</em></strong></span> <span class='ocrx_word' id='word_1_430' title='bbox 372 4114 400 4164; x_wconf 84' lang='lat' dir='ltr'><strong><em>et</em></strong></span> <span class='ocrx_word' id='word_1_431' title='bbox 422 4101 570 4164; x_wconf 77' lang='lat' dir='ltr'><strong><em>neonaclei</em></strong></span> <span class='ocrx_word' id='word_1_432' title='bbox 590 4101 695 4165; x_wconf 78' lang='lat' dir='ltr'><strong><em>emelee</em></strong></span> <span class='ocrx_word' id='word_1_433' title='bbox 709 4100 866 4165; x_wconf 87' lang='lat' dir='ltr'><strong><em>Leodium</em></strong></span> <span class='ocrx_word' id='word_1_434' title='bbox 882 4114 1082 4180; x_wconf 86' lang='lat' dir='ltr'><strong><em>reverterunt,</em></strong></span> <span class='ocrx_word' id='word_1_435' title='bbox 1099 4103 1269 4186; x_wconf 79' lang='lat' dir='ltr'><strong><em>composita</em></strong></span> <span class='ocrx_word' id='word_1_436' title='bbox 1285 4125 1348 4164; x_wconf 88' lang='lat' dir='ltr'><strong><em>eeee</em></strong></span> <span class='ocrx_word' id='word_1_437' title='bbox 1366 4101 1536 4164; x_wconf 79' lang='lat' dir='ltr'><strong><em>luculenter</em></strong></span> <span class='ocrx_word' id='word_1_438' title='bbox 1551 4102 1729 4185; x_wconf 72' lang='lat' dir='ltr'><strong><em>expos-uerit</em></strong></span> <span class='ocrx_word' id='word_1_439' title='bbox 1739 4103 1773 4163; x_wconf 67' lang='lat'><strong><em>¹2.</em></strong></span> 
     </span>
    </p>

    <p class='ocr_par' dir='ltr' id='par_1_4' title="bbox 81 4205 1776 4506">
     <span class='ocr_line' id='line_1_36' title="bbox 81 4205 1775 4294; baseline -0.001 -24"><span class='ocrx_word' id='word_1_440' title='bbox 81 4229 108 4270; x_wconf 82' lang='lat' dir='ltr'><strong><em>es</em></strong></span> <span class='ocrx_word' id='word_1_441' title='bbox 127 4205 235 4270; x_wconf 80' lang='lat' dir='ltr'><strong><em>Restat</em></strong></span> <span class='ocrx_word' id='word_1_442' title='bbox 263 4206 484 4286; x_wconf 87' lang='lat' dir='ltr'><strong><em>tantummodo,</em></strong></span> <span class='ocrx_word' id='word_1_443' title='bbox 515 4221 549 4271; x_wconf 88' lang='lat' dir='ltr'><strong><em>nt</em></strong></span> <span class='ocrx_word' id='word_1_444' title='bbox 577 4231 639 4292; x_wconf 91' lang='lat' dir='ltr'><strong><em>qua</em></strong></span> <span class='ocrx_word' id='word_1_445' title='bbox 670 4231 708 4270; x_wconf 82' lang='lat' dir='ltr'><strong><em>eu</em></strong></span> <span class='ocrx_word' id='word_1_446' title='bbox 731 4206 783 4272; x_wconf 88' lang='lat' dir='ltr'><strong><em>die</em></strong></span> <span class='ocrx_word' id='word_1_447' title='bbox 806 4208 903 4271; x_wconf 87' lang='lat' dir='ltr'><strong><em>condi</em></strong></span> <span class='ocrx_word' id='word_1_448' title='bbox 916 4210 1089 4294; x_wconf 82' lang='lat' dir='ltr'><strong><em>potuerint,</em></strong></span> <span class='ocrx_word' id='word_1_449' title='bbox 1116 4209 1296 4272; x_wconf 78' lang='lat' dir='ltr'><strong><em>accuratius</em></strong></span> <span class='ocrx_word' id='word_1_450' title='bbox 1319 4206 1497 4294; x_wconf 82' lang='lat' dir='ltr'><strong><em>definiatur.</em></strong></span> <span class='ocrx_word' id='word_1_451' title='bbox 1550 4205 1637 4269; x_wconf 80' lang='lat' dir='ltr'><strong><em>Tunc</em></strong></span> <span class='ocrx_word' id='word_1_452' title='bbox 1667 4209 1775 4293; x_wconf 80' lang='lat' dir='ltr'><strong><em>iqimr,</em></strong></span> 
     </span>
     <span class='ocr_line' id='line_1_37' title="bbox 126 4313 1776 4400; baseline -0.001 -24"><span class='ocrx_word' id='word_1_453' title='bbox 126 4337 195 4376; x_wconf 89' lang='lat' dir='ltr'><strong><em>cum</em></strong></span> <span class='ocrx_word' id='word_1_454' title='bbox 210 4327 308 4398; x_wconf 89' lang='lat' dir='ltr'><strong><em>poeta</em></strong></span> <span class='ocrx_word' id='word_1_455' title='bbox 323 4337 464 4399; x_wconf 87' lang='lat' dir='ltr'><strong><em>pennam</em></strong></span> <span class='ocrx_word' id='word_1_456' title='bbox 488 4315 638 4399; x_wconf 78' lang='lat' dir='ltr'><strong><em>arripuit,</em></strong></span> <span class='ocrx_word' id='word_1_457' title='bbox 662 4337 766 4377; x_wconf 75' lang='lat' dir='ltr'><strong><em>orrnnee</em></strong></span> <span class='ocrx_word' id='word_1_458' title='bbox 787 4339 812 4377; x_wconf 88' lang='lat' dir='ltr'><strong><em>e.</em></strong></span> <span class='ocrx_word' id='word_1_459' title='bbox 838 4313 1010 4378; x_wconf 87' lang='lat' dir='ltr'><strong><em>Laurentii</em></strong></span> <span class='ocrx_word' id='word_1_460' title='bbox 1037 4314 1180 4378; x_wconf 83' lang='lat' dir='ltr'><strong><em>alumnos</em></strong></span> <span class='ocrx_word' id='word_1_461' title='bbox 1210 4315 1355 4400; x_wconf 72' lang='lat' dir='ltr'><strong><em>expulsae</em></strong></span> <span class='ocrx_word' id='word_1_462' title='bbox 1385 4315 1624 4398; x_wconf 84' lang='lat' dir='ltr'><strong><em>coenobiumque</em></strong></span> <span class='ocrx_word' id='word_1_463' title='bbox 1649 4314 1776 4399; x_wconf 77' lang='lat' dir='ltr'><strong><em>penitus</em></strong></span> 
     </span>
     <span class='ocr_line' id='line_1_38' title="bbox 127 4419 1776 4506; baseline -0.001 -21"><span class='ocrx_word' id='word_1_464' title='bbox 127 4420 298 4485; x_wconf 83' lang='lat' dir='ltr'><strong><em>desolatum</em></strong></span> <span class='ocrx_word' id='word_1_465' title='bbox 321 4420 432 4506; x_wconf 88' lang='lat' dir='ltr'><strong><em>fuieee</em></strong></span> <span class='ocrx_word' id='word_1_466' title='bbox 456 4432 547 4506; x_wconf 88' lang='lat' dir='ltr'><strong><em>patet</em></strong></span> <span class='ocrx_word' id='word_1_467' title='bbox 560 4423 594 4482; x_wconf 82' lang='lat'><strong><em>¹³.</em></strong></span> <span class='ocrx_word' id='word_1_468' title='bbox 646 4419 749 4505; x_wconf 84' lang='lat' dir='ltr'><strong><em>Atqui</em></strong></span> <span class='ocrx_word' id='word_1_469' title='bbox 770 4445 833 4506; x_wconf 87' lang='lat' dir='ltr'><strong><em>per</em></strong></span> <span class='ocrx_word' id='word_1_470' title='bbox 863 4423 958 4484; x_wconf 74' lang='lat' dir='ltr'><strong><em>tritum</em></strong></span> <span class='ocrx_word' id='word_1_471' title='bbox 993 4423 1145 4484; x_wconf 86' lang='lat' dir='ltr'><strong><em>mensium</em></strong></span> <span class='ocrx_word' id='word_1_472' title='bbox 1179 4423 1316 4506; x_wconf 85' lang='lat' dir='ltr'><strong><em>epatium</em></strong></span> <span class='ocrx_word' id='word_1_473' title='bbox 1352 4419 1437 4484; x_wconf 87' lang='lat' dir='ltr'><strong><em>illud</em></strong></span> <span class='ocrx_word' id='word_1_474' title='bbox 1470 4420 1642 4484; x_wconf 84' lang='lat' dir='ltr'><strong><em>desolatum</em></strong></span> <span class='ocrx_word' id='word_1_475' title='bbox 1666 4420 1776 4506; x_wconf 76' lang='lat' dir='ltr'><strong><em>fueeee</em></strong></span> 
     </span>
    </p>
   </div>
   <div class='ocr_carea' id='block_1_3' title="bbox 80 4673 1830 5710">
    <p class='ocr_par' dir='ltr' id='par_1_5' title="bbox 236 4673 1774 4752">
     <span class='ocr_line' id='line_1_39' title="bbox 236 4673 1774 4752; baseline 0 -21"><span class='ocrx_word' id='word_1_476' title='bbox 236 4674 265 4750; x_wconf 95' lang='grc'><strong><em>1)</em></strong></span> <span class='ocrx_word' id='word_1_477' title='bbox 290 4677 324 4732; x_wconf 76' lang='lat' dir='ltr'><strong><em>L.</em></strong></span> <span class='ocrx_word' id='word_1_478' title='bbox 342 4679 360 4732; x_wconf 93' lang='lat' dir='ltr'><strong><em>l.</em></strong></span> <span class='ocrx_word' id='word_1_479' title='bbox 379 4697 412 4752; x_wconf 90' lang='lat' dir='ltr'><strong><em>p.</em></strong></span> <span class='ocrx_word' id='word_1_480' title='bbox 430 4676 501 4732; x_wconf 77' lang='lat'><strong><em>176.</em></strong></span> <span class='ocrx_word' id='word_1_481' title='bbox 583 4673 614 4748; x_wconf 84' lang='lat'><strong><em>2)</em></strong></span> <span class='ocrx_word' id='word_1_482' title='bbox 638 4676 673 4732; x_wconf 90' lang='lat' dir='ltr'><strong><em>L.</em></strong></span> <span class='ocrx_word' id='word_1_483' title='bbox 692 4678 709 4732; x_wconf 89' lang='lat' dir='ltr'><strong><em>l.</em></strong></span> <span class='ocrx_word' id='word_1_484' title='bbox 728 4697 761 4751; x_wconf 87' lang='lat' dir='ltr'><strong><em>p.</em></strong></span> <span class='ocrx_word' id='word_1_485' title='bbox 780 4677 851 4733; x_wconf 85' lang='lat' dir='ltr'><strong><em>l&#39;l&#39;l.</em></strong></span> <span class='ocrx_word' id='word_1_486' title='bbox 933 4675 964 4746; x_wconf 85' lang='lat'><strong><em>3)</em></strong></span> <span class='ocrx_word' id='word_1_487' title='bbox 990 4675 1139 4735; x_wconf 62' lang='lat' dir='ltr'><strong><em>Carenem.</em></strong></span> <span class='ocrx_word' id='word_1_488' title='bbox 1165 4676 1194 4732; x_wconf 86' lang='lat' dir='ltr'><strong><em>in</em></strong></span> <span class='ocrx_word' id='word_1_489' title='bbox 1221 4676 1322 4734; x_wconf 77' lang='lat' dir='ltr'><strong><em>Metili.</em></strong></span> <span class='ocrx_word' id='word_1_490' title='bbox 1348 4679 1365 4731; x_wconf 88' lang='lat' dir='ltr'><strong><em>l.</em></strong></span> <span class='ocrx_word' id='word_1_491' title='bbox 1384 4676 1454 4732; x_wconf 94' lang='lat' dir='ltr'><strong><em>XII.</em></strong></span> <span class='ocrx_word' id='word_1_492' title='bbox 1480 4675 1534 4733; x_wconf 82' lang='lat' dir='ltr'><strong><em>SS.</em></strong></span> <span class='ocrx_word' id='word_1_493' title='bbox 1554 4676 1623 4747; x_wconf 86' lang='lat' dir='ltr'><strong><em>XII,</em></strong></span> <span class='ocrx_word' id='word_1_494' title='bbox 1642 4697 1675 4752; x_wconf 88' lang='lat' dir='ltr'><strong><em>p.</em></strong></span> <span class='ocrx_word' id='word_1_495' title='bbox 1694 4675 1774 4732; x_wconf 81' lang='lat'>624:</span> 
     </span>
    </p>

    <p class='ocr_par' dir='ltr' id='par_1_6' title="bbox 80 4784 1830 5710">
     <span class='ocr_line' id='line_1_40' title="bbox 127 4784 1775 4856; baseline 0 -17"><span class='ocrx_word' id='word_1_496' title='bbox 127 4785 200 4839; x_wconf 88' lang='lat' dir='ltr'><strong><em>Dum</em></strong></span> <span class='ocrx_word' id='word_1_497' title='bbox 223 4785 347 4840; x_wconf 77' lang='lat' dir='ltr'><strong><em>metricis</em></strong></span> <span class='ocrx_word' id='word_1_498' title='bbox 371 4785 493 4855; x_wconf 84' lang='lat' dir='ltr'><strong><em>pedibus</em></strong></span> <span class='ocrx_word' id='word_1_499' title='bbox 508 4785 597 4839; x_wconf 80' lang='lat' dir='ltr'><strong><em>verba</em></strong></span> <span class='ocrx_word' id='word_1_500' title='bbox 618 4784 743 4856; x_wconf 82' lang='lat' dir='ltr'><strong><em>ligando,</em></strong></span> <span class='ocrx_word' id='word_1_501' title='bbox 768 4791 800 4838; x_wconf 87' lang='lat' dir='ltr'><strong><em>ut</em></strong></span> <span class='ocrx_word' id='word_1_502' title='bbox 822 4785 851 4839; x_wconf 88' lang='lat' dir='ltr'><strong><em>iu</em></strong></span> <span class='ocrx_word' id='word_1_503' title='bbox 875 4785 1048 4840; x_wconf 79' lang='lat' dir='ltr'><strong><em>scholaribus</em></strong></span> <span class='ocrx_word' id='word_1_504' title='bbox 1072 4791 1202 4840; x_wconf 79' lang='lat' dir='ltr'><strong><em>assuctus</em></strong></span> <span class='ocrx_word' id='word_1_505' title='bbox 1227 4803 1313 4853; x_wconf 80' lang='lat' dir='ltr'><strong><em>erem,</em></strong></span> <span class='ocrx_word' id='word_1_506' title='bbox 1336 4784 1451 4856; x_wconf 83' lang='lat' dir='ltr'><strong><em>longum</em></strong></span> <span class='ocrx_word' id='word_1_507' title='bbox 1475 4785 1616 4855; x_wconf 78' lang='lat' dir='ltr'><strong><em>inpensis</em></strong></span> <span class='ocrx_word' id='word_1_508' title='bbox 1640 4785 1775 4839; x_wconf 86' lang='lat' dir='ltr'><strong><em>sermoni-</em></strong></span> 
     </span>
     <span class='ocr_line' id='line_1_41' title="bbox 81 4889 1775 4965; baseline 0 -20"><span class='ocrx_word' id='word_1_509' title='bbox 81 4905 107 4944; x_wconf 73' lang='grc' dir='ltr'><em>ιο</em></span> <span class='ocrx_word' id='word_1_510' title='bbox 125 4891 178 4946; x_wconf 88' lang='lat' dir='ltr'><strong><em>bus</em></strong></span> <span class='ocrx_word' id='word_1_511' title='bbox 205 4892 329 4947; x_wconf 78' lang='lat' dir='ltr'><strong><em>laborem</em></strong></span> <span class='ocrx_word' id='word_1_512' title='bbox 357 4891 536 4947; x_wconf 79' lang='lat' dir='ltr'><strong><em>insumerem.</em></strong></span> <span class='ocrx_word' id='word_1_513' title='bbox 652 4889 682 4960; x_wconf 82' lang='lat'><strong><em>4)</em></strong></span> <span class='ocrx_word' id='word_1_514' title='bbox 706 4891 826 4946; x_wconf 81' lang='lat' dir='ltr'><strong><em>Flamini</em></strong></span> <span class='ocrx_word' id='word_1_515' title='bbox 848 4909 950 4964; x_wconf 77' lang='lat' dir='ltr'><strong><em>magno</em></strong></span> <span class='ocrx_word' id='word_1_516' title='bbox 975 4900 1000 4947; x_wconf 90' lang='lat' dir='ltr'><strong><em>et</em></strong></span> <span class='ocrx_word' id='word_1_517' title='bbox 1022 4892 1102 4946; x_wconf 87' lang='lat' dir='ltr'><strong><em>Deus</em></strong></span> <span class='ocrx_word' id='word_1_518' title='bbox 1125 4909 1220 4958; x_wconf 74' lang='lat' dir='ltr'><strong><em>ineus3</em></strong></span> <span class='ocrx_word' id='word_1_519' title='bbox 1253 4889 1339 4946; x_wconf 80' lang='lat' dir='ltr'><strong><em>edidit</em></strong></span> <span class='ocrx_word' id='word_1_520' title='bbox 1360 4891 1480 4946; x_wconf 74' lang='lat' dir='ltr'><strong><em>Ilocleull</em></strong></span> <span class='ocrx_word' id='word_1_521' title='bbox 1508 4892 1526 4946; x_wconf 86' lang='lat' dir='ltr'><strong><em>l.</em></strong></span> <span class='ocrx_word' id='word_1_522' title='bbox 1550 4892 1568 4946; x_wconf 92' lang='lat' dir='ltr'><strong><em>l.</em></strong></span> <span class='ocrx_word' id='word_1_523' title='bbox 1595 4909 1628 4964; x_wconf 88' lang='lat' dir='ltr'><strong><em>p.</em></strong></span> <span class='ocrx_word' id='word_1_524' title='bbox 1654 4889 1716 4945; x_wconf 85' lang='lat'><strong><em>288</em></strong></span> <span class='ocrx_word' id='word_1_525' title='bbox 1733 4911 1775 4965; x_wconf 88' lang='lat' dir='ltr'><strong><em>eq.</em></strong></span> 
     </span>
     <span class='ocr_line' id='line_1_42' title="bbox 127 4994 1775 5073; baseline -0.001 -20"><span class='ocrx_word' id='word_1_526' title='bbox 127 4994 158 5072; x_wconf 79' lang='grc' dir='ltr'><strong><em>ὃ)</em></strong></span> <span class='ocrx_word' id='word_1_527' title='bbox 180 4997 322 5056; x_wconf 82' lang='lat' dir='ltr'><strong><em>Hauriau</em></strong></span> <span class='ocrx_word' id='word_1_528' title='bbox 344 5000 363 5053; x_wconf 90' lang='lat' dir='ltr'><strong><em>l.</em></strong></span> <span class='ocrx_word' id='word_1_529' title='bbox 381 4999 399 5054; x_wconf 89' lang='lat' dir='ltr'><strong><em>l.</em></strong></span> <span class='ocrx_word' id='word_1_530' title='bbox 418 5017 451 5073; x_wconf 89' lang='lat' dir='ltr'><strong><em>p.</em></strong></span> <span class='ocrx_word' id='word_1_531' title='bbox 473 4997 543 5054; x_wconf 83' lang='lat'><strong><em>115.</em></strong></span> <span class='ocrx_word' id='word_1_532' title='bbox 648 4997 678 5066; x_wconf 88' lang='grc'><strong><em>6)</em></strong></span> <span class='ocrx_word' id='word_1_533' title='bbox 704 4997 855 5073; x_wconf 80' lang='lat' dir='ltr'><strong><em>Supplicie</em></strong></span> <span class='ocrx_word' id='word_1_534' title='bbox 878 4998 1001 5054; x_wconf 70' lang='lat' dir='ltr'><strong><em>numnis</em></strong></span> <span class='ocrx_word' id='word_1_535' title='bbox 1025 4997 1176 5072; x_wconf 82' lang='lat' dir='ltr'><strong><em>composuit</em></strong></span> <span class='ocrx_word' id='word_1_536' title='bbox 1198 4998 1357 5071; x_wconf 83' lang='lat' dir='ltr'><strong><em>opusculum</em></strong></span> <span class='ocrx_word' id='word_1_537' title='bbox 1382 4999 1416 5052; x_wconf 85' lang='lat' dir='ltr'><strong><em>dc</em></strong></span> <span class='ocrx_word' id='word_1_538' title='bbox 1439 4996 1557 5053; x_wconf 62' lang='lat' dir='ltr'><strong><em>trisemo</em></strong></span> <span class='ocrx_word' id='word_1_539' title='bbox 1581 4996 1703 5052; x_wconf 81' lang='lat' dir='ltr'><strong><em>coenobii</em></strong></span> <span class='ocrx_word' id='word_1_540' title='bbox 1723 4995 1775 5064; x_wconf 85' lang='lat' dir='ltr'><strong><em>sui,</em></strong></span> 
     </span>
     <span class='ocr_line' id='line_1_43' title="bbox 125 5103 1830 5190; baseline -0.002 -30"><span class='ocrx_word' id='word_1_541' title='bbox 125 5105 201 5179; x_wconf 85' lang='lat' dir='ltr'><strong><em>quod</em></strong></span> <span class='ocrx_word' id='word_1_542' title='bbox 208 5103 331 5179; x_wconf 86' lang='lat' dir='ltr'><strong><em>periieee</em></strong></span> <span class='ocrx_word' id='word_1_543' title='bbox 346 5104 464 5174; x_wconf 85' lang='lat' dir='ltr'><strong><em>uidetur,</em></strong></span> <span class='ocrx_word' id='word_1_544' title='bbox 482 5105 522 5176; x_wconf 87' lang='lat' dir='ltr'><strong><em>cs.</em></strong></span> <span class='ocrx_word' id='word_1_545' title='bbox 539 5104 658 5162; x_wconf 77' lang='lat' dir='ltr'><strong><em>Ileineri</em></strong></span> <span class='ocrx_word' id='word_1_546' title='bbox 672 5104 790 5161; x_wconf 85' lang='lat' dir='ltr'><strong><em>libellum</em></strong></span> <span class='ocrx_word' id='word_1_547' title='bbox 807 5107 843 5160; x_wconf 87' lang='lat' dir='ltr'><strong><em>ds</em></strong></span> <span class='ocrx_word' id='word_1_548' title='bbox 859 5106 974 5176; x_wconf 84' lang='lat' dir='ltr'><strong><em>ineptiis</em></strong></span> <span class='ocrx_word' id='word_1_549' title='bbox 991 5107 1135 5160; x_wconf 78' lang='lat' dir='ltr'><strong><em>cuiusdam</em></strong></span> <span class='ocrx_word' id='word_1_550' title='bbox 1150 5106 1266 5172; x_wconf 77' lang='lat' dir='ltr'><strong><em>idiotae,</em></strong></span> <span class='ocrx_word' id='word_1_551' title='bbox 1290 5104 1344 5160; x_wconf 82' lang='lat' dir='ltr'><strong><em>SS.</em></strong></span> <span class='ocrx_word' id='word_1_552' title='bbox 1364 5104 1431 5174; x_wconf 93' lang='lat' dir='ltr'><strong><em>XX,</em></strong></span> <span class='ocrx_word' id='word_1_553' title='bbox 1454 5123 1484 5178; x_wconf 90' lang='lat' dir='ltr'><strong><em>p.</em></strong></span> <span class='ocrx_word' id='word_1_554' title='bbox 1503 5103 1577 5172; x_wconf 82' lang='lat'><strong><em>595,</em></strong></span> <span class='ocrx_word' id='word_1_555' title='bbox 1599 5111 1625 5158; x_wconf 87' lang='lat' dir='ltr'><strong><em>et</em></strong></span> <span class='ocrx_word' id='word_1_556' title='bbox 1647 5103 1776 5176; x_wconf 74' lang='lat' dir='ltr'><strong><em>ltprimum</em></strong></span> <span class='ocrx_word' id='word_1_557' title='bbox 1823 5177 1830 5190; x_wconf 27' lang='grc' dir='ltr'><strong><em>θ</em></strong></span> 
     </span>
     <span class='ocr_line' id='line_1_44' title="bbox 126 5208 1775 5287; baseline -0.001 -21"><span class='ocrx_word' id='word_1_558' title='bbox 126 5211 244 5266; x_wconf 76' lang='lat' dir='ltr'><strong><em>Flamini</em></strong></span> <span class='ocrx_word' id='word_1_559' title='bbox 267 5229 377 5284; x_wconf 76' lang='lat' dir='ltr'><strong><em>magno.</em></strong></span> <span class='ocrx_word' id='word_1_560' title='bbox 426 5211 520 5268; x_wconf 89' lang='lat' dir='ltr'><strong><em>Metro</em></strong></span> <span class='ocrx_word' id='word_1_561' title='bbox 548 5231 624 5282; x_wconf 83' lang='lat' dir='ltr'><strong><em>uero,</em></strong></span> <span class='ocrx_word' id='word_1_562' title='bbox 655 5231 709 5287; x_wconf 87' lang='lat' dir='ltr'><strong><em>qua</em></strong></span> <span class='ocrx_word' id='word_1_563' title='bbox 732 5211 850 5285; x_wconf 73' lang='lat' dir='ltr'><strong><em>ltprimue</em></strong></span> <span class='ocrx_word' id='word_1_564' title='bbox 873 5213 953 5266; x_wconf 86' lang='lat' dir='ltr'><strong><em>Deus</em></strong></span> <span class='ocrx_word' id='word_1_565' title='bbox 975 5230 1055 5266; x_wconf 76' lang='lat' dir='ltr'><strong><em>meus</em></strong></span> <span class='ocrx_word' id='word_1_566' title='bbox 1086 5209 1249 5284; x_wconf 71' lang='lat' dir='ltr'><strong><em>corripoeitus</em></strong></span> <span class='ocrx_word' id='word_1_567' title='bbox 1281 5217 1328 5280; x_wconf 87' lang='lat' dir='ltr'><strong><em>eet,</em></strong></span> <span class='ocrx_word' id='word_1_568' title='bbox 1359 5229 1425 5266; x_wconf 84' lang='lat' dir='ltr'><strong><em>neue</em></strong></span> <span class='ocrx_word' id='word_1_569' title='bbox 1455 5217 1495 5266; x_wconf 85' lang='lat' dir='ltr'><strong><em>eet</em></strong></span> <span class='ocrx_word' id='word_1_570' title='bbox 1524 5217 1618 5266; x_wconf 74' lang='lat' dir='ltr'><strong><em>ecastor</em></strong></span> <span class='ocrx_word' id='word_1_571' title='bbox 1640 5208 1724 5280; x_wconf 87' lang='lat' dir='ltr'><strong><em>infra</em></strong></span> <span class='ocrx_word' id='word_1_572' title='bbox 1748 5208 1775 5264; x_wconf 84' lang='lat' dir='ltr'><strong><em>in</em></strong></span> 
     </span>
     <span class='ocr_line' id='line_1_45' title="bbox 126 5313 1775 5393; baseline -0.003 -19"><span class='ocrx_word' id='word_1_573' title='bbox 126 5316 251 5374; x_wconf 76' lang='lat' dir='ltr'><strong><em>caraune</em></strong></span> <span class='ocrx_word' id='word_1_574' title='bbox 274 5317 312 5374; x_wconf 90' lang='lat' dir='ltr'><strong><em>X.</em></strong></span> <span class='ocrx_word' id='word_1_575' title='bbox 405 5313 437 5392; x_wconf 83' lang='lat' dir='ltr'><strong><em>l)</em></strong></span> <span class='ocrx_word' id='word_1_576' title='bbox 461 5315 566 5375; x_wconf 74' lang='lat' dir='ltr'><strong><em>Olenon.</em></strong></span> <span class='ocrx_word' id='word_1_577' title='bbox 590 5338 614 5374; x_wconf 85' lang='lat' dir='ltr'><strong><em>e.</em></strong></span> <span class='ocrx_word' id='word_1_578' title='bbox 632 5319 723 5375; x_wconf 88' lang='lat' dir='ltr'><strong><em>Laur.</em></strong></span> <span class='ocrx_word' id='word_1_579' title='bbox 750 5337 772 5374; x_wconf 85' lang='lat' dir='ltr'><strong><em>e.</em></strong></span> <span class='ocrx_word' id='word_1_580' title='bbox 791 5318 820 5388; x_wconf 87' lang='lat'><strong><em>4,</em></strong></span> <span class='ocrx_word' id='word_1_581' title='bbox 846 5317 900 5375; x_wconf 81' lang='lat' dir='ltr'><strong><em>SS.</em></strong></span> <span class='ocrx_word' id='word_1_582' title='bbox 921 5318 1001 5387; x_wconf 85' lang='lat' dir='ltr'><strong><em>VIII,</em></strong></span> <span class='ocrx_word' id='word_1_583' title='bbox 1021 5338 1053 5393; x_wconf 87' lang='lat' dir='ltr'><strong><em>p.</em></strong></span> <span class='ocrx_word' id='word_1_584' title='bbox 1073 5317 1146 5372; x_wconf 84' lang='grc'>263.</span> <span class='ocrx_word' id='word_1_585' title='bbox 1240 5317 1270 5386; x_wconf 87' lang='lat'><strong><em>8)</em></strong></span> <span class='ocrx_word' id='word_1_586' title='bbox 1295 5316 1370 5373; x_wconf 80' lang='lat' dir='ltr'><strong><em>Ilici.</em></strong></span> <span class='ocrx_word' id='word_1_587' title='bbox 1396 5337 1418 5372; x_wconf 89' lang='lat' dir='ltr'><strong><em>c.</em></strong></span> <span class='ocrx_word' id='word_1_588' title='bbox 1438 5317 1466 5386; x_wconf 83' lang='lat'><strong><em>5,</em></strong></span> <span class='ocrx_word' id='word_1_589' title='bbox 1486 5337 1519 5391; x_wconf 89' lang='lat' dir='ltr'><strong><em>p.</em></strong></span> <span class='ocrx_word' id='word_1_590' title='bbox 1538 5315 1618 5370; x_wconf 81' lang='lat'>264:</span> <span class='ocrx_word' id='word_1_591' title='bbox 1643 5317 1707 5371; x_wconf 87' lang='lat' dir='ltr'><strong><em>Deo</em></strong></span> <span class='ocrx_word' id='word_1_592' title='bbox 1732 5317 1775 5370; x_wconf 82' lang='lat' dir='ltr'><strong><em>cui</em></strong></span> 
     </span>
     <span class='ocr_line' id='line_1_46' title="bbox 80 5421 1776 5498; baseline 0.002 -24"><span class='ocrx_word' id='word_1_593' title='bbox 80 5425 296 5480; x_wconf 68' lang='lat' dir='ltr'><strong><em>uehementius</em></strong></span> <span class='ocrx_word' id='word_1_594' title='bbox 320 5423 484 5481; x_wconf 82' lang='lat' dir='ltr'><strong><em>sacrificium</em></strong></span> <span class='ocrx_word' id='word_1_595' title='bbox 508 5427 640 5480; x_wconf 88' lang='lat' dir='ltr'><strong><em>mundum</em></strong></span> <span class='ocrx_word' id='word_1_596' title='bbox 663 5427 692 5480; x_wconf 90' lang='lat' dir='ltr'><strong><em>in</em></strong></span> <span class='ocrx_word' id='word_1_597' title='bbox 715 5427 830 5482; x_wconf 85' lang='lat' dir='ltr'><strong><em>odorem</em></strong></span> <span class='ocrx_word' id='word_1_598' title='bbox 853 5427 1002 5480; x_wconf 81' lang='lat' dir='ltr'><strong><em>suavitatis</em></strong></span> <span class='ocrx_word' id='word_1_599' title='bbox 1024 5427 1137 5481; x_wconf 81' lang='lat' dir='ltr'><strong><em>oblutus</em></strong></span> <span class='ocrx_word' id='word_1_600' title='bbox 1162 5433 1222 5492; x_wconf 79' lang='lat' dir='ltr'><strong><em>est3</em></strong></span> <span class='ocrx_word' id='word_1_601' title='bbox 1248 5425 1289 5496; x_wconf 82' lang='lat' dir='ltr'><strong><em>cf.</em></strong></span> <span class='ocrx_word' id='word_1_602' title='bbox 1314 5423 1398 5494; x_wconf 83' lang='lat' dir='ltr'><strong><em>infre</em></strong></span> <span class='ocrx_word' id='word_1_603' title='bbox 1415 5423 1452 5492; x_wconf 88' lang='lat' dir='ltr'><strong><em>X,</em></strong></span> <span class='ocrx_word' id='word_1_604' title='bbox 1471 5423 1510 5477; x_wconf 78' lang='lat'><strong><em>49</em></strong></span> <span class='ocrx_word' id='word_1_605' title='bbox 1528 5443 1569 5498; x_wconf 88' lang='lat' dir='ltr'><strong><em>eq.</em></strong></span> <span class='ocrx_word' id='word_1_606' title='bbox 1644 5421 1675 5492; x_wconf 87' lang='lat'><strong><em>9)</em></strong></span> <span class='ocrx_word' id='word_1_607' title='bbox 1700 5421 1776 5477; x_wconf 85' lang='lat' dir='ltr'><strong><em>Ibid.</em></strong></span> 
     </span>
     <span class='ocr_line' id='line_1_47' title="bbox 127 5527 1779 5607; baseline 0.001 -25"><span class='ocrx_word' id='word_1_608' title='bbox 127 5551 148 5585; x_wconf 77' lang='lat' dir='ltr'><strong><em>c.</em></strong></span> <span class='ocrx_word' id='word_1_609' title='bbox 167 5529 219 5601; x_wconf 79' lang='lat'><strong><em>48,</em></strong></span> <span class='ocrx_word' id='word_1_610' title='bbox 237 5551 271 5607; x_wconf 89' lang='lat' dir='ltr'><strong><em>p.</em></strong></span> <span class='ocrx_word' id='word_1_611' title='bbox 291 5531 363 5588; x_wconf 82' lang='grc'>278.</span> <span class='ocrx_word' id='word_1_612' title='bbox 480 5529 531 5602; x_wconf 91' lang='grc'><strong><em>10)</em></strong></span> <span class='ocrx_word' id='word_1_613' title='bbox 556 5531 676 5588; x_wconf 74' lang='lat' dir='ltr'><strong><em>Roclsoll</em></strong></span> <span class='ocrx_word' id='word_1_614' title='bbox 704 5533 722 5588; x_wconf 91' lang='lat' dir='ltr'><strong><em>l.</em></strong></span> <span class='ocrx_word' id='word_1_615' title='bbox 746 5533 764 5587; x_wconf 90' lang='lat' dir='ltr'><strong><em>l.</em></strong></span> <span class='ocrx_word' id='word_1_616' title='bbox 791 5551 824 5606; x_wconf 89' lang='lat' dir='ltr'><strong><em>p.</em></strong></span> <span class='ocrx_word' id='word_1_617' title='bbox 850 5531 922 5587; x_wconf 85' lang='lat'><strong><em>320.</em></strong></span> <span class='ocrx_word' id='word_1_618' title='bbox 971 5531 1006 5588; x_wconf 92' lang='lat' dir='ltr'><strong><em>In</em></strong></span> <span class='ocrx_word' id='word_1_619' title='bbox 1031 5531 1123 5588; x_wconf 86' lang='lat' dir='ltr'><strong><em>codice</em></strong></span> <span class='ocrx_word' id='word_1_620' title='bbox 1148 5530 1348 5589; x_wconf 77' lang='lat' dir='ltr'><strong><em>Caneernccuei</em></strong></span> <span class='ocrx_word' id='word_1_621' title='bbox 1370 5530 1526 5586; x_wconf 66' lang='lat' dir='ltr'><strong><em>coordinatus·</em></strong></span> <span class='ocrx_word' id='word_1_622' title='bbox 1551 5529 1632 5586; x_wconf 87' lang='lat' dir='ltr'><strong><em>etiam</em></strong></span> <span class='ocrx_word' id='word_1_623' title='bbox 1656 5527 1779 5604; x_wconf 82' lang='lat' dir='ltr'><strong><em>Ruperti</em></strong></span> 
     </span>
     <span class='ocr_line' id='line_1_48' title="bbox 127 5633 1775 5710; baseline -0.001 -19"><span class='ocrx_word' id='word_1_624' title='bbox 127 5639 261 5710; x_wconf 73' lang='lat' dir='ltr'><strong><em>Dialogus</em></strong></span> <span class='ocrx_word' id='word_1_625' title='bbox 284 5639 360 5695; x_wconf 84' lang='lat' dir='ltr'><strong><em>inter</em></strong></span> <span class='ocrx_word' id='word_1_626' title='bbox 375 5638 564 5694; x_wconf 79' lang='lat' dir='ltr'><strong><em>Christianum</em></strong></span> <span class='ocrx_word' id='word_1_627' title='bbox 580 5646 612 5695; x_wconf 86' lang='lat' dir='ltr'><strong><em>et</em></strong></span> <span class='ocrx_word' id='word_1_628' title='bbox 626 5637 763 5695; x_wconf 76' lang='lat' dir='ltr'><strong><em>Iudaeum</em></strong></span> <span class='ocrx_word' id='word_1_629' title='bbox 787 5642 823 5695; x_wconf 87' lang='lat' dir='ltr'><strong><em>de</em></strong></span> <span class='ocrx_word' id='word_1_630' title='bbox 848 5641 1032 5695; x_wconf 82' lang='lat' dir='ltr'><strong><em>sacrementis</em></strong></span> <span class='ocrx_word' id='word_1_631' title='bbox 1055 5638 1133 5706; x_wconf 87' lang='lat' dir='ltr'><strong><em>fidei,</em></strong></span> <span class='ocrx_word' id='word_1_632' title='bbox 1159 5641 1206 5710; x_wconf 84' lang='lat' dir='ltr'><strong><em>qui</em></strong></span> <span class='ocrx_word' id='word_1_633' title='bbox 1230 5646 1346 5693; x_wconf 82' lang='lat' dir='ltr'><strong><em>vocatur</em></strong></span> <span class='ocrx_word' id='word_1_634' title='bbox 1369 5639 1479 5692; x_wconf 83' lang='lat' dir='ltr'><strong><em>anulus.</em></strong></span> <span class='ocrx_word' id='word_1_635' title='bbox 1556 5634 1607 5700; x_wconf 91' lang='grc'><strong><em>11)</em></strong></span> <span class='ocrx_word' id='word_1_636' title='bbox 1634 5635 1687 5692; x_wconf 75' lang='grc'><strong><em>88,</em></strong></span> <span class='ocrx_word' id='word_1_637' title='bbox 1705 5633 1775 5702; x_wconf 91' lang='lat' dir='ltr'><strong><em>XII,</em></strong></span> 
     </span>
    </p>
   </div>
   <div class='ocr_carea' id='block_1_4' title="bbox 121 5743 1241 5821">
    <p class='ocr_par' dir='ltr' id='par_1_7' title="bbox 121 5743 1241 5821">
     <span class='ocr_line' id='line_1_49' title="bbox 121 5743 1241 5821; baseline 0.004 -23"><span class='ocrx_word' id='word_1_638' title='bbox 121 5743 246 5818; x_wconf 51' lang='grc'>[1624.</span> <span class='ocrx_word' id='word_1_639' title='bbox 329 5743 381 5818; x_wconf 93' lang='grc'><strong><em>12)</em></strong></span> <span class='ocrx_word' id='word_1_640' title='bbox 406 5746 440 5803; x_wconf 90' lang='lat' dir='ltr'><strong><em>L.</em></strong></span> <span class='ocrx_word' id='word_1_641' title='bbox 458 5747 476 5802; x_wconf 93' lang='lat' dir='ltr'><strong><em>l.</em></strong></span> <span class='ocrx_word' id='word_1_642' title='bbox 494 5746 548 5817; x_wconf 92' lang='lat' dir='ltr'><strong><em>XI,</em></strong></span> <span class='ocrx_word' id='word_1_643' title='bbox 567 5745 693 5821; x_wconf 80' lang='lat' dir='ltr'><strong><em>pllli.</em></strong></span> <span class='ocrx_word' id='word_1_644' title='bbox 789 5745 840 5814; x_wconf 84' lang='lat'><strong><em>13)</em></strong></span> <span class='ocrx_word' id='word_1_645' title='bbox 867 5744 915 5817; x_wconf 81' lang='lat' dir='ltr'><strong><em>Cf.</em></strong></span> <span class='ocrx_word' id='word_1_646' title='bbox 941 5746 1025 5818; x_wconf 87' lang='lat' dir='ltr'><strong><em>infra</em></strong></span> <span class='ocrx_word' id='word_1_647' title='bbox 1049 5765 1163 5802; x_wconf 73' lang='lat' dir='ltr'><strong><em>caririeu</em></strong></span> <span class='ocrx_word' id='word_1_648' title='bbox 1188 5745 1241 5802; x_wconf 91' lang='lat' dir='ltr'><strong><em>IX.</em></strong></span> 
     </span>
    </p>
   </div>
   <div class='ocr_carea' id='block_1_5' title="bbox 0 0 2221 6388">
    <p class='ocr_par' dir='ltr' id='par_1_8' title="bbox 0 0 2221 6388">
     <span class='ocr_line' id='line_1_50' title="bbox 0 0 2221 6388; baseline 0 0"><span class='ocrx_word' id='word_1_649' title='bbox 0 0 2221 6388; x_wconf 95' lang='lat' dir='ltr'><strong><em> </em></strong></span> 
     </span>
    </p>
   </div>
  </div>
 </body>
</html>
