4410 6406
598 373 650 426 DE
674 370 1007 428 INVESTIGATIONE
1032 369 1283 427 ANTICHRISTI
1306 371 1340 424 L.
1357 370 1381 426 1.
1758 365 1821 429 309

159 557 261 621 iuxta
285 580 409 622 morem
426 557 543 645 probat
565 559 733 622 institutio.
769 558 813 622 Et
835 559 917 623 haec
936 557 1073 621 dicimus
1090 568 1219 622 nostrae
1236 556 1447 622 dubitationis
1472 557 1626 644 ambages
1651 569 1823 624 excusatas

161 685 241 728 esse
267 666 446 752 cupientes.
491 665 577 729 Nam
606 665 680 728 finis
710 664 865 752 loquendi
892 663 1073 728 audiendus
1098 677 1147 728 est
1175 687 1240 729 non
1264 665 1501 730 concionatoris
1524 665 1823 751 percontationibus

161 771 396 836 inherendum.
432 770 585 836 Ceterum
608 773 642 835 in
665 771 727 836 hac
752 774 823 858 ipsa
847 770 1025 836 catholicae
1051 771 1217 836 electionis
1233 782 1326 857 parte
1350 772 1551 858 acceptanda
1571 771 1671 836 multa
1694 785 1768 837 sunt
1791 784 1824 838 11

162 901 242 942 1111
267 889 427 965 apparent
451 880 650 943 correctione
675 879 784 965 digna,
809 889 845 944 ut
868 887 918 942 est
940 877 1194 965 appellationum
1211 877 1324 943 abusio
1348 889 1382 942 11
1404 879 1546 943 avaricie
1571 901 1629 944 seu
1644 879 1746 944 fastus
1765 881 1822 944 im-

124 985 362 1067 smoderatio,
387 1008 450 1072 que
475 985 686 1072 quoadusque
710 986 871 1050 Dominus
902 1007 960 1048 suo
990 995 1108 1070 purget
1131 983 1313 1050 ventilabro
1344 985 1386 1049 ad
1409 1008 1527 1072 purum
1557 987 1698 1072 excoqui
1728 1009 1822 1073 posse

164 1114 235 1156 non
259 1103 349 1178 puto,
373 1091 431 1157 sed
455 1093 510 1179 pia
532 1094 660 1156 interim
685 1092 843 1156 ecclesiae
867 1092 1032 1178 patiencia
1055 1114 1128 1156 cum
1152 1093 1274 1178 gemitu
1297 1091 1476 1174 toleranda,
1501 1092 1605 1157 donec
1628 1094 1734 1157 mittat
1755 1093 1822 1158 Do·
1844 1083 2000 1184 „„„‡f·13‚41‚

165 1199 278 1262 minus
302 1199 434 1285 angelos
458 1222 544 1282 suos,
568 1200 624 1284 qui
648 1198 802 1284 colligant
825 1198 865 1262 de
889 1220 990 1284 regno
1015 1201 1084 1262 eius
1109 1200 1217 1263 omnia
1240 1198 1405 1263 scandala.

221 1429 437 1504 INCIPIT·
465 1429 618 1504 LIBER
643 1429 831 1506 PRIMUS
858 1430 928 1503 DE
955 1428 1394 1505 INVESTIGACIONE
1419 1428 1762 1506 ANTIOHRISTI.

415 1569 443 1630 1.
478 1566 627 1631 Aures
651 1590 728 1654 que
752 1569 944 1654 queritur
968 1568 1351 1654 investigacionem
1375 1567 1581 1632 admittat.

115 1720 147 1760 ro
278 1692 332 1756 De
355 1694 605 1778 investigatione
629 1691 821 1756 Antichristi
852 1691 963 1756 divina
993 1693 1123 1757 favente
1154 1692 1327 1757 clementia
1357 1695 1517 1778 scripturo
1548 1692 1581 1757 id
1610 1693 1690 1758 mihi
1719 1695 1824 1781 primo

167 1799 457 1886 investigandumb
480 1799 619 1882 videtur,
644 1810 827 1863 utrumnam
852 1801 923 1886 ipsa
945 1822 998 1863 res
1022 1800 1305 1885 investigationem
1329 1799 1487 1864 admittat.
1526 1800 1610 1864 Nam
1634 1801 1662 1864 si
1686 1823 1736 1884 ea,
1761 1825 1823 1888 que

169 1905 212 1970 de
236 1906 429 1970 Antichristi
453 1906 611 1970 ‘adventu
633 1905 767 1992 publica
789 1917 878 1970 tenet
902 1907 1021 1992 opinio,
1046 1916 1247 1970 constantem
1271 1904 1450 1970 1111111111ο
1474 1907 1644 1972 veritatem
1668 1918 1701 1972 et
1723 1909 1824 1996 scrip-
1843 1936 1907 1988 ·p.s.

169 2023 242 2077 ture
268 2026 378 2077 sancte
402 2011 586 2078 indubitata
608 2015 800 2078 auctoritate
825 2011 966 2076 subnixa
989 2024 1073 2095 sunt,
1104 2027 1215 2078 nostra
1245 2015 1452 2098 investigatio
1483 2013 1589 2078 locum
1619 2037 1684 2079 non
1714 2014 1823 2080 habet.

170 2118 343 2206 Siquidem
376 2119 432 2185 ubi
467 2131 593 2185 constat
622 2121 742 2184 veritas
773 2131 805 2184 et
835 2120 994 2206 scripture
1030 2131 1141 2184 sancte
1177 2130 1301 2184 certum
1337 2119 1416 2206 quid
1450 2120 1622 2184 manifesta
1656 2122 1825 2187 confirmat

120 2254 150 2293 11
169 2229 359 2309 auctoritas,
391 2227 479 2291 aliud
503 2227 586 2292 velle
610 2227 807 2312 investigare
838 2225 970 2292 stultum
994 2237 1080 2291 esset
1110 2238 1206 2313 atque
1231 2227 1375 2313 impium.
1422 2227 1609 2291 Videndum
1632 2229 1732 2313 igitur
1755 2231 1823 2316 qui-

168 2333 233 2397 bus
258 2335 414 2398 innitatur
436 2334 655 2399 fundamentis
679 2334 795 2398 eadem
819 2333 859 2398 de
876 2332 1069 2398 Antichristi
1092 2333 1236 2398 adventu
1259 2335 1379 2421 opinio,
1397 2333 1549 2399 videlicet
1573 2333 1661 2421 quod
1680 2335 1825 2402 detribu

168 2440 250 2504 Dan
279 2427 586 2529 nasciturusquod
609 2442 649 2506 de
673 2440 856 2524 Babilonia,
880 2439 1098 2505 Chaldeorum
1128 2439 1309 2527 metropoli,
1333 2452 1500 2523 venturus,
1528 2441 1617 2528 quod
1646 2443 1680 2506 in
1703 2444 1823 2530 templo

169 2547 237 2611 Dei
262 2547 461 2612 lerosolimis
485 2571 642 2631 sessurus,
666 2548 753 2635 quod
777 2547 858 2612 duos
881 2558 980 2612 testes
996 2547 1111 2612 Enoch
1136 2558 1168 2612 et
1191 2546 1323 2612 Heliam
1344 2549 1379 2612 in
1402 2549 1550 2634 personis
1574 2549 1733 2614 materiali
1756 2549 1823 2636 gla-

169 2654 226 2719 dio
252 2656 419 2719 occisurus
443 2655 562 2719 dicitur
571 2660 592 2737 ¹,
618 2655 705 2742 quod
728 2665 793 2718 tres
816 2677 911 2740 reges
934 2654 1098 2741 Ethiopie,
1121 2653 1216 2718 Libie
1241 2666 1274 2718 et
1295 2653 1441 2720 Affrice²
1464 2666 1673 2740 superaturus
1697 2668 1730 2720 ct
1752 2668 1825 2744 post

121 2789 150 2828 so
170 2763 270 2825 trium
294 2785 453 2826 annorum
476 2773 509 2826 et
531 2761 658 2826 dimidii
680 2785 817 2848 regnum
842 2785 862 2826 a
884 2761 1026 2826 Domino
1050 2761 1294 2826 interficiendus
1317 2761 1539 2848 perhibeturss.

278 2943 310 3004 2.
344 2939 404 3004 Ι)1
428 2963 488 3022 11,
513 2938 622 3026 quod
645 2939 692 3003 de
716 2937 831 3004 tribu
853 2939 942 3003 Dan
965 2939 1257 3004 Antichristus
1281 2939 1440 3004 dicitur
1462 2940 1716 3005 nasciturus.

279 3065 324 3128 Et
346 3066 450 3151 primo
475 3063 564 3151 quod
586 3063 627 3129 de
651 3063 737 3127 tribu
760 3063 837 3128 Dan
861 3065 1044 3128 nasciturus
1068 3063 1217 3147 dicitur⁴,
1248 3087 1314 3128 non
1344 3063 1474 3130 aliunde
1502 3064 1571 3130 fere
1600 3067 1825 3132 auctoritatem

172 3171 294 3236 habere
320 3174 444 3254 estimo,
473 3171 536 3236 nisi
560 3171 647 3258 quod
671 3170 786 3236 eadem
809 3169 912 3235 tribus
935 3170 1014 3235 Dan
1036 3172 1070 3234 in
1094 3171 1304 3258 dispositione
1329 3182 1518 3255 castrorum,
1542 3195 1616 3236 cum
1639 3173 1824 3259 proficisce-

172 3289 286 3343 rentur
308 3279 349 3343 de
371 3279 503 3366 Egypto
526 3277 584 3342 filii
607 3277 719 3360 Israel,
743 3277 850 3342 locum
875 3276 918 3341 ad
941 3277 1125 3364 aquilonem
1149 3279 1261 3342 sortita
1285 3288 1343 3360 est,
1369 3289 1401 3342 11
1424 3277 1512 3364 quod
1535 3279 1575 3343 de
1599 3280 1714 3344 eadem
1738 3280 1825 3345 tribu

123 3411 153 3450 ss
171 3387 206 3449 in
231 3384 513 3450 benedictionibus
536 3384 719 3472 patriarche
743 3383 843 3449 Iacob
866 3383 949 3448 filios
974 3407 1048 3449 suos
1071 3383 1296 3448 benedicentis
1320 3384 1476 3449 dicitur⁵:
1503 3386 1580 3450 Fiet
1602 3387 1678 3451 Dan
1701 3390 1825 3453 coluber
1844 3415 1985 3464 11111111.

172 3497 208 3558 ἰ’-1
232 3497 296 3574 rio,
328 3508 459 3558 cerastes
489 3496 523 3558 in
546 3496 656 3558 cernito
686 3493 832 3557 mordens
855 3494 989 3580 nnpnlos
1012 3495 1095 3578 equi,
1126 3506 1159 3556 nt
1181 3493 1275 3556 cedat
1297 3517 1442 3557 ascensor
1465 3496 1532 3557 eius
1556 3509 1733 3558 retrorsum.
1781 3494 1826 3558 Et
1843 3522 1908 3561 uum.
1917 3522 1937 3572 r,
1945 3521 1979 3562 ra.
2080 3577 2082 3582 Χ

172 3598 254 3663 illud
277 3598 365 3685 quod
387 3598 491 3663 tribus
507 3599 584 3663 Dan
607 3598 650 3662 ad
665 3597 849 3685 aquilonem
873 3599 906 3661 in
924 3598 1134 3684 dispositione
1159 3608 1338 3662 castrorum
1361 3597 1468 3662 locum
1493 3601 1606 3663 sortita
1625 3611 1684 3682 est,
1707 3623 1824 3686 parum

172 3705 226 3770 vel
249 3704 349 3770 nichil
379 3705 513 3770 adrem
537 3705 645 3770 facere
669 3705 808 3788 videtur,
832 3705 931 3768 utde
956 3702 1042 3768 tribu
1072 3704 1127 3768 illa
1150 3716 1305 3768 venturus
1328 3703 1548 3769 Antichristus
1570 3716 1710 3792 putetur.
1756 3707 1825 3772 Aut

173 3815 201 3877 si
225 3813 422 3900 aquilonaris
446 3812 536 3877 locus
559 3811 751 3876 Antichristi
775 3813 978 3898 generationi
1001 3821 1185 3898 competere
1210 3813 1387 3893 estimetur,
1412 3813 1489 3898 quia
1513 3812 1667 3899 scriptum
1692 3815 1748 3877 sit:
1772 3815 1958 3891 11111111.

127 3947 154 3985 so
173 3923 322 4007 aquilo-ne
338 3921 500 4008 penrietnr
522 3922 651 3999 11111111,
682 3919 781 3983 nichil
811 3930 919 3982 tamen
948 3941 1065 4004 eogere
1089 3919 1227 4002 videtur,
1251 3929 1376 3983 utnon
1399 3918 1439 3982 de
1464 3918 1528 3982 alia
1552 3943 1648 4006 quam
1673 3919 1824 3986 detribu

172 4026 249 4091 Dan
273 4026 492 4092 Antichristus
515 4027 699 4091 nasciturus
723 4027 774 4108 sit,
799 4049 873 4090 cum
896 4026 1033 4112 plurime
1057 4035 1182 4111 gentes,
1212 4048 1254 4089 ne
1284 4024 1392 4090 dicam
1422 4023 1536 4108 tribus,
1567 4025 1609 4090 ad
1639 4027 1824 4114 aquilonem

173 4132 330 4216 habitent,
354 4144 390 4198 ut
413 4134 453 4198 de
478 4157 543 4221 qua
571 4132 719 4198 illammd
743 4131 859 4197 eadem
889 4131 994 4196 bestia
1023 4143 1177 4197 nascatur
1207 4130 1387 4197 dubitabile
1419 4134 1469 4197 sit.
1515 4132 1630 4220 Neque
1654 4157 1733 4198 vero
1757 4134 1825 4199 sola

173 4239 277 4304 tribus
294 4241 380 4323 Dan,
405 4240 463 4305 sed
486 4264 560 4306 cum
583 4240 638 4304 illa
661 4263 790 4327 quoque
814 4238 876 4303 alie
901 4239 964 4303 (1111
987 4238 1091 4304 tribus
1107 4238 1192 4303 Aser
1215 4251 1247 4304 et
1265 4238 1396 4326 Neptali
1420 4251 1527 4304 castra
1549 4242 1661 4305 metati
1685 4251 1760 4306 sunt
1783 4241 1824 4306 ad

174 4346 369 4434 aquilonem.
415 4347 500 4412 illud
522 4370 601 4412 vero
624 4346 808 4434 patriarche
831 4344 932 4410 Iacob
949 4349 1013 4434 flat
1035 4347 1110 4410 Dan
1134 4348 1258 4411 coluber
1286 4350 1321 4411 in
1344 4349 1398 4412 via
1429 4357 1461 4410 11
1484 4357 1603 4429 cetera,
1635 4369 1709 4412 cum
1731 4347 1824 4411 Anti-

127 4479 155 4519 ss
174 4454 286 4518 christi
311 4455 470 4540 impietati
494 4477 559 4518 non
582 4455 759 4538 incongrue
784 4463 922 4540 aptetur,
947 4476 985 4517 eo
1010 4452 1096 4539 quod
1124 4453 1194 4538 ipse
1219 4452 1352 4518 coluber
1381 4476 1440 4540 per
1462 4453 1639 4518 versutiam
1663 4464 1824 4518 tortuosus

175 4573 206 4624 11
228 4562 322 4647 quasi
347 4572 488 4625 cerastes
518 4584 578 4647 per
601 4559 773 4625 elationem
797 4558 951 4624 videlieet
980 4561 1174 4624 tirannicam
1202 4569 1234 4623 et
1256 4559 1451 4624 virulentam
1481 4561 1666 4646 nequiciam
1690 4571 1824 4626 cornuto

174 4669 317 4754 serpenti
340 4668 453 4732 similis
478 4667 652 4755 deputetur
673 4667 811 4752 ungulas
836 4667 911 4753 equi
935 4666 1096 4748 mordens,
1121 4665 1276 4753 populum
1293 4666 1504 4730 christianum
1521 4666 1656 4731 Domini
1672 4665 1823 4753 subiuga-

173 4774 236 4838 lem
259 4774 438 4861 decipiens,
462 4786 498 4839 ut
521 4775 617 4839 eadat
640 4797 794 4838 ascensor
817 4775 896 4856 eius,
921 4771 1057 4859 quilibet
1080 4771 1234 4837 videlicet
1255 4772 1450 4860 predicator,
1479 4783 1664 4856 retrorsum,
1695 4773 1824 4860 populis

174 4881 325 4945 nimirum
348 4893 490 4947 rectores
515 4905 589 4946 suos
613 4894 646 4946 et
668 4882 701 4945 in
725 4882 804 4968 ipsis
827 4880 1006 4944 Dominum
1030 4881 1099 4944 sine
1122 4879 1244 4944 honore
1268 4879 1494 4964 abicientibus,
1518 4890 1629 4944 tamen
1652 4880 1729 4967 quia
1751 4903 1824 4967 pro-

129 5056 158 5095 to
280 5045 307 5109 a)
327 5047 508 5097 minionem.
582 5043 610 5106 b)
631 5047 821 5111 vestigandum
839 5063 860 5096 e.
933 5045 959 5106 c)
981 5046 1094 5096 haberet
1112 5063 1132 5096 e.
1206 5043 1234 5107 d)
1255 5044 1366 5096 illorum
1385 5063 1406 5096 c.

283 5191 312 5262 1)
336 5191 459 5250 Aetionis
482 5192 604 5250 Libellus
627 5193 662 5250 de
676 5191 847 5250 Antichristo
871 5186 992 5269 (Miqne,
1016 5191 1128 5250 Patrol.
1152 5193 1201 5250 lat.
1226 5199 1244 5248 t.
1264 5191 1337 5262 101,
1362 5193 1412 5249 eol.
1432 5185 1547 5268 1296).·
1570 5191 1651 5248 'nme
1673 5192 1825 5248 mittentur

174 5301 202 5355 in
224 5301 357 5356 mundum
381 5302 436 5356 duc
459 5301 552 5373 magni
575 5300 743 5372 prophetae,
766 5301 845 5356 Elias
869 5307 899 5356 et
922 5299 1029 5368 Enoch,
1055 5301 1103 5370 qui
1127 5305 1225 5355 contra
1247 5300 1383 5370 impetum
1407 5298 1574 5355 Antichristi
1597 5298 1698 5355 fideles
1723 5299 1824 5354 divinis

173 5409 256 5464 armis
278 5409 477 5480 praemunient
502 5448 561 5462 ...
585 5409 712 5480 insurget
728 5407 919 5462 Antichristus
942 5409 971 5462 in
995 5425 1043 5463 eos
1068 5413 1098 5461 et
1121 5405 1285 5462 interficiet.
1378 5404 1408 5476 2)
1433 5405 1480 5463 De
1502 5407 1556 5463 hae
1577 5425 1611 5462 rc
1633 5406 1714 5482 apud
1734 5406 1824 5463 Adeo-

175 5534 236 5571 nem
260 5514 331 5570 nihil
351 5514 460 5591 legitur.
568 5512 598 5582 3)
622 5513 699 5571 Adeo
723 5515 740 5569 l.
758 5515 776 5569 l.
802 5512 973 5570 11112971
999 5532 1061 5569 eum
1083 5531 1137 5585 per
1160 5520 1219 5568 tres
1243 5531 1330 5569 annos
1356 5521 1385 5570 et
1409 5514 1553 5590 dimidium
1576 5519 1667 5569 totum
1689 5515 1823 5568 mundum

131 5637 157 5677 ss
175 5623 320 5677 vexaverit
345 5663 403 5678 ...
427 5622 463 5677 ad
486 5622 615 5676 ultimum
630 5621 728 5677 veniet
751 5621 892 5676 iudicium.
963 5619 994 5688 4)
1019 5619 1095 5677 Adeo
1119 5621 1137 5676 l.
1154 5621 1172 5676 l.
1197 5619 1369 5677 11112921
1395 5619 1474 5676 Siout
1491 5639 1558 5692 ergo
1581 5627 1711 5677 auctores
1735 5621 1823 5677 nostri

176 5729 283 5796 dicunt,
308 5729 499 5784 Antichristus
523 5746 558 5784 ex
580 5727 684 5799 populo
707 5728 876 5783 Iudaeorum
899 5734 1033 5782 nascetur
1056 5730 1091 5782 de
1116 5727 1192 5783 tribu
1212 5729 1287 5783 Dan.
1379 5723 1410 5801 ὅ)
1436 5725 1484 5799 Os.
1509 5729 1586 5786 Adeo
1609 5729 1627 5784 l.
1644 5730 1662 5785 l.
1778 5743 1780 5748 ’
