4410 6406
431 395 496 458 254
724 398 903 455 GERHOHI
926 396 1159 453 PRAEPOSITI
1183 395 1589 452 anrcnnsssnnnonnsls
1613 397 1780 456 LIBELLI.

429 587 549 652 virtute
573 609 612 650 ac
628 584 754 650 viribus
770 585 902 672 plenum
926 584 1157 670 significamus,
1182 595 1215 648 et
1236 581 1371 664 irritum,
1389 583 1476 670 qnod
1495 606 1514 647 a
1530 584 1649 647 virtute
1664 606 1805 650 vacnum
1821 581 1947 647 viribus
1973 603 2091 646 carere

333 719 411 762 *ssu
431 693 713 758 'demonstramus
767 692 849 756 Item
881 702 986 756 ratum
1020 715 1084 756 non
1115 693 1294 776 incongrue
1325 689 1478 770 dicimus,
1510 689 1597 776 quod
1627 691 1778 758 virtutem
1810 712 1908 776 qnam
1940 689 2092 753 continet

429 822 595 886 nunquam
626 800 774 863 amittere
806 820 903 884 posse
935 797 1183 884 significamus,
1200 807 1235 862 nt
1266 795 1358 862 verbi
1388 798 1493 882 gratia
1523 797 1701 883 propositio
1731 795 1784 862 vel
1815 796 1918 860 oratio
1949 795 2091 880 aliqna⁸

430 906 527 971 talem
552 907 720 971 continens
744 905 797 969 vel
822 905 1008 990 significans
1032 905 1218 985 veritatem,
1250 926 1334 990 quae
1365 901 1634 990 impermutabilis
1665 914 1728 982 θεῖ,
1760 927 1833 968 cum
1857 902 1912 966 vel
1941 902 2093 967 affirmat

430 1035 501 1078 esse
526 1012 615 1100 quod
638 1013 725 1077 nonb
749 1021 855 1098 potest
878 1034 943 1078 non
967 1033 1049 1092 esse,
1074 1010 1126 1076 vel
1150 1032 1168 1074 e
1193 1032 1350 1075 converso
1374 1021 1480 1096 potest
1503 1020 1574 1074 rata
1597 1009 1665 1074 dici
1688 1010 1790 1078 oratio
1816 1020 1988 1096 potestque
2014 1031 2125 1095 pro-⁵

430 1121 499 1207 prie
531 1119 597 1184 dici
627 1121 692 1185 oris
722 1120 834 1183 rau01.
881 1117 1012 1183 Dicitur
1040 1140 1180 1203 namque
1204 1119 1287 1182 ratio
1318 1115 1359 1182 ab
1385 1139 1422 1182 eo
1447 1116 1535 1202 quod
1558 1126 1607 1180 θεῖ
1631 1127 1746 1199 ratum,
1771 1118 1920 1210 quamvis
1944 1127 1979 1180 et
2003 1116 2092 1180 falsa

431 1227 532 1291 oratio
556 1227 684 1291 dicamr
707 1227 820 1305 oratio,
846 1245 931 1311 quae
954 1234 1064 1289 tamen
1087 1234 1203 1304 ratum,
1235 1224 1269 1288 id
1293 1235 1342 1288 est
1369 1223 1496 1287 firmum
1525 1246 1582 1288 seu
1605 1245 1718 1288 verum
1743 1247 1806 1290 non
1830 1235 1967 1309 generat
1992 1223 2091 1287 intel-

429 1334 558 1418 lectum,
584 1345 616 1398 et
639 1333 712 1397 ideo
737 1342 826 1397 recto
851 1332 935 1396 sicut
957 1331 1050 1410 falsa,
1081 1332 1127 1394 ita
1158 1341 1190 1394 θῖ
1219 1332 1311 1394 irrita
1340 1341 1427 1396 recte
1459 1329 1523 1394 dici
1555 1339 1662 1415 potest
1692 1331 1804 1410 oratio,
1833 1353 1917 1418 qnae
1948 1341 2022 1394 rato
2054 1341 2091 1394 et

430 1463 507 1506 vero
530 1440 697 1506 intellectu
714 1449 813 1520 caret,
830 1439 907 1526 quia
922 1437 1077 1502 videlicet
1101 1436 1194 1502 aliter
1217 1447 1267 1500 θεῖ
1288 1438 1323 1501 in
1346 1459 1381 1500 re
1406 1459 1503 1523 quam
1528 1437 1600 1523 ipsa
1623 1437 1805 1523 significat⁰
1831 1459 1913 1506 esse.
1959 1438 2089 1502 Exem-

292 1575 410 1624 ros.s‚ss.
429 1547 515 1634 plum
541 1547 583 1611 ad
607 1567 754 1632 eaquae
779 1545 917 1609 dicimus
941 1544 1003 1608 hoc
1027 1545 1078 1608 sit.
1119 1542 1154 1608 Si
1178 1545 1251 1630 quis
1275 1554 1434 1630 proponat
1459 1542 1561 1607 ‘Dens
1584 1566 1687 1608 verax
1711 1544 1793 1607 est’:
1818 1543 1878 1616 hec
1901 1544 2089 1630 propositio
2112 1569 2138 1607 ro

428 1663 494 1718 tam
518 1677 597 1718 vera
621 1664 669 1717 θεῖ
693 1662 790 1738 atquo
814 1661 880 1715 tarn
904 1661 985 1732 rata,
1009 1662 1045 1715 ut
1068 1650 1171 1715 omnis
1196 1651 1252 1737 qui
1275 1651 1440 1737 acceperit
1464 1651 1532 1714 eius
1556 1651 1785 1731 testimonium,
1810 1650 2020 1716 subscribere
2046 1673 2089 1715 ac

429 1761 558 1846 signare
581 1761 693 1846 possit,
719 1759 796 1845 quia
819 1757 911 1822 Dens
935 1779 1037 1822 verax
1062 1769 1119 1822 est.
1163 1757 1260 1838 Quod
1284 1759 1369 1821 enim
1393 1779 1528 1822 veraces
1552 1757 1699 1822 homines
1723 1758 1844 1839 dicunt,
1870 1780 1984 1822 verum
2011 1781 2088 1822 esse

429 1867 555 1948 volunt,
588 1865 675 1952 quod
705 1874 813 1929 autem
843 1887 909 1929 non
940 1863 1042 1928 solum
1073 1863 1200 1942 dicunt,
1232 1863 1291 1928 sed
1321 1865 1419 1928 etiam
1450 1862 1596 1928 scribunt
1625 1865 1739 1929 fortius
1771 1876 1868 1951 atque
1899 1863 2088 1929 durabilius

428 1996 542 2037 verum
566 1995 638 2036 esse
663 1973 811 2054 innuunt,
835 1971 922 2058 qnod
947 1983 1054 2035 antem
1078 1971 1200 2035 dictum
1226 1982 1258 2034 θῖ
1281 1971 1438 2057 scriptum
1468 1972 1598 2056 signant
1628 1971 1736 2057 aliquo
1763 1970 1943 2038 inviolabili
1974 1972 2086 2058 sigillo

428 2103 542 2145 verum
572 2078 690 2143 durare
721 2077 835 2142 volunt
865 2077 925 2141 snb
955 2078 1026 2164 ipso
1058 2077 1235 2163 signaculo.
1281 2077 1379 2142 Unde
1409 2077 1572 2142 Iohannes
1603 2077 1643 2141 de
1671 2075 1800 2142 Christo
1831 2078 1984 2170 loquens:
2021 2079 2091 2157 Qui
2109 2103 2135 2141 rs

429 2190 593 2274 acceperit,
623 2187 738 2272 inquit,
770 2189 837 2251 eius
865 2188 1082 2265 testimouium,
1113 2188 1261 2272 siccavit,
1292 2188 1368 2272 quia
1393 2185 1480 2250 Deus
1504 2211 1602 2249 vercor
1624 2201 1674 2250 cst.
1723 2185 1762 2248 In
1786 2208 1849 2273 qno
1874 2209 1987 2267 vorax,
2021 2187 2086 2248 nisi

429 2295 516 2381 qnia,
550 2293 633 2358 sicut
658 2292 784 2356 locutus
809 2302 858 2356 est
881 2291 924 2356 ad
947 2302 1056 2378 patres
1084 2301 1210 2356 nostros
1232 2289 1401 2356 Abraham
1425 2302 1458 2355 et
1480 2293 1595 2356 semini
1620 2293 1689 2356 eius
1713 2293 1747 2355 in
1770 2291 1889 2376 secula,
1922 2293 1968 2356 sic
1993 2293 2085 2375 fecit,

430 2401 573 2482 etfacit,
598 2410 630 2464 et
653 2398 752 2464 faciet
775 2399 807 2461 in
833 2398 969 2462 secula?
1015 2399 1052 2462 In
1077 2421 1141 2484 quo
1164 2421 1277 2480 verax,
1305 2399 1367 2461 nisi
1392 2399 1469 2484 qnia
1491 2399 1622 2462 mittens
1645 2399 1807 2464 incarnari
1831 2399 1951 2468 Filium
1976 2423 2084 2482 suum,

252 2499 410 2593 humbli&
429 2510 571 2572 visitavit
593 2521 621 2571 ct
636 2508 723 2595 fecit
744 2505 986 2591 redemptionem
1003 2507 1111 2592 plebis
1133 2531 1218 2586 suco,
1242 2520 1271 2570 ct
1294 2508 1407 2570 'crexit
1429 2529 1525 2570 cornu
1548 2507 1661 2571 salietis
1684 2509 1773 2571 nobis
1797 2509 1830 2571 iu
1855 2507 1946 2572 dorso
1970 2507 2088 2572 Duos-'d

423 2617 525 2702 pueri
545 2616 605 2694 soi,
637 2633 702 2676 non
732 2610 795 2676 alio
826 2611 933 2693 modo,
964 2633 1030 2675 non
1053 2611 1116 2675 alio
1140 2622 1296 2698 tempore,
1327 2634 1391 2676 non
1416 2610 1480 2675 alia
1508 2611 1670 2691 detribu,
1702 2635 1767 2676 non
1790 2612 1854 2677 alio
1879 2614 1913 2677 in
1938 2613 2082 2694 castello,
2104 2637 2130 2674 so

428 2715 491 2783 nisi
527 2741 586 2806 per
614 2719 777 2804 virginem
811 2719 845 2781 in
880 2717 1081 2804 plenitudine
1117 2719 1286 2804 temporis,
1322 2717 1363 2782 de
1397 2718 1484 2782 tribu
1519 2718 1616 2800 Iuda,
1651 2720 1685 2782 in
1720 2719 1911 2786 Bethlehem
1948 2719 2083 2784 castello

290 2855 410 2904 nauum.
429 2826 550 2908 David,
581 2829 662 2891 sicut
692 2827 810 2891 locutus
839 2840 884 2890 cst
905 2851 969 2912 per
992 2850 1026 2890 os
1052 2840 1240 2906 sauctorum,
1271 2829 1330 2912 qui
1350 2851 1370 2890 c
1393 2827 1496 2890 seculo
1526 2841 1598 2891 suut
1620 2829 1848 2914 prophetarum
1879 2830 1972 2894 eius?
2017 2827 2082 2890 Ita·

430 2955 492 3020 que
517 2933 701 2998 testimonio
721 2931 844 2997 Christi
867 2943 1019 3018 suscepto
1043 2931 1154 2996 rected
1178 2931 1351 3014 credimus,
1376 2942 1464 2996 recte
1489 2932 1577 3018 quod
1601 2933 1763 2996 credimus
1786 2934 1821 2996 in
1844 2933 1943 3000 corde
1968 2932 2082 2998 scribi-

429 3063 510 3121 mus,
535 3050 567 3103 et
591 3041 747 3126 scriptum
778 3041 954 3125 signamus,
985 3036 1046 3102 hoc
1073 3037 1206 3119 scilicet,
1231 3040 1309 3124 quia
1331 3039 1423 3103 Deus
1446 3061 1549 3102 verax
1577 3050 1635 3103 est.
1682 3039 1754 3103 Hec
1786 3040 1872 3103 enim
1902 3042 2080 3128 propositio

429 3169 493 3210 non
525 3147 627 3212 solnm
658 3148 795 3232 integra,
827 3145 885 3209 sed
917 3146 1014 3209 etiam
1038 3155 1109 3208 rata
1132 3155 1190 3208 est.
1238 3145 1369 3230 [ntegra
1392 3146 1554 3227 nimirum,
1579 3147 1657 3230 quia
1679 3145 1768 3210 nulla
1791 3147 1981 3234 principalis
2005 3169 2123 3233 parsu

397 3321 400 3330 Ι
430 3254 638 3317 constitutiva
661 3252 753 3317 deest
775 3254 808 3315 in
833 3252 893 3316 hac
918 3253 1079 3334 oratione3
1104 3273 1189 3332 nam,
1214 3251 1488 3337 quemadmodum
1512 3252 1626 3316 domus
1649 3253 1847 3338 principales
1871 3254 2079 3322 constitutive

429 3369 537 3447 partes
562 3369 636 3424 sunt
659 3369 790 3439 tectum,
814 3359 966 3445 parietes,
990 3357 1247 3438 fundamentum,
1272 3380 1409 3443 quarum
1431 3359 1573 3444 partium
1596 3359 1623 3422 si
1639 3358 1691 3422 vel
1707 3382 1773 3423 nna
1794 3359 1944 3444 defuerit,
1965 3360 2079 3425 domus

428 3489 493 3532 non
517 3467 654 3552 integra,
681 3467 780 3530 immo
804 3475 891 3529 none
915 3465 1030 3529 domus
1055 3466 1131 3547 erit,
1163 3465 1209 3529 ita
1233 3465 1386 3529 orationis
1410 3465 1462 3529 vel
1486 3466 1716 3551 propositionis
1739 3466 1936 3552 principales
1962 3467 2079 3530 consti-

429 3575 531 3638 tutive
555 3583 663 3660 partes
687 3583 762 3636 sunt
784 3595 903 3636 nomen
926 3583 958 3636 et
982 3570 1128 3653 verbum,
1153 3595 1289 3657 quorum
1314 3572 1341 3634 si
1365 3570 1502 3635 alterurn
1526 3571 1675 3653 defixerit,
1699 3573 1876 3659 propositio
1899 3573 1954 3644 vol
1977 3575 2079 3638 oratio

430 3681 614 3766 integritate
649 3677 783 3744 carebit.
841 3679 895 3743 De
925 3678 982 3742 tali
1012 3689 1120 3742 autem
1151 3680 1298 3742 oratione
1330 3677 1472 3763 agendo,
1504 3700 1600 3765 qnam
1633 3677 1805 3765 dyalectici
1838 3681 2080 3748 enunoiativam
2099 3704 2123 3743 so

430 3786 551 3868 dicunt,
576 3808 694 3850 nomen
718 3798 751 3850 et
772 3783 910 3850 verbum
933 3785 1023 3871 large
1048 3786 1237 3871 accipimus,
1263 3807 1336 3848 cum
1360 3785 1489 3848 nomine
1512 3807 1701 3871 pronomen,
1727 3809 1801 3849 cum
1824 3784 1924 3852 verbo
1949 3788 2080 3873 partici-

431 3895 519 3980 pium
543 3891 859 3979 comprehendendo‚
883 3903 918 3956 ut
945 3893 978 3955 in
1001 3901 1090 3956 tanto
1115 3893 1261 3976 negocio,
1293 3890 1420 3955 tantilla
1449 3891 1728 3972 determinatione,
1753 3893 1847 3978 quasi
1870 3893 2000 3962 modico
2024 3893 2079 3958 lla-

430 3999 514 4064 bello
539 4000 773 4086 sophismatum
796 4000 997 4085 importunas
1021 4021 1151 4062 muscas
1175 3995 1355 4083 abigamus.
1402 3998 1535 4084 Integra
1558 4021 1635 4084 crgo
1664 4021 1729 4063 non
1753 4001 1814 4064 erit
1837 4002 1939 4066 oratio
1965 4024 2080 4066 carens

429 4109 559 4172 nomine
583 4106 660 4170 ants
677 4103 788 4188 verbo,
812 4106 911 4169 immo
934 4117 1018 4169 εθθ8
1035 4105 1096 4168 erit
1119 4105 1222 4169 oratio
1247 4105 1396 4185 dicenda,
1421 4106 1475 4169 cui
1498 4104 1590 4169 deest
1612 4129 1688 4191 pars
1712 4108 1866 4171 orationis
1889 4107 2080 4194 principalis

430 4225 462 4278 θῖ
485 4213 709 4300 principaliter
732 4213 950 4276 constitutiva.
987 4210 1055 4275 Sed
1078 4212 1140 4275 ista
1164 4212 1265 4275 oratio
1283 4210 1386 4274 ‘Deus
1402 4233 1506 4275 verax
1522 4211 1595 4293 θεῖ’,
1622 4213 1752 4276 omnino
1776 4225 1827 4277 θεῖ
1848 4215 1986 4302 integra,
2004 4216 2082 4301 quia
2100 4237 2124 4276 ss

430 4337 494 4384 non
518 4331 609 4384 carot
631 4319 741 4405 aliqua
764 4329 856 4405 parte
878 4317 1102 4404 principaliter
1125 4318 1344 4399 constitutiva,
1374 4317 1452 4380 licet
1482 4329 1592 4382 careat
1615 4319 1816 4383 secundariis
1840 4318 1986 4407 partibus
2011 4345 2079 4385 ora-

430 4427 537 4508 tionis,
562 4427 799 4507 coninnctione,
828 4425 1048 4511 prepositione
1072 4446 1111 4488 ac
1135 4425 1262 4506 ceteris,
1287 4447 1425 4510 quarum
1449 4423 1597 4488 absentia
1620 4425 1673 4490 vel
1697 4424 1874 4492 subtractio
1898 4450 1963 4496 non
1988 4427 2080 4492 dimi-

334 4560 364 4602 ·.
398 4563 412 4600 ι.
431 4533 501 4597 nuit
523 4533 743 4618 integritatem
769 4532 946 4613 ‘orationis
977 4531 1084 4594 idest
1111 4553 1175 4595 non
1200 4531 1336 4595 destruit
1359 4533 1548 4612 orationem,
1573 4553 1636 4618 qno
1661 4533 1766 4596 minus
1791 4535 1892 4600 oratio
1917 4536 1967 4615 sit,
1998 4535 2081 4600 sicut

431 4662 492 4704 nec
515 4639 629 4725 paxilli
645 4639 698 4703 vel
722 4638 851 4724 tegulae
876 4635 1052 4702 subtractio
1069 4637 1200 4702 domum
1216 4637 1360 4702 destruit.
1397 4637 1545 4723 Ignosce,
1570 4638 1680 4719 lector,
1706 4639 1819 4703 tandin
1842 4639 1960 4706 talibus
1984 4643 2080 4726 nugis

431 4747 625 4826 immoranti,
650 4746 802 4832 quoniam
828 4767 867 4809 ea
890 4767 954 4830 qne
978 4743 1116 4808 dicimus
1139 4755 1250 4808 notata
1272 4743 1383 4808 valent
1406 4742 1500 4808 nobis
1531 4744 1573 4809 ad
1597 4745 1882 4812 demonstrandam
1913 4748 2080 4833 integrita-
2099 4771 2125 4808 so

431 4863 496 4917 tem
521 4853 677 4938 cuiusque
707 4852 910 4916 sacramenti.
958 4850 1115 4914 Dicamus
1146 4851 1279 4914 iterum:
1313 4851 1419 4914 ‘Deus
1443 4874 1546 4915 verax
1570 4852 1632 4915 θεῖ’
1659 4863 1708 4916 θεῖ
1731 4855 1833 4918 oratio
1858 4855 2001 4940 integrm
2033 4856 2080 4918 in-

431 4968 534 5045 tegra,
566 4959 708 5044 inquam,
739 4957 827 5022 nulla
854 4979 969 5022 carens
1000 4967 1091 5042 parte
1114 4956 1339 5042 principaliter
1362 4959 1580 5022 constitutiva.
1629 4959 1696 5023 Sed
1718 4961 1746 5023 si
1770 4960 1970 5026 solummodo
1995 4972 2081 5026 esset

430 5067 569 5151 integra,
593 5087 657 5130 non
682 5065 779 5128 etiam
802 5074 883 5145 rata,
907 5085 1113 5150 nequaquam
1137 5073 1222 5126 esset
1245 5065 1338 5128 iuxta
1357 5064 1527 5128 consilinm
1544 5065 1698 5129 Iohannis
1723 5064 1884 5131 babtistae
1908 5067 2079 5154 signanda,

432 5171 491 5236 sed
514 5170 729 5252 exsufflanda,
754 5168 991 5258 quantumlibet
1021 5179 1107 5233 esset
1135 5171 1271 5256 integra.
1318 5171 1379 5234 Est
1409 5181 1518 5235 antem
1548 5171 1609 5235 hec
1640 5173 1741 5236 oratio
1772 5174 1818 5236 ita
1840 5195 1919 5237 vera
1942 5182 1974 5237 et
1998 5187 2079 5250 rata,

345 5303 346 5306 ¹
431 5278 519 5365 quod
541 5276 728 5365 possibilius
745 5287 793 5342 est
817 5275 943 5341 caelum
967 5285 999 5340 et
1022 5285 1142 5340 terram
1165 5277 1199 5339 in
1214 5276 1371 5341 nichilum
1387 5277 1502 5362 redigi,
1524 5301 1621 5364 quam
1645 5278 1728 5342 hanc
1753 5280 1932 5344 orationem
1955 5281 2079 5345 irritam
2100 5303 2125 5342 rs

431 5386 518 5468 lieri3
544 5384 632 5471 quod
648 5385 733 5448 enim
758 5384 920 5470 significat
942 5383 988 5446 ita
1002 5404 1118 5446 verum
1134 5394 1193 5466 est,
1218 5384 1263 5447 ita
1286 5381 1522 5447 invariabiliter
1538 5385 1657 5464 existit,
1675 5395 1710 5448 ut
1732 5408 1899 5472 nunqnam
1922 5410 1987 5454 non
2007 5410 2080 5452 esse

538 5531 564 5594 ε)
587 5532 707 5598 aqunam
727 5534 751 5582 2.
815 5527 843 5588 b)
864 5529 929 5580 deest
948 5532 972 5580 2.
992 5531 1016 5579 3.
1081 5527 1107 5588 θ)
1128 5530 1263 5594 significet
1283 5533 1307 5580 2.
1372 5528 1399 5590 d)
1421 5547 1443 5580 r.
1462 5547 1499 5580 cr.
1518 5531 1568 5581 des.
1588 5535 1612 5581 3.
1678 5533 1703 5592 e)
1726 5549 1775 5584 rrec
1796 5536 1819 5583 2.
1840 5537 1864 5582 3.
1929 5535 1949 5594 f)
1973 5551 2034 5585 cnm
2054 5539 2080 5587 3.

431 5619 460 5688 g)
481 5637 536 5673 non
555 5624 580 5672 3.

541 5749 570 5820 1)
595 5749 662 5807 aiu.
689 5749 810 5824 namot.
835 5748 859 5818 r,
885 5747 914 5818 5,
933 5748 961 5803 s.
1039 5787 1045 5798 ‚
