4426 6398
460 393 525 455 694
840 397 1022 462 MARBODI
1045 397 1222 454 EPISCOPI
1245 395 1490 454 REDONENSIS
1515 395 1742 452 EPIS'I'OLAE.

458 585 523 650 alia
545 585 646 651 multa
671 593 805 650 sanctae
829 585 1032 650 auctoritatis
1056 584 1128 650 loca
1151 583 1278 649 adhoc
1302 585 1408 670 ipsum
1424 584 1631 670 pertinentia,
1652 605 1735 670 quae
1751 604 1885 669 possem
1909 579 2097 647 subnectere.

457 691 524 757 Sed
548 693 601 756 cui
624 689 706 756 haec
725 715 790 757 non
810 691 985 775 sufficiunt,
1009 713 1071 756 nec
1094 691 1187 779 plura
1210 690 1405 756 sufficerent.
1441 689 1568 773 Valete,
1591 690 1708 754 iratres
1725 688 1942 770 dilectissimi,
1967 698 2099 754 sternte

456 821 515 886 pro
539 796 650 864 nobis!

564 924 594 986 2.
630 923 825 988 Minimus
853 924 1146 1010 episcoporum
1170 922 1428 1008 Ingungerio
1452 920 1691 987 venerabili
1720 921 1940 986 sacerdoti
1968 931 2007 984 et
2032 921 2102 984 fra-

456 1028 593 1094 tribus
624 1030 695 1116 qui
726 1051 865 1094 secum
894 1029 981 1094 Deo
1013 1031 1205 1094 serviunt
1235 1029 1422 1094 salutem.
2116 1037 2127 1074 ⁶

563 1137 706 1200 Litteras
723 1145 853 1201 vestrae
877 1135 1057 1200 sancu'tatis
1081 1134 1229 1200 litterulis
1253 1157 1274 1200 a
1295 1147 1406 1200 nostra
1428 1137 1589 1222 parvitate
1612 1137 1702 1222 prius
1718 1135 1851 1201 directis
1876 1134 2103 1221 respondentes

456 1244 581 1330 accepi.
629 1241 757 1324 Quibus
780 1242 932 1330 perlectis
956 1265 1020 1306 uon
1044 1241 1253 1307 mediocriter
1279 1242 1412 1328 gavisus
1435 1265 1517 1324 sum,
1542 1265 1616 1306 cmn
1639 1265 1697 1307 vos
1721 1265 1762 1307 ea
1784 1253 1912 1306 tentiam
1935 1243 2056 1306 sentire
2077 1253 2103 1306 et

456 1348 647 1436 praedicare
678 1350 810 1436 percepi
834 1371 918 1435 quae
943 1346 1147 1413 acatholica
1175 1371 1240 1414 non
1270 1349 1459 1435 discrepant
1481 1349 1629 1414 veritate.
1676 1348 1760 1414 Nam
1790 1349 1957 1414 hereticos
1982 1348 2103 1434 quidem

456 1455 652 1542 generaliter
680 1478 791 1520 omnes
814 1455 966 1520 vitandos
996 1477 1035 1520 ac
1066 1454 1274 1521 detestandos
1305 1456 1378 1543 quis
1407 1455 1558 1520 nesciat?
1605 1454 1820 1543 Presbyteros
1851 1477 1984 1543 qnoque
2016 1453 2103 1519 forni-

457 1563 562 1627 carios
593 1563 678 1626 sacri
709 1584 851 1626 canones
883 1561 1093 1648 deponendos
1124 1562 1307 1628 ostendunt.
1354 1562 1478 1628 Verum
1507 1584 1572 1626 non
1602 1564 1738 1649 passim,
1773 1585 1881 1649 neque
1916 1561 2103 1627 inordinate.
2120 1587 2141 1626 u

278 1695 437 1745 spreuisse.
456 1667 567 1735 Habet
596 1670 681 1734 enim
712 1679 826 1733 sancta
856 1668 1006 1750 ecclesia,
1038 1691 1122 1756 quae
1154 1691 1271 1756 corpus
1296 1680 1346 1735 est
1376 1669 1492 1756 capitis
1516 1667 1604 1755 quod
1627 1681 1677 1734 est
1699 1667 1858 1751 Christus,
1891 1667 2105 1733 membrorum

307 1765 437 1868 „hiffl
456 1798 587 1840 suorum
618 1775 859 1840 distinctionem
884 1786 916 1840 et
939 1775 1121 1840 officiorum
1150 1775 1347 1856 distantiam,
1376 1786 1412 1840 ut
1440 1778 1573 1862 impune
1604 1775 1697 1840 alteri
1727 1798 1792 1840 non
1822 1775 1922 1840 liceat
1952 1773 2041 1861 quod
2062 1785 2107 1838 ert

456 1882 589 1947 alterius
613 1905 780 1970 usurpare.
827 1882 995 1969 Numquid
1025 1883 1134 1948 omnia
1163 1881 1310 1947 membra
1339 1893 1414 1948 sunt
1444 1881 1582 1948 oculus?
1629 1881 1795 1968 Numquid
1824 1883 1935 1946 omnia
1965 1879 2106 1946 membra

279 2017 437 2064 euersum.
457 1989 654 2076 loquuntur?
693 1989 855 2054 Dominus
879 1999 989 2054 noster
1004 1988 1096 2054 Iesus
1121 1988 1251 2054 cuidam
1274 1991 1330 2076 qui
1353 1989 1396 2054 ad
1419 2013 1455 2054 se
1479 1989 1687 2070 clamaverat,
1713 1989 1842 2053 dicens:
1867 1989 2034 2077 Mapt'trter,
2058 1989 2106 2053 dic

448 2099 562 2186 fratri
581 2121 657 2178 meo,
683 2111 714 2162 ut
737 2097 864 2162 diuidat
885 2121 1003 2162 mecum
1027 2097 1238 2178 hereditatem,
1261 2097 1308 2161 ita
1330 2096 1515 2184 respondit:
1540 2096 1653 2178 Home,
1677 2099 1749 2182 qais
1771 2121 1819 2160 me
1842 2099 2005 2161 constituit
2027 2096 2105 2160 iudi·
2123 2119 2143 2158 u

456 2229 520 2268 cem
544 2217 572 2269 et
594 2205 764 2270 divisorem
791 2207 871 2270 ieter
887 2205 964 2268 vos?
998 2202 1101 2268 Multa
1117 2225 1194 2289 ergo
1211 2201 1357 2268 membra
1375 2226 1440 2267 non
1457 2200 1578 2267 debent
1600 2201 1746 2266 iudicare
1771 2213 1826 2268 aut
1848 2201 1949 2289 loqui,
1967 2201 2106 2288 quando·

459 2309 590 2395 quidem
614 2310 678 2396 ipsi
700 2309 831 2396 linguae
856 2319 888 2374 et
911 2308 1012 2374 verbo
1035 2331 1100 2374 non
1124 2309 1201 2374 licet
1228 2310 1290 2375 nisi
1318 2333 1378 2396 per
1400 2309 1548 2374 ordinem
1578 2320 1611 2374 et
1635 2309 1807 2373 constituto
1835 2308 1935 2396 loqui.
1985 2307 2106 2373 Consti-

457 2417 536 2480 tub'o
567 2426 676 2481 autem
700 2417 762 2480 ista
786 2426 835 2481 est
865 2427 898 2480 et
928 2415 1006 2480 ordo
1034 2415 1261 2500 iudiciorum1,
1289 2427 1325 2480 ut
1348 2417 1497 2503 quamvis
1520 2438 1599 2480 vera
1622 2416 1686 2479 sint
1709 2416 1881 2502 quaedam,
1912 2438 1979 2480 non
2003 2427 2107 2479 tamen

460 2522 635 2587 credantur
658 2545 678 2587 a
701 2523 819 2604 iudice,
850 2523 913 2586 nisi
936 2545 1021 2609 quae
1045 2522 1158 2588 ordine
1182 2522 1352 2588 iudiciario
1375 2523 1496 2587 fuerint
1524 2520 1700 2609 publicata.
1747 2523 1789 2586 Et
1818 2523 1852 2586 in
1877 2523 1966 2588 omni
1990 2522 2107 2587 iudicio

459 2637 598 2715 quatuor
613 2627 736 2694 debent
751 2651 822 2694 esse
838 2651 1012 2716 personae:
1038 2639 1218 2712 accusator,
1234 2629 1395 2712 defensor,
1411 2639 1521 2712 testes,
1537 2627 1647 2694 iudex.
1682 2629 1725 2693 Et
1744 2630 1778 2692 in
1794 2628 1959 2693 decretis²
1973 2627 2107 2708 habetis,
2124 2653 2146 2692 a

457 2745 492 2798 ut
515 2734 638 2800 nullum
667 2733 833 2818 iudicium,
864 2737 927 2799 nisi
950 2734 1175 2800 ordinabiliter
1197 2734 1352 2818 habitum,
1377 2745 1535 2801 teneatur.
1581 2736 1665 2800 Nam
1695 2745 1826 2823 praeter
1849 2735 2107 2800 damnandorum

457 2841 544 2928 quod
567 2840 706 2908 habetur
732 2843 765 2906 in
790 2841 910 2928 regulis
934 2841 1087 2928 generale
1118 2842 1284 2925 iudicium,
1315 2844 1480 2929 propriam
1510 2853 1619 2907 tamen
1650 2842 1848 2928 singulorum
1873 2842 2108 2907 discussionem

457 2949 560 3034 exigit
583 2950 767 3036 proprietas
790 2971 1013 3036 personarum.
1060 2949 1155 3014 Hanc
1182 2950 1282 3034 igitur
1304 2949 1427 3014 ordinis
1458 2951 1720 3014 constitutionem
1744 2950 1817 3036 quis
1840 2949 1964 3014 audeat
1986 2959 2107 3034 pertur-

456 3053 562 3118 bare?
585 3065 642 3120 aut
665 3078 730 3120 non
754 3054 816 3119 sibi
839 3055 1032 3142 permissam
1055 3055 1222 3120 iudicandi
1245 3056 1411 3121 licentiam
1436 3057 1508 3143 quis
1533 3056 1654 3121 audeat
1676 3056 1860 3143 usurpare?
1907 3056 2004 3138 Nam,
2028 3065 2107 3119 teste

457 3161 628 3249 scriptura,
659 3163 763 3226 maius
794 3173 844 3226 est
873 3162 1054 3248 periculum
1083 3160 1257 3227 iudicantis
1288 3186 1385 3250 quam
1415 3163 1485 3228 eius
1513 3164 1569 3249 qui
1599 3163 1770 3228 iudicatur.
1816 3163 1861 3228 Et
1883 3163 2047 3228 Dominus
2076 3164 2108 3226 in
2124 3185 2146 3226 a

301 3296 438 3346 nataae.
458 3267 645 3354 euangelio:
670 3268 777 3334 Nolite
801 3269 946 3334 iudicare
970 3284 998 3334 et
1019 3295 1080 3334 noo
1104 3269 1337 3336 iudicabimiai.
1385 3269 1428 3334 Et
1450 3269 1632 3356 apostolus:
1657 3270 1764 3335 Nolite
1786 3285 1857 3335 oute
1880 3285 2002 3357 tempus
2025 3270 2107 3334 iadi-

305 3401 438 3454 casses.
457 3401 538 3440 cure.
585 3375 682 3441 Unde
706 3375 746 3440 de
770 3374 866 3440 beato
889 3375 1031 3441 Martino
1054 3374 1229 3461 legimus³z
1254 3377 1418 3442 Neminem
1442 3377 1601 3457 iudicans,
1624 3379 1775 3442 neminem
1800 3377 2020 3442 coardemnoas.
2066 3376 2108 3440 Et

313 3511 437 3559 nessae.
457 3481 606 3546 dominus
629 3482 721 3546 Iesus
753 3483 837 3548 dicit
865 3483 911 3548 ad
940 3483 1091 3570 quosdam
1122 3485 1181 3569 qui
1207 3487 1240 3548 ia
1264 3509 1296 3548 se
1319 3483 1515 3571 confidebant
1536 3499 1685 3570 &taquam
1709 3485 1787 3548 abati
1807 3498 1836 3548 et
1857 3485 2108 3571 aspernabantur

364 3617 438 3657 run.
457 3603 592 3654 caeteros
610 3591 801 3676 parabolam
826 3593 919 3655 iatam
943 3588 983 3653 de
1003 3588 1158 3653 Phariseo
1183 3600 1215 3653 et
1237 3599 1410 3675 peccatore
1434 3598 1466 3653 et
1489 3589 1610 3654 adiecit
1632 3588 1718 3654 hunc
1742 3588 1952 3654 iustificatum
1978 3588 2020 3655 ab
2043 3589 2106 3654 illo.

456 3694 613 3781 Nunquid
635 3707 668 3759 et
683 3719 741 3760 vos
758 3718 839 3782 quos
863 3695 951 3760 stulti
975 3693 1121 3760 homines
1145 3705 1177 3759 et
1199 3695 1351 3782 imperiti,
1377 3717 1485 3760 errore
1510 3695 1648 3783 decepti,
1672 3696 1833 3761 hereticos
1857 3697 2016 3782 garriunt,
2041 3695 2107 3761 abi·
2125 3722 2147 3760 so

457 3802 566 3867 ciendi
588 3803 666 3867 estis
690 3811 764 3866 ante
795 3801 1020 3866 audientiam?
1065 3800 1177 3866 Absit!
1225 3800 1332 3866 Nolite
1356 3824 1444 3888 ergo,
1469 3801 1671 3868 dilectissimi
1700 3803 1758 3868 filii
1789 3813 1822 3868 et
1850 3803 1980 3886 fratres,
2010 3803 2108 3868 nolite

456 3907 674 3974 condemnare
699 3919 731 3972 et
753 3906 934 3973 abominari
953 3920 1153 3994 peccatores,
1177 3908 1235 3972 sed
1252 3931 1325 3973 cum
1348 3909 1598 3974 mansuetudine
1622 3933 1677 3974 eos
1702 3911 1855 3997 con'ipite
1879 3920 1912 3975 et
1935 3921 2026 3975 orate
2051 3933 2107 3996 pro

455 4015 528 4098 illis,
552 4025 588 4080 ut
611 4016 702 4080 Deus
727 4038 782 4080 eos
807 4025 992 4098 convertam
1020 4015 1072 4080 vel
1096 4016 1122 4079 si
1146 4015 1218 4102 plus
1243 4015 1386 4101 expedit,
1417 4015 1504 4102 apud
1529 4039 1603 4081 suos
1627 4016 1751 4082 iudices
1776 4017 1919 4103 singulos
1943 4027 2107 4098 accusate,

456 4132 491 4186 ut
514 4123 655 4187 convicti
676 4121 728 4186 vel
749 4121 890 4186 confessi
913 4123 996 4187 iuste
1020 4122 1222 4186 damnentur.
1258 4121 1352 4186 Altus
1368 4123 1465 4204 enim,
1482 4121 1555 4187 Deo
1571 4123 1722 4210 propitiO,
1746 4124 1807 4189 hoc
1831 4135 1979 4210 tempore
2004 4135 2108 4188 metus

456 4239 514 4311 est,
537 4230 668 4315 nequis
692 4228 896 4314 iniquitatem
913 4251 1015 4310 suam,
1032 4239 1067 4292 ut
1082 4227 1200 4311 dicitis,
1225 4238 1337 4315 aperte
1355 4228 1509 4294 defendat
1530 4240 1588 4293 aut
1610 4229 1691 4295 haec
1715 4241 1805 4295 tanta
1828 4229 1914 4294 mala
1929 4228 2019 4296 bona
2038 4253 2107 4295 esse
2125 4253 2147 4293 a

455 4334 640 4418 contendat,
666 4335 835 4400 simoniam
853 4334 926 4400 dico
950 4346 983 4400 et
1005 4334 1261 4400 fornicationem.
1295 4334 1373 4400 Plus
1398 4345 1506 4400 autem
1525 4335 1598 4419 hoc,
1621 4347 1775 4423 quantum
1799 4336 1956 4423 intelligo,
1974 4337 2107 4420 orando,

456 4464 553 4529 quam
577 4441 772 4529 disputando
796 4443 943 4528 poteritis
966 4439 1124 4506 obtinere.
1169 4441 1262 4507 Deus
1294 4443 1497 4528 omnipotens
1526 4452 1671 4508 orantem
1700 4467 1758 4530 pro
1782 4442 1875 4508 nobis
1900 4445 2107 4508 sanctitatem

454 4559 598 4613 vestram
622 4548 794 4614 exaudiat!

565 4784 595 4861 1)
618 4788 744 4844 Decreta
760 4787 826 4845 Iulii
842 4806 944 4864 popae
966 4807 989 4844 e.
1010 4787 1059 4857 12,
1084 4783 1104 4861 ξ
1122 4787 1160 4843 15
1186 4783 1373 4863 (Pseudoisid.
1399 4790 1441 4845 ed.
1459 4787 1613 4846 ffimcltius
1630 4811 1664 4866 p.
1682 4784 1775 4865 469):
1799 4791 1927 4863 quamvis
1947 4809 2018 4847 vera
2039 4793 2105 4858 sint,

456 4913 512 4951 non
542 4901 637 4950 tamen
667 4897 812 4950 credenda
837 4935 844 4950 .
870 4935 877 4949 .
901 4896 954 4950 nisi
985 4914 1040 4966 que
1070 4896 1212 4951 iuditiario
1241 4896 1339 4952 ordine
1369 4896 1561 4968 publicantur.
1676 4892 1707 4970 2)
1730 4896 1805 4953 Ibid.
1829 4893 1905 4970 §27
1939 4892 2108 4971 (Hinscltius
2123 4914 2149 4952 to

449 5021 485 5076 p.
503 4995 597 5076 471).·
621 5019 675 5057 nec
698 5002 786 5057 ullum
808 5002 938 5057 iuditium
961 5003 1014 5057 nisi
1037 5003 1233 5058 ordinabiliter
1254 5002 1381 5058 habitum
1400 5009 1543 5059 teneatur.
1614 5002 1644 5072 3)
1670 5001 1789 5080 Sulpicii
1804 5003 1866 5060 Seu.
1882 5004 1914 5060 V.
1933 5003 1964 5061 S.
1985 5003 2110 5061 Martini

455 5127 478 5164 c.
497 5107 556 5176 26,·
581 5105 655 5184 opp.
680 5109 724 5166 ed.
748 5107 837 5165 Halm
855 5128 888 5183 p.
908 5108 980 5164 136.
