4410 6406
598 399 650 454 DE
673 397 1008 456 INVESTIGATIONE
1032 398 1286 456 ANTICHRISTI
1308 401 1345 456 L.
1361 400 1385 454 Ι.
1762 391 1825 454 317

160 581 362 670 dispositam
392 584 596 650 altitudinem
625 586 712 649 intra
733 586 829 650 unius
857 587 933 650 anni
958 596 990 651 et
1013 586 1044 652 V
1067 587 1227 650 mensium
1258 587 1405 673 spacium
1435 585 1632 668 reformavit,
1664 583 1825 649 arbitrans
1843 589 2055 676 aetdimemip-

160 689 252 756 forte
275 690 469 778 obsequium
493 714 528 756 se
551 703 696 778 prestare
720 692 804 775 Deo,
834 693 932 757 immo
957 692 1046 779 quod
1069 702 1118 757 est
1140 694 1261 776 verius,
1292 715 1370 758 suae
1395 715 1478 758 vane
1507 692 1679 757 consulens
1702 691 1825 779 gloriae
1843 662 1924 712 mbas
1942 659 2046 726 tempu.

162 819 270 884 seque
294 798 390 864 stulte
414 798 582 885 preferens
606 811 791 864 sanctorum
815 799 921 864 studio
945 811 1074 886 patrum
1098 821 1137 864 ae
1161 799 1392 886 prophetarum
1417 801 1451 863 in
1471 799 1637 865 celeritate
1662 800 1769 884 operis
1794 807 1826 864 et

162 905 344 992 impendiis
368 918 563 992 sumptuum.

123 1033 140 1073 ι
276 1011 373 1076 Addo
397 1013 496 1076 etiam
518 1012 606 1076 idem
629 1013 737 1098 ipsum
759 1012 915 1099 templum
939 1035 959 1076 a
980 1013 1055 1077 filiis
1078 1013 1384 1100 transmigrationis,
1407 1023 1444 1076 ut
1468 1012 1672 1094 dictumest,
1696 1011 1825 1076 reedifi-

165 1129 289 1202 catum,
313 1140 373 1183 rex
397 1117 578 1183 Grecorum
601 1118 783 1184 Antiochus
805 1119 978 1205 profanare
1002 1143 1068 1185 nou
1091 1120 1214 1203 timuit3
1243 1119 1301 1184 sed
1325 1118 1557 1184 obsistentibus
1581 1120 1610 1183 ei
1634 1117 1825 1184 Machabeis
1844 1083 1990 1228 sufflat:

167 1248 208 1290 ac
232 1248 291 1312 pro
315 1227 428 1312 patriis
458 1224 586 1312 legibus
616 1225 838 1312 pugnantibus
867 1227 902 1289 iu
925 1225 1075 1291 manibus
1100 1249 1210 1291 eorum
1235 1249 1326 1313 opus,
1351 1227 1493 1292 Domino
1518 1236 1725 1312 cooperante,
1752 1247 1825 1311 pro·
1843 1190 1995 1233 ’ΝΜ

168 1345 336 1420 speratum
366 1344 415 1397 est
444 1343 478 1397 et
507 1333 639 1398 civitate
670 1355 710 1397 ac
739 1333 860 1420 templo
891 1334 1031 1420 receptis
1062 1333 1169 1398 denuo
1200 1332 1242 1398 ab
1273 1335 1320 1398 eis
1351 1332 1507 1420 templum
1538 1342 1765 1398 consecratum
1793 1342 1826 1397 et

168 1440 298 1504 coronis
329 1440 436 1504 aureis
466 1450 676 1526 perornatum
706 1451 765 1504 est.
811 1439 891 1504 Post
915 1462 978 1527 que
1002 1440 1112 1504 omnia
1134 1440 1292 1522 funestus,
1316 1452 1352 1505 ut
1374 1441 1569 1527 premissum
1592 1449 1651 1522 est,
1675 1436 1825 1504 Herodes

113 1571 147 1608 ιο
167 1569 302 1610 manum
325 1547 486 1632 apposuit,
510 1546 663 1633 idemque
685 1545 842 1633 templum
866 1546 908 1611 ad
925 1546 1028 1611 solum
1047 1547 1180 1611 diruens
1203 1548 1238 1611 in
1254 1546 1387 1633 duplam
1411 1546 1614 1612 altitudinem
1636 1545 1826 1610 reformavit

168 1676 212 1718 ex
236 1663 301 1718 tam
324 1652 433 1739 politis
464 1663 497 1718 et
525 1651 764 1740 pergrandibus
793 1652 969 1740 lapidibus,
992 1664 1037 1736 ut,
1063 1653 1150 1741 quod
1177 1677 1277 1740 supra
1299 1676 1430 1740 quoque
1455 1663 1742 1717 commemoratum
1766 1663 1825 1735 est,

167 1760 367 1824 admirantes
385 1759 535 1846 discipuli
552 1759 699 1824 dicerent
714 1761 865 1825 Domini:
891 1761 1055 1849 Magister,
1071 1764 1178 1848 aspice
1199 1762 1308 1847 petales
1324 1761 1450 1848 lapidea
1473 1775 1501 1824 et
1522 1761 1632 1846 quales
1654 1762 1829 1826 attractare!
1844 1785 1913 1825 aaa.
1922 1785 1983 1832 rar.

168 1865 298 1948 Quibus
322 1876 354 1946 et
377 1866 465 1953 quod
487 1877 598 1931 notum
622 1878 672 1931 θεῖ
694 1868 856 1931 Dominus
878 1867 1064 1954 respondit:
1094 1868 1206 1949 Amen,
1233 1868 1394 1954 inquiens,
1420 1868 1491 1932 dico
1515 1869 1621 1932 eoba:
1644 1893 1704 1932 uon
1728 1868 1824 1932 ralia·
1844 1891 1904 1931 aar.

167 1989 280 2061 qaetar
304 1976 389 2061 lupia
411 1999 507 2060 saper
530 1975 681 2062 lapidem,
705 1977 764 2060 qai
785 1999 846 2039 aon
870 1975 1057 2040 destruatur.

118 2213 147 2251 ιε
399 2190 428 2252 7.
463 2188 522 2252 De
547 2187 766 2274 spirituali
789 2188 1084 2274 intelligentia
1108 2188 1415 2252 dimensionum
1438 2187 1595 2275 templi.

277 2311 343 2378 Sed
360 2335 513 2399 quorsum
536 2312 623 2376 ista?
658 2313 820 2377 Nimirum
836 2314 913 2400 quia
936 2335 1035 2399 opere
1059 2313 1206 2398 precium
1230 2313 1313 2377 seire
1338 2323 1387 2376 θεῖ
1410 2335 1529 2400 eaque
1552 2313 1587 2376 in
1603 2311 1715 2399 templi
1739 2311 1824 2376 illius

165 2420 346 2485 manufacti
369 2419 495 2484 fabrica
518 2421 627 2507 typice
652 2431 889 2507 precesserunt,
913 2444 1000 2485 nunc
1024 2421 1056 2483 in
1081 2419 1252 2501 aeeclesia,
1277 2441 1340 2506 que
1357 2443 1472 2484 verum
1495 2419 1560 2483 Dei
1584 2418 1741 2505 templum
1764 2429 1823 2502 est,

165 2527 202 2590 iu
225 2528 362 2592 veritate
386 2526 515 2592 actitari
538 2538 571 2592 et
593 2526 636 2591 ad
658 2537 770 2591 nostra
793 2549 896 2614 usque
920 2537 1067 2612 tempora
1090 2549 1162 2590 esse
1187 2527 1330 2591 actitata.
1366 2527 1473 2592 Verus
1496 2548 1637 2613 namque
1661 2524 1824 2607 Salamon,

166 2633 203 2698 id
219 2644 269 2698 est
284 2633 441 2719 pacificus
458 2632 606 2697 dominus
629 2644 740 2698 noster
755 2633 847 2697 Iesus
865 2632 1023 2716 Christus,
1046 2634 1101 2720 qui
1117 2643 1167 2698 est
1189 2655 1255 2719 pax
1279 2643 1390 2697 nostra
1414 2646 1447 2698 et
1469 2633 1601 2720 spiritus
1625 2633 1694 2697 eius
1710 2655 1826 2696 verum
1843 2656 1974 2708 spasmo.

118 2767 148 2806 ao
169 2751 200 2804 et
228 2741 340 2804 vivum
369 2740 435 2806 Dei
463 2741 532 2804 vivi
561 2740 717 2827 templum
748 2740 921 2805 ecclesiam
951 2751 1098 2805 sanctam
1129 2763 1172 2805 ex
1195 2741 1280 2804 vivis
1311 2739 1475 2827 lapidibus
1505 2740 1701 2822 construxit,
1733 2740 1825 2804 cuius

169 2849 267 2912 etiam
291 2846 510 2911 dimensiones
541 2846 583 2911 ad
606 2848 708 2911 instar
729 2846 815 2911 illius
845 2845 957 2933 templi
981 2847 1169 2930 manufacti,
1194 2846 1282 2934 quod
1309 2847 1404 2911 huius
1428 2847 1575 2910 veritatis
1599 2846 1689 2911 velut
1711 2845 1825 2910 umbra

168 2963 382 3040 precesserat,
406 2955 603 3040 procuravit.

840 3081 869 3142 8.
904 3078 1154 3163 Longitudo.

275 3203 460 3290 Longitudo
489 3203 650 3289 siquidem
680 3203 765 3267 illius
795 3202 906 3289 templi
930 3202 1109 3268 manufacti
1132 3204 1195 3267 LX
1219 3204 1403 3270 cubitorum
1426 3226 1589 3268 unacum
1613 3201 1743 3268 oraculo
1768 3225 1823 3265 ex-

121 3335 150 3374 se
167 3311 242 3374 titit.
288 3310 375 3374 Nam
398 3310 466 3374 XX
489 3308 615 3374 cubitos
639 3310 806 3374 oraculum
828 3321 896 3374 tam
923 3311 957 3374 in
980 3309 1182 3396 longitudine
1207 3334 1305 3398 quam
1328 3312 1363 3375 in
1384 3305 1555 3376 latitudine
1580 3309 1675 3374 simul
1698 3319 1731 3373 et
1754 3308 1823 3372 alti-

167 3416 290 3499 tudine,
315 3417 414 3481 idest
431 3416 582 3503 quadrati
605 3407 714 3481 cubici
737 3418 880 3503 speeiem
904 3418 1017 3499 tenuit,
1043 3440 1106 3504 quo
1131 3428 1317 3482 sanctorum
1341 3427 1372 3482 et
1395 3416 1611 3504 spiritualium
1634 3417 1668 3479 in
1684 3415 1824 3480 ecelesia

167 3523 327 3609 perfectio
351 3523 533 3610 significata
556 3535 615 3606 cst,
639 3546 720 3611 quos
743 3545 804 3587 nee
824 3508 985 3610 prospera
1009 3522 1168 3588 extollunt
1190 3547 1251 3588 nec
1275 3523 1415 3588 adversa
1438 3524 1592 3605 deiciunt,
1617 3522 1675 3586 sed
1696 3545 1825 3608 semper

168 3629 293 3716 equalis
318 3641 392 3694 sunt
414 3631 515 3694 animi
537 3655 591 3718 spe
612 3631 792 3718 pandentes,
816 3633 850 3694 in
874 3633 1075 3696 tribulatio-ae
1090 3635 1264 3718 pacientes,
1287 3633 1520 3696 necessitatibus
1542 3645 1720 3695 sanctorum
1743 3655 1823 3694 eom·
1842 3653 1990 3703 semaam.

168 3739 370 3802 manicantes.
417 3737 456 3800 In
486 3736 536 3800 his
566 3758 707 3823 namque
737 3735 840 3800 tribus
871 3748 1059 3801 sanctorum
1090 3747 1122 3802 et
1151 3737 1370 3824 perfectorum
1401 3738 1494 3823 quasi
1525 3735 1695 3824 quasdam,
1725 3737 1823 3800 immo

123 3870 150 3910 ao
168 3865 257 3926 vere,
282 3842 466 3930 spirituales
486 3843 705 3907 dimensiones
729 3854 838 3924 tenes;
862 3866 938 3907 nam
955 3843 1042 3930 quod
1065 3867 1123 3931 spe
1148 3844 1292 3930 gaudent
1315 3843 1494 3908 altitudinis
1518 3855 1576 3926 est,
1602 3842 1690 3930 quod
1712 3844 1746 3906 in
1769 3844 1823 3906 tri-

167 3948 334 4014 bulatione
357 3951 525 4036 pacientes
548 3949 770 4035 longitudinis,
795 3949 883 4036 quod
906 3949 1155 4014 necessitatibus
1180 3961 1365 4015 sanctorum
1382 3951 1623 4015 communicant
1645 3949 1823 4014 latitudinis

169 4069 234 4140 θεῖ,
267 4057 402 4122 caritate
433 4079 574 4143 namque
609 4056 651 4121 ad
681 4057 867 4142 proximum
897 4056 988 4121 tendi
1018 4057 1229 4142 spiritualiter
1259 4055 1388 4122 dilatari
1418 4069 1476 4121 θεῖ.
1529 4056 1715 4143 Longitudo
1744 4079 1823 4121 vero

169 4163 284 4228 domus
307 4187 365 4250 pro
389 4162 514 4228 foribus
537 4162 660 4227 oraculi
683 4163 745 4226 XL
770 4162 952 4227 cubitorum
976 4164 1092 4245 extitit,
1117 4186 1181 4250 quo
1204 4165 1357 4227 nimirum
1379 4186 1514 4228 numero
1537 4164 1705 4250 passiones
1728 4163 1824 4227 huius

169 4271 255 4334 vitae
280 4270 514 4356 significantur,
538 4271 573 4333 iu
589 4292 653 4356 qua
677 4269 839 4334 aecclesia
860 4293 920 4356 pro
937 4269 1059 4334 Christi
1082 4269 1146 4334 fide
1162 4269 1445 4356 persecutionibus
1462 4282 1495 4334 θῖ
1513 4268 1719 4356 passionibus
1743 4279 1822 4334 atte-

124 4404 151 4446 a
168 4377 272 4442 reuda
295 4389 353 4460 θεῖ,
378 4399 442 4462 quo
466 4375 619 4442 videlicet
642 4386 846 4441 sacramento
870 4376 1001 4462 Moyses
1026 4387 1058 4440 θῖ
1081 4376 1206 4463 Helyas
1236 4400 1294 4462 pro
1319 4378 1385 4441 suis
1412 4377 1536 4463 pariter
1559 4387 1592 4440 et
1614 4376 1727 4463 populi
1749 4399 1823 4463 pec-

169 4484 272 4549 catisb
296 4483 358 4548 XL
375 4482 491 4548 diebus
514 4482 556 4547 ab
580 4484 667 4547 omni
691 4482 765 4548 cibo
789 4482 1025 4548 abstinuerunt.
1071 4483 1147 4569 Ipse
1172 4505 1301 4570 quoque
1325 4483 1487 4547 Dominus
1511 4484 1588 4547 item
1612 4483 1674 4546 XL
1698 4483 1825 4572 dierum·

167 4592 289 4654 ieiunio
313 4589 479 4655 abstinens
502 4613 561 4676 pro
585 4591 703 4654 nostris
726 4588 951 4676 iniquitatibus
976 4591 1070 4676 quasi
1093 4589 1310 4677 quadraginta
1332 4589 1438 4676 plagis
1461 4589 1621 4674 legalibus
1645 4589 1822 4676 vapulavit.

169 4697 255 4778 Quia
279 4697 367 4761 enim
389 4696 529 4760 mundus
553 4719 596 4760 ex
611 4707 750 4782 quatuor
765 4694 932 4760 elementis
958 4695 1104 4761 subsistit
1127 4709 1160 4761 et
1183 4707 1321 4783 quatuor
1338 4695 1481 4760 decurrit
1504 4694 1714 4782 temporibus,
1732 4697 1823 4760 cuius

168 4827 312 4868 amorem
332 4802 518 4867 Conditoris
541 4804 664 4867 amori⁰
688 4802 904 4889 prehabentes
929 4803 1121 4890 decalogum
1145 4803 1228 4890 legis
1251 4802 1455 4885 violavimus,
1479 4804 1550 4867 iure
1575 4802 1822 4890 quaterdecies

122 4940 152 4978 aa
168 4910 372 4997 vapulamus,
403 4909 438 4973 id
461 4919 510 4973 est
534 4910 725 4995 patientiam
748 4921 877 4973 nostrae
902 4909 1156 4995 longanimitatis
1180 4933 1239 4996 per
1263 4912 1371 4974 omnia
1393 4911 1554 4997 presentis
1578 4911 1664 4973 vitae
1688 4919 1823 4995 tempta

168 5029 277 5082 menta
300 5015 516 5098 extendimus,
548 5015 730 5080 affirmante
761 5017 913 5080 nimirum
938 5016 1100 5103 apostolo:
1129 5017 1282 5095 Qtaorzz'um
1308 5043 1368 5081 non
1392 5033 1464 5082 sarit
1487 5017 1638 5104 condigne
1655 5019 1944 5103 praenoscamus.

168 5125 262 5189 lartius
291 5127 440 5210 temporis
469 5123 514 5188 ad
541 5139 799 5210 erperae-ramam
825 5125 975 5210 plurium,
1006 5149 1065 5210 qua
1096 5126 1286 5189 revelabitur
1317 5127 1348 5188 in
1380 5127 1477 5189 uobis.
1526 5121 1588 5186 Cui
1619 5123 1763 5186 misterio
1792 5133 1824 5186 et

169 5229 248 5294 illud
271 5231 423 5312 concinit,
448 5229 535 5316 quod
558 5240 626 5294 tota
649 5229 762 5316 templi
785 5229 951 5316 longitudo
975 5229 1039 5293 LX
1061 5229 1243 5294 cubitorum
1267 5229 1472 5294 tendebatur.
1510 5229 1596 5309 Quia
1619 5230 1705 5292 enim
1728 5228 1822 5293 bomo

169 5349 261 5402 sexto
285 5337 339 5402 die
363 5335 511 5401 conditus
536 5347 584 5400 est
607 5337 730 5422 totique
754 5334 932 5400 visibilium
956 5348 1103 5400 creature
1127 5337 1281 5422 prelatus,
1306 5338 1362 5423 qui
1386 5349 1418 5400 et
1441 5339 1510 5423 ipse
1536 5337 1639 5398 amori
1659 5334 1822 5400 Creatoris

125 5473 151 5514 a
169 5465 203 5508 se
226 5445 334 5530 ipsum
356 5443 531 5530 prehabuit
561 5444 725 5529 nimioque
750 5443 800 5506 sui
824 5465 932 5506 amore
957 5443 1113 5506 naturalis
1136 5442 1218 5528 legis
1242 5444 1276 5506 in
1299 5466 1333 5506 se
1358 5443 1551 5528 decalogum
1576 5443 1729 5528 eorrupit,
1753 5443 1822 5506 iure

170 5552 267 5614 etiam
297 5549 465 5636 longitudo
494 5551 679 5636 pacientiae
710 5551 780 5615 eius
811 5551 918 5613 sexies
950 5549 1084 5613 denaria
1114 5572 1185 5614 esse
1210 5549 1317 5632 debet,
1342 5560 1386 5632 ut,
1411 5549 1568 5635 quiequid
1592 5559 1742 5613 ereatura
1765 5571 1822 5612 sex

275 5767 303 5834 a)
324 5770 385 5820 min.
404 5770 432 5820 ia
451 5788 529 5835 usurp.
547 5787 593 5820 scr.
612 5787 632 5820 c.
706 5765 734 5831 b)
755 5770 862 5835 peccati
881 5785 916 5830 c.;
937 5785 982 5818 era.
1004 5767 1062 5819 Sca
1136 5767 1162 5830 c)
1185 5785 1302 5820 amorem
1321 5787 1356 5829 e.;
1374 5785 1420 5818 ent.
1442 5768 1499 5818 Set.
