4396 6390
401 379 467 442 434
692 385 871 442 GERHOHI
892 383 1125 442 PRAEPOSITI
1147 383 1554 443 REICHERSBERGENSIS
1577 386 1742 442 LIBELLI.

402 572 471 638 sola
493 571 678 638 iudicantur
699 574 841 659 ingenia.
887 573 957 637 Nec
988 573 1173 638 considerat
1202 575 1257 660 qui
1286 573 1427 638 lecturus
1457 584 1515 654 est,
1544 576 1646 658 cuius,
1678 575 1736 640 sed
1759 573 1855 662 quale
1884 575 1935 656 sit,
1960 575 2041 660 quod

401 679 543 745 lactamus
560 691 617 760 est,
642 680 711 743 sive
727 679 780 743 ille
800 679 982 766 episcopus,
1007 682 1075 744 sive
1098 679 1210 761 laicus,
1234 681 1410 767 imperator
1432 691 1465 745 et
1488 679 1646 764 dominus,
1662 681 1763 746 ¹miles
1787 693 1820 746 et
1843 703 1968 762 servus,
1992 693 2044 745 aut

403 787 436 850 in
459 808 603 872 purpura
627 797 659 850 et
682 787 795 868 serico,
819 787 931 851 autin
947 786 1102 852 vilissimo
1125 808 1232 874 panno
1256 788 1372 866 iaceat,
1395 809 1461 852 non
1483 775 1640 852 honorum
1663 787 1865 870 diversitate,
1891 787 1949 851 sed
1972 809 2043 872 ope-

402 914 474 956 rum
497 893 610 956 merito
635 890 841 956 iudicabitur.
887 891 982 957 Nunc
1006 903 1101 980 cepta
1123 914 1365 979 prosequamur.

280 1024 384 1072 rasam.
514 997 678 1064 Coneatau
700 1023 753 1063 cor
776 1023 875 1062 meum
900 1002 984 1064 rfatra
1007 1025 1062 1064 me.
1110 998 1183 1063 Non
1213 998 1403 1086 simpliciter
1432 999 1540 1082 caluit,
1572 1000 1631 1065 sed
1660 1002 1817 1066 concaluit
1846 1022 1904 1064 cor
1930 1021 2045 1080 mcum,
2147 1057 2156 1095 ⁵

403 1104 490 1187 dnm,
521 1106 605 1169 sicut
628 1103 751 1169 dictim
774 1115 832 1186 est,
864 1106 1002 1169 accessit
1027 1105 1112 1191 ignis
1136 1105 1179 1169 ad
1201 1107 1320 1191 ignem.
1366 1105 1452 1170 Num
1475 1107 1560 1192 ignis
1582 1105 1647 1188 ille,
1672 1129 1735 1193 quo
1759 1105 1913 1171 ardentes
1937 1105 2047 1170 dicunt
2062 1159 2110 1177 ,ἢ

245 1236 383 1286 masana
403 1210 570 1297 discipuli:
595 1211 706 1276 Nonne
722 1235 775 1276 cor
790 1227 928 1276 nochum
951 1212 1066 1276 ardena
1089 1227 1156 1277 erat
1178 1215 1211 1276 in
1228 1213 1326 1293 nobis,
1351 1213 1424 1276 dum
1447 1215 1555 1278 nolis*
1572 1215 1747 1300 loqueretur
1769 1217 1805 1278 in
1820 1210 1918 1301 [uia]
1934 1228 1962 1277 et
1977 1237 2055 1299 apc—

403 1320 482 1382 riret
510 1319 599 1382 nobs-'st
628 1320 827 1405 scrqsturasl
872 1315 937 1382 Cor
966 1339 1074 1382 mcum
1105 1317 1253 1382 calefecit
1282 1318 1316 1382 in
1346 1341 1454 1383 amore
1478 1319 1623 1384 veritatis
1655 1317 1794 1384 obscura
1823 1317 2067 1386 illuminando-

241 1449 385 1496 runsns.
404 1424 491 1488 Huic
521 1424 659 1487 accessit
688 1424 772 1509 ignis
801 1422 930 1506 doloris,
960 1425 1015 1510 qui
1044 1445 1096 1488 mc
1125 1421 1289 1506 tabefecit,
1321 1425 1366 1488 ita
1396 1436 1431 1488 ut
1461 1424 1619 1489 dicerem:
1652 1426 1730 1491 Vidi
1752 1429 1994 1513 prevaricantes
2022 1445 2071 1494 et

321 1555 385 1596 usu
404 1531 603 1610 tabescebam,
635 1533 709 1615 quia
735 1531 859 1616 eloquia
883 1544 935 1596 tua
963 1555 1023 1596 non
1047 1531 1264 1596 cuswdierunt.
1313 1529 1368 1596 Sia
1391 1531 1437 1595 sic
1462 1533 1604 1617 'gemino
1627 1532 1704 1617 igne
1728 1533 1847 1596 amoris
1872 1541 1905 1595 et
1927 1530 2060 1599 dolori&
2088 1577 2127 1615 ro

405 1638 561 1702 concaluit
582 1661 636 1700 cor
658 1661 758 1701 meum
781 1639 866 1702 intra
890 1661 947 1716 me,
970 1634 1027 1700 ubi
1050 1635 1191 1722 loquitur
1213 1635 1308 1702 homo
1331 1639 1465 1702 interior
1488 1659 1561 1702 cum
1585 1638 1657 1702 Deo
1681 1661 1738 1702 suo
1765 1640 1799 1702 in
1823 1647 1951 1703 secreto
1976 1638 2053 1702 soli-

404 1741 523 1829 loquio,
548 1753 580 1806 et
601 1743 686 1827 ignis
709 1742 770 1806 iste
793 1743 940 1826 geminus
964 1742 1156 1807 exardescet
1185 1765 1251 1806 non
1274 1744 1451 1808 estuatione
1475 1745 1589 1808 insana
1611 1743 1663 1808 vel
1693 1743 1901 1827 tumultuosa,
1932 1743 1989 1808 sed
2014 1749 2048 1812 in

404 1849 613 1930 meditatione,
636 1847 671 1912 id
687 1857 744 1928 est,
762 1869 803 1911 ex
820 1847 953 1912 consilio
969 1847 1145 1933 prudenter
1168 1870 1335 1930 accensus,
1359 1849 1444 1914 unde
1469 1851 1594 1915 animus
1618 1873 1708 1915 meus
1732 1849 1932 1932 reddebatur
1951 1850 2042 1918 valde

406 1956 532 2038 anxius,
552 1954 743 2040 loquererne
762 1976 805 2018 an
820 1964 972 2018 tacerem.
1007 1954 1200 2019 Periclitans
1224 1966 1332 2020 autem
1355 1957 1388 2020 in
1404 1956 1465 2021 hac
1481 1955 1688 2022 fluctuatione
1705 1957 1836 2022 dicendi
1860 1967 1894 2021 et
1917 1957 2039 2024 tacendi

405 2061 466 2127 hoc
490 2061 583 2147 elegi,
608 2071 643 2126 ut
666 2083 786 2126 cavens
817 2059 982 2126 effundere
1012 2083 1203 2144 sermonem,
1233 2061 1290 2126 ubi
1320 2085 1384 2127 non
1415 2075 1484 2127 erat
1513 2063 1651 2146 auditus,
1681 2065 1716 2128 in
1740 2073 1865 2128 secreto
1890 2063 1950 2129 soli
1973 2064 2037 2130 Deo
2052 2087 2114 2131 a?

281 2196 387 2246 masa.
405 2168 564 2255 loquerer,
589 2168 641 2232 cui
665 2168 764 2232 etiarn
787 2167 923 2232 Locrum
946 2193 1014 2233 sum
1038 2171 1073 2234 in
1096 2170 1204 2257 linqua
1228 2195 1296 2234 mea
1298 2219 1502 2234 .......

983 2380 1041 2445 IN
1058 2381 1288 2446 PSALMUM
1306 2381 1465 2445 XXXIX.

329 2602 386 2642 css.
511 2576 612 2639 Porro
644 2577 771 2640 cantica
801 2574 992 2662 euangelica
1018 2577 1147 2640 omnino
1172 2586 1247 2640 sunt
1272 2598 1366 2652 nova,
1390 2586 1426 2641 ut
1448 2578 1610 2642 canticum
1632 2578 1767 2664 virginis
1790 2578 1856 2642 Dei
1881 2579 2041 2664 genitricis

238 2682 529 2759 r·.so,1-s.hlariae
565 2682 790 2768 canticumque
820 2681 1000 2746 Zachariae
1035 2692 1131 2768 atque
1163 2683 1333 2768 Symeonis
1364 2685 1538 2764 canticum,
1568 2685 1623 2770 qui
1653 2695 1829 2771 expectans
1861 2687 2043 2771 expectavit
2058 2710 2081 2748 so

406 2789 593 2870 Dominum,
618 2787 810 2852 etintendit
834 2789 873 2872 ei,
898 2798 930 2852 et
954 2788 1122 2853 exaudivit
1145 2811 1259 2874 preces
1283 2789 1351 2854 cius
1382 2800 1415 2854 et
1444 2788 1556 2854 eduxit
1583 2811 1656 2855 cum
1687 2789 1727 2854 de
1757 2791 1823 2855 luto
1846 2790 1928 2856 fecis
1953 2801 1985 2856 et
2007 2791 2044 2856 de

310 2921 388 2962 ussa
407 2895 481 2960 lacu
509 2895 659 2960 miseriae
689 2895 862 2980 statuitque
893 2916 991 2980 supra
1020 2907 1145 2980 petram
1174 2894 1274 2982 pedes
1305 2897 1384 2977 eins,
1415 2907 1446 2960 et
1471 2896 1604 2961 ‘direxit
1627 2919 1755 2983 gressus
1779 2899 1848 2962 cius
1874 2908 1906 2961 et
1928 2899 2046 2962 inmisit

231 3003 442 3078 marcescis
465 3024 500 3066 os
524 3002 593 3065 eius
616 3001 778 3066 canticum
801 3023 930 3084 novum,
956 3001 1043 3087 quod
1066 3012 1115 3065 est
1137 2999 1336 3066 huiusmodi:
1365 3002 1458 3068 Nunc
1482 3003 1759 3070 dimidiatarum
1782 3019 1877 3084 tantm,
1902 3005 2045 3082 Domine,

407 3109 574 3174 secundum
604 3110 728 3173 uerbum
751 3122 835 3174 tuum
867 3111 900 3173 in
916 3133 1016 3194 pace,·
1047 3111 1123 3194 quic
1153 3108 1318 3174 cideruntb
1342 3110 1428 3174 oculi
1447 3112 1511 3174 mei
1530 3111 1668 3175 salutare
1690 3126 1783 3175 tuum.
1831 3110 1934 3174 Dicat
1962 3133 2046 3175 nunc

290 3241 389 3291 mass.
408 3237 472 3278 non
496 3212 581 3279 solus
604 3212 658 3278 illa
682 3213 824 3300 Symeon
854 3215 956 3278 iustus
987 3224 1020 3277 et
1048 3215 1215 3278 timoratus
1246 3224 1422 3300 expectans
1446 3214 1698 3280 consolationem
1720 3216 1832 3298 Israel,
1863 3216 1921 3282 sed
1946 3217 2047 3281 omnis
2065 3240 2087 3280 u

280 3348 317 3387 rs.
326 3348 360 3396 ss,
368 3349 388 3388 1.
408 3321 503 3386 homo
533 3321 634 3385 iustus
659 3330 691 3384 et
713 3320 890 3402 timoratus,
915 3330 1092 3406 expectans
1116 3331 1148 3385 et
1170 3322 1240 3407 ipse
1268 3319 1521 3385 consolationem
1543 3321 1655 3404 Israel,
1680 3323 1776 3403 dicat,
1808 3325 1959 3410 inquam:
1984 3324 2048 3388 Ea·

401 3445 533 3516 pestana
555 3430 717 3514 eapcotaoi
729 3427 899 3492 Dominum
925 3442 953 3491 et
974 3428 1107 3492 intendit
1128 3429 1211 3492 mili
1231 3442 1259 3491 et
1280 3427 1443 3492 eacudivit
1457 3453 1569 3514 preces
1584 3453 1677 3494 meas.
1713 3428 1814 3494 Dicat
1835 3429 1897 3494 hoc
1920 3431 2048 3511 totiens,

409 3535 556 3621 quotiens
585 3532 736 3618 intelligit
766 3532 954 3597 exauditum
984 3555 1019 3597 se
1049 3533 1083 3596 in
1107 3532 1215 3619 aliqua
1238 3532 1454 3598 consolatione
1479 3534 1590 3616 Israel,
1614 3545 1649 3600 ut
1671 3558 1757 3600 nunc
1780 3537 1814 3600 in
1837 3559 1922 3601 anno
1949 3536 2049 3601 domi·

408 3643 501 3706 nicae
531 3640 763 3704 incarnationis
793 3637 1014 3704 MOXLVIII.
1045 3661 1164 3725 magna
1192 3640 1341 3724 provenit
1372 3640 1547 3710 consolatio
1576 3640 1688 3706 Israel.
1741 3641 1862 3706 Fuerat
1891 3645 1926 3706 in
1957 3644 2050 3708 annis

409 3747 570 3834 preteritis
593 3768 712 3831 magna
728 3745 884 3810 desolatio
907 3747 941 3809 in
958 3767 1006 3827 co,
1031 3744 1118 3831 quod
1140 3767 1276 3831 persepe
1299 3767 1393 3831 reges
1417 3757 1449 3810 et
1471 3749 1634 3834 principes
1657 3759 1878 3814 convenerunt
1900 3751 1936 3814 in
1951 3773 2051 3815 unum
2068 3774 2096 3813 sc

411 3854 566 3919 adversus
589 3852 766 3918 Dominum
797 3863 829 3916 et
858 3852 1014 3916 adversus
1038 3851 1201 3918 Christum
1232 3852 1310 3933 eius,
1341 3875 1426 3917 nunc
1457 3864 1564 3919 autem
1593 3876 1687 3940 reges
1718 3865 1751 3918 et
1779 3856 1944 3942 principes
1976 3879 2051 3921 con-

410 3961 545 4025 veniunt
571 3960 605 4022 in
627 3982 726 4024 unum
750 3957 792 4022 ad
814 3958 997 4023 faciendam
1020 3958 1197 4023 vindictam
1227 3959 1260 4021 in
1284 3958 1468 4024 nauonibus
1491 3959 1682 4025 aecclesiam
1704 3961 1769 4026 Dei
1792 3961 1997 4028 vastantibus
2021 3973 2053 4028 et

250 4093 393 4143 causans.
413 4068 578 4131 civitatem
599 4065 786 4146 Ierusalem,
810 4065 844 4128 in
867 4087 932 4151 qua
955 4065 1158 4152 sepulcluum
1181 4064 1316 4128 Domini
1339 4075 1397 4146 est,
1420 4065 1693 4153 impugnantibus.
1727 4067 1780 4131 En
1801 4067 1957 4133 lectulum
1981 4070 2053 4132 veri

413 4173 592 4239 Salomonis
612 4170 703 4236 multi
725 4171 824 4236 fortes
848 4170 994 4236 ambiunt
1018 4195 1059 4236 ex
1074 4172 1256 4236 fortissimis
1272 4170 1383 4254 Israel,
1408 4194 1518 4236 omnes
1541 4183 1688 4237 tenentes
1711 4173 1818 4259 gladio
1844 4185 1876 4239 ct
1898 4174 1942 4239 ad
1965 4173 2053 4240 bella

413 4279 591 4344 doctissimi
620 4277 782 4358 lectulum,
813 4276 936 4342 scilicet
959 4276 1163 4363 sepulchrum
1187 4276 1330 4360 Domini,
1355 4277 1529 4342 defendere
1554 4301 1592 4342 ac
1615 4281 1740 4344 munire
1763 4281 1884 4366 parati!
1931 4280 2053 4346 Unius·
2071 4304 2115 4346 ss

414 4387 569 4471 cuiusque
599 4385 686 4448 ensis
716 4406 814 4470 super
835 4383 940 4448 femur
963 4406 1054 4448 suum
1077 4393 1209 4470 propter
1231 4385 1361 4473 timores
1385 4395 1568 4466 nocturnos,
1593 4387 1671 4471 quia
1694 4386 1867 4451 christiano
1891 4389 2053 4453 exercitui

374 4569 375 4572 Ἴ
413 4493 467 4556 lex
491 4491 707 4555 continentiae
731 4489 894 4572 indicitur,
917 4501 953 4553 ut
975 4490 1038 4554 sint
1062 4499 1167 4553 castm
1182 4488 1247 4553 Dei
1270 4489 1390 4554 munda
1413 4501 1445 4554 et
1467 4489 1550 4555 bene
1574 4491 1731 4556 ordinata.
1776 4491 1857 4558 Inde
1881 4493 1963 4558 mihi
1986 4496 2054 4559 oui-

413 4596 493 4662 libet
513 4595 602 4660 fideli
625 4607 658 4662 et
680 4595 838 4661 catholico
867 4595 1009 4660 iucunda
1039 4605 1087 4658 est
1116 4596 1150 4658 in
1172 4595 1234 4659 hoc
1257 4595 1380 4681 psalmo
1404 4598 1630 4683 preteritorum
1656 4609 1836 4684 temporum
1859 4622 2054 4665 commemo-

414 4706 496 4769 ratio
520 4713 552 4768 et
574 4725 648 4767 cum
670 4700 874 4789 presentibus
905 4725 1015 4767 eorum
1039 4700 1176 4766 collatio.
1222 4701 1306 4766 Nam
1337 4725 1396 4788 ego
1428 4703 1587 4768 aecclesia
1615 4705 1650 4769 in
1671 4703 1848 4788 Abraham,
1871 4717 1907 4770 ut
1930 4706 2055 4772 dictum

415 4820 473 4893 ost,
504 4825 667 4897 aspectans
696 4812 858 4896 expectavi
877 4809 1048 4874 Dominum
1079 4823 1107 4873 et
1134 4809 1268 4874 intend-tt
1295 4811 1378 4875 mitt
1404 4825 1432 4875 et
1460 4811 1623 4877 enaudicit
1642 4836 1754 4898 preces
1784 4837 1876 4878 mens.
1923 4813 1997 4900 Ego
2021 4815 2055 4877 in
2071 4838 2108 4877 so

415 4915 522 4980 multis
545 4914 711 5002 prophetis
735 4925 767 4980 et
788 4916 891 4997 iustis,
915 4915 971 5001 qui
993 4913 1163 4979 voluerunt
1178 4913 1289 4978 videre
1306 4917 1558 4981 consolationem
1573 4916 1683 5000 Israel,
1707 4934 1871 5005 expectans
1892 4923 2058 5006 expectaui

416 5023 586 5088 Dominum
609 5037 638 5087 et
659 5023 792 5088 intendit
813 5023 903 5103 mili,
926 5022 1055 5086 mittens
1078 5019 1209 5085 tandem
1224 5043 1320 5107 quem
1343 5023 1498 5088 missurus
1522 5034 1592 5087 erat
1614 5024 1657 5088 ad
1672 5023 1924 5090 consolationem
1939 5025 2053 5091 Israel

520 5127 592 5214 Ego
615 5129 693 5193 item
714 5129 748 5192 in
772 5129 891 5192 sanctis
913 5129 991 5193 novi
1013 5129 1197 5192 testamenti
1218 5138 1292 5214 post
1314 5130 1536 5194 ascensionem
1553 5127 1684 5214 Christi,
1708 5147 1871 5218 aspectans
1893 5136 2057 5219 aspectam

416 5236 598 5316 Dominum,
621 5235 813 5321 promissum
828 5232 981 5299 videlicet
996 5233 1203 5316 Paraclitum,
1227 5250 1255 5300 et
1277 5236 1410 5301 intendit
1431 5237 1521 5317 milti,
1544 5237 1621 5322 quia
1644 5235 1749 5301 subito
1771 5238 1855 5302 inter
1878 5251 2053 5325 expectan—

289 5369 397 5419 sa.s,s.
417 5341 494 5406 dum
509 5342 623 5429 factus
645 5356 690 5406 est
710 5355 832 5428 repente
856 5341 894 5405 dc
917 5341 980 5406 celo
1002 5365 1096 5405 consu
1119 5355 1266 5428 tanquam
1289 5342 1483 5408 advenientis
1508 5345 1641 5429 spiritus
1668 5344 1851 5410 uelamentis
1873 5360 1902 5411 et
1923 5347 2055 5433 repleuit
2069 5371 2091 5408 u

416 5464 509 5514 totam
540 5447 674 5530 domum,
702 5449 759 5512 uli
784 5461 873 5512 mant
900 5447 1047 5528 sedentes,
1072 5456 1105 5510 et
1134 5457 1343 5532 expectantes
1366 5447 1563 5513 Paraclitum
1587 5450 1814 5536 septiformem,
1845 5451 2053 5518 fortissimum

289 5565 554 5631 assentatorem
578 5565 690 5618 conns
713 5563 836 5640 septem
860 5552 1009 5618 draconis
1033 5554 1150 5638 capita,
1167 5551 1232 5616 VH
1253 5552 1407 5618 videlicet
1428 5554 1540 5618 mundi
1564 5555 1658 5620 huius
1681 5556 1874 5642 principalia
1896 5580 1999 5644 regna
2021 5560 2053 5621 in

523 5735 550 5798 a)
572 5754 598 5787 n.
619 5737 635 5786 l.
655 5739 673 5786 i.
693 5743 719 5786 et
739 5753 763 5786 a.
783 5752 808 5785 n.
828 5753 848 5785 ι.
867 5735 934 5786 altr.
953 5753 973 5785 c.
1046 5731 1073 5794 b)
1095 5751 1121 5784 u.
1141 5750 1165 5785 o.
1185 5751 1219 5784 m.
1238 5749 1258 5784 s.
1278 5741 1297 5784 t.
1316 5751 1337 5784 c.
