4396 6390
458 325 521 386 512
747 327 926 384 GERHOHI
949 326 1180 383 PRAEPOSITI
1203 325 1610 383 REIOHERSBERGENSIS
1634 326 1800 382 LIBELLI.

457 519 534 582 toris
558 516 701 582 officium
719 513 903 580 exhibuerit
914 519 934 596 ¹,
958 536 1024 578 non
1039 525 1148 578 tamen
1164 536 1238 578 eum
1254 536 1347 578 suum
1364 536 1435 578 esse
1451 512 1705 578 marescalchum
1722 512 1775 578 vel
1792 511 1877 576 dixit
1899 511 1953 576 vel
1975 513 2131 599 scripsit

456 623 509 688 vel
538 623 644 710 pinxit
653 629 674 687 ².
728 620 795 688 Sed
829 631 861 685 et
893 621 984 685 multi
1017 631 1091 707 post
1123 621 1230 707 ipsum
1264 619 1415 685 catholici
1449 619 1601 706 leguntur
1634 620 1847 706 imperatores
1883 618 2144 690 monarchiam

457 739 603 794 tenentes
626 728 737 810 fuisse,
761 749 898 814 quorum
925 727 997 812 quis
1025 726 1123 792 tuem
1151 725 1391 792 marescalchus
1415 726 1520 791 dictus
1543 726 1654 791 domni
1676 748 1761 813 pape
1791 749 1858 790 non
1888 726 2153 806 invenimunt,

347 857 438 900 *eron
455 836 559 900 Immo
576 840 714 900 'sermm
737 845 894 916 tenemus,
918 833 1006 919 quod
1028 833 1166 898 Romani
1188 833 1357 919 pontifices
1381 844 1413 898 et
1435 833 1647 919 imperatores
1670 833 1811 897 invicem
1836 855 1871 896 se
1896 832 2016 896 honore
2032 855 2156 917 pme.

456 943 623 1006 venientes
647 939 782 1028 pacifice
802 941 965 1020 vixerunt,
989 949 1022 1004 et
1043 949 1153 1004 mutuo
1177 938 1382 1004 abinvicem
1406 941 1592 1026 quesienmt
1614 938 1775 1004 adiutoria
1799 940 1866 1003 suis
1892 937 2173 1032 dignitatilznu„

457 1049 619 1130 decentia,
655 1049 739 1112 sicut
772 1056 931 1110 testantur
960 1045 1115 1132 epistolae
1145 1045 1362 1110 Romanorum
1396 1045 1585 1133 pontificum
1614 1045 1723 1110 Deum
1758 1045 1959 1125 timentium,
1995 1066 2146 1130 reg-51,

282 1177 436 1228 irenen.
456 1154 736 1219 honorificantium
763 1154 855 1217 iuxta
883 1151 961 1216 illud
984 1151 1089 1216 Petri:
1121 1153 1222 1217 Deum
1246 1155 1357 1233 timete,
1387 1178 1489 1240 repom
1512 1153 1722 1241 honorificate.
1770 1150 1854 1217 Cum
1879 1174 1958 1237 ergo
1982 1153 2139 1229 invent.

456 1283 527 1325 mus
558 1261 591 1324 in
621 1261 761 1346 antiquis
792 1257 947 1345 epistolis,
976 1257 1063 1345 quod
1092 1257 1230 1322 Romani
1258 1258 1427 1345 pontifices
1456 1258 1620 1324 humiliter
1649 1257 1822 1323 scribendo
1852 1255 2125 1344 imperatoribn,

456 1376 656 1432 vocaverunt
685 1388 741 1431 eos
772 1365 939 1430 ‘dominos'
971 1375 1027 1428 aut
1056 1363 1148 1428 ‘lilios
1172 1365 1377 1448 carissimos',
1402 1366 1480 1452 quin
1504 1366 1601 1430 etiam
1625 1387 1659 1430 se
1684 1367 1771 1453 ipsos
1795 1364 1953 1430 dixerunt
1984 1369 2116 1434 ‘seri-'os

457 1495 624 1538 servorum
642 1471 734 1554 Dei’‚
757 1470 853 1536 valde
878 1471 1041 1550 miramur,
1065 1469 1149 1534 unde
1173 1493 1258 1535 nova
1281 1472 1409 1558 pictura
1431 1471 1492 1536 hec
1515 1473 1692 1554 emerserit,
1716 1494 1780 1558 qua
1802 1472 2024 1536 Romanorum
2046 1473 2100 1540 irn-
2133 1479 2158 1518 ¹⁰

455 1589 587 1666 perator
602 1579 746 1665 pingitur
760 1576 1009 1643 marescalchus.
1044 1577 1152 1640 Parva
1168 1587 1242 1642 sunt
1264 1577 1325 1643 hec
1348 1579 1458 1664 magni
1481 1578 1582 1670 fastus
1605 1579 1756 1664 insignia,
1781 1578 1842 1643 sed
1856 1578 1899 1643 de
1916 1577 1968 1642 his
1986 1601 2091 1664 magna

457 1695 506 1750 est
528 1685 698 1750 commotio
715 1685 813 1748 maris
836 1685 871 1748 in
886 1681 948 1748 hac
963 1682 1076 1770 vigilia
1092 1693 1217 1769 quarta,
1241 1706 1325 1770 quae
1348 1707 1414 1749 non
1438 1683 1614 1767 sedabitur,
1638 1686 1701 1749 nisi
1724 1684 1855 1750 humilis
1871 1684 2032 1767 Christus,
2048 1689 2090 1772 qui

455 1814 541 1856 nunc
557 1791 686 1856 videtur
700 1790 783 1856 velle
803 1791 961 1878 preterire
978 1789 1162 1854 naviculam
1178 1790 1277 1872 Petri,
1301 1790 1434 1856 Petrum
1450 1801 1583 1856 extenta
1605 1813 1704 1856 manu
1727 1790 1954 1878 apprehendat
1976 1801 2009 1855 et
2030 1813 2089 1856 cun

281 1921 437 1972 narnien.
455 1899 526 1985 ipso
549 1897 734 1964 naviculam
758 1898 863 1984 ipsam
885 1897 1034 1961 introeat.
1082 1896 1213 1960 Etenim
1237 1897 1321 1962 sicut
1343 1899 1498 1984 scriptum
1522 1907 1586 1963 est:
1615 1898 1693 1964 Cum
1715 1899 1930 1964 manderem
1958 1901 1992 1963 in
2015 1902 2092 1963 nuni-

300 2029 438 2078 umam.
457 2007 559 2070 culam
583 2007 716 2070 cessavit
736 2019 852 2086 cemus,
875 2003 936 2068 hoc
960 2003 993 2066 in
1009 2003 1149 2068 Matheo.
1184 2003 1223 2066 In
1239 2003 1350 2068 Marco
1373 2005 1451 2068 item
1474 2005 1710 2091 scriptumest:
1735 2006 1779 2069 Εῖ
1799 2005 1945 2070 ascendit
1965 2005 2012 2069 ad
2032 2006 2096 2069 illas
2110 2029 2130 2067 n

320 2135 438 2186 ronan.
457 2114 493 2176 in
514 2137 625 2177 navem
647 2125 676 2176 et
697 2114 832 2176 cessavit
851 2124 964 2175 vernem.
1002 2109 1165 2174 Iohannes
1189 2109 1288 2174 etiam
1307 2109 1401 2175 dicit:
1427 2111 1596 2178 Voluerunt
1616 2137 1688 2199 erpo
1710 2114 1854 2198 coemere
1877 2136 1947 2176 eum
1971 2114 2006 2175 in
2028 2115 2098 2176 navi

279 2232 486 2292 er.2.cor.1s,1.et
512 2221 617 2284 stetim
639 2219 714 2306 fuit
741 2220 833 2282 naveh
862 2215 907 2281 ad
935 2231 1049 2281 terram
1080 2241 1142 2301 qna
1174 2218 1269 2280 ibant.
1315 2216 1355 2280 Iu
1385 2239 1440 2282 ore
1471 2217 1585 2282 horum
1615 2219 1711 2282 trium
1735 2217 2019 2303 ewangelistarum
2042 2227 2098 2280 stet

456 2323 518 2388 hoc
533 2324 612 2389 fidei
635 2334 667 2388 et
690 2325 760 2410 spei
783 2332 913 2387 nostrae
928 2320 1075 2404 verbum,
1099 2343 1165 2408 qua
1187 2321 1350 2386 credimus
1373 2333 1406 2386 et
1428 2345 1595 2410 speramus
1610 2334 1741 2388 ventum
1758 2324 1985 2388 commotionis
2009 2323 2099 2387 huius

456 2429 580 2517 absque
605 2429 703 2495 dubio
727 2429 917 2512 sedandum,
949 2430 976 2492 si
1000 2426 1157 2509 Christus,
1182 2430 1238 2515 qui
1260 2449 1346 2492 nuno
1371 2428 1499 2494 videtur
1522 2430 1605 2494 velle
1628 2431 1794 2516 preterire,
1825 2441 1982 2517 acceptus
2006 2429 2099 2494 fiterit

456 2537 491 2600 in
512 2537 697 2602 naviculam
719 2536 818 2601 Petri.
866 2536 894 2601 O
919 2536 1017 2622 igitur
1038 2557 1108 2616 vos,
1132 2533 1283 2622 discipuli
1308 2533 1437 2618 Christi,
1461 2537 1517 2623 qui
1541 2538 1618 2601 estis
1646 2538 1679 2600 in
1703 2535 1843 2602 ecclesia
1865 2537 2026 2619 Romana,
2055 2537 2100 2599 in·
2118 2561 2141 2599 n

456 2653 571 2708 vocate
594 2642 710 2707 advos
727 2640 891 2706 Christum
914 2642 1142 2727 imperatorem
1156 2643 1247 2706 venti
1270 2651 1303 2706 et
1325 2644 1423 2707 maris
1446 2645 1631 2730 pariterque
1655 2666 1730 2708 cum
1752 2643 1806 2708 illo
1831 2642 2011 2729 discipulos
2036 2645 2102 2708 eius

281 2776 300 2814 1.
309 2774 437 2825 romeu.
456 2749 589 2813 Petrum
612 2760 645 2814 et
666 2748 814 2813 Paulum.
860 2747 979 2812 Audite
1002 2746 1096 2811 vobis
1119 2748 1252 2812 Petrum
1276 2748 1453 2814 dicentem:
1485 2750 1587 2815 Deum
1618 2754 1728 2831 n'mete,
1757 2776 1859 2838 repem
1889 2753 2101 2838 honorificate.

457 2855 547 2920 Bene
570 2878 610 2920 ac
633 2867 721 2920 recte
745 2854 906 2921 dicturus:
930 2855 1043 2942 Regem
1068 2856 1270 2943 honorificate
1296 2857 1458 2941 premisit:
1490 2856 1592 2922 Deam
1616 2861 1725 2938 umere,
1756 2878 1796 2921 ne
1820 2859 1936 2921 timore
1959 2857 2029 2920 Dei
2050 2879 2102 2920 ne-

294 2987 324 3028 u.
332 2988 353 3038 4,
362 2987 395 3028 ιο.
404 2989 437 3028 ιι.
456 2960 562 3047 glecto
586 2963 632 3026 sic
656 2961 831 3026 honoretur
853 2961 959 3043 homo,
983 2971 1019 3026 ut
1041 2961 1133 3025 Deus
1156 2960 1375 3026 inhonoretur.
1421 2961 1504 3026 Item
1534 2963 1580 3026 ait
1610 2962 1697 3026 idem
1719 2963 1853 3027 Petrus:
1884 2963 2103 3050 Unusquisque

456 3072 537 3134 sicut
558 3072 678 3156 accepit
689 3071 827 3156 pretinm
852 3071 886 3133 in
900 3070 1083 3133 alterutrum
1107 3069 1198 3132 illam
1214 3071 1422 3134 amministret
1441 3072 1523 3134 eiciet
1544 3071 1621 3134 boni
1640 3071 1870 3156 dehperraatorea
1892 3072 2143 3158 multiformium

454 3179 577 3261 pratiae
593 3176 665 3240 Dei.
713 3174 755 3240 Si
774 3178 846 3261 quis
870 3176 1008 3261 loquitur
1031 3177 1127 3260 quasi
1145 3199 1301 3239 sermones
1316 3175 1388 3240 Dei.
1437 3173 1472 3240 Si
1495 3175 1578 3261 quis,
1602 3177 1716 3262 inquit,
1740 3175 1882 3263 loquitur
1904 3177 1939 3240 in
1960 3175 2103 3240 consiliis

457 3289 490 3344 et
511 3281 641 3346 iudiciis
664 3281 717 3346 vel
739 3282 937 3367 patrociniis,
967 3280 1117 3367 loquatur
1139 3281 1239 3366 gratis
1263 3281 1357 3366 quasi
1380 3303 1544 3346 sermones
1567 3281 1642 3364 Dei,
1667 3283 1821 3368 quoniam
1842 3282 1956 3368 lingua
1978 3281 2104 3347 venalis

364 3414 395 3454 o.
404 3416 437 3454 11.
456 3388 555 3452 etiam
577 3389 612 3451 in
634 3387 760 3474 legibus
784 3387 885 3453 seculi
908 3386 1109 3474 reprobatur.
1153 3387 1194 3452 Si
1214 3391 1286 3473 quie
1309 3391 1477 3469 ministrat,
1500 3391 1548 3454 sic
1570 3391 1725 3454 ministret
1747 3404 1895 3476 tanquam
1918 3415 1959 3454 en
1981 3393 2103 3471 virtute,

287 3519 551 3580 n.e‚1s-1r.quam
573 3497 786 3560 ammim'mae
807 3494 905 3574 Deae,
928 3509 962 3558 ut
985 3497 1018 3558 in
1042 3495 1184 3559 omnihus
1207 3495 1427 3582 honorificetur
1442 3495 1538 3560 Deus.
1587 3495 1728 3561 Sabina·
1748 3511 1837 3561 estote
1861 3500 1950 3562 omni
1970 3498 2103 3562 burnane

456 3616 617 3666 creaturae
633 3616 767 3688 propter
789 3601 892 3665 Deam
920 3603 986 3665 aine
1016 3604 1087 3688 regi
1113 3603 1209 3686 quasi
1222 3603 1425 3686 precellenti:
1454 3604 1519 3667 siue
1550 3602 1681 3668 ducibus
1703 3617 1850 3689 tanquam
1875 3605 1914 3668 ab
1939 3628 1973 3668 eo
1996 3606 2104 3668 nimam
2120 3625 2143 3664 so

354 3729 437 3773 *cros
456 3708 502 3772 ad
522 3708 695 3773 uindictam
717 3709 883 3788 malorum,
908 3707 1030 3772 laudem
1051 3732 1123 3772 vero
1140 3710 1299 3788 bonoram,
1316 3711 1407 3794 *quic
1429 3712 1476 3773 sic
1499 3724 1543 3774 est
1564 3711 1706 3774 voluntas
1722 3709 1796 3790 Dei,
1819 3724 1852 3774 nt
1874 3711 2103 3799 benefacientes

457 3816 659 3879 obtumescere
674 3816 815 3901 faciatis
838 3814 1083 3900 imprudentium
1106 3815 1265 3878 lentinum
1288 3816 1500 3901 ignorantiam
1523 3818 1619 3901 qumi
1639 3817 1743 3896 tiberi,
1767 3831 1796 3880 et
1816 3840 1879 3880 non
1902 3819 2000 3902 quasi
2021 3819 2102 3881 erela-

456 3944 525 3984 men
548 3921 691 3986 babentes
713 3922 861 3985 maliciae
885 3922 1066 4000 libertatem,
1089 3920 1146 3984 sed
1166 3923 1247 3984 aient
1268 3923 1355 3985 servi
1374 3920 1446 3984 Dei.
1490 3920 1603 3986 Omnes
1625 3923 1771 3986 honorate
1794 3922 1840 3986 ad
1860 3947 1915 3987 voe
1937 3926 2102 4002 venientes,

287 4051 437 4100 noornn.
457 4025 625 4090 consilium
654 4026 765 4090 salutis
796 4036 829 4090 et
858 4025 1014 4090 iudicium
1036 4026 1183 4090 veritatis
1207 4035 1379 4110 querentes
1408 4027 1504 4090 etiarn
1529 4026 1685 4092 barbaros
1709 4037 1741 4091 et
1764 4027 1880 4111 Scitas,
1912 4051 1977 4092 non
2001 4027 2102 4093 domi-

291 4159 310 4196 1.
320 4157 380 4198 nso.
388 4157 409 4207 s,
418 4157 438 4198 s.
456 4142 571 4196 nantes
600 4132 634 4195 in
659 4131 744 4196 clero
767 4131 821 4195 vel
850 4133 953 4218 turpis
983 4130 1064 4196 lucri
1093 4132 1198 4218 gratia
1227 4130 1305 4218 quid
1328 4143 1461 4218 agentes
1491 4134 1524 4195 in
1549 4133 1725 4198 ministerio
1748 4143 1856 4198 vestro
1880 4135 1981 4220 gratis
2005 4135 2102 4200 collo·
2120 4156 2143 4196 a

458 4247 530 4302 cato
552 4236 656 4302 vobis.

562 4343 605 4407 Et
629 4345 706 4429 quia
728 4342 827 4408 semel
851 4346 924 4430 cepi
947 4344 1036 4430 loqui
1060 4367 1133 4408 cum
1157 4343 1295 4408 dominis
1318 4345 1408 4424 meis,
1432 4343 1494 4408 hoc
1512 4356 1641 4410 vestrae
1665 4345 1849 4410 celsitudini
1870 4368 1929 4432 ego
1946 4348 2102 4433 par-sulus

459 4448 597 4513 fideliter
620 4473 769 4536 suggero,
793 4461 838 4533 ut,
870 4451 1023 4537 quoniam
1046 4449 1173 4515 habetis
1196 4450 1285 4537 apud
1307 4473 1365 4515 vos
1393 4451 1610 4537 apostolorum
1635 4475 1780 4539 corpora,
1810 4455 1948 4517 teneatis
1973 4475 2101 4540 quoque

280 4555 599 4641 2.cor.11,1e.lpsorum
622 4557 677 4642 pia
700 4557 911 4638 hortamenta,
936 4568 968 4621 et
989 4557 1091 4621 Paulo
1116 4567 1330 4639 ammonente,
1362 4579 1435 4621 cum
1459 4559 1528 4621 sitis
1550 4559 1614 4644 ipsi
1642 4559 1814 4645 sapientes,
1842 4559 1942 4624 nolite
1967 4560 2100 4625 sufferre

456 4662 656 4748 insipientes.
702 4663 809 4728 Nolite
835 4665 870 4728 in
893 4663 1000 4728 officio
1024 4663 1222 4728 cardinalias
1246 4665 1415 4746 sustinere,
1444 4665 1470 4728 si
1493 4666 1566 4750 quis
1590 4664 1734 4747 devorat,
1765 4667 1887 4752 siquis
1912 4668 2043 4753 accipit,
2074 4669 2101 4730 si
2117 4691 2142 4728 to

365 4768 529 4854 nmquis
552 4769 725 4835 extollitur.
771 4770 811 4834 ln
834 4769 983 4834 omnibus
1006 4769 1158 4835 exhibete
1175 4793 1233 4834 vos
1257 4772 1340 4836 sicut
1361 4771 1426 4834 Dei
1450 4771 1623 4854 ministros,
1647 4782 1682 4836 ut
1704 4795 1769 4837 non
1784 4774 1987 4858 vituperetur
2008 4774 2099 4838 mini-

349 4903 438 4952 osa.
458 4876 590 4939 sterium
612 4887 765 4957 vestrum,
790 4877 873 4940 sicut
895 4879 1113 4963 vituperatum
1137 4887 1273 4942 estnon
1296 4876 1395 4942 semel
1418 4878 1631 4942 ministerium
1654 4877 1791 4961 illorum,
1816 4880 1872 4965 qui
1895 4903 2031 4944 munera
2052 4882 2098 4944 in-

458 4979 611 5046 decenter
635 4969 666 5046 et
688 4981 827 5046 libenter
849 4993 1054 5068 acceperunt,
1075 4985 1195 5070 quique
1211 4984 1305 5047 nimis
1329 4981 1568 5048 extollebantur
1589 4985 1623 5047 in
1640 5007 1698 5048 suo
1714 4985 1901 5049 ministerio.
1937 4986 2011 5051 Non
2027 4985 2098 5050 talis

456 5085 517 5150 suit
539 5087 592 5151 ille
615 5089 773 5153 Martinus
797 5088 1002 5170 cardinalis⁴,
1028 5112 1124 5175 quem
1147 5090 1258 5154 laudat
1286 5088 1402 5153 beatae
1432 5091 1607 5154 memoriae
1630 5089 1840 5155 Bernhardus
1863 5090 1967 5157 abbas
1991 5091 2098 5157 Glare-

566 5343 595 5414 1)
622 5343 802 5402 Oomtitutum
827 5343 1005 5404 Constantini
1027 5347 1069 5404 ed.
1095 5347 1214 5404 Zeumer
1236 5343 1256 5420 ξ
1275 5347 1324 5417 16,
1343 5347 1445 5422 1257.
1549 5345 1579 5417 2)
1603 5347 1650 5404 De
1673 5348 1726 5404 bac
1743 5347 1860 5424 pictura
1883 5349 1924 5420 cs.
1949 5349 2100 5406 Belemini
2115 5365 2139 5404 u

454 5458 534 5526 qesta
557 5451 640 5507 Frid.
664 5451 721 5521 III,
753 5471 776 5508 c.
801 5449 851 5521 10,
882 5453 924 5508 ed.
950 5452 1049 5522 Waltz,
1068 5473 1101 5529 p.
1122 5453 1193 5510 141.
1315 5451 1344 5522 3)
1378 5451 1426 5525 Cf.
1457 5453 1504 5510 De
1532 5453 1656 5531 inuestip.
1681 5453 1851 5527 Anticdr.I,
1883 5475 1905 5512 c.
1929 5455 1981 5526 72,
2011 5475 2098 5532 supra

451 5576 484 5630 p.
504 5555 576 5613 393.
668 5556 698 5627 4)
731 5557 781 5614 Tit.
807 5557 837 5615 S.
864 5557 1003 5634 Stephani
1028 5558 1057 5616 in
1083 5557 1175 5618 Coelio
1197 5567 1303 5628 monte;
1327 5560 1367 5631 cs.
1392 5559 1438 5616 De
1460 5559 1584 5636 investip.
1608 5560 1735 5618 Anticnr.
1760 5561 1785 5632 I,
1810 5581 1832 5618 c.
1859 5561 1909 5618 51.
1935 5562 1987 5632 68,
2011 5582 2098 5638 supra

452 5681 485 5736 p.
504 5660 576 5719 358.
603 5662 676 5719 386.
