4568 6428
480 357 521 420 62
612 364 768 420 LIBELLI
790 363 957 419 HONORII
979 361 1359 420 AUGUSTODUNENSIS
1384 362 1625 418 Punsssr'ruffl
1648 363 1697 418 ET
1721 359 1986 416 SCHOLASTICI.

477 573 556 637 perc
580 551 751 632 censuerit,
782 573 847 614 non
876 549 1010 615 multum
1040 561 1177 636 peccat⁸
1205 549 1267 630 hic,
1299 551 1335 630 si,
1366 572 1431 613 non
1461 549 1547 614 faeta
1576 549 1786 635 professione,
1819 547 2037 612 discesseritl’.
2086 545 2123 612 Si

479 657 550 743 quis
581 668 721 739 autem⁰,
753 657 848 720 minis
878 656 930 720 vel
960 655 1125 720 blanditiis
1156 655 1293 736 motusl,
1324 657 1435 740 iugum
1458 655 1591 719 Domini
1622 656 1810 740 susceperit,
1841 653 1902 718 boc
1932 653 2020 718 iamt
2051 653 2121 718 sine

479 763 706 850 dampnatione
738 760 868 827 abicere
891 785 955 826 non
979 763 1096 848 poterit
1106 773 1128 826 θ.
1174 763 1218 826 Et
1241 763 1317 848 quia
1339 760 1431 825 Deus
1462 784 1525 825 non
1549 771 1641 826 curat
1664 771 1778 825 coacta
1807 761 1948 842 servitia,
1980 761 2122 824 necessi·

478 880 577 934 tatem
606 869 729 934 mutet‘
760 871 793 932 in
823 869 1031 950 voluntatem,
1062 881 1106 950 ut,
1138 870 1165 932 si
1195 891 1280 933 nunc
1308 868 1448 932 Domino
1480 890 1514 931 se
1545 867 1638 932 offert
1668 866 1883 931 voluntarium
1914 867 2122 946 sacrificium,

478 974 519 1039 ab
544 998 582 1039 eo
606 977 640 1038 in
656 975 785 1040 futurog
810 976 951 1060 accipiat
966 975 1160 1060 centuplum.
1197 975 1250 1056 Hi,
1276 975 1325 1038 sih
1344 973 1489 1038 habitum
1506 973 1660 1055 abiciunt,
1685 971 1726 1037 ab
1743 974 1855 1037 amicis
1873 972 2118 1037 commonendi¹
2140 995 2153 1034 o

479 1091 561 1164 sunt,
587 1104 661 1146 eum
683 1082 773 1168 Agar
796 1081 839 1145 ad
863 1081 1026 1146 dominam
1050 1105 1151 1162 suam,
1181 1080 1336 1166 regulam,
1360 1081 1478 1144 reverti
1503 1092 1534 1144 et
1558 1079 1617 1144 sub
1642 1102 1681 1144 ea
1704 1078 1877 1168 penitendo
1901 1079 2064 1142 humiliari
2089 1089 2122 1142 ct

478 1187 561 1252 bone
586 1190 679 1270 seire,
704 1211 768 1252 non
791 1187 864 1274 plus
888 1199 981 1252 extra
1004 1186 1128 1268 cellam,
1154 1210 1251 1273 quam
1275 1189 1397 1274 piscem
1422 1199 1515 1251 extra
1538 1210 1666 1273 aquam,
1691 1209 1785 1272 posse
1810 1184 1940 1249 salvari.

1109 1385 1158 1446 19.
1201 1382 1259 1446 De
1290 1384 1486 1446 reversis.

586 1507 621 1572 Si
645 1505 787 1571 dixerint
810 1529 844 1570 se
869 1529 926 1592 pre
951 1506 1149 1584 verecundia
1172 1530 1237 1570 non
1260 1506 1378 1592 pessel
1401 1506 1444 1570 ad
1466 1506 1639 1569 claustrum
1664 1505 1852 1569 derelictum
1876 1506 2006 1584 reverti,
2031 1502 2119 1568 aliud

368 1636 459 1678 ·r.rac.
481 1613 729 1698 ⁸ingrediantur,
758 1615 791 1677 in
816 1636 879 1698 quo
904 1613 1091 1676 dumtaxat¹
1117 1613 1231 1698 religio
1255 1624 1455 1692 exerceatur,
1481 1613 1557 1698 quia
1581 1611 1699 1697 ubique
1724 1612 1779 1675 uni
1803 1611 1944 1675 Domino
1968 1612 2119 1692 servitur,
2140 1634 2163 1671 ιι

477 1718 598 1806 ubique
623 1721 677 1783 uni
702 1720 771 1804 regi
795 1719 958 1782 militatur.
1005 1719 1105 1782 Porro
1129 1721 1263 1783 istorum
1287 1731 1457 1804 peceatum
1482 1719 1622 1782 maxime
1647 1719 1680 1780 in
1696 1717 1836 1804 prelatos
1859 1717 2046 1780 monasterii
2070 1739 2119 1780 re-

478 1826 610 1906 dundat,
643 1827 697 1912 qui
728 1824 769 1889 ob
801 1827 970 1889 avaritiam
994 1825 1047 1889 vel
1070 1849 1188 1889 vanam
1219 1825 1354 1910 gloriam
1385 1824 1465 1888 tales
1496 1825 1591 1888 minis
1619 1822 1670 1888 vel
1701 1823 1867 1887 blanditiis
1898 1845 1977 1887 onus
2010 1821 2118 1886 subire

478 1943 663 2018 coegerunt,
688 1931 776 2018 quod
792 1931 906 1996 ferreln
923 1931 1103 2012 noluerunt,
1130 1943 1161 1995 et
1180 1943 1255 1995 tunc
1273 1953 1327 1995 eos
1344 1929 1540 1994 indiscrete¹²
1557 1928 1807 2014 constringendo
1823 1929 1953 2014 vigiliis,
1978 1929 2118 2011 ieiuniis,

477 2037 668 2104 verberibus
692 2061 712 2102 a
734 2040 928 2102 monasterio
953 2036 1193 2124 propulerunt⁰·
1205 2043 1225 2102 ¹.

1121 2235 1172 2296 20.
1215 2233 1273 2297 De
1305 2231 1470 2296 oblatis.
2138 2252 2161 2292 ιι

585 2357 619 2422 Si
644 2357 715 2443 quis
739 2355 970 2443 aparentibus
994 2357 1066 2421 Deo
1097 2359 1130 2420 in
1153 2357 1383 2420 monasterium
1407 2355 1539 2420 offertur
1562 2365 1593 2419 et
1617 2354 1794 2418 seeundum
1818 2353 1949 2440 regulae
1975 2353 2117 2418 edictum

478 2464 661 2550 suscipitur,
686 2463 713 2526 si
736 2475 810 2549 post
831 2473 1006 2549 temptatus
1031 2462 1228 2549 egreditur1',
1252 2463 1315 2526 nisi
1339 2485 1498 2542 reversus,
1524 2474 1654 2526 aeterno
1678 2471 1837 2525 tormento
1860 2460 2061 2547 subigetur‘l.

1001 2660 1052 2722 21.
1095 2658 1153 2722 De
1184 2669 1331 2744 sponte
1363 2658 1591 2722 conversis.

584 2782 620 2847 Si
643 2784 715 2869 quis
739 2805 816 2846 vero
841 2783 890 2846 sui
914 2780 1038 2846 arbitrii
1063 2806 1194 2869 compos
1218 2782 1261 2846 ad
1284 2784 1528 2846 conversionem
1551 2782 1677 2845 venerit
1704 2793 1744 2860 et,
1777 2780 1953 2844 secundum
1985 2779 2117 2865 regulae

476 2889 657 2952 institutum
681 2911 875 2974 perannum
898 2887 1062 2974 probatus,
1088 2889 1321 2974 professionem
1340 2889 1463 2969 fecerit,
1488 2887 1541 2951 bic
1566 2888 1592 2952 si
1616 2887 1811 2968 discesserit,
1835 2887 1963 2974 penitus
1987 2885 2116 2972 peribit,
2136 2909 2162 2948 ao

477 2996 538 3058 nisi
562 3017 712 3060 reversus
736 2995 833 3058 fuerit
843 3000 864 3058 ³.
911 2995 996 3058 Hinc
1028 3006 1086 3076 est,
1118 2995 1205 3081 quod
1234 2995 1397 3082 puerulus,
1430 2995 1507 3058 dum
1530 3016 1549 3058 a
1572 2995 1789 3058 monasterioq
1812 2992 1900 3056 beati
1923 2992 2116 3057 Benedictir

478 3101 613 3187 fugisset
637 3113 669 3166 et
691 3112 835 3165 mortuus
860 3100 1004 3186 sepultus
1029 3113 1123 3182 essct,
1155 3113 1241 3165 terra
1264 3125 1338 3165 cum
1362 3102 1510 3187 exspuit·
1537 3111 1568 3164 et
1591 3099 1715 3164 tamdiu
1738 3101 1822 3163 intra
1846 3123 1879 3162 se
1903 3099 2043 3163 retinere
2068 3122 2116 3164 re·

476 3209 578 3288 nuit‘,
604 3230 771 3294 quousque
795 3206 836 3270 ab
861 3205 979 3271 abbate
1004 3231 1061 3271 suo
1085 3207 1289 3272 reconciliari
1311 3208 1428 3270 meruit
1437 3213 1458 3270 ⁴.
1498 3207 1580 3270 Item
1604 3206 1680 3271 dum
1704 3206 1785 3270 alius
1808 3205 1985 3270 recedere¹¹
2008 3205 2116 3286 vellet,

478 3313 576 3378 draco
601 3313 731 3378 obviam
755 3314 854 3396 venit,
886 3315 941 3398 qui
972 3336 1045 3378 eum
1077 3313 1234 3378 devorare
1258 3314 1389 3378 voluitv·
1400 3318 1421 3376 ⁵.
1468 3313 1518 3376 Ita
1541 3314 1623 3376 istiw
1647 3335 1667 3376 a
1691 3312 1830 3377 dracone
1861 3310 1989 3376 diabolo
2018 3311 2116 3376 devo-

341 3443 459 3493 centur.
477 3430 598 3502 rantur,
622 3421 685 3484 nisi
709 3420 804 3484 citius
828 3431 1039 3484 revertantur.
1086 3419 1203 3484 Melius
1227 3431 1276 3484 est
1299 3421 1384 3484 eninr
1407 3443 1472 3483 non
1491 3441 1621 3500 vovere,
1647 3442 1744 3505 quam
1767 3418 1888 3483 factum
1912 3429 2022 3483 votum
2046 3419 2116 3481 irri·
2136 3439 2162 3479 ιι

477 3536 545 3590 tum
567 3526 686 3591 facere.

907 3653 958 3714 22.
1001 3651 1060 3715 De
1090 3650 1375 3736 irreligiosis¹
1406 3650 1684 3714 monasteriis.

584 3775 618 3840 si
643 3777 714 3861 quis
742 3776 971 3839 monasterium
1002 3774 1191 3860 ingreditur,
1222 3773 1279 3839 ubi
1308 3797 1373 3839 non
1402 3774 1552 3860 religiose
1576 3775 1706 3856 vivitur,
1736 3797 1801 3838 non
1831 3773 1904 3838 ideo
1935 3773 2115 3855 discedam,

374 3903 458 3944 *arou
478 3880 536 3945 sed
558 3903 676 3968 pravos
700 3903 805 3945 mores
829 3882 990 3968 patienter
1012 3881 1095 3944 ferat
1119 3893 1151 3944 et
1175 3881 1358 3966 exemplum
1389 3880 1645 3944 mansuetudinis
1673 3882 1812 3968 ceteris*
1837 3878 1996 3966 *prebeat
2028 3881 2115 3965 quia,

478 3988 561 4051 sicut
584 3999 633 4051 est
655 3987 870 4072 vituperabile
900 3989 985 4050 inter
1007 3985 1108 4051 bonos
1132 3987 1216 4052 male
1240 3988 1361 4068 vivere,
1393 3988 1438 4050 ita
1468 3986 1602 4051 multum
1631 3997 1680 4050 est
1709 3985 1870 4052 laudabile
1901 3987 1985 4050 inter
2014 3986 2162 4050 molosso

477 4092 559 4157 bene
583 4095 705 4157 vivere.

583 4325 609 4391 a)
630 4344 748 4394 peccans
767 4345 830 4378 corr.
850 4335 947 4392 peccat
966 4328 998 4378 B.
1079 4325 1107 4388 b)
1129 4346 1221 4379 ceorr.
1241 4328 1274 4378 B.
1356 4326 1381 4390 ο)
1402 4327 1462 4378 eald.
1482 4327 1525 4378 vel
1545 4327 1577 4377 B.
1659 4327 1687 4388 d)
1708 4327 1819 4378 deest&
1900 4325 1925 4390 e)
1947 4347 1973 4379 ιι.
1992 4345 2018 4394 p.
2038 4345 2062 4377 a.
2082 4327 2115 4378 B.

476 4415 655 4478 omittere.
727 4413 756 4482 g)
778 4417 899 4466 futurum
921 4417 947 4467 0.
1019 4415 1047 4476 h)
1068 4417 1127 4466 arld.
1148 4425 1290 4483 acceptum
1312 4417 1338 4466 Ο.
1410 4414 1430 4476 1)
1452 4417 1521 4466 adm.
1541 4417 1574 4466 D.
1647 4416 1676 4476 k)
1698 4433 1724 4466 n.
1743 4433 1768 4482 p.
1788 4433 1835 4481 pro
1854 4434 1879 4466 v.
1899 4416 1932 4466 B.
2006 4415 2025 4478 Ι)
2048 4417 2114 4466 dux·

477 4512 552 4556 taxat
570 4523 632 4556 corr.
653 4499 784 4570 duntaxat
803 4507 836 4556 A.
921 4503 958 4568 ιιι)
978 4523 1025 4571 seq.
1045 4500 1142 4557 rroluei
1160 4509 1224 4571 quia
1243 4507 1283 4566 113
1309 4504 1457 4556 noluerunt
1476 4513 1562 4569 postea
1579 4505 1636 4564 del,
1656 4506 1827 4570 nequierunt,
1847 4507 1893 4571 qui
1911 4505 1971 4555 cdd.
1991 4504 2030 4566 B;
2060 4523 2115 4556 uon

477 4593 630 4654 valuerunt,
651 4595 716 4659 quia
734 4595 768 4645 D.
841 4592 869 4656 ιι)
891 4595 1042 4645 indistricto
1062 4595 1088 4645 C.
1162 4593 1189 4654 o)
1210 4594 1375 4661 populerunt
1394 4594 1428 4644 D.
1500 4591 1528 4659 p)
1551 4593 1706 4658 egredietur
1724 4593 1756 4644 B.
1829 4591 1857 4658 q)
1879 4595 1904 4644 d.
1924 4611 1947 4644 a.
1967 4611 2001 4644 m.
2020 4594 2069 4644 des.
2087 4593 2114 4645 0.
2133 4597 2160 4638 ³⁶

477 4681 500 4744 r)
523 4683 583 4733 add.
603 4700 664 4732 eum
687 4683 713 4733 C.
792 4681 816 4746 s)
838 4686 932 4749 expuit
951 4683 1025 4734 Ro.
1105 4683 1126 4744 t)
1148 4686 1257 4734 rennuit
1276 4684 1309 4733 A.
1388 4681 1415 4738 ιι)
1438 4683 1578 4733 discedere
1598 4682 1630 4732 B.
1703 4681 1731 4744 v)
1753 4683 1901 4747 Gregorius
1920 4684 1948 4732 in
1968 4682 2115 4734 moralibus

476 4773 528 4822 alia
546 4789 613 4822 man.
632 4772 682 4823 alio
700 4781 837 4822 atramento
855 4772 883 4822 in
901 4790 979 4838 cuiry.
998 4773 1057 4822 odd.
1078 4771 1110 4822 B.
1200 4770 1234 4834 w)
1258 4774 1351 4836 utiquc
1374 4771 1434 4821 ruld.
1454 4771 1486 4822 B.
1576 4770 1604 4833 x)
1626 4770 1761 4835 religiosis
1780 4770 1814 4821 B.
1903 4769 1931 4836 y)
1953 4789 1978 4822 n.
1997 4774 2015 4821 i.
2035 4772 2060 4822 d.
2079 4772 2115 4821 bia

476 4878 522 4911 ser.
541 4860 581 4924 A;
599 4861 715 4911 dumam
733 4861 780 4911 del.
865 4859 889 4920 a)
910 4862 943 4910 In
961 4862 1048 4910 ultim
1061 4861 1127 4926 solio
1145 4861 1233 4910 codano
1252 4860 1406 4910 Monaomsis
1424 4861 1541 4910 librarius
1559 4859 1712 4925 clepsydram
1730 4859 1843 4924 (lepinarit
1861 4860 1929 4925 eiqrrc
1946 4859 2018 4910 verba
2036 4876 2113 4926 prae·

477 4951 547 5010 beat,
567 4951 614 5014 qui
635 4975 667 4983 -
687 4949 854 5016 repellantur
872 4949 983 4999 inseruit.

586 5163 614 5234 1)
641 5163 744 5224 Corruit.
778 5165 902 5224 cabilon.
934 5186 961 5223 a.
988 5165 1050 5221 813
1076 5161 1189 5240 (Mauri
1218 5165 1301 5235 XIV,
1327 5165 1386 5233 955
1417 5165 1523 5221 Barclr.
1550 5164 1578 5234 8,
1599 5163 1658 5232 93,
1689 5163 1738 5221 Ivo
1761 5165 1848 5221 Dour,
1870 5166 1996 5235 7,111,·
2028 5163 2113 5223 Grai,
2132 5183 2160 5222 so

476 5271 563 5328 Decr.
582 5291 604 5328 c.
624 5271 674 5342 42,
698 5271 729 5331 C'.
750 5273 799 5343 17,
820 5292 864 5349 qu.
879 5267 921 5348 7).
1000 5270 1030 5342 2)
1056 5272 1148 5347 Epist.
1168 5269 1302 5348 Gregorii
1316 5271 1356 5328 ΙΙ.
1380 5291 1435 5328 ser.
1460 5289 1537 5328 anno
1553 5269 1625 5326 726.
1650 5271 1692 5326 ad
1706 5270 1842 5342 Boaisac.
1861 5266 1942 5345 (EE.
1960 5271 2016 5340 ΙΙΙ,
2036 5270 2114 5338 276;

477 5379 547 5454 ch.
572 5398 617 5435 nr.
640 5378 743 5448 2174,·
767 5378 816 5436 Ivo
840 5379 926 5436 Decr.
945 5379 972 5448 7,
994 5379 1050 5448 15,·
1076 5376 1160 5436 (frat.
1184 5378 1271 5434 Decr.
1297 5397 1319 5434 c.
1342 5377 1370 5446 2,
1397 5376 1428 5436 C.
1447 5377 1498 5446 21,
1522 5397 1567 5452 qu.
1588 5371 1627 5450 l).
1720 5376 1750 5446 3)
1776 5377 1868 5452 Epist.
1895 5377 1997 5434 Leonis
2015 5397 2115 5452 papae

480 5485 550 5554 167,
582 5484 639 5560 inq.
663 5486 700 5539 14
734 5480 820 5560 (opp.
853 5487 894 5541 ecl.
920 5485 1061 5542 Bollerim‘
1084 5484 1107 5553 Ι,
1131 5484 1231 5552 1416,·
1265 5484 1352 5556 Jaffe'
1371 5504 1415 5540 nr.
1443 5483 1522 5550 544,-
1552 5483 1659 5539 Burcb.
1684 5483 1770 5539 Deer.
1797 5483 1825 5552 8,
1847 5483 1884 5552 8,·
1916 5481 2000 5541 Grat.
2026 5484 2112 5539 Decr.

477 5611 500 5646 c.
524 5592 551 5661 l,
578 5589 608 5649 C'.
635 5591 685 5662 20,
710 5613 757 5667 qu.
784 5587 824 5664 3).
941 5591 971 5660 4)
999 5589 1046 5662 Cs.
1077 5611 1099 5646 ε.
1126 5589 1260 5666 Gregorii
1290 5591 1392 5666 dialog.
1424 5589 1468 5646 lib.
1495 5590 1537 5659 II,
1564 5589 1603 5643 24
1629 5585 1715 5663 (Opp.
1748 5591 1790 5646 erl.
1819 5590 1915 5646 Maur.
1941 5589 2000 5658 ΙΙΙ,
2027 5585 2112 5664 256).

477 5695 508 5766 5)
533 5697 606 5754 Ibid.
631 5698 671 5768 ΙΙ,
697 5697 747 5754 25.
2132 5715 2159 5755 ro
