4478 6396
427 379 489 440 172
717 384 894 440 GERHOHl
919 385 1151 441 Pnatl’osl'rt
1176 383 1583 440 REICHERSBERGENSIS
1608 384 1771 438 LIBELLI.

533 575 585 635 62.
620 572 722 635 Recte
746 573 855 658 itaque
878 572 972 634 iuxta
994 583 1121 656 portam
1145 573 1254 657 gregis
1278 570 1455 636 collocatur
1478 583 1571 657 porta
1594 571 1743 656 piscium,
1768 569 1808 634 de
1833 593 1898 657 qua
1922 571 2082 656 seriptum

253 692 491 753 emanasset:
522 679 651 742 Portum
681 693 783 742 numm
806 681 949 765 piscium
979 679 1206 766 edificaverunt
1220 680 1294 765 filit
1315 679 1434 742 Aaron.
1483 677 1557 764 farsi
1584 693 1723 742 tearum
1752 703 1820 742 eoru
1851 693 1880 742 et
1907 692 2084 742 ammarum

426 789 536 851 rralcoa
559 789 627 850 eritas
650 801 787 850 etseras
810 801 839 849 ot
863 802 966 850 tractes.
1015 784 1080 865 Qui
1111 799 1186 849 sunt
1214 786 1267 849 isti
1299 786 1416 870 pisces,
1447 785 1509 848 nisi
1540 783 1650 849 clerici
1675 783 1782 848 adhuc
1812 786 1846 848 in
1869 783 1997 848 lubrica
2020 806 2082 847 sua

426 891 660 956 consuetudine
683 903 839 976 tanquam
868 893 901 956 in
925 914 1006 956 ceno
1031 891 1200 955 autumem
1228 892 1353 977 piscine
1384 891 1547 955 latitantes
1572 903 1603 955 et
1626 890 1727 956 fluida
1751 893 1999 955 conversatione
2022 912 2081 953 va-

426 997 565 1084 gentes?
612 997 737 1062 Horum
769 1019 888 1082 magna
918 1020 1003 1083 pars,
1034 997 1136 1062 velint
1167 997 1278 1078 nolint,
1309 999 1407 1062 Petro
1438 999 1584 1084 piscante
1615 998 1828 1063 extrahentur
1858 1009 1891 1062 et
1921 999 1954 1061 in
1986 1007 2116 1083 portas

427 1107 606 1170 communis
630 1105 717 1168 vitae
742 1106 994 1188 constituentur3
1027 1127 1111 1191 quae
1135 1127 1200 1170 non
1224 1104 1326 1169 solum
1351 1115 1444 1190 porta
1467 1105 1586 1190 gregia,
1618 1115 1653 1168 ut
1683 1105 1748 1168 iarn
1779 1104 1901 1168 dietum
1930 1117 1988 1184 est,
2021 1103 2083 1167 sed

427 1225 459 1276 et
482 1223 576 1298 porta
599 1212 738 1297 piscium
762 1211 891 1292 dicitur,
923 1213 1010 1298 quia,
1042 1213 1127 1275 sieut
1156 1211 1279 1296 colligit
1303 1233 1381 1275 oves
1405 1210 1511 1274 adhuc
1542 1223 1655 1276 natare
1686 1213 1879 1292 nescientes,
1911 1213 1956 1275 ita
1986 1211 2081 1274 nimi-

427 1341 497 1382 rum
529 1317 661 1382 eosdem
692 1317 844 1382 collectos
875 1319 973 1382 vertit
1003 1319 1044 1382 ad
1076 1319 1235 1405 quosdam
1265 1316 1475 1382 rationabiles
1507 1319 1631 1404 pisces,
1667 1321 1722 1404 qui
1758 1341 1822 1382 non
1855 1317 2082 1383 tantummodo

428 1427 532 1489 sciant
556 1423 722 1488 ambulare
746 1424 911 1510 tangendo
935 1435 1055 1488 terrem
1080 1449 1139 1511 per
1162 1427 1334 1504 actionem,
1367 1424 1426 1488 scd
1449 1437 1481 1488 et
1504 1447 1593 1488 nrore
1618 1427 1756 1511 piscium
1780 1428 1873 1512 quasi
1897 1425 2081 1489 naturalem

427 1531 561 1596 natandi
591 1553 685 1594 usum
717 1531 919 1616 possidentes
950 1553 970 1595 a
999 1532 1100 1596 fundo
1131 1545 1237 1596 terrac
1274 1530 1484 1596 subleventur
1519 1554 1579 1618 per
1608 1531 1923 1617 contemplationem.
1977 1533 2080 1596 Recte
2102 1556 2128 1595 10

428 1639 537 1724 itaque
568 1639 601 1700 in
632 1636 874 1702 reedificatione
897 1638 1075 1702 Ierusalem
1107 1652 1219 1725 portae
1250 1640 1359 1724 gregis
1383 1649 1478 1724 porta
1501 1639 1638 1724 piscium
1664 1640 1878 1720 continuatur,
1911 1640 1989 1724 quia
2011 1641 2080 1702 vita

428 1746 608 1810 communis
640 1744 679 1808 de
711 1745 827 1809 activis
858 1757 890 1809 et
922 1745 1193 1832 contemplativis,
1224 1747 1318 1832 quasi
1349 1744 1389 1808 de
1421 1744 1537 1809 ovibus
1568 1755 1601 1810 et
1631 1744 1671 1808 de
1702 1744 1857 1831 piscibus,
1888 1747 1922 1808 in
1951 1745 2080 1810 edificio

428 1851 578 1916 caelestis
601 1851 778 1916 Ierusalem
801 1875 901 1916 manu
925 1851 1058 1916 artificis
1090 1853 1134 1916 ita
1165 1863 1345 1938 coaptatur,
1376 1865 1411 1915 ut
1441 1851 1610 1916 edificator
1639 1851 1724 1916 illius
1749 1849 1896 1916 Christus
1928 1865 2016 1916 recte
2047 1855 2079 1915 in

251 1983 408 2032 merassas.
428 1958 600 2044 euangelio
630 1957 715 2022 lilius
746 1957 830 2022 fabri
862 1958 999 2022 dicatur.
1047 1958 1134 2040 Quia
1157 1957 1272 2022 fabrile
1297 1958 1461 2045 quoddam
1484 1960 1661 2043 negotium,
1686 1957 1775 2044 quod
1798 1957 1874 2022 olim
1898 1959 2080 2023 aecclesiae

428 2089 507 2130 suae
537 2067 695 2151 promisit,
726 2088 813 2129 nnnc
841 2066 1009 2129 evidenter
1032 2065 1205 2152 adimplet,
1238 2067 1321 2130 sicut
1350 2077 1460 2129 nostro
1489 2077 1634 2151 ternpore
1665 2089 1725 2152 per
1755 2064 1872 2130 multas
1903 2066 2081 2131 aecclesias
2101 2090 2126 2130 rs

428 2185 575 2258 apparet.
622 2172 743 2236 Potens
767 2172 853 2236 enirn
878 2183 911 2235 ct
926 2195 1029 2236 verax
1053 2172 1106 2236 ille
1130 2171 1224 2236 faber
1247 2171 1331 2236 fabri
1355 2172 1440 2236 filius
1456 2171 1593 2258 loquens
1609 2172 1800 2254 aecclesiae,
1826 2195 1965 2258 sponsae
1990 2196 2079 2244 suae.

266 2303 408 2352 ursan.
429 2280 553 2343 civitati
570 2301 647 2342 suae
664 2301 723 2364 per
735 2278 880 2365 Ysayam
896 2278 1088 2365 prophetam
1105 2280 1152 2342 ita
1167 2279 1262 2343 dicit:
1285 2279 1466 2344 Conpertum
1485 2305 1611 2344 uterium
1628 2305 1728 2344 mcum
1751 2281 1796 2344 od
1818 2295 1844 2344 te
1868 2296 1896 2345 et
1911 2306 2079 2366 essequam

429 2388 599 2473 adparatu
614 2390 750 2450 scoriam
767 2401 863 2466 utum,
879 2401 907 2450 et
921 2387 1071 2474 cesseram
1084 2411 1171 2450 orrares
1186 2401 1328 2473 stupeum-
1345 2402 1440 2466 tuuru,
1457 2402 1485 2450 et
1499 2390 1660 2451 restituam
1677 2388 1798 2452 iudices
1814 2401 1891 2467 mos,
1906 2389 2083 2475 vastarunt

337 2519 408 2558 nau
423 2497 538 2580 priua,
561 2509 590 2557 et
611 2495 814 2558 rorasilt'arios
831 2497 922 2572 ⁸totos,
946 2496 1028 2557 aieret
1041 2497 1223 2580 antiquitus.
1262 2493 1337 2558 Post
1359 2495 1434 2558 tatu
1460 2496 1619 2558 uocoberis
1634 2497 1747 2558 ciuitas
1764 2497 1849 2574 t'ustf,
1873 2496 1948 2558 urbs
1956 2495 2079 2582 fidelia.

537 2620 588 2680 63.
625 2617 740 2680 Nonne
764 2615 858 2680 faber
881 2617 941 2680 istc
965 2617 1049 2681 hanc
1074 2617 1278 2704 prophetiam
1301 2618 1334 2680 in
1360 2615 1593 2703 salzpurgensi
1616 2617 1778 2681 aeeclesia
1801 2620 1866 2682 iarn
1891 2619 2000 2704 coepit
2023 2620 2080 2682 im·
2101 2644 2126 2682 so

428 2723 517 2810 plere
530 2728 550 2806 ¹,
575 2722 631 2787 ubi
655 2735 687 2788 et
711 2723 1022 2808 pseudocanonicos,
1047 2726 1142 2810 quasi
1165 2735 1324 2810 stagnum,
1356 2722 1489 2788 abstulit
1513 2735 1545 2787 et
1568 2724 1734 2809 regulares
1758 2726 1933 2789 canonicos
1958 2724 2081 2789 ibidem

428 2830 591 2917 plantatos
621 2853 681 2917 per
711 2831 821 2916 ignem
852 2853 910 2894 suo
941 2829 1049 2894 fabrili
1080 2829 1269 2895 conflatorio
1300 2841 1411 2916 aptum
1442 2832 1489 2894 ita
1517 2832 1580 2894 iam
1607 2853 1791 2917 excoquere
1816 2832 1933 2917 eoepit,
1958 2843 2081 2896 utnon

429 2936 614 3002 dubitemus
650 2960 721 3001 cam
757 2937 798 3001 ab
830 2939 918 3001 omni
952 2939 1058 3002 scoria
1088 2960 1192 3024 usque
1227 2937 1270 3002 ad
1300 2961 1417 3023 purum
1447 2935 1695 3023 excoquendam
1726 2947 1758 3001 et
1788 2937 1945 3025 deinceps
1976 2939 2082 3003 nullos

429 3043 553 3108 iudices
577 3044 629 3108 vel
655 3043 855 3108 consiliarios
880 3042 1080 3126 habituram
1112 3045 1174 3107 nisi
1199 3067 1336 3130 quorum
1360 3044 1433 3108 talis
1458 3045 1519 3108 erit
1542 3045 1701 3124 introitus,
1727 3046 1932 3109 conversatio
1957 3057 1989 3110 et
2014 3048 2081 3110 cxi-

428 3161 489 3230 ωε,
515 3150 620 3237 qualis
644 3152 678 3214 in
702 3151 864 3237 episcopis
889 3149 1108 3214 iudicantibus
1132 3163 1164 3214 et
1188 3149 1314 3215 clericis
1339 3148 1585 3215 consiliantibus
1608 3150 1670 3214 fuit
1693 3151 1897 3237 antiquitus?
2101 3177 2127 3216 aa

537 3278 589 3338 64.
625 3274 734 3338 Faber
753 3276 814 3338 iste
831 3273 971 3339 fabricat
987 3275 1109 3338 llomae
1132 3275 1166 3337 in
1183 3275 1398 3339 Lateranensi
1421 3276 1618 3361 patriarchio
1628 3287 1651 3357 ²,
1676 3275 1733 3339 ubi
1750 3300 1809 3362 per
1824 3277 1962 3362 gratiam
1980 3279 2082 3362 ipsius

429 3383 493 3446 iam
518 3380 696 3446 reflorescit
719 3383 786 3445 vita
810 3383 1001 3463 canonicas
1025 3392 1114 3445 tanto
1140 3383 1234 3446 citius
1259 3404 1387 3446 ornnem
1411 3383 1550 3446 scoriam
1574 3381 1771 3469 depositura,
1797 3393 1918 3469 quanto
1942 3383 1986 3448 illi
2011 3395 2081 3447 tan-

430 3509 528 3574 quam
550 3489 583 3551 in
609 3486 715 3552 medio
732 3487 910 3574 Babylonis
935 3489 1059 3574 positae
1083 3488 1200 3552 fornax
1224 3487 1440 3554 tribulationis
1465 3488 1699 3575 aquibusdarn
1723 3489 1885 3575 palatinis,
1910 3513 1974 3554 non
1991 3490 2081 3555 Petri

430 3593 608 3681 discipulis,
634 3593 692 3658 sed
714 3595 802 3680 regis
827 3593 1127 3658 Nabuchodonosor
1151 3597 1315 3678 ministris,
1340 3597 1459 3682 iugiter
1482 3595 1689 3660 accendetur.
1726 3596 1764 3659 In
1789 3620 1855 3683 qua
1877 3607 1987 3661 tamen
2011 3600 2081 3684 ipsc

431 3701 579 3766 dominus
603 3701 810 3788 apostolicus,
835 3702 924 3765 velut
948 3701 1080 3787 qnidam
1105 3702 1250 3788 angelus,
1276 3701 1495 3766 consolabitur
1525 3701 1705 3784 tribulatoS,
1737 3715 1781 3784 ut,
1811 3703 1888 3768 dum
1916 3705 1950 3768 in
1973 3705 2081 3769 medio
2102 3729 2127 3768 so

431 3808 646 3874 tribulationis
671 3810 776 3894 ipsum
800 3807 943 3873 habeant
967 3832 1041 3872 suas
1066 3810 1232 3893 angustias
1257 3808 1465 3888 relevantem,
1490 3810 1663 3874 videantur
1687 3811 1806 3874 seritire
1830 3812 1863 3873 in
1888 3810 1994 3874 medio
2018 3812 2081 3876 for-

431 3917 521 3980 nacis
545 3917 638 4002 quasi
661 3926 793 3979 ventum
820 3917 900 3980 roris
924 3914 1065 3978 flantem.
1113 3916 1165 3978 lle
1197 3916 1275 4000 ipsis
1299 3938 1376 3980 vero
1409 3914 1493 3979 illius
1524 3917 1664 3980 fonracis
1692 3916 1917 3982 incensoribus
1941 3918 2002 3982 erit
2025 3919 2081 3982 ali·

431 4024 502 4108 quis
526 4024 572 4085 ita
596 4022 800 4102 cremandus,
826 4033 860 4085 ut
884 4033 939 4085 aut
963 4044 1035 4085 cum
1061 4020 1159 4086 Saulo
1184 4045 1360 4086 conversus
1392 4023 1583 4086 aecclesiam
1616 4022 1770 4087 defendat
1800 4035 1855 4086 aut
1886 4047 1959 4088 cum
1984 4024 2082 4089 Saule

431 4126 688 4192 irrevocabiliter
712 4150 883 4214 perversus
908 4129 941 4190 in
965 4128 1127 4191 infernum
1151 4128 1339 4192 descendat.
1387 4130 1508 4192 Pueros
1533 4140 1641 4193 autern
1659 4129 1789 4212 Christi,
1809 4155 1904 4196 veros
1928 4131 2082 4196 videlieet

431 4235 617 4315 canonicos,
639 4235 769 4298 omuino
786 4257 851 4298 non
867 4246 979 4320 tanget
1002 4235 1097 4319 ignis,
1122 4257 1228 4320 neque
1253 4234 1466 4317 contristabit,
1491 4235 1746 4323 necquidquam
1764 4237 1929 4302 molestiae
1946 4239 2080 4322 inferet,
2102 4265 2128 4301 sa

431 4343 528 4405 immo
559 4351 684 4405 tantum
714 4340 861 4404 utilitatis
892 4340 1047 4422 conferet,
1076 4353 1111 4405 ut
1141 4365 1200 4427 per
1230 4342 1315 4406 hunc
1347 4343 1456 4427 ignem
1480 4342 1619 4406 vinculis
1650 4356 1859 4429 pcccatorum
1882 4347 2081 4432 consumptis

433 4446 532 4510 libere
564 4446 717 4510 incedant
741 4457 772 4510 ot
796 4448 889 4532 quasi
914 4469 955 4510 cx
980 4471 1042 4511 uno
1067 4471 1122 4511 aare
1151 4450 1183 4512 in
1208 4448 1315 4512 medio
1339 4449 1481 4513 fornacis
1505 4449 1613 4513 Deum
1643 4448 1848 4515 benedicant.
1895 4452 1972 4515 Fuit
1995 4453 2081 4517 oraim

432 4566 505 4618 ante
537 4555 660 4639 aliquot
691 4577 792 4617 annos
824 4553 986 4618 aecclesia
1016 4554 1070 4618 illa
1098 4555 1215 4618 talibus
1240 4556 1366 4620 clericis
1391 4558 1550 4642 exposita,
1575 4558 1630 4642 qui
1654 4579 1719 4620 non
1743 4568 1898 4622 canerent
1921 4559 2014 4645 quasi
2040 4583 2080 4623 ex

432 4685 495 4724 unat
521 4684 585 4741 ore,
618 4661 677 4724 sed
701 4662 793 4747 quasi
818 4683 858 4723 ex
884 4683 938 4724 ore
964 4661 1093 4724 diverso
1117 4685 1155 4725 ac
1180 4662 1315 4726 mrdtum
1340 4663 1481 4743 dissono,
1509 4674 1576 4726 tum
1602 4675 1733 4749 propter
1755 4665 1846 4728 vocis
1869 4665 2081 4730 inconcinnos

432 4768 642 4853 organismos,
668 4765 880 4831 theatralibus
905 4766 1100 4853 quibusdam
1124 4767 1262 4832 rrredulis
1288 4771 1441 4850 variatoS,
1472 4781 1540 4832 tum
1565 4781 1697 4856 propter
1719 4793 1826 4834 mores
1850 4771 2081 4857 incompositos
2100 4800 2128 4836 ro

431 4888 463 4939 et
486 4897 606 4959 magna
631 4873 864 4959 'discrepantia
889 4885 1002 4937 contra
1024 4875 1164 4938 invicem
1190 4875 1322 4940 divisos.
1362 4875 1456 4940 Nunc
1481 4888 1599 4954 autem,
1625 4877 1697 4940 Deo
1721 4879 1854 4962 gratias,
1879 4877 2027 4964 psallitur
2050 4891 2082 4942 et

539 5043 676 5098 lohannes
700 5043 898 5098 Cristostomus
923 5044 951 5096 in
974 5062 1101 5098 scurrone
1126 5045 1161 5098 de
1187 5045 1368 5100 conversione
1394 5046 1474 5100 Pauli
1498 5048 1617 5117 apostoli
1628 5044 1655 5100 3:
1689 5046 1752 5102 Nou
1784 5048 1914 5117 turannio
1941 5049 2081 5121 quostiam

431 5150 583 5205 travae-ate
606 5149 812 5206 coarsuctudinis
835 5147 875 5186 —'-
899 5180 942 5186 -
966 5149 1058 5204 multis
1081 5149 1307 5226 irrtpupnontibus
1329 5151 1477 5208 casulatus
1501 5161 1526 5208 et
1548 5153 1654 5208 cruorit.

539 5291 564 5346 a)
587 5289 751 5353 patriarchia
771 5306 791 5336 e.

541 5417 569 5484 1)
596 5417 643 5487 Ψ.
670 5415 761 5484 luat,
797 5416 901 5492 sulpur,
934 5417 1040 5472 Putrol.
1067 5419 1114 5472 lut.
1141 5426 1159 5471 t.
1181 5418 1250 5487 194,
1283 5420 1332 5473 rol.
1354 5417 1455 5486 latu·
1487 5421 1562 5476 altra.
1588 5421 1798 5496 lutuosas-tuq.
1828 5423 1919 5484 1110,
1949 5445 1979 5496 p.
2006 5423 2080 5477 451.
2105 5441 2127 5476 ts

433 5525 462 5582 2)
490 5525 538 5594 (Is.
556 5523 692 5578 [arbustula
709 5523 834 5578 Iliaconi
850 5523 935 5579 Liber
959 5525 992 5580 dc
1016 5524 1130 5579 aeteae
1149 5525 1297 5594 Loterau,
1325 5523 1472 5595 Mobillou,
1501 5527 1626 5582 ,lfuscunr
1643 5527 1707 5582 flul.
1726 5527 1765 5592 II,
1786 5548 1818 5602 p.
1837 5529 1917 5584 568:
1942 5530 2012 5583 lndc
2030 5549 2082 5600 per

431 5632 569 5684 directum
593 5630 628 5684 ad
653 5631 797 5684 dexteram
822 5633 896 5686 iacnt
920 5631 1063 5686 Paschalis
1087 5650 1162 5702 papa
1184 5632 1222 5697 ll,
1247 5633 1294 5702 qni
1320 5634 1423 5686 araluhri
1448 5635 1628 5703 providentia
1651 5643 1680 5688 ct
1705 5637 1798 5690 studio
1829 5638 1973 5690 renovavit
2004 5638 2080 5690 ordi-

430 5757 492 5792 nem
518 5739 680 5791 carronicrun
705 5739 731 5791 in
756 5740 810 5792 ista
834 5739 965 5792 aeclesia.
1060 5737 1089 5791 :n
1117 5738 1178 5792 ..thu
1204 5739 1305 5794 iuraui.
