4410 6406
558 365 610 419 DE
634 363 968 420 INVESTIGATIONE
994 364 1246 420 ANTICHRISTI
1269 367 1304 420 L.
1322 365 1344 420 l.
1723 359 1786 422 339

122 572 185 635 pro
210 550 344 636 speculo
362 551 413 614 vel
430 551 526 637 quasi
549 549 743 636 auguriandi
767 550 891 636 scypho
915 574 964 633 ea,
989 573 1052 638 que
1076 574 1180 638 usque
1204 551 1246 616 ad
1266 561 1375 616 nostra
1399 563 1546 639 tempora
1571 553 1660 618 circa
1683 552 1787 617 eccle-

123 656 210 720 siam
225 656 291 721 Dei
315 669 408 742 gesta
431 668 516 738 sunt,
540 680 614 721 cum
638 657 701 721 illis
722 658 959 738 conferamust,
984 658 1011 721 si
1035 658 1171 722 forsitan
1196 681 1237 722 ex
1255 679 1365 722 eorum
1390 657 1432 722 ad
1456 659 1598 723 invicem
1615 658 1787 724 collatione

123 762 222 826 nobis
246 765 439 842 innotescat,
464 785 507 827 ex
531 786 594 849 quo
618 773 763 849 tempore
788 762 985 828 abominatio
1003 762 1212 829 desolationis
1233 766 1265 830 in
1283 764 1404 850 templo
1422 765 1496 846 Dei,
1514 765 1601 852 quod
1619 775 1668 830 est
1683 766 1786 830 eccle-

123 871 192 952 sia,
226 869 447 935 misterialiter
482 881 567 934 stare
603 871 737 956 ceperit.
792 870 916 956 Nempe
948 893 1029 956 opus
1061 869 1242 936 Salemonis
1279 871 1433 956 templum
1464 871 1646 936 edificantis
1677 873 1786 958 typice

82 1000 98 1040 a
123 973 250 1040 Christi
274 961 422 1042 conferre
447 975 600 1063 operibus
625 976 798 1041 ecclesiam
814 999 906 1040 suam
922 977 1154 1062 predicatione,
1180 977 1344 1041 miraculis
1369 977 1411 1042 ad
1428 989 1610 1042 extremum
1625 980 1786 1064 passionis

121 1105 258 1169 quoque
282 1085 412 1170 proprie
439 1081 631 1168 'impendiis
656 1085 871 1148 construentis
896 1085 974 1147 satis
997 1085 1150 1148 usitatum
1175 1095 1234 1148 cst.
1282 1083 1428 1148 Mortuus
1453 1095 1502 1148 est
1527 1085 1612 1148 enim
1637 1084 1786 1150 dominus
1805 1109 1885 1161 aaa.

120 1188 220 1253 Iesus
255 1189 471 1276 redemptioni
506 1200 629 1271 nostre,
665 1191 844 1254 resurrexit
878 1189 1121 1254 iustificationib
1153 1200 1298 1271 nostrae,
1334 1191 1482 1255 ascendit
1517 1193 1785 1256 consummationi

119 1307 268 1378 nostrae,
300 1298 448 1383 spiritum
473 1319 602 1383 quoquc
634 1307 779 1362 sanctum
811 1297 935 1360 remisit
965 1296 1214 1362 sanctificationi
1243 1309 1275 1361 et
1299 1298 1535 1361 confirmationi
1565 1309 1704 1376 nostrae,
1729 1300 1785 1385 qui

117 1403 284 1489 templum
309 1414 456 1467 sanctum
480 1405 550 1467 eius
575 1425 646 1468 esse
671 1401 827 1467 debemus
852 1413 884 1467 et
907 1426 1026 1468 sumus.
1074 1403 1118 1468 At
1141 1427 1201 1467 rex
1217 1402 1384 1468 Babilonis
1408 1405 1562 1490 princeps
1587 1403 1785 1468 confusionis

63 1532 96 1569 ro
118 1506 278 1574 diabolus
308 1509 464 1595 templum
493 1509 555 1574 hoc
579 1509 645 1573 Dei
674 1521 831 1592 sanctum,
857 1509 944 1596 quod
968 1521 1017 1574 est
1040 1510 1189 1590 ecclesia,
1214 1511 1359 1596 quietum
1389 1532 1460 1573 esse
1491 1533 1606 1595 passus
1636 1523 1784 1592 nonest,

118 1616 296 1680 concitans
328 1616 485 1680 adversus
514 1615 593 1680 illud
617 1617 780 1681 Romanos
811 1618 1023 1703 imperatores
1046 1616 1135 1681 velut
1166 1616 1298 1681 alterius
1323 1615 1490 1680 Babilonis
1521 1617 1695 1702 principes,
1725 1640 1785 1704 per

118 1744 210 1808 quos
234 1720 321 1787 idem
341 1723 497 1809 templum
513 1735 661 1788 sanctum
679 1735 826 1787 evertere
851 1746 889 1788 ac
913 1723 1011 1786 fidem
1034 1722 1232 1787 labefactare
1257 1722 1386 1787 molitus
1404 1733 1462 1786 est.
1497 1722 1634 1786 Romam
1651 1724 1783 1810 quippe,

116 1841 161 1892 ut
186 1851 284 1916 supra
307 1852 437 1916 quoque
462 1829 641 1912 docuimus,
665 1831 783 1901 Petrus
807 1831 932 1916 tropice
955 1832 1085 1894 nomine
1106 1829 1273 1895 Babilonis
1296 1840 1430 1915 propter
1452 1851 1578 1893 morum
1602 1829 1783 1895 similitudi-

117 1957 202 1999 nem
226 1935 374 2001 denotat:
400 1936 535 2018 Salutat,
558 1938 719 2023 inquiens,
745 1963 798 2002 cos
821 1939 973 2002 aecclesia
997 1941 1030 2002 in
1056 1937 1226 2002 Babiloru’e
1250 1939 1386 2002 collecta.
1434 1935 1531 2000 Hanc
1555 1938 1640 2001 enim
1666 1937 1783 2023 episto·
1803 1964 1962 2014 inermus.

61 2065 92 2105 rs
117 2041 192 2106 lam
223 2041 352 2108 scribsit
382 2055 527 2130 tempore
552 2042 682 2107 Claudii
712 2044 834 2108 cesaris
862 2044 985 2108 Romae
1016 2045 1208 2108 constitutus
1238 2043 1350 2107 Marco
1382 2042 1541 2128 discipulo
1573 2044 1642 2106 eius
1672 2066 1783 2108 secum

118 2149 194 2214 illic
218 2159 448 2215 commorante.
496 2150 626 2231 Quanta
648 2172 727 2214 vero
751 2151 901 2215 inimicus
925 2151 959 2213 in
983 2150 1044 2214 hoc
1068 2161 1180 2215 sancto
1204 2149 1270 2214 Dei
1293 2149 1424 2235 templo,
1449 2149 1537 2235 quod
1561 2158 1610 2213 est
1633 2150 1782 2233 ecclesia,

119 2255 304 2321 evertendo
329 2256 425 2321 simul
449 2267 481 2321 et
503 2258 537 2320 in
561 2256 614 2321 illo
638 2256 824 2321 manufacto
852 2279 911 2342 per
933 2257 1101 2343 utriusque
1125 2255 1293 2324 Babilonis
1317 2256 1481 2342 principes
1505 2255 1700 2343 malignatus
1724 2269 1783 2339 est,

120 2375 159 2426 ut
186 2385 284 2449 supra
308 2386 437 2451 quoque
461 2365 796 2445 commemoravimus,
827 2374 938 2428 nostra
969 2363 1242 2427 demonstratione
1272 2385 1339 2426 non
1370 2361 1511 2448 indiget,
1543 2385 1618 2427 narn
1647 2373 1679 2428 et
1708 2363 1783 2428 libri

122 2492 238 2556 regum
263 2470 377 2557 templi
401 2470 578 2534 manufacti
602 2471 805 2535 eversionem
830 2471 997 2535 continent
1021 2479 1053 2534 et
1075 2469 1236 2534 aecclesie
1264 2489 1396 2554 agones,
1428 2469 1595 2533 martirum
1619 2478 1712 2554 gesta
1735 2471 1782 2534 in-

61 2601 98 2640 eo
121 2577 313 2641 manissime
331 2577 531 2641 crudelitatis
547 2575 644 2663 plena
660 2587 829 2659 testantur,
847 2599 910 2663 que
926 2575 1059 2640 auribus
1075 2576 1193 2640 nostris
1217 2574 1395 2640 cottidiana
1418 2575 1610 2661 ingeruntur
1632 2575 1780 2641 lectione.

121 2683 178 2746 De
202 2693 340 2770 unaque
364 2681 525 2769 siquidem
549 2683 656 2765 domo,
688 2682 729 2747 de
760 2683 815 2747 illa
838 2682 992 2747 videlicet
1022 2682 1209 2747 manufacta
1239 2681 1335 2746 etde
1359 2683 1430 2763 ista,
1455 2704 1519 2768 que
1543 2694 1593 2746 est
1621 2683 1782 2747 aecclesia

121 2790 200 2872 Dei,
225 2800 314 2855 reete
331 2789 386 2854 illa
402 2792 592 2877 conquestio
609 2791 808 2877 intelligitur,
826 2813 923 2877 quam
940 2788 1100 2854 ecclesiae
1117 2811 1215 2853 voces
1232 2787 1426 2874 depromunt
1442 2787 1610 2874 psallendo
1628 2788 1780 2854 dicentis:

122 2897 223 2978 Deus,
247 2913 397 2963 amaruan
414 2911 519 2986 pentes
546 2900 580 2962 in
603 2898 803 2963 hereditatem
828 2912 923 2978 mam,
951 2897 1133 2984 polluerunt
1155 2898 1302 2983 templum
1325 2911 1465 2960 sanctum
1489 2910 1584 2976 urum,
1609 2913 1784 2983 posueruut
1801 2923 1837 2962 ra.
1846 2922 1880 2972 rs,
1889 2923 1948 2964 1-s.

122 3003 299 3070 Ierusalem
316 3008 351 3070 r'a
363 3029 529 3090 pantorum
544 3005 727 3070 custodiam.
763 3003 939 3069 Posueruat
952 3006 1120 3068 morticino
1143 3027 1303 3069 servorum
1327 3017 1448 3068 tuorum
1472 3027 1559 3068 moos
1581 3005 1780 3068 uolrttilr'ume

71 3137 104 3176 aa
122 3111 188 3175 celi
215 3136 327 3176 caraea
356 3125 532 3176 sanctor-um
564 3126 684 3176 tuorum
716 3113 823 3178 hechas
852 3125 962 3176 terroe.
1015 3110 1210 3198 diffuderunt
1237 3112 1420 3197 sanqua'aem
1451 3111 1590 3195 ipsorum
1623 3125 1780 3196 tamquam

122 3243 241 3304 aquam
265 3221 299 3284 r‘n
323 3220 458 3283 cr'rcur'tu
481 3221 559 3298 eius,
583 3233 611 3284 et
633 3243 694 3282 non
717 3232 786 3284 crat
807 3220 866 3304 qui
885 3217 1032 3303 sepeliret
1058 3227 1091 3280 et
1114 3225 1235 3280 cetera.

180 3415 234 3477 30.
270 3411 463 3478 Collacio
487 3413 809 3499 persecucionis
833 3412 1068 3477 christiane
1092 3409 1199 3474 fidei
1223 3431 1440 3496 perrogas
1464 3409 1649 3494 gentiles
1673 3409 1723 3474 ad
1799 3437 1850 3489 (as).

681 3519 894 3584 fornacem
917 3516 1219 3582 Babilonicam.

231 3644 347 3731 Itaque
371 3654 518 3730 tempora
542 3645 777 3730 persecutionis
807 3666 866 3730 per
888 3643 1051 3707 Romanos
1075 3642 1239 3728 principes
1263 3641 1444 3705 aecclesiae
1467 3641 1555 3706 illata
1580 3641 1780 3729 temporibus

79 3777 105 3817 so
124 3751 304 3815 eversionis
327 3749 441 3836 templi
464 3773 524 3837 per
538 3748 727 3814 Babilonios
743 3751 907 3836 principes
924 3749 1008 3813 facte
1032 3748 1211 3812 rectissime
1236 3745 1444 3833 respondent.
1479 3747 1551 3813 Illic
1575 3749 1672 3831 enim,
1697 3749 1780 3813 sicut

124 3880 223 3944 supra
239 3879 368 3944 quoque
388 3867 567 3920 monstrare
592 3879 794 3943 ceperamus,
819 3867 958 3920 statuam
982 3877 1114 3920 auream
1139 3853 1275 3919 adorare
1299 3855 1467 3919 tormentis
1485 3854 1701 3941 cogebantur3
1726 3855 1779 3920 hic

123 3963 165 4029 ad
190 3963 365 4028 simulacra
394 3965 539 4049 gentium
569 3973 725 4048 argentea
755 3973 787 4027 et
817 3985 917 4027 aurea
947 3961 1115 4027 adoranda
1144 3963 1322 4026 innumeris
1352 3971 1584 4027 tomrentorum
1608 3961 1778 4049 compelle-

122 4069 243 4136 bantur
265 4069 450 4156 generibus.
485 4069 557 4135 Illic
574 4092 639 4134 una
659 4069 776 4134 fornax
800 4067 1076 4155 contemptoribus
1100 4067 1219 4154 regalis
1243 4069 1390 4155 precepti
1405 4068 1599 4155 parabatur;
1624 4069 1677 4133 hic
1693 4079 1778 4133 totus

123 4176 262 4242 mundus
287 4175 329 4240 ad
352 4199 450 4241 neces
474 4187 659 4241 sanctorum
682 4175 910 4258 inflammatus,
935 4176 1028 4262 quasi
1052 4197 1118 4238 una
1141 4175 1258 4238 fornax
1282 4174 1467 4240 martiribus
1492 4187 1570 4241 erat.
1617 4175 1689 4240 Illic
1713 4185 1778 4240 tres

78 4311 104 4350 sa
121 4285 216 4370 pueri
239 4284 335 4348 unius
359 4284 455 4369 regis,
479 4283 532 4347 hic
549 4283 716 4347 Trinitatis
741 4282 890 4364 cultoreS,
913 4281 1015 4346 multa
1029 4281 1184 4345 videlieet
1208 4280 1296 4345 milia
1319 4283 1496 4364 martirum,
1521 4283 1641 4346 iniusta
1663 4305 1776 4368 regum

120 4389 260 4476 imperia
290 4401 493 4476 spreverunt.
546 4389 617 4454 Illic
648 4412 708 4476 per
736 4400 801 4452 tres
832 4411 950 4475 pueros
981 4399 1014 4452 ct
1043 4397 1194 4474 quartum
1225 4387 1399 4452 Danielem
1433 4386 1568 4453 bestiale
1604 4412 1661 4453 cor
1690 4389 1777 4474 regis

121 4495 425 4561 Nabuchodonosor
454 4506 580 4561 tantiam
611 4496 819 4560 humanitatis
850 4494 965 4578 induit,
988 4505 1024 4558 ut
1047 4517 1160 4559 verum
1183 4493 1293 4559 Deum
1325 4495 1459 4582 eiusque
1483 4494 1585 4559 lilium
1610 4494 1777 4560 confessus

121 4604 162 4667 sit
185 4602 315 4667 dicens:
348 4603 424 4668 Vere
448 4604 534 4668 Deus
559 4618 656 4668 aester
678 4604 766 4668 Deus
789 4603 916 4668 deorum
941 4617 985 4666 est
1007 4617 1035 4666 et
1057 4602 1204 4666 domiuus
1227 4627 1332 4689 rapum
1357 4604 1500 4666 revelans
1523 4605 1675 4683 mesterr'a,
1699 4604 1776 4688 qula
1796 4626 1921 4675 Danau.

121 4725 153 4775 tu
164 4712 302 4797 pomistr‘
314 4713 441 4797 aperire
456 4725 683 4775 sacramentum
700 4711 764 4774 hoc.
801 4709 900 4773 Item:
925 4709 1006 4773 Ecce
1030 4731 1084 4796 epo
1108 4708 1199 4772 m'rleo
1223 4711 1309 4772 or'ros
1331 4710 1447 4773 solutos
1470 4724 1604 4794 quotuor
1626 4725 1655 4774 et
1676 4709 1778 4773 m'chil
1795 4731 1893 4783 rasas.

75 4845 103 4883 ro
121 4819 334 4904 complicatis
356 4819 391 4881 t'n
415 4819 461 4882 eis
484 4831 528 4881 est
549 4831 577 4881 et
599 4818 718 4903 species
741 4817 851 4901 quarti
870 4818 989 4880 similis
1004 4816 1081 4902 fllr'o
1104 4815 1176 4879 Dat
1224 4813 1268 4877 Et
1296 4815 1330 4876 in
1354 4812 1646 4900 subsequentibus:
1675 4816 1775 4879 Beue·
1795 4838 1918 4882 rasa-er.

121 4923 234 5004 dictus,
257 4924 313 5006 ait,
338 4924 426 4988 Deus
449 4948 554 4989 eorum
579 4921 728 5003 Sidraoh,
752 4922 878 4987 Misach
902 4936 930 4986 et
951 4921 1134 5008 Abdenopo,
1159 4924 1218 5007 qui
1240 4923 1341 4985 'raisit
1363 4923 1507 5008 angelum
1530 4946 1620 4985 suram
1644 4936 1673 4986 et
1695 4923 1777 4986 eruit
1795 4943 1872 4996 ·p.rr.

119 5054 225 5095 seruos
246 5054 329 5111 suos,
357 5033 435 5116 qur-'a
458 5029 661 5094 crediderunt
683 5031 716 5094 in
740 5053 774 5093 eo
798 5043 826 5093 et
848 5030 971 5092 uerbum
996 5029 1081 5115 repis
1105 5030 1346 5092 immutaverunt
1368 5043 1396 5092 et
1418 5028 1620 5092 tradiderunt
1641 5052 1774 5114 corpora

119 5161 187 5217 sua,
211 5162 248 5202 ne
271 5139 426 5201 servirent
447 5151 476 5201 et
496 5160 534 5200 aa
557 5137 729 5200 adorarent
751 5159 869 5201 omnem
888 5136 990 5199 Deum
1015 5148 1138 5220 eccepto
1155 5135 1223 5198 Deo
1246 5159 1312 5198 suo.
1360 5135 1390 5198 A
1414 5158 1462 5199 me
1484 5159 1557 5222 erqo
1577 5137 1773 5222 propositum

120 5258 164 5307 est
185 5245 242 5308 hoc
265 5244 431 5323 decretum,
447 5258 481 5307 ut
495 5245 597 5307 amuis
605 5243 758 5329 popualus,
782 5243 881 5306 tribas
904 5255 932 5305 et
955 5241 1075 5327 linqua,
1100 5264 1158 5325 que
1182 5241 1282 5306 locuta
1293 5243 1402 5329 fuerit
1423 5242 1650 5328 blasphemiam
1667 5256 1773 5306 contra

77 5377 102 5417 rs
121 5348 222 5413 Deum
247 5348 397 5430 Sldruch,
421 5349 547 5414 Misach
571 5364 599 5413 et
620 5349 793 5436 Abdeaapo
817 5347 977 5433 dispereat
998 5361 1027 5411 et
1049 5346 1159 5411 doacus
1183 5350 1250 5412 erius
1274 5363 1417 5414 uastatur.
1464 5347 1507 5411 Et
1538 5356 1775 5434 consequenter

121 5455 280 5541 scriptura
303 5455 447 5519 annectit
471 5453 601 5519 dicens:
631 5455 718 5519 Tunc
740 5479 798 5519 ren
812 5453 1102 5518 Nabuchodonosor
1119 5457 1281 5539 promouit
1297 5455 1445 5533 Sr'draeh,
1469 5454 1595 5518 Mr’saeh
1619 5469 1647 5519 et
1668 5454 1772 5518 Abde-
1794 5477 1953 5522 mun-roo.

120 5585 198 5650 napo
222 5565 256 5626 in
275 5564 477 5649 mordacium
495 5563 674 5626 Babilonis.
711 5559 1000 5625 Nabuchodonosor
1023 5585 1081 5623 rear
1103 5562 1246 5625 ortantibus
1263 5562 1406 5646 populis,
1427 5563 1570 5647 pentibus
1593 5575 1621 5624 et
1644 5560 1773 5647 linques,

226 5739 253 5804 a)
275 5744 452 5796 conferrimus
471 5761 493 5795 c.
565 5739 593 5803 b)
615 5743 781 5794 iustificaoni
799 5759 819 5793 c.
893 5738 919 5802 c)
940 5739 1029 5792 abhinc
1044 5742 1192 5807 plerumque
1209 5741 1350 5792 αὸῠναεαω
1368 5759 1389 5792 e.

1506 5847 1557 5898 43*
