4426 6398
443 394 509 458 684
959 397 1193 456 TRACTATUS
1216 395 1506 456 EBORAOENSES.
1541 399 1578 455 V.

443 585 596 638 ummmiter
613 585 732 638 nadad
748 585 870 638 antistites
888 593 911 636 et
928 585 1040 646 riciuirm
1062 585 1084 634 ri
1101 584 1303 650 nretrapolitaaus
1325 583 1433 649 turmae
1451 583 1598 636 eorrditionir
1616 593 1679 636 sorte
1697 585 1827 644 macerit,
1846 603 1864 634 a
1876 584 2088 650 praetendebas

363 717 365 722 v
441 692 567 759 episcopie,
586 692 649 744 aieret
666 700 734 744 retra
745 693 834 760 serora
853 692 997 754 tmmmffir,
1015 691 1112 744 sacrari
1129 691 1207 742 raeda
1224 690 1336 742 omnibu
1353 692 1498 742 sermatirb.
1538 674 1581 740 Et
1603 674 1664 762 hec
1681 674 1814 762 quidem
1830 674 1972 739 Romani
1993 678 2089 762 ponti·

444 783 520 849 tices
544 784 648 848 sancti
672 791 862 866 statuerunt,
887 804 1024 870 qnorum
1048 791 1169 847 statuta
1191 803 1253 846 nec
1276 781 1460 868 transgredi
1489 781 1575 866 licet,
1605 803 1666 846 nec
1690 782 1894 868 prevaricari
1920 783 1991 845 sine
2013 784 2090 869 peri·

444 889 516 956 culo
541 890 790 977 dampnationis.

549 997 729 1061 Veniamus
758 1019 844 1061 nunc
875 995 917 1060 ad
947 995 1049 1078 aliud,
1081 996 1168 1083 quod
1198 996 1363 1061 Romanus
1393 995 1540 1082 pontifex
1570 996 1650 1060 iacit
1678 1019 1744 1060 non
1773 997 1843 1060 sine
1874 1018 1997 1082 magno
2028 997 2116 1082 qui-s

444 1103 516 1168 dem
548 1102 687 1190 ecclesie
718 1103 872 1168 seandalo
903 1112 936 1168 et
964 1102 1158 1189 populorum
1187 1102 1343 1189 periculo.
1389 1103 1663 1168 Excommunicat
1693 1103 1779 1167 enim
1806 1104 1992 1190 episcopos,
2018 1125 2093 1188 quos

443 1211 536 1275 Deus
565 1210 660 1275 unxit
690 1219 723 1275 ct
751 1209 968 1276 sanctificavit
998 1210 1069 1274 oleo
1099 1221 1212 1274 sancto
1242 1231 1315 1291 suo,
1347 1207 1465 1296 quibus
1494 1210 1592 1275 etiam
1623 1208 1714 1274 dedit
1742 1219 1939 1296 potestatem
1973 1208 2094 1294 ligandi

444 1329 540 1404 atque
572 1315 730 1399 solvendi,
762 1318 846 1382 sicut
870 1327 902 1381 et
927 1315 983 1382 illi.
1031 1316 1122 1398 Quos
1150 1339 1224 1381 cum
1253 1316 1528 1397 excommunicat,
1559 1316 1721 1402 apostolos
1745 1315 1867 1381 Christi
1897 1328 1932 1380 et
1960 1316 2093 1380 christos

444 1424 577 1488 Domini
612 1424 873 1488 excommunicat
907 1433 939 1488 et
972 1424 1018 1488 its
1049 1431 1100 1488 et⁰
1131 1423 1317 1488 unctionem
1348 1433 1380 1486 et
1410 1422 1700 1486 sanctificationem
1735 1445 1847 1488 eorum
1876 1425 1917 1486 in
1947 1424 2094 1486 irritumd

443 1530 584 1616 redigit⁰
615 1540 648 1596 et
678 1529 903 1616 ecclesiarum,
933 1528 1051 1616 quibus
1081 1538 1229 1616 presunt,
1260 1529 1370 1615 capita
1400 1539 1559 1616 amputat,
1591 1529 1678 1616 quod
1708 1528 1832 1616 absque
1863 1531 2000 1594 interitu
2029 1552 2093 1594 cor·
2110 1558 2130 1595 a

273 1660 560 1724 1.cor.e‚u.porum
592 1639 704 1724 nequit
738 1636 818 1700 fieri.
872 1636 955 1701 Item
987 1637 1089 1701 omnis
1125 1637 1312 1722 episcopus,
1348 1639 1407 1722 qai
1438 1637 1566 1722 adderet
1594 1636 1743 1718 Domino,
1777 1663 1859 1702 noas
1889 1663 1959 1702 cam
1991 1662 2026 1702 eo
2055 1653 2095 1702 est

443 1747 585 1832 spiritam.
621 1743 666 1808 Et
688 1743 744 1830 qni
768 1743 866 1808 talem
883 1743 1153 1824 excommunicat,
1177 1742 1266 1806 illum
1282 1765 1383 1806 unum
1406 1743 1554 1829 spiritum
1574 1745 1845 1826 excommunicat,
1869 1743 1905 1807 id
1922 1753 1972 1807 est
1988 1744 2092 1808 Deum

444 1861 476 1916 et
500 1851 699 1938 episcopum.
747 1849 820 1930 Quo
845 1849 924 1936 quid
947 1851 1133 1936 perversius
1157 1859 1263 1936 potest
1286 1849 1383 1914 fieri?
1428 1849 1528 1914 Item:
1554 1849 1667 1914 Omnis
1692 1851 1865 1936 episcopus
1896 1873 2033 1916 manens
2062 1851 2092 1913 in

277 1983 424 2032 raonem.
444 1959 590 2039 caritate,
622 1961 656 2023 ia
680 1959 748 2022 Deo
772 1973 875 2022 maaet
897 1972 925 2022 et
947 1958 1035 2022 Dens
1058 1961 1091 2022 irs
1116 1982 1159 2022 ee.
1206 1956 1250 2020 Et
1279 1958 1335 2043 qui
1365 1955 1463 2020 talem
1494 1958 1764 2039 excommunicat,
1791 1957 1903 2021 Deum
1935 1957 1976 2021 de
2008 1979 2092 2021 man·

444 2065 534 2129 sione
558 2063 638 2128 suas
663 2063 826 2150 expellere
851 2073 884 2127 et
906 2062 947 2129 de
972 2086 1020 2145 eo,
1045 2064 1158 2150 quiin
1183 2085 1217 2127 sc
1240 2071 1359 2146 manet,
1389 2063 1503 2127 nititur
1526 2083 1696 2128 evacuare.
1744 2062 1816 2143 Quo
1842 2063 1921 2150 quid
1946 2065 2040 2149 peius
2062 2065 2093 2126 in
2110 2089 2132 2128 a

444 2171 550 2256 Deum
574 2179 681 2258 potest
703 2170 800 2234 fieri?
836 2169 903 2236 Sed
925 2170 1008 2235 forte
1025 2170 1113 2235 dicet
1127 2169 1291 2234 Romanus
1315 2169 1479 2256 pontifex:
1505 2169 1613 2250 ‘Quod
1636 2191 1697 2256 ego
1721 2169 1817 2253 facio,
1841 2169 1904 2235 hoc
1929 2170 2015 2235 facio
2039 2192 2094 2256 per

443 2277 615 2360 iusticiam,
640 2279 717 2365 quia
741 2278 881 2363 corripio
905 2299 971 2358 eos,
996 2277 1052 2364 qui
1075 2277 1109 2341 in
1133 2298 1184 2341 me
1208 2287 1428 2362 peccaverunt
1450 2298 1510 2363 per
1532 2275 1808 2362 inobedientiam’.
1853 2276 1922 2342 Sed
1946 2276 2092 2340 dominus

443 2395 553 2448 noster
575 2384 667 2448 Iesus
692 2383 840 2448 Christus
870 2407 936 2448 non
966 2384 1012 2448 ita
1040 2383 1173 2447 Petrum
1201 2382 1321 2464 docuit,
1351 2405 1416 2447 non
1446 2384 1492 2447 ita
1521 2382 1699 2474 discipulos
1730 2405 1804 2448 suos
1835 2384 2001 2467 instruxit,
2031 2407 2094 2448 non

301 2479 423 2572 ’will’
442 2490 540 2554 talem
557 2492 769 2576 correptionis
793 2489 938 2576 regulam
956 2491 1002 2554 eis
1025 2491 1173 2555 instituit.
1210 2489 1276 2555 Sed
1292 2489 1392 2554 dixit:
1418 2489 1459 2556 Si
1471 2494 1653 2576 peccaverit
1676 2493 1710 2556 ia
1733 2506 1760 2556 te
1775 2492 1889 2579 freter
1913 2507 1994 2572 taus,
2018 2493 2094 2557 eade

333 2621 424 2671 ⁸p.au.
443 2613 471 2662 et
493 2601 618 2684 corripe
641 2623 708 2662 eam
734 2601 815 2663 inter
838 2613 864 2663 te
888 2601 990 2684 ipsum
1014 2599 1123 2663 solam.
1173 2596 1214 2662 Si
1240 2612 1267 2662 te
1296 2597 1446 2678 audierit,
1478 2599 1616 2662 lucratus
1645 2601 1709 2663 eris
1725 2599 1869 2686 fratrem
1900 2613 1996 2662 tuum.
2044 2599 2097 2664 ‘Si
2111 2623 2134 2662 ao

443 2719 543 2770 aretem
568 2719 595 2770 te
618 2729 678 2770 aon
702 2705 852 2786 audierit,
876 2705 991 2770 adhibe
1014 2719 1111 2769 tecvm
1135 2729 1227 2768 uatem
1254 2706 1304 2769 vel
1325 2705 1413 2786 daos,
1436 2719 1470 2768 ut
1492 2707 1525 2769 ia
1549 2729 1602 2770 ore
1625 2705 1757 2770 demam
1782 2706 1833 2770 vel
1854 2707 1951 2770 trium
1975 2709 2094 2770 testium

442 2825 601 2894 statariae
620 2814 755 2893 verbam,
772 2851 815 2894 ε
832 2812 1045 2898 correptionis
1061 2809 1225 2892 videlicet,
1241 2832 1281 2874 ne
1299 2819 1443 2876 transeat
1458 2810 1500 2874 ad
1516 2811 1635 2897 plures,
1653 2811 1680 2874 si
1698 2833 1752 2876 eos
1769 2811 1910 2876 audierit
1925 2811 2028 2876 frater
2045 2851 2093 2875 -.

446 2917 592 2996 Quodsi
612 2943 663 2984 eos
685 2943 747 2983 aon
770 2919 919 2998 audierit,
945 2920 997 2983 dic
1021 2920 1155 3003 ecclesie.
1204 2917 1245 2982 Si
1271 2933 1373 2982 aetem
1402 2919 1564 3003 ecclesiam
1594 2943 1655 2983 aon
1682 2919 1832 3000 audierit,
1862 2922 1906 2984 sit
1935 2921 1998 2984 tibi
2018 2923 2096 2984 sicat

444 3026 583 3090 ethnicas
606 3041 634 3090 ct
650 3027 852 3112 publicanus.
900 3025 998 3089 Hunc
1029 3025 1241 3110 correptionis
1273 3024 1420 3089 ordinem
1449 3024 1588 3088 instituit
1610 3023 1768 3106 Christus,
1799 3025 1887 3089 bunc
1919 3023 2094 3090 observare

444 3129 542 3196 debet
565 3132 669 3196 omnis
686 3131 880 3195 christianus
905 3141 938 3196 et
961 3141 1035 3196 ante
1060 3153 1171 3194 omnes
1187 3131 1541 3217 Romanusepiscopus
1566 3141 1598 3195 et
1620 3132 1730 3216 legati,
1755 3132 1811 3218 qui
1835 3129 1877 3195 ab
1902 3154 1941 3196 eo
1965 3133 2095 3196 mittun·
2112 3156 2136 3196 a

443 3249 504 3302 tur.
552 3237 619 3304 Sed
648 3261 713 3303 non
744 3236 934 3320 observant,
966 3238 1043 3323 quia
1072 3237 1189 3301 iratres
1222 3259 1296 3301 suos
1327 3238 1498 3323 episcopos
1529 3237 1590 3302 hoc
1621 3237 1734 3302 ordine
1764 3238 1896 3314 minime
1929 3251 2095 3324 correptos

443 3344 567 3409 faciunt
590 3345 675 3410 sicut
694 3343 840 3408 ethnicos
864 3355 896 3408 et
919 3343 1109 3430 publicanos
1133 3354 1165 3408 et
1187 3367 1252 3408 non
1277 3342 1339 3406 sibi
1362 3353 1497 3426 tantum,
1522 3343 1581 3408 sed
1596 3355 1751 3430 quantum
1776 3345 1809 3408 in
1825 3345 1905 3430 ipsis
1922 3357 1982 3428 est,
2000 3347 2095 3410 etiam

443 3451 516 3515 Deo
541 3461 573 3515 et
596 3451 744 3516 omnibus
768 3449 963 3532 hominibus,
988 3449 1076 3537 quod
1103 3452 1136 3514 in
1161 3449 1331 3536 euangelio
1361 3474 1427 3514 non
1450 3452 1598 3537 precepit
1621 3449 1778 3515 Christus.
1824 3452 1968 3516 Etcum
1993 3455 2096 3538 magis

266 3583 424 3632 uersuram.
444 3557 607 3623 dimittere
639 3557 796 3623 deberent
824 3556 979 3622 fratribus
1010 3559 1044 3620 in
1075 3579 1109 3622 se
1132 3555 1343 3643 peccantibus
1366 3581 1440 3622 ¹non
1470 3568 1593 3622 tantum
1629 3583 1726 3644 usqae
1754 3562 1881 3645 septies,
1912 3561 1971 3624 sed
2001 3585 2096 3646 usquc

443 3669 618 3752 septaapies
640 3669 763 3752 septies,
791 3666 874 3729 sicut
896 3665 994 3728 Petro
1018 3687 1038 3728 a
1061 3664 1202 3728 Domino
1226 3663 1348 3728 dictum
1373 3675 1430 3746 est,
1455 3686 1515 3729 nec
1540 3665 1637 3729 etiam
1661 3664 1762 3728 semel
1785 3664 1948 3730 dimittere
1972 3666 2095 3748 volunt,
2114 3691 2138 3730 so

445 3771 503 3834 sed
526 3770 697 3836 maledicto
722 3783 755 3835 et
778 3771 982 3836 anathemate
1007 3794 1062 3835 eos
1086 3771 1206 3835 feriunt
1229 3780 1270 3851 et,
1295 3779 1448 3856 quantam
1473 3781 1617 3856 possunt,
1642 3769 1683 3834 ab
1704 3770 1826 3835 eisdem
1842 3772 2026 3836 vindictam
2049 3795 2096 3836 re-

444 3889 591 3962 poscunt.
632 3879 676 3942 Et
698 3878 735 3942 fit
758 3878 959 3964 plerumque,
984 3889 1019 3942 ut
1042 3879 1139 3942 etiam
1163 3879 1340 3942 immeritos
1364 3877 1569 3942 anathemate
1593 3878 1711 3942 feriant
1735 3887 1767 3942 et
1789 3878 1972 3942 maledictis
1998 3902 2096 3966 appe-

276 4013 295 4050 1.
305 4012 366 4051 Patr.
375 4011 394 4060 s,
403 4012 423 4050 s.
444 3994 523 4049 tant.
568 3984 708 4049 Etcum
732 3984 938 4050 interdictum
963 3985 1005 4048 sit
1028 3986 1098 4048 eis⁸
1122 4008 1141 4048 a
1164 3985 1305 4048 Domino
1336 4011 1397 4050 noo
1427 3985 1559 4051 reddere
1588 3988 1706 4050 maiam
1731 4011 1792 4072 pro
1819 3988 1903 4051 malo
1928 3987 1980 4050 eei
2001 3989 2096 4052 male-

445 4093 560 4157 dictam
581 4117 643 4179 pro
665 4093 843 4173 maledicto,
873 4093 927 4156 isti
957 4101 1091 4156 econtra
1113 4091 1166 4155 vel
1189 4114 1248 4177 pro
1271 4090 1356 4156 bono
1380 4091 1433 4155 vel
1463 4113 1521 4177 pro
1553 4090 1673 4156 nichilo
1702 4091 1788 4156 mala
1815 4090 1957 4157 reddunt
1982 4101 2016 4156 et
2039 4117 2097 4179 pro

443 4197 624 4262 benedictis
648 4196 822 4262 maledicta
845 4199 1026 4263 restituunt.
1073 4197 1112 4262 In
1136 4196 1253 4284 quibus
1278 4196 1426 4262 omnibus
1451 4195 1512 4262 sibi
1536 4199 1641 4283 magis
1664 4220 1783 4262 nocere
1806 4197 1972 4281 sidentur,
1998 4221 2097 4284 quam
2115 4222 2140 4263 a

444 4303 516 4384 illis,
541 4303 659 4390 quibus
689 4305 749 4370 hec
780 4305 913 4385 faciunt,
942 4306 1019 4391 quia
1043 4315 1075 4368 et
1098 4304 1206 4368 Deum
1231 4304 1407 4386 offendunt,
1432 4325 1529 4390 quem
1556 4327 1620 4368 non
1644 4315 1808 4386 secuntur,
1833 4314 1866 4368 et
1888 4305 1983 4369 cuius
2008 4329 2097 4370 man-

445 4411 528 4474 datis
552 4434 615 4475 non
641 4410 807 4494 obediunt,
835 4421 867 4475 et
896 4412 995 4476 faciet
1024 4411 1097 4495 illis,
1129 4411 1185 4498 qui
1215 4409 1368 4475 fratribus
1399 4412 1465 4474 suis
1496 4409 1536 4475 de
1561 4409 1713 4475 cordibus
1738 4412 1803 4474 suis
1827 4434 1892 4476 non
1916 4414 2097 4496 remittunt,

302 4517 424 4611 fflffljlb
445 4517 530 4602 quod
554 4518 588 4582 in
605 4518 776 4603 euangelio
792 4518 908 4582 fecisse
925 4517 1044 4582 dicitur
1066 4541 1126 4582 rex
1150 4541 1255 4600 servo,
1280 4519 1332 4582 cui
1356 4517 1524 4582 dimiserat
1547 4515 1691 4582 debitum
1708 4517 1822 4582 decem
1845 4518 1970 4582 milium
1995 4519 2097 4584 talen·

445 4635 560 4706 torum,
591 4647 649 4710 pro
673 4647 711 4688 co
736 4624 823 4710 quod
848 4647 1004 4688 conservo
1029 4647 1087 4689 suo
1110 4647 1170 4711 per
1192 4624 1448 4689 misericordiam
1475 4623 1579 4689 noluit
1606 4624 1768 4689 dimittere
1792 4624 1939 4690 debitum
1964 4638 2098 4692 centum

308 4723 425 4823 ”lignidi
446 4729 661 4794 denariorum.
714 4731 814 4796 lussit
843 4733 929 4794 enim
960 4754 1034 4795 cum
1065 4733 1191 4796 mittere
1222 4733 1255 4794 in
1286 4735 1426 4796 tenebras
1456 4735 1623 4797 exteriores
1653 4754 1714 4796 nee
1744 4731 1820 4797 inde
1851 4734 1958 4816 exire,
1991 4734 2096 4799 donec
2114 4757 2141 4796 so

311 4865 426 4913 misas.
445 4836 597 4900 redderet
627 4860 721 4901 omne
753 4835 908 4901 debiturn.
955 4837 1050 4902 Unde
1082 4848 1114 4901 et
1143 4836 1186 4902 ad
1216 4837 1392 4924 discipulos
1423 4861 1497 4902 suos
1525 4839 1646 4902 veritas
1675 4838 1832 4925 loquitur:
1865 4840 1921 4905 Sic
1952 4856 1980 4905 et
2001 4858 2098 4928 pater

335 4970 425 5020 *lnam
447 4959 544 5008 nester
566 4946 686 5009 celestis
702 4946 809 5033 faciet
832 4948 929 5026 cobis,
951 4949 984 5009 si
1005 4971 1065 5009 nors
1089 4947 1275 5010 remiseritis
1290 4949 1503 5031 urrasqaisqae
1520 4947 1640 5034 *fratri
1660 4971 1715 5011 suo
1740 4947 1778 5012 de
1801 4947 1950 5012 cordibus
1972 4952 2095 5014 sesnes,

554 5050 619 5115 Sed
642 5051 692 5115 his
716 5049 866 5114 obmissis
894 5050 936 5115 ad
960 5051 1049 5116 aliud
1072 5062 1283 5132 transeamus,
1309 5051 1396 5138 quod
1419 5052 1543 5115 faciunt
1565 5052 1608 5116 ad
1629 5053 1808 5116 maximum
1832 5053 1931 5117 totius
1956 5053 2097 5142 ecclesie

447 5157 683 5238 detrimentum,
701 5157 788 5243 quod
803 5156 958 5221 videlieet
973 5157 1115 5242 regalem
1133 5169 1325 5243 potestatem
1349 5181 1517 5222 removere
1540 5159 1686 5224 nituntur
1709 5181 1729 5222 a
1752 5161 1937 5245 principatu
1956 5171 1988 5225 et
2013 5164 2098 5247 regi-

447 5265 532 5327 mine
557 5265 699 5328 omnium
724 5264 944 5354 ecclesiarum,
966 5287 1037 5328 cum
1055 5263 1169 5328 beatus
1185 5287 1272 5350 papa
1288 5263 1439 5328 Gelenius
1456 5264 1581 5329 dieatl:
1606 5267 1679 5330 Dae
1703 5281 1775 5330 sunt
1796 5269 1910 5352 quibus
1932 5268 1985 5331 hic
2009 5295 2098 5333 rnna-
2116 5291 2142 5330 a

447 5371 506 5436 dats
522 5373 752 5457 principaliter
773 5374 911 5458 repitar:
937 5373 1144 5436 sacerdotalis
1165 5376 1336 5436 arroteritae
1359 5388 1388 5436 et
1409 5374 1527 5460 repetis
1546 5387 1690 5459 potestas.
1738 5371 1919 5436 Mundum²
1941 5373 2100 5439 videlieet

552 5533 579 5596 a)
602 5534 877 5602 comprovincialibus
897 5536 947 5586 Iso.
1039 5533 1066 5597 b)
1088 5537 1199 5596 siclam·
1227 5553 1386 5588 censeamus
1405 5556 1425 5586 a.
1515 5533 1541 5600 c)
1563 5553 1593 5587 ec
1612 5554 1648 5600 c.;
1676 5554 1750 5602 super
1769 5554 1783 5588 e
1802 5537 1868 5588 duae
1887 5539 1984 5589 litterae
2003 5557 2097 5603 nasae,

445 5642 552 5690 ararum
570 5643 623 5675 aaa
642 5641 657 5675 ο
676 5634 737 5675 erat.
811 5623 839 5686 d)
861 5642 886 5674 m
901 5624 998 5689 partim
1016 5641 1121 5675 emant.
1195 5622 1221 5686 e)
1243 5627 1367 5691 rpartim
1385 5643 1447 5676 eran
1519 5625 1541 5688 f)
1562 5641 1613 5677 suo
1633 5643 1653 5675 c.
1725 5621 1755 5692 g)
1775 5643 1898 5692 superscr.

556 5752 584 5821 1)
611 5752 672 5811 ae.
698 5773 740 5828 ep.
762 5751 810 5821 12,
836 5773 858 5809 ς.
878 5753 914 5822 2;
939 5755 981 5810 ea
1006 5753 1083 5810 raas
1099 5774 1132 5830 p.
1152 5753 1223 5810 351.
1317 5753 1348 5823 2)
1375 5753 1424 5826 ef.
1448 5775 1539 5831 supra
1556 5775 1590 5831 p.
1609 5754 1683 5826 ssa,
1708 5757 1726 5812 r.
1745 5754 1783 5811 ar
1802 5775 1863 5831 sqq.
