4410 6406
753 364 870 419 LIBER
892 365 945 419 DE
969 361 1202 420 SIMONIACIS.
1740 359 1801 422 271

893 553 971 606 codd.
990 557 1015 606 2.
1035 557 1059 606 8.

313 639 497 705 interdicta.
543 640 636 704 Vivit
658 638 755 726 plane
779 638 886 703 adbuc
909 639 1067 725 symonia,
1091 661 1156 702 non
1180 638 1314 725 quidem
1337 640 1485 722 veritate,
1513 639 1571 706 sed
1596 663 1707 706 eorum
1730 643 1805 706 esti-

313 747 467 830 matione,
492 747 548 833 qui
570 746 832 832 symoniacorum
856 755 1060 809 sacramenta
1082 754 1197 831 putant
1219 745 1342 828 vivere,
1370 768 1429 833 pro
1453 767 1492 811 eo
1516 747 1604 834 quod
1628 747 1805 835 Symonem

313 875 445 939 magum
468 852 582 916 vident
610 874 675 917 non
705 853 769 916 iam
801 872 861 938 per
883 861 986 915 terras
1010 849 1186 934 ambulare,
1217 850 1277 916 sed
1305 852 1399 917 iuxta
1422 852 1530 918 caelos
1552 854 1674 920 volare.
1721 853 1804 920 Con-

314 958 460 1025 cedimus
483 969 516 1024 ct
538 981 597 1024 nos
620 957 727 1023 adhuc
751 959 863 1022 vivere
887 956 1065 1044 Symonsm
1093 980 1226 1044 magum
1255 959 1289 1022 in
1313 959 1380 1023 suis
1408 958 1632 1046 complicibus,
1662 972 1804 1027 attamen

313 1069 380 1131 iam
403 1075 547 1132 mortuus
564 1076 623 1148 est,
647 1077 680 1130 et
703 1064 822 1130 cotidie
845 1065 990 1146 moritur,
1013 1065 1112 1128 immo
1129 1065 1222 1150 quasi
1245 1064 1389 1129 cadaver
1411 1064 1548 1130 fetidum
1571 1078 1740 1153 reputatur
1763 1067 1804 1132 ab

314 1173 426 1238 electis
449 1173 491 1238 ad
508 1171 673 1237 Christum
689 1169 927 1258 pertinentibus
951 1181 984 1234 et
1008 1171 1077 1234 cius
1101 1179 1286 1234 contactum
1309 1170 1520 1256 fugientibus,
1543 1173 1637 1238 iuxta
1661 1174 1748 1260 quod
1771 1176 1804 1239 in

314 1279 386 1365 lege
409 1279 470 1343 fuit
493 1277 700 1366 prohibitum,
724 1299 765 1341 ne
790 1279 861 1365 quis
884 1287 1035 1363 tangeret
1057 1278 1279 1360 morticinum,
1309 1275 1396 1368 quod
1419 1278 1447 1341 si
1470 1279 1543 1364 quis
1566 1281 1727 1365 tetigerat,
1751 1280 1805 1345 lex

315 1407 389 1450 cnm
405 1383 572 1450 iudicabat
593 1383 794 1449 inmundum.
827 1383 871 1447 Et
885 1381 1063 1448 notandum
1080 1381 1168 1469 quod
1190 1393 1325 1468 tangere
1341 1383 1395 1448 vel
1411 1382 1583 1451 comedere
1600 1388 1805 1452 morticinum

314 1493 369 1556 lex
399 1491 545 1556 absolute
574 1489 735 1577 prohibet.
782 1490 911 1555 Portari
933 1511 1011 1554 vero
1035 1490 1242 1554 morticinum
1265 1501 1401 1575 urgente
1424 1493 1619 1556 necessitate
1647 1492 1804 1580 indulget,

313 1599 360 1664 ita
383 1598 511 1662 dicens:
536 1597 579 1663 Et
600 1601 633 1662 εἰ
652 1621 773 1662 necesse
781 1599 891 1686 fucrit
913 1611 947 1661 ut
957 1610 1060 1682 portet
1074 1599 1242 1683 qutppiom
1257 1598 1367 1661 lorum
1384 1613 1548 1679 moratum,
1572 1601 1693 1666 ovabit
1714 1605 1804 1668 oesti-
1823 1627 1982 1675 consume.

314 1721 415 1772 meato
437 1731 506 1786 aaa,
531 1720 559 1770 et
580 1704 762 1770 irnmuadcs
784 1706 963 1790 scitusque
986 1703 1032 1767 od
1052 1704 1130 1768 solta
1153 1727 1304 1767 occasum.
1349 1702 1424 1783 Qua
1447 1703 1705 1771 consideratione
1730 1731 1805 1772 con·

314 1811 460 1876 cedimus
476 1810 608 1899 quidem
624 1820 760 1896 urgente
784 1810 979 1875 necessitate
1003 1810 1208 1874 morticinum
1226 1831 1298 1874 esse
1321 1809 1532 1895 portandum3
1557 1812 1615 1876 sed
1639 1837 1805 1901 nunquam

314 1917 523 1984 concedimus
546 1916 627 1981 illud
649 1939 721 1981 esse
737 1916 813 1981 vel⁸
836 1914 1037 2002 tangendum
1055 1915 1108 1980 vel
1132 1914 1379 1980 comedendum.
1415 1915 1519 1981 Verbi
1542 1921 1657 2004 gratia,
1675 1921 1805 2007 quando

314 2024 356 2090 de
379 2025 567 2112 symoniaco
591 2025 728 2109 agimus,
753 2045 851 2109 quem
874 2022 951 2087 licet
973 2022 1074 2109 aliqui
1098 2021 1297 2086 contendant
1319 2023 1442 2106 vivere,
1474 2047 1532 2088 nos
1556 2037 1718 2091 mortuum
1740 2051 1805 2093 non

315 2130 510 2212 dubitamus,
534 2153 711 2217 numquam
727 2129 936 2195 concedimus
952 2128 1050 2194 talem
1065 2139 1226 2193 mortuum
1243 2129 1452 2214 tangendum,
1475 2132 1552 2216 quia
1574 2155 1640 2196 non
1664 2145 1713 2199 est
1736 2136 1804 2199 eius

312 2248 449 2324 peccato
474 2236 750 2302 consentiendum.
786 2235 888 2300 Multo
910 2237 1017 2299 miuus
1033 2257 1112 2300 vero
1135 2236 1374 2321 acquiescimus
1397 2236 1680 2308 talemmortuum
1700 2263 1804 2305 come-

314 2344 467 2427 dendum,
491 2344 569 2431 quia
590 2342 713 2408 factum
737 2344 807 2407 eius
820 2339 895 2406 ¹non
919 2351 969 2405 est
990 2341 1192 2405 imitandum.
1238 2341 1394 2406 Attamen
1416 2343 1566 2426 fatemur,
1589 2357 1726 2432 urgente
1750 2371 1804 2413 ne·

315 2453 477 2533 cessitate,
501 2461 662 2515 mortuum
685 2451 783 2514 istum
807 2447 980 2535 aliquando
997 2446 1203 2534 portandum,
1225 2447 1329 2514 donec
1352 2449 1494 2515 fodiatur
1509 2454 1674 2536 peccatori
1697 2454 1804 2538 fovea,

314 2560 348 2621 in
371 2581 468 2644 quam
499 2558 663 2644 proiectus
694 2579 759 2620 non
788 2564 935 2641 portetur
964 2554 1059 2619 ultra.
1106 2556 1227 2619 Parata
1248 2567 1428 2638 verotunc
1453 2558 1514 2621 erit
1542 2569 1668 2623 mortuo
1692 2559 1806 2626 fetenti

315 2688 373 2729 sua
394 2665 501 2746 fovea,
526 2687 600 2728 curn
616 2663 690 2728 Deo
706 2661 759 2727 vel
775 2662 1007 2749 perseipsum
1023 2661 1077 2725 vel
1099 2683 1158 2748 per
1173 2661 1335 2748 legitimos
1359 2661 1484 2728 iudices
1508 2675 1625 2750 agente
1649 2668 1807 2752 proicitur

315 2771 355 2836 de
379 2771 540 2836 aecclesia
562 2772 597 2834 in
613 2768 822 2856 sepulchrum
841 2767 893 2833 vel
916 2767 1084 2832 infernalis
1108 2790 1223 2854 penae,
1248 2768 1300 2832 vel
1324 2768 1412 2854 quod
1435 2772 1539 2857 magis
1563 2772 1741 2858 optandum
1757 2786 1806 2840 est

314 2878 533 2964 penitentialis
556 2899 672 2964 penae.
707 2873 774 2940 Ubi
790 2897 868 2939 vero
892 2874 1030 2939 facultas
1045 2897 1119 2940 non
1135 2884 1184 2938 est
1200 2875 1386 2962 exequendi
1409 2875 1492 2941 falsa
1513 2877 1646 2961 iudicia,
1669 2902 1805 2947 necesso

315 2995 373 3068 est,
397 2995 433 3048 ιιι
454 2993 624 3071 portentur
641 2983 829 3065 morticina3
855 2980 912 3045 sed
927 3004 992 3045 non
1008 2982 1078 3046 sinc
1093 2981 1268 3046 lacrimosa
1291 2985 1551 3068 compunctione,
1568 3008 1634 3071 qua
1649 2984 1806 3053 debemus

313 3093 508 3154 vestimenta
523 3101 634 3155 nostra
648 3090 771 3171 lavare,
795 3087 829 3153 id
845 3098 895 3151 est
911 3088 1105 3152 exteriorem
1121 3098 1266 3153 nostram
1282 3073 1573 3174 conversationem,
1596 3092 1644 3157 ita
1665 3093 1805 3160 formare

314 3219 353 3261 ac
375 3219 527 3283 purgare,
558 3218 599 3260 ne
623 3195 794 3260 videamur
823 3206 1013 3281 peccatores
1043 3196 1186 3258 maxime
1215 3196 1250 3258 in
1273 3195 1419 3260 conciliis
1450 3197 1740 3265 anathematizatos
1764 3224 1806 3266 ex

313 3303 478 3368 voluntate
494 3305 602 3391 potius
619 3325 716 3389 quam
740 3323 783 3365 ex
806 3303 1000 3365 necessitate
1023 3299 1173 3364 tolerare.
1208 3301 1291 3364 Item
1307 3301 1503 3368 vestimenta
1521 3315 1633 3369 nostra
1648 3306 1805 3390 lavamus,

314 3411 341 3473 si
364 3433 423 3496 pro
447 3411 495 3474 eis
518 3409 668 3474 lacrimas
692 3418 725 3472 et
746 3429 862 3494 preces
888 3406 1064 3488 fundimus,
1094 3429 1136 3470 ne
1166 3407 1259 3488 forte,
1290 3408 1374 3472 sicut
1397 3410 1443 3472 ait
1465 3410 1639 3495 apostolus,
1665 3412 1720 3477 det
1742 3412 1959 3487 illicitanae.

314 3515 487 3603 reprobum
511 3538 658 3598 sensum3
684 3512 741 3578 sed
764 3526 801 3579 ut
823 3514 1017 3599 resipiscant
1033 3535 1053 3576 a
1069 3512 1192 3599 laqueis
1209 3511 1341 3596 diaboli,
1366 3514 1520 3601 aquibus
1545 3519 1631 3603 capti
1654 3529 1806 3584 tenentur

314 3621 356 3687 ad
385 3625 487 3709 ipsius
510 3621 719 3687 voluntatem.
768 3621 822 3686 Sic
853 3641 913 3684 rex
937 3619 1048 3683 David
1078 3617 1231 3706 portabat
1254 3619 1386 3685 Saulem
1415 3621 1570 3688 divinitus
1594 3625 1727 3709 quidem
1751 3626 1805 3691 de·

313 3731 454 3816 positum
478 3753 498 3793 a
520 3751 631 3814 regno,
656 3727 715 3793 sed
738 3726 845 3791 adhuc
869 3736 1034 3812 potentem
1058 3749 1102 3790 ex
1124 3725 1265 3790 humano
1289 3727 1454 3814 suffragio.
1492 3728 1650 3795 Portabat
1673 3731 1805 3820 quidem

313 3859 373 3900 rex
396 3837 429 3900 in
445 3836 519 3900 Deo
543 3836 637 3899 vivus
660 3855 770 3920 regem
794 3833 868 3897 Deo
891 3844 1063 3916 mortuum,
1088 3832 1147 3896 sed
1169 3843 1279 3896 tamen
1302 3834 1453 3899 eumdem
1476 3838 1570 3922 quasi
1593 3860 1659 3902 non
1681 3841 1804 3926 tetigit3

315 3945 390 4030 quia
414 3943 484 4006 eius
507 3942 629 4006 factum
652 3963 717 4005 non
741 3938 945 4026 approbavit,
966 3941 1044 4024 quin
1060 3941 1168 4026 potius
1191 3961 1232 4003 ne
1255 3939 1345 4004 illum
1369 3952 1505 4028 tangere
1529 3956 1709 4030 cogeretur,
1732 3969 1805 4033 pro·

296 4050 410 4136 'fugus
441 4047 561 4113 abillo
591 4049 626 4112 in
649 4047 748 4112 silvas
777 4046 918 4110 latitavit
944 4056 977 4110 et
1006 4045 1048 4109 ad
1071 4045 1219 4110 ultimum
1243 4046 1398 4112 exulavit.
1443 4048 1542 4114 Lavit
1564 4074 1694 4138 quoque
1718 4053 1806 4117 idem

314 4155 426 4220 David
444 4156 638 4218 vestimenta
660 4176 729 4234 sua,
754 4152 830 4217 dum
854 4174 919 4216 non
942 4153 975 4215 in
991 4153 1086 4216 urina
1108 4153 1231 4216 inimici
1248 4152 1417 4238 exultavit,
1442 4155 1500 4220 sed
1522 4156 1650 4242 planxit
1671 4158 1806 4245 planctu

314 4284 433 4349 magno
457 4283 555 4349 super
578 4260 657 4326 Saul
680 4271 713 4324 et
735 4259 894 4323 Ionathan
918 4258 1019 4322 filium
1044 4260 1123 4323 eius.
1156 4258 1277 4323 Paulus
1302 4283 1431 4348 quoque
1455 4263 1619 4348 apostolus
1642 4264 1806 4330 Ananiam
1824 4291 1843 4330 s.
1852 4291 1908 4340 aeg.
1919 4293 1938 4340 1,
1948 4292 1981 4331 u.

314 4369 501 4455 pontificem
524 4369 675 4454 portavit,
707 4365 765 4430 sed
794 4376 904 4430 tamen
935 4365 1004 4428 eius
1034 4365 1259 4450 pontificatum
1288 4368 1421 4431 minime
1445 4368 1649 4455 approbavit,
1679 4374 1731 4435 cui
1755 4374 1805 4437 sui

314 4477 481 4540 interitum
503 4474 724 4561 prenuntiavit
748 4473 876 4537 dicens:
907 4471 1064 4538 Percutiet
1085 4486 1112 4536 te
1135 4472 1233 4554 Deua,
1250 4476 1365 4559 paries
1389 4475 1540 4541 dealbato.
1585 4476 1684 4542 Lavit
1707 4480 1805 4543 etiam
1824 4505 1946 4554 scaras.

315 4584 510 4647 vestimenta
532 4603 592 4646 sua
613 4579 701 4644 idem
716 4578 838 4644 Paulus
861 4578 1024 4641 tristitiam
1047 4575 1171 4642 habens
1194 4600 1348 4663 magnam
1370 4603 1431 4665 pro
1447 4580 1601 4647 fratribus
1624 4585 1701 4649 suis.
1741 4585 1805 4650 Ita·

316 4711 378 4777 que
394 4688 507 4754 David
520 4689 608 4774 regis
624 4698 722 4774 atque
739 4685 833 4750 Pauli
849 4684 987 4771 apostoli
1003 4683 1161 4769 exemplis
1178 4683 1285 4749 edocti
1304 4697 1458 4768 mortuos,
1474 4685 1531 4752 ubi
1546 4711 1681 4754 necesse
1697 4691 1804 4776 fuerit,

306 4797 360 4865 ,ita
383 4807 559 4882 portemus,
582 4805 618 4858 ut
640 4805 750 4858 tamen
774 4802 959 4856 contactum
983 4811 1105 4872 eorum,
1129 4801 1225 4875 prout
1247 4813 1430 4876 possumus,
1455 4793 1666 4861 declinemus.

420 4903 542 4966 Factus
572 4923 644 4964 sum
673 4899 831 4984 insipiens
858 4897 973 4962 altiora
995 4918 1048 4960 me
1070 4894 1257 4979 tractand03
1289 4896 1348 4962 sed
1372 4899 1449 4984 quia
1472 4911 1604 4965 coactus
1628 4902 1698 4967 dixi
1721 4927 1805 4992 quae

315 5009 395 5092 dixi,
417 5008 514 5073 credo
538 5018 571 5072 et
593 5028 688 5094 spero
712 5004 755 5070 ab
777 5006 850 5091 ipsa
872 5004 1042 5068 incarnata
1056 5003 1121 5067 Dei
1146 5003 1306 5089 sapientia
1328 5005 1555 5091 imperfectum
1578 5031 1686 5074 mcum
1709 5034 1805 5097 posse

314 5115 438 5204 perfici,
470 5115 605 5179 acuius
635 5112 831 5177 adversariis
862 5120 995 5176 coactus
1025 5132 1097 5174 sum
1126 5110 1284 5196 insipiens
1315 5110 1397 5194 fieri,
1428 5135 1493 5176 non
1524 5113 1638 5198 solum,
1665 5126 1702 5180 ut
1725 5116 1804 5200 dixi,

315 5222 431 5287 altiora
452 5221 631 5302 tractando,
656 5218 714 5284 sed
738 5229 770 5283 et
793 5215 966 5282 scribendo
990 5214 1154 5280 advirum
1170 5217 1454 5302 sapientissimum,
1479 5242 1553 5284 cum
1577 5222 1638 5285 sim
1657 5223 1805 5289 stultissi-

314 5353 396 5394 mus.
449 5327 524 5393 Non
554 5329 640 5392 enim
670 5325 806 5412 ignorob
838 5325 910 5410 quis
942 5325 992 5386 cui
1027 5322 1157 5408 loquor3
1194 5321 1252 5386 sed
1282 5324 1432 5410 exemplo
1462 5323 1617 5391 Abrabae
1648 5327 1803 5394 diosmis:

314 5437 445 5523 Loquor·
467 5436 513 5500 od
534 5436 717 5514 Dominum,
747 5457 814 5497 oum
845 5434 906 5496 aim
923 5431 1036 5516 polvz'a
1059 5443 1087 5494 ct
1109 5432 1201 5510 cina,
1229 5439 1262 5493 et
1288 5451 1349 5516 ego
1379 5453 1453 5495 cum
1483 5433 1542 5496 sim
1573 5455 1704 5519 genere,
1730 5459 1804 5501 con·
1824 5463 1966 5512 oanan.

314 5543 498 5607 versatione
529 5541 664 5626 ipsoque
693 5538 824 5602 nomine
855 5536 1022 5617 obscurus,
1053 5534 1095 5599 ad
1118 5545 1161 5616 te,
1185 5535 1236 5599 vir
1259 5546 1370 5600 sancte
1394 5536 1497 5602 abbas
1522 5538 1730 5625 Olarevallis3
1762 5543 1805 5608 ad

315 5661 357 5731 te,
380 5649 524 5734 inquam,
547 5646 686 5712 nominis
710 5667 749 5708 ac
765 5645 852 5708 vitae
867 5642 1010 5724 illustris,
1028 5663 1102 5705 cum
1118 5641 1217 5705 semel
1234 5643 1394 5728 cepissem
1409 5643 1509 5731 loqui,
1533 5644 1703 5712 brevitatis
1719 5671 1803 5714 com-

110 5802 138 5841 so
262 5795 418 5859 mrtem&
491 5791 650 5855 blaesus.
