4418 6412
437 387 501 450 316
728 392 909 448 GERHOHI
933 392 1166 454 PRAEPOSITI
1189 393 1600 450 REICHERSBERGENSIS
1624 392 1790 448 LIBELLI.

435 581 578 644 omnium
602 577 817 643 sacerdotum.
853 578 949 660 Eant,
974 580 1117 665 inquam,
1142 589 1174 644 et
1189 578 1333 662 videant,
1358 581 1411 644 cui
1434 581 1573 667 tempori
1590 581 1774 660 conveniat,
1791 576 1880 664 quod
1903 576 1958 641 1116
1981 575 2168 640 1166111-
2189 605 2209 623 r

304 711 414 760 11161.
434 696 528 772 pater
543 685 631 750 dicit.
668 685 752 750 Nam
775 686 809 748 in
826 687 1063 771 expositionem
1079 685 1239 770 versiculi,
1256 686 1369 751 huius:
1397 687 1553 765 Quoniam
1577 711 1657 772 quoe
1677 687 1850 772 perfecisti
1868 686 2051 749 destraeera
2079 740 2082 741 ⁷
2110 718 2113 719 ν

435 796 535 859 iustas
557 807 659 857 autern
683 792 765 878 quid
778 794 888 881 fecit?
918 792 1098 856 secundum
1122 814 1253 856 sensum
1277 794 1379 879 ipsius
1403 792 1492 857 beati
1516 792 1692 878 Augustini
1717 792 1875 856 dicitur1:
1907 790 1949 855 Si
1969 791 2141 854 heretis·-
2185 818 2190 820 ·

435 900 641 986 offenderent,
665 902 765 963 1116166
788 913 901 978 auam,
932 899 969 963 id
991 913 1035 963 est
1061 899 1215 979 Christus,
1245 900 1326 984 quid
1340 901 1427 988 fecit
1450 901 1561 964 vebia?
1607 899 1718 963 Nonne
1742 901 1809 984 epse
1826 922 1944 984 paoem
1968 898 2158 982 reliqui-5

295 1007 547 1081 1616116οό161
593 1005 704 1070 Nonae
724 1004 840 1070 Iudam
857 1008 1018 1091 patienter
1041 1007 1210 1070 toleravit?
1256 1006 1367 1070 Nonne
1389 1007 1498 1092 forem
1522 1022 1550 1071 et
1572 1006 1766 1085 traditorem,
1791 1029 1881 1090 qoem
1906 1007 2002 1068 etiarn
2028 1003 2087 1067 drit-
2174 1035 2209 1061 η

434 1114 536 1176 bolam
568 1115 752 1191 nominarit,
776 1111 1011 1197 predicatorem
1036 1137 1105 1176 cum
1130 1113 1301 1198 disceptatae
1316 1113 1412 1199 fecit,
1443 1127 1477 1177 61
1505 1113 1686 1192 ostenderet,
1709 1136 1772 1197 per
1795 1112 1874 1175 tales
1890 1134 1991 1197 posse
2016 1109 2094 1172 dor.
2179 1163 2209 1167 a

435 1219 501 1283 Dei
521 1219 567 1282 ad
588 1243 649 1298 eos,
680 1221 738 1304 qai
752 1217 821 1305 fide
849 1220 1020 1304 6661111661,
1043 1221 1225 1304 peruenire,
1255 1221 1383 1284 etiamsi
1410 1221 1484 1284 111116
1513 1222 1565 1298 sit,
1593 1244 1652 1304 per
1676 1243 1765 1304 quem
1796 1220 1963 1304 acceptant
1993 1216 2172 1301 qualia-T*
2207 1256 2209 1259 -

427 1326 502 1412 fait
531 1325 656 1389 1611661
708 1323 798 1387 Β616
829 1322 1000 1387 laudamus
1031 1323 1117 1388 hunc
1148 1346 1278 1388 sensum
1308 1323 1396 1388 beati
1426 1325 1602 1412 Augustini
1633 1347 1691 1388 suo
1722 1323 1914 1410 adaptatum
1947 1323 2106 1407 tempori.
2142 1324 2209 1383 ἰ

434 1430 593 1516 Loquitur
616 1431 702 1493 enim
725 1428 780 1493 ille
805 1429 845 1493 de
861 1427 944 1493 Iuda
960 1427 1099 1494 necdum
1123 1429 1210 1493 foras
1225 1431 1381 1515 proiecto,
1406 1431 1546 1496 necdum
1569 1431 1679 1517 laquei
1703 1432 1753 1494 6111
1775 1453 1865 1494 nexu
1882 1427 2117 1513 strangulato..
2195 1462 2209 1491 ι

434 1535 478 1599 Et
501 1558 558 1600 nos
583 1537 675 1600 iuxta
698 1535 879 1600 doctrinam
910 1534 994 1599 hane
1024 1535 1123 1616 fures,
1153 1534 1295 1600 latrones
1319 1547 1352 1602 et
1376 1537 1559 1602 immundos
1591 1539 1625 1600 in
1649 1547 1930 1602 sacramentorum
1955 1557 2174 1598 commu—

284 1631 416 1716 1111116.
434 1643 530 1706 11616
554 1642 608 1706 161
631 1641 851 1707 celebratione
883 1643 967 1706 intra
998 1640 1171 1706 eeclesiam
1201 1642 1376 1708 toleramus
1407 1654 1540 1730 propter
1568 1667 1693 1730 pacem,
1718 1665 1816 1729 quam
1845 1641 1942 1706 nobis
1967 1641 2194 1727 reliqui-

436 1747 594 1813 Christus.
649 1749 693 1812 At
723 1759 894 1835 postquam
925 1747 1103 1812 viderimus
1134 1761 1268 1835 propter
1297 1750 1376 1814 talia
1406 1750 1531 1814 scelera
1560 1749 1677 1814 Iudam
1707 1749 1948 1814 interdictionis
1979 1747 2095 1833 laque·
2191 1786 2209 1816 ι

434 1877 628 1940 suspensum
659 1853 699 1919 ab
724 1854 832 1919 officio
864 1865 896 1918 61
925 1853 1045 1919 diffusa
1075 1854 1196 1919 fuerint
1225 1857 1259 1919 in
1286 1867 1407 1921 terram
1431 1858 1558 1922 viscera
1589 1857 1669 1938 eius,
1700 1854 1917 1920 manifestatis
1942 1853 2167 1923 videlicet

435 1960 689 2047 turpitudinibus
714 1963 793 2042 eius,
819 1983 862 2025 ex
885 1971 963 2025 11116
986 1961 1076 2025 161111
1099 1962 1304 2026 morticinum
1330 1973 1362 2026 et
1385 1963 1586 2027 immundum
1614 1986 1653 2027 ac
1677 1961 1813 2026 fetidum
1837 1961 1984 2026 cadaver
2010 1959 2127 2023 deri-

434 2077 541 2131 tantes
572 2067 680 2132 officia
709 2067 832 2147 talium,
863 2066 943 2131 nihil
974 2067 1111 2132 facimus
1143 2080 1256 2133 contra
1285 2067 1418 2132 beatum
1441 2068 1670 2155 Augustinum,
1695 2070 1773 2154 quin
1797 2069 1904 2154 potius
1930 2069 2121 2130 1111161111-

435 2172 534 2254 illum,
552 2174 607 2259 qui
624 2195 644 2237 a
660 2173 842 2238 Donatistis
867 2185 899 2237 et
916 2172 1241 2239 Circumcellionibus
1265 2175 1401 2262 aliisque
1426 2177 1476 2239 sui
1499 2177 1653 2262 temporis
1677 2175 1830 2239 hereticis
1855 2173 2002 2238 exclusis
2029 2173 2107 2237 dili—

435 2291 551 2365 genter
573 2279 738 2361 abstinuit,
763 2303 870 2366 neque
894 2280 957 2344 illis
981 2281 1015 2344 in
1031 2291 1307 2346 sacramentorum
1324 2280 1598 2346 celebrationibus
1616 2282 1878 2362 communicavit,
1904 2281 1964 2367 qui
1987 2291 2106 2346 1611611

435 2397 641 2450 sacramenta
664 2385 868 2473 baptismatis
893 2398 924 2451 et
948 2386 1160 2451 ordinationis
1190 2411 1250 2473 per
1273 2410 1328 2452 eos
1353 2387 1430 2452 data
1460 2389 1493 2452 in
1517 2387 1727 2452 redeuntibus
1757 2387 1800 2452 ad
1824 2387 2003 2452 ecclesiam
2028 2399 2097 2452 rata

435 2495 642 2579 recognovit3
667 2506 842 2580 propterea
865 2493 1000 2574 seilicet,
1025 2493 1113 2580 quod
1137 2493 1253 2558 eadem
1275 2494 1328 2558 vel
1351 2517 1467 2559 manus
1491 2495 1697 2581 impositione
1721 2494 1772 2559 161
1797 2492 1981 2558 catholicae
2005 2495 2095 2580 pacis

436 2601 622 2686 receptione
646 2599 847 2664 sanabantur
870 2601 904 2663 in
927 2600 986 2682 his,
1012 2602 1067 2685 qui
1092 2599 1133 2664 ab
1157 2601 1265 2664 heresi
1288 2600 1331 2664 ad
1355 2599 1528 2665 ecclesiam
1552 2600 1810 2666 revertebantur.
2106 2631 2144 2670 a»

541 2704 611 2768 Iam
635 2729 722 2770 nuno
746 2707 916 2790 ignoscant
939 2705 1032 2770 nobis
1056 2707 1203 2792 magistri
1227 2706 1357 2788 literati,
1382 2708 1410 2770 si
1432 2729 1491 2771 nos
1508 2706 1611 2771 verba
1627 2706 1825 2793 psalmorum
1841 2708 1888 2770 ita
1904 2719 2090 2794 coaptemus

435 2812 536 2874 nostri
560 2814 714 2899 temporis
740 2813 858 2894 cursui,
889 2814 973 2877 sicut
996 2811 1111 2878 beatus
1134 2813 1338 2898 Augustinus
1362 2813 1528 2878 exlatere
1553 2836 1682 2898 semper
1704 2814 1829 2878 notarit
1859 2815 1893 2876 in
1917 2815 2090 2901 expositio-

434 2939 510 2981 nem
533 2917 731 3003 psalmorum
755 2919 804 2983 sui
829 2920 983 3005 temporis
1008 2942 1149 2984 cursum.
1186 2919 1220 2985 si
1238 2921 1323 2984 enim
1341 2922 1483 2984 omnium
1500 2931 1681 3007 temporum
1697 2919 1835 2984 heretici
1859 2942 1973 2984 arcum
1991 2943 2090 3002 suum,

435 3023 469 3087 id
486 3033 535 3087 est
555 3035 701 3089 66161611
725 3026 928 3112 scripturam,
953 3025 995 3090 ad
1011 3049 1103 3091 suum
1121 3048 1262 3090 errorem
1278 3027 1497 3108 intenderunt,
1522 3037 1555 3090 et
1577 3026 1633 3108 illi,
1658 3027 1714 3113 qui
1737 3049 1823 3090 nunc
1847 3035 1923 3090 sunt
1948 3026 2091 3107 heretici,

436 3130 605 3194 simoniaci
629 3141 662 3195 et
685 3131 866 3196 Nicolaitae
890 3155 955 3196 non
979 3131 1131 3197 desinunt
1154 3155 1266 3196 arcum
1290 3156 1383 3198 611111
1407 3133 1586 3198 secundum
1610 3156 1703 3198 suum
1727 3155 1857 3198 sensum
1883 3132 2091 3219 “detorquere
2108 3159 2131 3198 a

436 3238 612 3322 scripturas
637 3236 862 3324 depravando:
895 3261 995 3325 quare
1026 3261 1091 3303 non
1121 3238 1218 3303 liceat
1248 3239 1342 3304 nobis
1366 3241 1413 3304 uti
1437 3239 1562 3304 eisdem'
1588 3241 1756 3326 scripturis
1787 3239 1830 3304 ad
1854 3262 1968 3304 eorum
1991 3262 2093 3325 prava

436 3365 532 3407 sensa
555 3343 763 3426 confutanda,
794 3367 860 3409 non
883 3347 976 3431 quasi
1007 3368 1086 3411 arcu
1108 3345 1268 3410 violenter
1297 3347 1330 3410 in
1354 3356 1575 3411 transversum
1599 3356 1742 3428 curvato,
1775 3346 1834 3411 sed
1857 3348 1952 3433 quasi
1984 3346 2092 3432 gladio

436 3451 570 3537 ancipiti
594 3461 627 3515 et
648 3449 699 3515 bis
723 3462 828 3516 acuto.
865 3452 980 3538 Neque
1005 3453 1092 3516 enim
1108 3475 1264 3516 conamur
1279 3453 1456 3538 scripturas
1480 3475 1500 3517 a
1523 3475 1580 3517 suo
1605 3475 1702 3517 661611
1719 3451 1904 3534 deflectere,
1930 3452 1989 3517 sed
2007 3453 2093 3539 quod

436 3555 547 3621 datum
563 3556 657 3621 nobis
674 3557 781 3640 fuerit,
806 3559 839 3621 in
856 3557 992 3643 gloriam
1010 3557 1117 3622 dantis
1133 3558 1305 3644 loquimur,
1329 3581 1406 3623 nam
1428 3569 1540 3624 nostra
1564 3561 1685 3644 scripta
1708 3561 1937 3646 magistrorum
1960 3581 2093 3645 magno·

436 3685 506 3726 rum
531 3664 659 3749 scriptis
684 3663 881 3728 conferendo
900 3663 953 3728 vel
977 3663 1182 3750 preferendo,
1207 3665 1266 3728 6611
1289 3665 1415 3730 illorum
1439 3667 1493 3751 pio
1519 3665 1681 3730 desiderio
1705 3666 1893 3730 satisfacere
1918 3665 2135 3751 cupiendam

436 3770 493 3855 qui
516 3769 577 3834 hoc
601 3793 681 3856 opus
706 3792 725 3833 a
747 3769 841 3835 nobis
866 3772 1002 3856 exigunt
1026 3773 1118 3857 quasi
1143 3771 1183 3834 de
1208 3771 1378 3836 uberrimis
1403 3773 1532 3858 pascuis
1557 3773 1694 3858 pastoris
1718 3771 1830 3836 David
1854 3773 2022 3858 quandam
2045 3793 2093 3836 re-

436 3876 610 3940 fectionem
635 3887 668 3940 et
692 3876 944 3942 consolatorium
969 3877 1132 3963 quoddam
1156 3876 1324 3960 ferculum,
1355 3879 1496 3942 iustitiae
1521 3878 1588 3942 sale
1613 3879 1788 3960 eonditum,
1813 3879 1900 3965 quod
1923 3881 2094 3943 esurienti-

437 3980 497 4045 bus
521 3991 554 4046 et
577 3981 760 4046 sitientibus
777 3983 943 4064 iustitiam,
967 3993 1003 4048 ut
1027 3985 1130 4068 magis
1147 3983 1241 4048 dulce
1266 3984 1307 4047 sit
1331 3994 1363 4047 61
1386 3983 1547 4070 sapidum,
1572 4007 1637 4049 non
1654 3996 1885 4072 extorquemus
1902 3985 1943 4049 de
1959 3985 2094 4072 psalmis

436 4087 596 4152 violenter
619 4088 760 4152 alienum
783 4111 923 4169 sensum,
949 4088 1007 4153 sed
1034 4111 1178 4154 consona
1204 4089 1351 4175 patribus
1376 4090 1515 4156 dicendo
1540 4102 1573 4155 et
1596 4093 1712 4156 nostris
1736 4091 1936 4178 temporibus
1961 4091 2094 4156 hereses
2124 4115 2125 4118 ¹

436 4194 600 4259 interdum
622 4194 800 4260 refellendo
824 4195 1006 4260 ultroneum
1030 4207 1063 4259 et
1086 4206 1200 4281 sponte
1224 4208 1449 4262 occurrentem
1473 4219 1604 4262 sensum
1620 4207 1777 4262 16161116.
1812 4199 1961 4262 Heretici
1985 4209 2094 4263 autem
2114 4222 2138 4263 6

436 4300 645 4365 intenderunt
668 4324 790 4384 arcum,
821 4301 855 4365 id
879 4312 928 4366 est
958 4302 1162 4388 scripturam.
1209 4303 1294 4366 Nam
1318 4326 1392 4367 cum
1416 4302 1472 4367 alii
1495 4303 1685 4389 simpliciter
1708 4303 1926 4391 intelligentes
1951 4304 2096 4370 habeant

437 4429 509 4471 eam
530 4409 624 4493 quasi
647 4431 760 4472 arcum
783 4410 963 4491 remissum,
987 4409 1124 4473 heretici
1147 4432 1220 4473 eam
1244 4409 1396 4474 dicuntur
1418 4410 1599 4493 intendere,
1625 4433 1699 4474 61111
1722 4433 1781 4497 pro
1805 4434 1864 4475 sua
1888 4413 2095 4477 estimatione

308 4541 345 4582 11.
356 4543 388 4591 16,
397 4543 418 4581 6,
437 4512 639 4578 subtiliorem
662 4516 696 4578 in
712 4537 751 4579 eo
769 4516 963 4580 sententiam
987 4514 1168 4579 habuerint.
1207 4516 1406 4582 Par-averunt
1427 4521 1558 4604 66911166
1581 4543 1655 4582 aeas
1679 4519 1887 4604 inplorare.
1936 4518 1990 4582 De
2015 4519 2095 4605 ipsis

437 4642 577 4706 namque
602 4621 770 4708 scripturis
793 4632 992 4709 paraverunt
1010 4631 1172 4686 venenata
1195 4633 1227 4686 et
1250 4623 1430 4686 intoxicata
1452 4622 1555 4687 verba
1577 4625 1611 4688 in
1634 4623 1796 4709 pharetra,
1820 4624 1855 4688 id
1871 4635 1921 4688 est
1943 4627 1979 4689 in
1996 4625 2094 4689 corde

387 4754 418 4794 16.
437 4748 495 4790 616
519 4725 701 4808 tenebroso,
727 4731 925 4816 6166911661
947 4743 1044 4793 rectos
1068 4729 1160 4794 corde
1183 4733 1216 4794 in
1241 4732 1380 4811 obscuro,
1404 4729 1506 4794 idest
1530 4731 1563 4793 in
1580 4730 1720 4794 silvestri
1744 4731 1908 4795 condenso
1931 4730 2094 4796 latronum
2113 4756 2138 4794 6

437 4855 525 4897 11616
550 4834 613 4918 ipsi
636 4833 810 4917 latitantes,
835 4845 869 4898 ut
892 4833 933 4898 de
957 4835 1027 4920 ipso
1054 4833 1161 4898 cordis
1185 4837 1374 4921 nequissimi
1401 4837 1575 4918 condenso,
1604 4837 1637 4901 in
1661 4859 1725 4923 quo
1749 4848 1823 4901 sunt
1850 4836 1987 4902 latibula
2010 4837 2095 4902 fera-

266 4967 418 5015 166166.
437 4962 518 5020 rum,
550 4941 584 5003 in
608 4963 671 5026 quo
695 4940 809 5027 vulpes
840 4940 952 5005 foveas
983 4940 1106 5005 habent
1130 4941 1309 5006 6116111611
1337 4943 1399 5006 celi
1422 4943 1526 5025 nidos,
1556 4942 1727 5007 latrocinia
1751 4955 1935 5026 exerceant,
1961 4945 2094 5009 atinde

438 5046 593 5131 sagittent
615 5057 720 5112 rectos
745 5046 853 5128 corde,
884 5047 919 5111 id
942 5058 991 5112 est
1014 5047 1188 5112 voluntate.
1235 5049 1321 5112 Nam
1349 5050 1432 5112 sieut
1461 5049 1608 5114 homines
1638 5049 1743 5114 malae
1766 5049 1942 5115 voluntatis
1971 5050 2095 5116 habent

439 5174 495 5215 cor
519 5151 699 5234 distortum,
724 5154 770 5216 sie
795 5152 941 5216 homines
966 5152 1050 5217 bone
1073 5153 1249 5219 voluntatis
1272 5156 1335 5242 ipsi
1358 5165 1433 5218 sunt
1455 5155 1603 5220 homines
1626 5157 1706 5220 recti
1731 5155 1848 5219 cordis.

544 5257 653 5345 Atque
684 5269 718 5322 ut
748 5257 791 5322 ad
820 5260 921 5323 nostri
952 5261 1107 5345 temporis
1137 5259 1297 5325 hereticos
1328 5262 1550 5347 respiciamus,
1583 5285 1690 5326 nonne
1721 5263 1782 5348 ipsi
1813 5272 2004 5348 peccatores
2034 5288 2093 5350 pro
2112 5287 2137 5326 6

438 5363 611 5427 manifesta
634 5364 840 5429 61116116161
863 5367 1098 5430 incontinentia
1121 5366 1295 5449 interdicti,
1315 5367 1445 5453 quando
1470 5389 1504 5432 66
1528 5379 1705 5454 preparant
1728 5369 1770 5433 ad
1786 5368 1895 5433 officia
1917 5369 2094 5434 interdieta

439 5467 644 5551 celebranda,
661 5469 755 5534 verbi
778 5472 883 5556 gratia
906 5471 950 5535 ad
966 5474 1097 5537 missam
1114 5473 1306 5554 canendam,
1329 5496 1447 5555 nonne,
1471 5475 1616 5560 inquam,
1640 5485 1718 5538 tunc
1742 5474 1802 5539 sub
1818 5477 1949 5540 nomine
1973 5477 2093 5540 missae

548 5725 576 5786 ll
602 5726 745 5783 Enorrat.
770 5725 799 5782 in
818 5746 865 5801 ps.
885 5725 935 5796 10,
954 5727 982 5796 4,
1007 5723 1072 5800 §6,
1098 5726 1171 5803 Opp.
1189 5729 1243 5799 IV,
1269 5729 1389 5799 66162,
1413 5731 1542 5788 sednon
1565 5733 1608 5788 od
1627 5731 1749 5788 66111661.
