4478 6442
675 363 850 419 HUGONIS
876 364 1052 418 METELLI·
1072 362 1289 420 OPUSCULA.

933 551 1029 614 Rex.

480 655 567 718 ‘Rex
590 653 822 720 Constantinus
846 679 905 720 sua
927 657 1020 742 regia
1041 679 1107 720 non
1129 655 1284 738 feodavit,

401 777 452 825 140
480 759 546 825 Sed
569 783 675 848 neque
700 761 891 827 Silvestrum
916 785 1027 827 secum
1049 774 1226 849 guerrare⁸
1249 764 1386 849 rogavit.

479 867 551 931 Rex
575 866 806 933 Constantinus
831 869 891 933 eab
915 879 1021 956 quae⁰
1046 870 1124 934 dare
1149 871 1381 934 convenienter

481 972 636 1038 Silvestro
660 975 770 1061 paped
792 976 897 1061 potuit
920 975 1010 1040 dedit
1033 986 1131 1062 atque
1154 974 1303 1040 libenter.

480 1080 547 1145 Sed
569 1081 713 1166 gladium
737 1080 815 1146 dare
838 1104 903 1146 non
927 1084 1031 1168 potuit
1052 1093 1258 1169 penemque⁰
1282 1105 1421 1163 reorum,

479 1186 638 1252 Silvester
660 1190 773 1275 pocius
796 1188 858 1252 fuit
881 1190 1076 1253 intercessor
1099 1211 1220 1253 eorum.

401 1309 451 1359 145
481 1293 549 1359 Sed
571 1317 630 1358 nos
653 1293 834 1380 presbitero
858 1295 1002 1381 gladium
1026 1296 1140 1359 damus
1164 1296 1364 1381 insipienter,

480 1400 576 1480 Quod
600 1402 677 1487 quia
700 1401 786 1465 non‘
810 1411 860 1464 est
883 1401 942 1484 sas,
967 1402 1176 1466 emendemus
1200 1402 1389 1488 sapienter'.

917 1537 1038 1666 Papa

479 1702 529 1766 ‘Si
553 1725 618 1767 non
642 1705 802 1768 concessit
824 1727 884 1768 rex
909 1703 1140 1769 Constantinus
1163 1704 1285 1770 habere

478 1808 634 1874 Silvestre
658 1809 811 1894 gladium,
835 1833 896 1874 nec
919 1822 954 1875 tu
977 1813 1098 1898 poteris
1121 1812 1271 1876 retinere.

477 1914 573 1979 Unde
598 1913 657 1980 tibi
680 1916 812 1980 tandem
835 1916 974 2002 gladius,
998 1918 1061 1981 nisi
1085 1918 1187 1982 Roma
1210 1917 1377 1982 dedisset?

398 2037 449 2088 150
477 2022 547 2086 Nec
571 2021 629 2086 tibi
653 2023 807 2087 donasset
829 2023 985 2110 gladium,
1010 2025 1037 2088 si
1061 2047 1126 2089 non
1149 2024 1340 2089 habuisset'.

932 2203 1027 2268 Rex.

478 2306 620 2371 ‘Defluis
643 2308 677 2370 in
700 2307 820 2390 verbis,
844 2311 1042 2394 argumentis
1067 2310 1222 2396 operosis,

479 2411 663 2478 Concinnas
688 2414 783 2478 dictis
806 2438 866 2500 per
889 2426 1007 2480 cuneta
1030 2417 1108 2482 satis
1131 2416 1288 2502 speciosis
1297 2427 1322 2480 Β.

479 2520 546 2585 Sed
568 2520 614 2584 nil
636 2521 839 2606 proficimus3
864 2523 928 2586 seis
952 2534 1070 2604 autem,
1095 2521 1175 2609 quid
1198 2523 1366 2605 faciamus,

478 2627 561 2692 Cum
586 2629 692 2692 causis
716 2629 834 2693 nostris
858 2628 900 2693 ad
923 2628 1080 2694 iudicium
1104 2631 1290 2694 veniamus!

400 2749 449 2798 155
476 2732 531 2798 Ad
554 2756 686 2799 causam
710 2747 853 2800 nostram
888 2735 1091 2800 deducantur
1113 2738 1287 2822 sapientes,

475 2841 506 2904 A
530 2863 630 2905 eausa
652 2851 763 2905 nostra
786 2841 940 2908 tollantur
962 2854 995 2907 et
1017 2844 1224 2930 insipientes!

477 2946 544 3012 Nos
569 2970 698 3034 quoque
722 2947 872 3014 tollamur
895 2959 928 3013 et
951 2971 1006 3013 eos
1030 2961 1230 3036 perennata
1254 2971 1437 3035 sequamur,

477 3052 646 3119 Concedat
667 3055 759 3119 Deus
783 3055 855 3136 hoe,
880 3079 975 3141 quem
1000 3056 1132 3121 cottidie
1156 3055 1376 3120 veneramur’.
1488 3038 1495 3052 ’

916 3233 1038 3320 Papa

478 3356 607 3436 ‘Quodh
631 3358 755 3420 ratione
779 3355 909 3442 probas,
934 3379 993 3442 per
1015 3379 1073 3420 nos
1097 3380 1161 3420 non
1186 3367 1235 3421 est
1257 3354 1507 3442 reprobandum.

401 3479 451 3527 160
479 3462 576 3542 Quod
600 3465 724 3526 ratione
749 3461 879 3549 probas,
904 3462 1072 3527 laudamus
1097 3474 1130 3527 et
1153 3474 1202 3527 est
1225 3463 1426 3528 imitandum.

478 3568 576 3651 Quod
597 3592 657 3633 nos
679 3569 860 3651 laudamus,
884 3569 995 3634 laudet
1018 3569 1129 3634 divina
1152 3581 1306 3656 potestas,

475 3675 604 3740 Laudet
628 3677 678 3740 et¹
707 3678 920 3762 omnipotens,
945 3678 998 3741 cui
1021 3677 1143 3741 servitl
1166 3677 1270 3764 frigus
1294 3687 1326 3741 et
1350 3676 1453 3766 estas¹
1469 3676 1493 3739 !'

476 3817 582 3882 Litem
605 3818 784 3904 predictam
809 3820 977 3884 contexuit
999 3819 1096 3904 Hugo
1120 3818 1280 3900 Metellus,

477 3923 584 4005 Quem
607 3926 713 4010 pascit
736 3924 852 3989 'Pullim
876 3925 1035 3989 ditissima
1059 3923 1187 3990 Gallica
1209 3925 1335 3989 tellus1.

264 4140 290 4204 a)
309 4141 346 4192 iat
364 4141 403 4203 B;
432 4158 546 4207 guerare
567 4144 600 4194 A.
691 4141 719 4206 b)
739 4161 860 4208 mperaor.
880 4146 913 4195 Α.
1008 4141 1033 4206 c)
1055 4161 1106 4209 que
1127 4145 1159 4193 A.
1251 4142 1279 4207 d)
1301 4159 1389 4209 papae
1409 4142 1442 4193 B.
1536 4140 1563 4204 e)
1584 4158 1753 4208 poenamque
1774 4141 1806 4192 B.

155 4229 178 4290 s)
200 4247 270 4280 nune
290 4230 323 4281 B.
407 4229 436 4296 g)
457 4248 521 4281 eon.
538 4248 568 4281 aa
586 4233 705 4297 peciosis
725 4233 758 4283 A.
839 4230 867 4295 h)
889 4233 920 4283 ds
938 4233 1025 4283 ardiae
1043 4231 1334 4297 v.159-164.faa'us
1352 4232 1400 4297 opit
1418 4231 1450 4282 L.
1465 4231 1569 4292 Traube,
1590 4229 1744 4297 ‘Zeitaclsrist
1756 4231 1808 4296 fiir

155 4317 281 4370 Manates
295 4319 444 4370 :lltcrtdum'
458 4319 576 4382 XXXII,
591 4337 620 4385 p.
634 4322 695 4371 389.
766 4319 787 4382 i)
809 4320 826 4371 Ι.
846 4329 874 4372 et
891 4339 1012 4386 super-ser.
1031 4321 1084 4370 alio
1101 4339 1179 4370 aranu
1201 4323 1232 4371 sl.
1307 4319 1335 4382 k)
1357 4321 1439 4372 seruit
1459 4323 1498 4380 sl,
1519 4322 1604 4370 seruit
1622 4337 1685 4370 amr.
1701 4320 1723 4368 Α
1738 4324 1759 4369 l.
1773 4319 1806 4376 B.

157 4407 177 4470 l)
198 4427 220 4459 a.
237 4408 527 4459 mentalium
545 4428 567 4460 v.
584 4409 787 4474 leupraabent.
859 4408 894 4472 m)
917 4409 978 4460 Tuli
1000 4411 1123 4471 .*l;corr.
1144 4411 1202 4460 111.
1223 4409 1255 4459 B.
1421 4399 1422 4404 ¹

111 4625 138 4664 so
181 4606 185 4616 '
268 4611 296 4681 l)
323 4609 371 4683 Cs.
388 4613 478 4686 s'itpru
492 4629 525 4685 p.
540 4611 613 4681 711,
637 4631 666 4667 n.
685 4609 702 4664 2
711 4632 722 4680 ;
747 4609 839 4685 Epist.
856 4610 905 4666 l'l.
923 4611 965 4667 ad
978 4609 1135 4666 Helwidcm
1150 4610 1246 4666 datam
1270 4605 1335 4684 (fol.
1353 4605 1475 4685 156‘0):
1498 4611 1604 4666 Civitas
1620 4629 1752 4681 namque,
1777 4612 1805 4664 in

159 4736 216 4789 qua
230 4719 344 4790 genitus
361 4717 431 4806 srrrlt,
445 4726 561 4773 vocatur
572 4719 699 4786 Leucha,
712 4725 828 4772 vocatur
845 4725 874 4773 et
886 4717 1013 4786 Tullum,
1031 4717 1145 4771 Tullum
1162 4717 1274 4772 aTnllo
1291 4719 1338 4788 qui
1356 4735 1417 4772 eam
1433 4719 1539 4772 devicit
1556 4720 1627 4772 duce
1642 4716 1806 4786 Cesariano,

158 4825 275 4880 Leucha
296 4841 364 4880 uero
392 4813 428 4879 al>
451 4825 522 4880 albis
545 4825 702 4879 hominibus
726 4831 757 4878 et
780 4824 844 4878 albo
867 4825 942 4892 vino,
966 4825 1032 4894 quia
1054 4823 1175 4878 leuchon
1202 4825 1410 4895 interpretatur
1432 4824 1525 4879 album
1549 4842 1634 4896 greco
1658 4824 1806 4879 vocabulo.
