4478 6396
652 339 845 396 EPISTOLA
869 342 924 396 AD
948 342 1224 400 INNOCENTIUM
1247 344 1392 400 ΡΑΡΑΜ.
1791 337 1852 398 211

200 525 360 611 exemplis
385 525 590 590 destruentes
606 529 718 591 vocari
742 539 878 613 possunt
900 527 1063 609 florentes,
1088 538 1199 615 utpote
1224 528 1421 594 desiderium
1444 528 1595 593 floridum
1619 528 1787 612 habentes
1813 529 1854 593 ah

200 631 384 696 inordinate
402 632 589 697 viventibus
606 632 741 698 dissolvi
764 646 796 699 et
812 657 886 699 enm
902 633 1031 700 Christo
1056 658 1127 699 esse
1150 637 1185 699 in
1206 634 1385 722 apostoliea
1409 648 1441 700 et
1464 638 2005 720 sanetaconversatione,rnn.1,sa

201 738 289 824 quod
320 749 469 804 sanctum
499 717 690 805 (ldalricum
722 740 860 826 legimus
892 741 1111 824 desiderasse,
1143 743 1198 828 qui
1230 741 1363 806 dimisso
1395 744 1586 829 episcopatu
1616 744 1741 830 cupivit
1770 745 1856 808 inter

199 846 378 910 monachos
402 847 504 910 vitam
534 847 747 932 apostolicam
758 852 778 927 ¹,
811 849 888 934 quia
918 859 993 912 tune
1025 849 1179 935 temporis
1206 850 1240 912 in
1265 848 1351 914 clero
1374 851 1432 914 vix
1456 851 1561 935 potnit
1583 851 1731 914 invenire
1755 851 1853 915 illam.

165 975 185 1013 s
201 951 268 1016 Sed
291 954 357 1016 iarn
374 964 542 1018 contracta
565 953 738 1039 sponsalia,
763 953 804 1018 de
829 954 945 1040 quibus
970 955 1134 1042 apostolus
1159 955 1254 1021 dicit:
1279 957 1442 1044 Allipatua
1465 983 1506 1038 ea,
1530 959 1601 1022 noli
1621 983 1749 1043 querere
1771 959 1855 1022 solra·
1874 980 2025 1031 aenean.

201 1063 326 1140 tionem,
351 1059 577 1146 compulerunt
599 1059 689 1125 illum
713 1060 870 1125 adherere
895 1063 999 1143 uxori,
1025 1062 1264 1148 quantumlibet
1285 1063 1384 1149 lippis
1409 1062 1511 1128 oeulis
1528 1064 1690 1128 existenti.
1730 1064 1853 1147 Aristi,

201 1189 283 1252 quos
306 1179 341 1230 tn
358 1167 440 1231 dicis
456 1189 542 1231 nunc
558 1168 643 1232 inter
657 1167 839 1232 inordinate
855 1169 1004 1268 viventes
1020 1167 1146 1250 florere,
1164 1171 1399 1255 concupiscunt
1421 1171 1501 1256 ipsis
1518 1169 1701 1236 inordinate
1716 1172 1855 1235 viventi-

200 1271 262 1336 bus
294 1273 465 1354 adherere,
496 1297 561 1338 nen
592 1275 676 1338 sieut
705 1285 835 1340 sanctus
860 1271 1032 1340 Odalrieus
1063 1287 1119 1340 aut
1149 1287 1280 1341 sanctus
1305 1276 1519 1362 Wolfeangus
1550 1277 1603 1341 vel
1634 1276 1854 1364 aliquislibet⁸

201 1393 343 1462 sanetus,
369 1381 421 1444 cui
445 1391 544 1445 noctu
566 1381 629 1444 Lia
652 1379 906 1467 supponebatur,
931 1391 964 1446 et
986 1393 1022 1446 ut
1046 1382 1141 1446 altius
1165 1393 1322 1469 repetam,
1347 1405 1413 1448 non
1436 1384 1521 1447 sient
1544 1381 1655 1466 Iacob,
1681 1386 1737 1470 qui
1760 1385 1853 1449 Lianr
1872 1409 2032 1458 stammas.

154 1497 316 1550 retenens
341 1489 373 1550 in
389 1486 541 1551 Rachelis
566 1510 676 1552 amore
700 1487 838 1574 amplius
862 1487 1076 1570 afficiebatur,
1102 1489 1161 1554 sed
1184 1491 1269 1553 sieut
1288 1488 1416 1572 Ruben,
1436 1491 1502 1575 qui,
1528 1512 1602 1554 cum
1627 1501 1712 1555 esset
1736 1492 1853 1577 primo·
1873 1516 1987 1567 masaa.

201 1595 331 1679 genitus
355 1607 388 1657 et
409 1593 537 1676 nobilis,
569 1606 676 1658 tamen
707 1595 925 1681 primogenita
948 1606 980 1659 et
1003 1595 1205 1661 nobilitatem
1234 1619 1325 1661 suam
1355 1619 1415 1682 per
1437 1596 1499 1660 hoe
1522 1596 1646 1682 polluit,
1672 1596 1758 1683 quod
1783 1599 1853 1684 ipse

202 1699 285 1763 liber
308 1700 447 1765 ancillae
472 1701 632 1766 adherens
657 1703 758 1787 patris
782 1701 901 1765 lectrrm
926 1703 1049 1789 polluit.

310 1808 343 1873 S.
377 1808 496 1872 Nescio
510 1831 663 1894 quorsum
676 1808 790 1873 tendat
804 1810 867 1872 ista
883 1819 939 1872 tna
953 1809 1122 1894 digressio
1156 1810 1240 1874 Nam
1253 1832 1314 1896 ego
1328 1809 1459 1874 defendi
1475 1809 1559 1874 bene
1572 1812 1719 1875 viventes
1735 1812 1770 1874 in
1782 1834 1854 1898 pra-

201 1937 315 1978 vorum
333 1916 505 1996 consortio,
531 1927 563 1979 et
586 1927 621 1978 tu
637 1938 693 1979 eos
710 1915 887 1980 maculatos
905 1916 1076 1980 ostendere
1092 1917 1206 1981 niteris
1222 1917 1333 1980 nescio
1352 1918 1459 1980 ‘ouius
1476 1916 1613 1981 ancillae
1630 1916 1853 1982 contubernio.
1874 1943 1944 1984 un.

157 2045 182 2084 rs
309 2021 347 2085 R.
384 2022 470 2086 Vere
494 2023 541 2084 sie
566 2034 624 2087 est.
670 2021 756 2085 Nam
778 2020 957 2107 apostoliea
981 2023 1049 2086 vita
1079 2033 1128 2087 est
1157 2022 1212 2086 illa
1242 2021 1356 2106 libera,
1386 2046 1446 2109 pro
1474 2045 1539 2109 qua
1562 2021 1690 2088 Christo
1722 2025 1854 2088 coniun-

202 2127 311 2212 genda
334 2128 438 2192 forma
462 2129 549 2192 servi
572 2140 622 2192 est
645 2127 686 2192 ab
710 2128 764 2192 illo
789 2139 935 2214 accepta.
983 2129 1076 2194 Haec
1107 2130 1140 2192 in
1165 2130 1426 2216 contemplativis
1451 2141 1483 2193 et
1505 2131 1623 2194 ociosis
1646 2129 1792 2216 pulchra,
1821 2132 1853 2194 in

202 2236 386 2319 negociosis
410 2235 500 2321 lippa
523 2235 596 2299 Deo
620 2235 703 2299 filios
727 2236 849 2320 genuit,
874 2236 952 2322 quia
974 2236 1056 2300 haec
1080 2247 1138 2319 est,
1163 2259 1247 2323 quae
1271 2247 1374 2301 totum
1397 2236 1554 2301 mundum
1578 2239 1747 2302 convertit.
1788 2237 1855 2303 Sed

202 2339 260 2404 ubi
284 2341 365 2406 haec
389 2341 526 2406 inolere
551 2341 680 2424 defecit,
704 2343 738 2406 in
762 2365 826 2429 quo
850 2341 999 2428 amplius,
1024 2366 1122 2429 qnam
1145 2345 1179 2407 in
1195 2343 1363 2407 monachis
1387 2342 1529 2407 fecunda
1552 2344 1622 2426 fuit,
1647 2342 1856 2409 subintroivit

202 2447 293 2512 velut
323 2448 486 2513 ancillaris
510 2450 588 2532 vita,
619 2450 652 2512 in
683 2473 749 2536 qua
778 2449 921 2538 legitime
952 2448 1194 2535 baptizantibus
1219 2462 1251 2515 et
1274 2449 1519 2536 predicantibus
1550 2450 1658 2514 multis
1689 2453 1757 2515 nati
1781 2462 1856 2515 sunt

156 2581 184 2619 so
203 2556 303 2618 etiam
334 2554 410 2619 beni
439 2555 498 2619 filii
528 2555 569 2619 ad
601 2555 814 2620 hereditatem
844 2557 1004 2641 asscripti,
1036 2555 1095 2620 sed
1125 2558 1198 2643 ipsa
1227 2568 1335 2620 tamen
1358 2555 1448 2620 velut
1477 2555 1596 2622 ancilla
1626 2559 1799 2643 respuitur,
1824 2570 1856 2623 et

202 2663 318 2743 omnis,
344 2663 401 2749 qui
423 2661 562 2727 libenter
584 2662 631 2726 illi
654 2662 814 2726 adherens
838 2661 923 2726 illius
947 2665 1109 2726 consortio
1137 2663 1299 2750 polluitur,
1331 2663 1501 2748 presertim
1532 2665 1565 2726 in
1595 2662 1652 2727 tali
1683 2664 1854 2746 aeeclesia,

202 2791 289 2854 qnae
313 2769 406 2833 thoro
430 2769 495 2833 Dei
520 2781 568 2833 est
592 2769 778 2850 assimilata,
809 2771 907 2833 immo
937 2771 1049 2834 thorus
1078 2771 1146 2834 sive
1170 2770 1273 2835 lectus
1297 2770 1363 2834 Dei
1387 2781 1436 2834 est
1459 2770 1632 2856 appellata,
1657 2782 1693 2834 ut
1717 2782 1766 2836 est
1789 2773 1855 2857 epi-

203 2875 345 2962 scopalis
369 2875 422 2940 vel
451 2875 655 2962 baptismalis
686 2875 855 2956 aecclesia,
887 2877 920 2939 in
952 2899 1017 2962 qua
1046 2877 1214 2962 generatio
1238 2876 1357 2959 Deum,
1389 2899 1455 2940 non
1484 2899 1543 2940 sua
1573 2879 1777 2964 querentium
1808 2888 1856 2942 est

202 2983 370 3068 gignenda
393 2993 425 3046 et
448 2982 630 3047 nutrienda.
677 2983 749 3047 Hoc
774 2992 824 3046 est
847 2985 943 3064 enim,
968 2983 1054 3069 qnod
1078 2984 1220 3048 maxime
1237 2981 1337 3048 Iacob
1361 2985 1394 3047 in
1414 2983 1479 3048 filio
1504 3007 1561 3048 suo
1578 2983 1694 3048 Ruben
1717 2986 1854 3071 punivit,

157 3116 184 3154 aa
203 3089 292 3175 quod
316 3091 349 3152 in
373 3088 489 3153 lecttdo
514 3112 572 3154 suo
598 3113 670 3154 curn
687 3089 768 3153 Bala
785 3090 946 3154 dormivit.
981 3090 1077 3154 Dixit
1100 3113 1240 3176 namque
1264 3092 1350 3156 inter
1365 3101 1474 3155 cetera
1497 3103 1627 3155 sanctus
1651 3092 1853 3177 patriarcha:

205 3197 326 3278 Barbari,
357 3213 390 3261 ta
405 3201 607 3284 principia-m.
640 3199 760 3262 doloris
790 3201 861 3278 mer,
892 3200 1009 3284 patrata
1033 3223 1064 3262 ar
1091 3201 1172 3262 sicat
1200 3224 1296 3284 aqrta,
1327 3224 1387 3262 eoa
1418 3223 1549 3278 crescas,
1581 3202 1657 3284 quie
1685 3200 1858 3264 ascendisti
1874 3225 2032 3274 aenaeam.

203 3307 306 3369 cubile
323 3308 431 3391 patris
458 3308 507 3368 tar'
532 3320 560 3369 et
586 3307 756 3370 maculasti
782 3320 913 3369 ..stratam
937 3308 1012 3368 eiua.
1060 3304 1149 3368 Ecce
1172 3315 1326 3368 nontam
1353 3303 1461 3390 culpat
1484 3304 1605 3368 factum
1629 3315 1733 3390 turpe,
1758 3329 1855 3391 quam

204 3410 292 3496 quod
316 3411 348 3474 in
374 3411 444 3474 loco
468 3411 598 3492 accidit,
623 3413 656 3474 in
680 3434 743 3497 quo
767 3410 801 3474 id
825 3412 957 3474 minime
982 3410 1092 3474 decuit
1116 3409 1285 3475 accidisse.
1332 3409 1436 3495 Igitur
1452 3420 1484 3474 et
1500 3433 1568 3491 vos,
1593 3412 1649 3496 qui
1673 3412 1766 3497 quasi
1782 3411 1854 3474 dor-

204 3519 290 3580 mitis
315 3541 389 3581 cnm
413 3517 540 3598 ancilla,
566 3516 684 3603 quibus
708 3541 772 3581 non
797 3529 845 3581 est
868 3541 944 3603 pars
968 3539 1074 3603 neque
1099 3539 1168 3580 sors
1192 3540 1268 3580 cum
1284 3515 1397 3598 libera,
1415 3519 1539 3603 querite
1556 3515 1649 3581 vobis
1666 3517 1853 3598 aecclesias,

157 3651 185 3690 so
204 3625 303 3688 immo
327 3647 522 3710 synagogas,
553 3626 587 3688 in
611 3623 728 3710 quibus
757 3647 817 3688 nec
841 3623 1001 3710 baptizari
1030 3645 1091 3687 nec
1116 3623 1277 3709 predicari
1303 3625 1485 3704 conveniat,
1517 3645 1558 3687 ne
1582 3646 1680 3708 super
1704 3629 1776 3687 ‘vos
1800 3623 1856 3687 illa
1874 3649 1951 3690 ·r.1r.

203 3731 269 3794 Dei
299 3731 483 3796 maledictio
514 3732 639 3814 veniat,
672 3753 756 3816 qnae
791 3731 824 3793 in
854 3729 970 3794 Ruben
1002 3731 1102 3794 vestri
1132 3729 1253 3793 similes
1285 3729 1448 3816 dampnat.
1502 3731 1591 3795 Haec
1621 3731 1707 3794 enim
1738 3735 1854 3810 amaia,
1874 3756 2032 3805 acernen.

204 3849 343 3902 testante
368 3838 523 3924 apostole,
549 3841 582 3902 r'n
590 3841 700 3926 jiqrtrn
726 3840 950 3924 contrapebun-t,
974 3841 1094 3923 scripte
1117 3852 1311 3901 auertentem
1335 3838 1381 3901 ed
1401 3841 1625 3924 eorreptionem
1648 3852 1796 3918 noemam,
1822 3841 1854 3901 r'n

204 3971 281 4031 quos
296 3949 382 4032 ,fiaes
404 3947 579 4010 seculorum
602 3945 797 4009 decreuerunt.
837 3943 972 4024 Querite
996 3967 1054 4007 vos
1079 3943 1220 4029 prelatos
1244 3955 1353 4030 preter
1377 3945 1557 4030 episcopos.
1605 3943 1687 4006 Nam
1713 3965 1786 4006 eum
1810 3943 1853 4023 hi,

203 4051 386 4114 affirmante
410 4050 544 4115 Urbano
567 4075 664 4137 papa,
694 4062 825 4114 teneant
848 4049 955 4114 locum
979 4050 1197 4136 apostolorum
1221 4049 1434 4135 debeantque
1451 4051 1571 4114 imitari
1595 4049 1746 4135 exempla
1768 4050 1853 4135 ipso-

157 4185 184 4223 ss
203 4181 285 4232 rum,
309 4180 374 4221 non
389 4169 534 4244 ¹possunt
555 4157 649 4222 vobis
674 4157 883 4238 concordare,
908 4158 970 4220 nisi
993 4179 1058 4220 una
1080 4155 1251 4220 vobiscum
1274 4155 1377 4221 velint
1400 4166 1595 4242 apostatare.

311 4263 344 4329 S.
382 4264 553 4345 Quomodo
585 4275 770 4350 sequestras
794 4287 853 4328 nes
877 4287 897 4327 a
920 4262 1110 4328 matricibus
1134 4263 1312 4346 aecclesiis,
1344 4287 1418 4328 cnm
1449 4285 1546 4349 supra
1573 4262 1705 4328 beatum
1730 4261 1853 4349 Grego-

203 4371 288 4435 rium
312 4371 373 4435 hoe
397 4371 570 4436 indulsisse
587 4371 720 4452 dixeris,
744 4381 780 4434 ut
802 4372 836 4434 in
852 4369 1042 4455 Anglornm,
1067 4370 1178 4456 utique
1202 4367 1398 4455 baptismali,
1422 4371 1521 4434 immo
1546 4381 1578 4433 et
1601 4369 1763 4434 aecclesia
1787 4371 1853 4456 epi-

204 4478 338 4564 scopali,
363 4478 444 4543 tales
467 4477 692 4560 tolerarentur,
718 4477 813 4541 etde
838 4475 935 4540 rebus
959 4476 1138 4540 aecclesiae
1163 4475 1462 4562 stipendiarentur?

310 4585 348 4648 R.
385 4585 500 4650 Nonne
524 4608 598 4649 eum
621 4585 683 4648 hoe
707 4582 909 4659 attendebas,
933 4584 1056 4670 pariter
1079 4595 1111 4646 et
1134 4583 1195 4646 hoc
1212 4581 1357 4646 debebas
1373 4582 1554 4664 advertere,
1579 4581 1667 4668 quod
1690 4585 1722 4646 in
1739 4583 1854 4648 eadem

155 4721 185 4758 m
204 4693 365 4756 aecclesia
388 4693 560 4772 neminem,
585 4693 647 4756 nisi
671 4691 851 4778 apostoliea
875 4701 906 4754 et
930 4691 1093 4754 communi
1110 4691 1177 4753 vita
1193 4691 1358 4754 viventem
1375 4691 1538 4754 consensit
1562 4689 1655 4753 altari
1672 4691 1853 4754 ministrare

205 4799 257 4862 vel
279 4798 446 4885 baptizare
471 4800 524 4864 vel
547 4799 743 4885 predicare?
789 4798 838 4861 Ne
862 4797 1016 4861 videlicet
1047 4797 1079 4859 in
1110 4796 1201 4860 thoro
1226 4796 1291 4859 Dei
1321 4797 1422 4881 patris
1453 4794 1588 4860 cubaret
1619 4795 1793 4878 ancillaris,
1823 4807 1854 4860 et

205 4929 306 4992 prava
331 4906 397 4970 vita
420 4907 508 4992 ipsos
533 4905 597 4970 Dei
621 4906 784 4969 ministros
809 4914 1010 4989 corruptura,
1042 4905 1068 4965 si
1092 4925 1158 4966 non
1182 4925 1237 4966 eos
1261 4902 1339 4967 foris
1364 4912 1490 4966 arceret
1514 4901 1693 4987 apostolica
1715 4903 1853 4988 regula?

205 5012 339 5093 Querite
364 5015 473 5098 igitur,
497 5023 533 5077 ut
556 5013 636 5094 dixi,
652 5035 711 5076 vos
728 5011 807 5076 alias
825 5009 1001 5074 aecclesias
1024 5020 1134 5095 preter
1149 5010 1257 5073 Deum
1282 5007 1467 5090 fabricatas,
1493 5010 1617 5094 querite
1643 5009 1723 5074 alios
1747 5009 1853 5073 reddi-

204 5131 254 5182 tus
279 5119 522 5200 aecclesiarum,
548 5121 625 5205 quia
647 5143 711 5183 non
729 5119 830 5182 solum
854 5117 937 5198 illas,
963 5139 1043 5202 quas
1067 5129 1144 5180 tunc
1161 5116 1383 5202 possederunt,
1409 5115 1468 5179 sed
1483 5138 1564 5201 quas
1589 5127 1708 5179 extunc
1728 5138 1853 5202 posses-

155 5254 185 5292 sa
205 5249 300 5290 surae
324 5227 455 5290 iirerunt
478 5237 510 5290 et
534 5237 608 5290 sunt
631 5225 800 5290 habiturae
831 5224 947 5288 futuris
978 5221 1179 5308 temporibus
1210 5221 1388 5286 aecclesiae
1419 5223 1570 5286 matrices
1598 5221 1742 5286 fidelium
1766 5220 1854 5287 obla·

204 5333 319 5414 tiones,
344 5332 514 5398 interdixit
537 5332 596 5397 sub
621 5333 882 5397 interminatione
907 5328 1122 5393 anathematis
1147 5328 1319 5393 decretalis
1342 5328 1398 5392 illa
1422 5329 1582 5392 sententia
1597 5328 1716 5414 prefati
1728 5327 1854 5394 Urbani

311 5535 337 5594 a)
361 5533 524 5598 aliquolibet
541 5551 562 5584 c.

314 5696 343 5767 1)
370 5696 519 5756 cesara·
541 5699 571 5754 v.
590 5697 738 5754 traduat
761 5719 783 5752 ρ.
810 5696 849 5750 aa
876 5691 943 5771 (ss.
970 5693 1023 5764 rr,
1044 5713 1077 5768 p.
1096 5693 1169 5763 ros,
1194 5695 1212 5748 ι.
1239 5691 1289 5748 ae.
1315 5687 1378 5766 ra).
