4478 6396
460 355 526 416 204
753 341 938 415 GERHOHI'
958 359 1189 414 PBAEPOSITI
1214 360 1622 416 llEICHERSBERGENSIS
1647 361 1812 416 LIBELLI.

460 547 506 612 ibi
529 549 699 612 invocetur
722 569 839 611 nomen
864 548 944 628 cius,
969 547 1149 611 Romanam
1165 547 1320 612 videlicet
1344 548 1467 629 sedem,
1492 549 1525 611 in
1548 547 1712 633 legatione
1737 547 1859 613 domini
1883 547 2122 633 arciepiscopi

460 653 604 718 Conradi
628 652 886 739 Salzburgensis,
918 654 1108 739 accessique
1139 653 1182 718 ad
1206 654 1419 736 sacerdotem,
1444 656 1595 741 quierat
1624 656 1657 718 in
1682 654 1797 718 diebus
1822 655 1895 736 illis,
1927 653 2046 718 beatae
2073 675 2121 716 rc·

460 759 657 824 cordationis
681 783 801 846 papam
824 760 1037 840 Honorium1,
1066 771 1098 824 ct
1121 760 1243 824 contuli
1266 759 1403 824 verbum
1428 784 1502 825 cum
1526 783 1575 842 eo,
1601 760 1689 848 quod
1713 761 1846 847 predico
1871 763 1957 824 inter
1981 760 2122 824 clericos

459 866 566 932 adhuc
590 867 764 948 seculares,
796 889 836 930 ne
867 867 948 931 forte
980 867 1013 930 in
1036 889 1176 931 vacuum
1201 889 1366 931 currerem
1394 879 1451 931 aut
1474 869 1700 932 cucurrissem.
1747 868 1828 932 Erat
1851 879 1960 931 autern
1986 866 2122 932 occasio

459 973 553 1038 huius
573 972 677 1054 verbi,
702 975 779 1062 quia
802 973 918 1038 fratres
942 995 1031 1037 meos
1054 975 1198 1037 uterinos
1223 973 1263 1038 de
1288 975 1401 1038 talium
1426 985 1501 1038 cetu
1524 977 1615 1038 exire
1639 975 1735 1039 dictis
1760 985 1792 1037 et
1815 975 1945 1060 scriptis
1970 975 2121 1054 incitavi,
2142 998 2156 1037 s

460 1079 663 1167 distinguens
687 1082 771 1144 inter
793 1079 915 1144 bonum
939 1103 1050 1144 semen
1074 1079 1273 1167 apostolicae
1298 1083 1395 1164 vitae,
1421 1081 1508 1168 quod
1532 1082 1566 1145 in
1591 1081 1677 1146 clero
1695 1081 1842 1146 Christus
1862 1081 1965 1144 voluit
1989 1103 2028 1144 ac
2055 1079 2122 1142 dis-

459 1189 568 1274 posuit
589 1187 786 1253 fructilicare
810 1198 908 1274 atque
933 1189 1017 1251 inter
1041 1188 1235 1252 secularium
1260 1187 1451 1253 clericorum
1475 1189 1601 1252 zizania
1629 1187 1671 1252 ab
1695 1189 1824 1253 homine
1848 1189 1980 1252 inimico
2006 1210 2122 1272 supcr-

460 1295 627 1358 seminata.
674 1294 870 1358 Huiusmodi
895 1317 914 1358 a
936 1318 988 1358 me
1013 1293 1101 1359 dieta
1123 1294 1200 1359 licet
1224 1294 1419 1381 quibusdam
1450 1295 1571 1360 fuerint
1598 1295 1744 1378 molesta,
1776 1306 1908 1360 sanetae
1933 1307 2044 1359 tamen
2071 1316 2122 1356 re-

460 1399 657 1466 eordationis
682 1402 751 1464 viro
778 1423 881 1488 papae
906 1401 1052 1466 Honorio
1075 1401 1204 1466 fuerant
1228 1413 1374 1488 accepta,
1406 1404 1462 1490 qui
1492 1402 1581 1484 mihi,
1613 1411 1764 1488 presente
1788 1402 1963 1488 Nortperto
1989 1401 2122 1487 llagdi-

282 1531 440 1582 usasnara.
459 1506 631 1593 burgensis
659 1507 839 1573 aecclesiae
864 1508 1120 1595 archiepiscopo,
1145 1509 1295 1594 querenti
1320 1532 1379 1573 cur
1401 1508 1483 1573 haec
1508 1510 1634 1572 zizania
1658 1511 1722 1572 iam
1746 1510 1875 1594 penitus
1899 1521 2028 1572 matura
2054 1531 2121 1571 non
2144 1535 2170 1572 ro

381 1637 442 1681 ue.
461 1614 728 1696 eradicarentur,
753 1615 837 1679 dixit
861 1613 1038 1697 maledicis,
1063 1614 1276 1679 mendacibus
1301 1627 1333 1680 et
1357 1614 1494 1679 ebriosis
1519 1617 1597 1679 istos
1621 1617 1874 1702 apostatantium
1897 1639 2015 1701 greges
2042 1637 2120 1679 eon-

282 1745 440 1794 sconsam.
460 1722 687 1803 numerandos,
712 1745 793 1808 quos
817 1745 891 1786 cum
915 1721 1226 1808 apostolus'indicet
1250 1745 1386 1808 reguum
1402 1722 1469 1785 Dei
1492 1746 1556 1786 non
1572 1745 1791 1808 possessuros,
1815 1721 1987 1786 multitudo
2007 1735 2120 1786 tamen

460 1827 610 1914 prohibet
634 1828 920 1910 excommunicari,
946 1851 986 1892 ne
1010 1828 1092 1892 forte
1117 1827 1235 1892 talibus
1259 1829 1395 1914 precisis
1420 1827 1492 1915 plus
1509 1828 1740 1915 perturbentur
1763 1829 1880 1892 infirmi
1904 1828 1993 1911 boni,
2018 1852 2119 1915 quam

461 1935 665 2020 corrigantur
694 1936 831 1999 animosi
859 1935 944 1999 mali.
992 1934 1151 2000 adhaec
1175 1933 1277 1999 verba
1300 1934 1378 1999 mihi
1403 1945 1480 2000 ωηο
1504 1937 1707 2000 satisfactum
1731 1946 1790 2000 est.
1837 1935 1960 2000 Verum
1992 1937 2118 2023 penitet

459 2065 511 2105 mo
535 2055 611 2106 tunc
629 2065 693 2105 non
710 2041 832 2106 dixisse
856 2041 911 2124 illi,
938 2042 1024 2130 quod
1048 2065 1133 2106 nunc
1158 2041 1217 2106 tibi
1242 2041 1326 2124 dico,
1351 2053 1464 2128 utpote
1488 2042 1574 2106 illius
1597 2042 1743 2128 legitimo
1767 2044 1966 2106 successori:
1992 2053 2062 2106 esto
2083 2055 2118 2106 ut
2141 2068 2166 2107 rs

459 2171 525 2212 non
548 2148 679 2212 valeant
703 2150 988 2231 excommunicari,
1020 2147 1206 2235 predicetur
1230 2148 1345 2213 saltem
1369 2149 1410 2214 de
1435 2151 1516 2230 istis,
1544 2151 1628 2214 sicut
1652 2149 1692 2214 de
1717 2148 1885 2215 maledicis
1909 2159 1942 2214 et
1966 2148 2115 2228 ebriosis,

460 2255 547 2342 quod
577 2278 713 2341 regnum
744 2256 810 2319 Dei
839 2255 1006 2341 possidere
1041 2279 1104 2320 non
1135 2266 1300 2342 poterunt,
1337 2257 1364 2318 si
1395 2257 1428 2319 in
1459 2255 1515 2320 tali
1547 2256 1717 2342 sacrilegio
1749 2255 1987 2343 perdurabunt,
2020 2255 2115 2342 quale

460 2363 593 2427 damnat
622 2362 656 2426 in
687 2363 753 2426 suis
784 2361 925 2426 decretis
955 2385 1042 2448 papa
1066 2374 1098 2426 et
1121 2373 1245 2448 martyr
1268 2360 1432 2446 Urbanus,
1458 2363 1514 2449 qui
1538 2385 1590 2427 res
1614 2363 1876 2428 aecclesiasticas
1901 2364 2117 2428 communiter

461 2481 493 2533 ct
516 2467 692 2555 apostolice
717 2466 904 2532 viventibus
928 2469 1111 2555 ceterisque
1142 2469 1222 2533 nihil
1251 2468 1448 2533 habentibus
1473 2470 1518 2533 ita
1541 2469 1712 2556 predicat²
1735 2467 1777 2533 ab
1802 2470 1957 2556 episcopo
1982 2470 2114 2556 suisque

460 2577 614 2640 ministris
646 2575 870 2658 conferendas,
902 2586 937 2639 ut
967 2575 1143 2661 sacrilegos
1174 2574 1297 2639 indicet
1326 2577 1382 2662 qui
1413 2577 1445 2639 in
1475 2575 1555 2641 alios
1580 2599 1656 2640 usus
1680 2577 1880 2641 transferunt
1904 2599 1970 2641 eas.
2019 2576 2116 2657 Quod
2136 2604 2163 2642 so

460 2683 583 2747 faciunt
614 2682 779 2748 seculares
811 2682 931 2764 cleriei,
964 2669 1178 2746 eornmuniter
1207 2681 1360 2746 habenda
1390 2683 1474 2747 male
1506 2683 1705 2748 fraudantes.
1752 2683 1908 2748 Prohibet
1932 2685 2019 2748 eninr
2044 2707 2115 2770 pre·

460 2790 565 2855 dictus
590 2801 713 2876 martyr
737 2788 796 2854 sub
821 2789 1037 2870 anathemate,
1062 2811 1102 2852 ne
1126 2789 1199 2874 quis
1223 2789 1469 2854 aecclesiastica
1490 2789 1578 2855 bona
1602 2789 1771 2854 subtrahat
1794 2791 1957 2855 communi
1982 2803 2015 2854 et
2038 2814 2115 2876 apo-

294 2920 440 2970 statas.
461 2896 593 2961 stolicae
618 2899 714 2978 vitae,
744 2897 828 2961 sicut
850 2896 997 2960 Ananias
1022 2907 1054 2959 et
1079 2894 1218 2981 Saphira
1241 2896 1398 2978 fecerunt,
1424 2896 1555 2961 ntideo
1579 2899 1698 2961 mortui
1722 2897 1920 2978 ceciderunt,
1945 2897 2043 2961 Petro
2069 2899 2115 2961 in-

461 3013 625 3088 crepante,
649 3005 741 3068 cuius
765 3015 797 3067 te
821 3002 926 3084 decet,
957 3013 1060 3088 pater,
1085 3003 1225 3087 vestigia
1249 3025 1380 3067 servare
1404 2999 1605 3090 increpando
1630 3027 1695 3086 eos,
1721 3015 1953 3090 aeternamque
1976 3017 2116 3068 mortem

460 3109 649 3174 intentando
672 3108 745 3191 illis,
770 3110 826 3196 qui
850 3110 992 3173 scienter
1015 3133 1054 3172 ae
1078 3119 1199 3173 temere
1225 3108 1359 3174 obviant
1382 3110 1523 3197 predicti
1546 3133 1652 3197 papae
1678 3133 1716 3175 ac
1733 3111 1884 3196 martyris
1908 3112 2114 3192 institutioni,
2135 3138 2162 3177 ss

459 3238 519 3302 per
543 3238 653 3280 omnes
678 3215 854 3280 aecclesias
878 3217 1030 3280 matrices
1055 3238 1260 3280 communem
1284 3217 1384 3280 vitam
1408 3217 1562 3280 firmanti.
1610 3217 1683 3282 Non
1707 3229 1815 3281 autem
1839 3217 1990 3282 sufficere
2016 3219 2115 3282 credo

384 3347 440 3390 us.
459 3321 502 3388 ad
524 3323 687 3409 prenotati
710 3322 853 3386 mandati
871 3321 1100 3404 obedientiam,
1125 3322 1212 3409 quod
1237 3325 1362 3387 accessi
1386 3323 1428 3387 ad
1446 3323 1659 3406 sacerdotem,
1685 3325 1740 3410 qui
1764 3324 1825 3388 fuit
1848 3326 1881 3388 in
1899 3323 2016 3388 diebus
2041 3324 2114 3406 illis,

299 3455 439 3504 nautam.
458 3429 539 3494 nihil
562 3429 701 3494 offerens
725 3429 771 3493 illi
795 3429 835 3493 de
859 3427 1006 3515 frugibus
1031 3428 1083 3493 vel
1113 3430 1242 3516 frugum
1274 3431 1433 3516 primitiis,
1464 3453 1545 3517 quas
1576 3432 1608 3494 in
1641 3430 1773 3495 cartallo
1804 3431 1973 3517 ponendas
2005 3443 2038 3496 et
2069 3434 2115 3496 sic

459 3535 642 3601 offerendas
666 3535 778 3600 divina
801 3537 934 3601 mandat
956 3539 1142 3601 auctoritas.

500 3653 504 3660 '
566 3641 694 3708 Idcirco
718 3642 806 3729 quod
829 3666 1027 3729 recognosco
1044 3667 1095 3707 me
1113 3655 1190 3708 ωηο
1207 3645 1312 3707 minus
1329 3643 1457 3726 fecisse,
1483 3667 1579 3726 nunc,
1605 3644 1781 3708 adiuvante
1799 3644 1952 3726 Domino,
1971 3645 2116 3710 conabor
2134 3673 2161 3710 ao

459 3750 621 3837 supplere.
668 3749 706 3812 ln
731 3751 874 3836 presenti
897 3751 1016 3814 etenim
1040 3748 1148 3815 libello
1165 3749 1254 3814 velut
1277 3751 1310 3813 in
1327 3749 1460 3814 cartallo
1486 3748 1544 3813 tibi
1568 3750 1712 3836 legitimo
1737 3751 1899 3815 sacerdoti
1917 3752 2017 3816 offero
2043 3775 2114 3816 sen-

459 3858 577 3920 tentias
601 3855 652 3920 vel
677 3857 836 3942 primitias
859 3856 900 3920 de
925 3859 1050 3921 cunctis
1074 3858 1155 3922 meis
1179 3856 1352 3943 opusculis,
1381 3879 1439 3942 pro
1464 3855 1582 3942 quibus
1606 3856 1867 3943 persecutionem
1891 3860 1997 3944 patior
2021 3881 2041 3923 a
2065 3883 2114 3923 se-

282 3989 440 4040 accusare.
460 3962 624 4029 cularibus
649 3963 787 4028 clericis.
822 3963 999 4049 Postquam
1024 3964 1110 4027 enim
1135 3963 1284 4049 exemplo
1297 3964 1405 4028 Ysaac
1429 3964 1635 4050 patriarchae
1660 3965 1733 4050 cepi
1756 3975 1872 4050 puteos
1897 3988 1917 4028 a
1939 3966 2113 4030 Palestinis

460 4070 556 4134 humo
587 4070 727 4156 repletos
759 4093 913 4156 purgare,
945 4080 977 4133 et
1008 4070 1130 4134 eisdem
1164 4069 1349 4134 nominibus
1381 4069 1500 4156 quibus
1530 4083 1624 4156 pater
1654 4094 1709 4135 eos
1741 4071 1965 4158 appellaverat
1995 4074 2112 4137 iterum

459 4177 634 4263 appellare,
664 4176 697 4240 id
722 4189 780 4259 est,
812 4187 983 4264 postquam
1006 4177 1105 4240 vitam
1131 4176 1314 4242 clericalem
1339 4177 1519 4263 regularem
1544 4187 1642 4264 atquc
1668 4177 1868 4265 spiritualem
1894 4179 2157 4245 determinamus

460 4284 562 4369 coepi,
594 4294 797 4370 sequestrata
827 4283 868 4348 ab
898 4282 984 4348 illius
1008 4285 1094 4348 ritae
1125 4285 1265 4371 puritate
1296 4295 1498 4348 terrenorum
1529 4287 1693 4371 congerie,
1725 4308 1809 4372 quae
1839 4287 1925 4349 veris
1954 4285 2112 4350 Israelitis

460 4388 597 4454 obstruit
620 4413 737 4454 venam
761 4413 864 4476 aquae
888 4392 995 4470 vivae,
1027 4391 1145 4477 iurgati
1176 4400 1250 4454 sunt
1279 4401 1391 4454 eontra
1416 4413 1466 4454 me
1490 4403 1638 4478 pastores
1664 4391 1798 4474 Gerare,
1823 4390 1969 4455 volentes
1994 4416 2045 4457 me
2070 4393 2111 4456 de
2155 4429 2158 4432 ·

459 4507 546 4560 terra
576 4496 751 4583 expellere,
781 4498 836 4583 qui
866 4491 983 4561 norhen
1014 4496 1207 4562 secularium
1239 4498 1430 4562 clericorum
1459 4498 1613 4562 auderem
1639 4498 1812 4584 repudiare
1837 4507 1934 4584 atque
1958 4499 2031 4562 illos
2055 4523 2111 4563 an-

459 4603 552 4668 cillae
576 4604 650 4667 filiis
669 4625 888 4691 presurnerem
907 4627 1106 4689 comparare.
1142 4605 1187 4669 Ut
1203 4616 1311 4669 autem
1326 4603 1491 4685 facillime,
1517 4628 1535 4668 o
1559 4617 1662 4690 pater,
1688 4605 1873 4669 discernere
1890 4603 2011 4687 valeas,
2030 4629 2111 4692 quos

458 4709 532 4774 filiis
556 4708 678 4774 liberae
703 4721 735 4774 ct
758 4734 839 4796 quos
864 4709 999 4774 ancillae
1024 4713 1190 4796 assignare
1215 4710 1346 4792 debeas,
1376 4713 1421 4774 ita
1444 4710 1553 4796 placet
1576 4710 1750 4776 subiuncta
1773 4711 1934 4794 ordinare,
1959 4725 1995 4776 ut
2019 4713 2111 4792 duos,
2131 4741 2157 4779 ro

458 4840 557 4880 unum
583 4816 772 4899 secularem,
797 4817 932 4880 alterum
956 4816 1139 4902 regularem
1157 4828 1417 4903 representamus
1435 4817 1648 4903 disputantes,
1667 4829 1698 4881 ct
1715 4821 1808 4904 quasi
1831 4831 1983 4904 presente
2006 4831 2111 4884 matre

459 4923 572 5006 libera,
597 4926 687 4988 cuius
712 4936 743 4988 te
767 4923 895 4987 <totilum
927 4925 1199 5009 recognoscimus,
1231 4924 1276 4986 ita
1305 4925 1445 4988 invicem
1473 4923 1631 5008 ludentes,
1657 4937 1691 4988 ut
1714 4935 1861 4988 materna
1884 4926 2000 5011 pietas,
2026 4951 2111 5013 quac

375 5056 438 5098 *aa
460 5032 511 5094 *in
535 5043 567 5094 te
592 5041 654 5112 est,
686 5041 821 5116 cogatur
850 5040 1018 5116 paternam
1049 5033 1257 5094 severitatem
1287 5033 1441 5112 excitare,
1473 5054 1514 5094 ne
1546 5031 1630 5095 ultra
1660 5033 1794 5117 patiaris
1825 5033 1858 5094 in
1889 5032 1984 5096 donro
2016 5034 2111 5098 simul

457 5136 605 5202 habitare
622 5149 775 5224 tanquam
793 5136 979 5218 coheredes,
998 5161 1078 5223 quos
1094 5149 1242 5201 matema
1258 5135 1410 5200 nobilitas
1428 5138 1479 5201 vel
1504 5137 1691 5224 ignobilitas
1711 5138 1790 5202 facit
1806 5138 1901 5202 valde
1927 5139 2110 5204 dissimiles.

279 5272 438 5322 ursianam.
457 5243 604 5309 Alterum
635 5246 755 5330 quippe
786 5245 898 5329 genuit
928 5245 1098 5330 promissio
1124 5243 1243 5308 Christi
1275 5243 1412 5308 dicentis
1443 5245 1476 5307 in
1506 5245 1694 5330 euangelio:
1727 5245 1837 5310 llmur's
1867 5250 1926 5332 qui
1948 5249 2114 5332 reliquerit
2131 5275 2156 5314 rs

458 5352 593 5432 ristulum,
617 5377 721 5439 apros.
747 5363 778 5414 et
795 5361 912 5431 cetera,
933 5367 1064 5437 prrrpter
1079 5377 1187 5416 sirriaco
1211 5376 1320 5431 naemu,
1344 5367 1371 5416 et
1387 5366 1521 5437 propter
1544 5355 1751 5440 orroupelt'um,
1776 5354 1951 5438 ‹uerituplum
1975 5357 2112 5439 ‹rcer'pe'et

569 5606 596 5682 l)
622 5609 670 5680 Us.
694 5609 741 5665 De
765 5608 872 5686 edificio
896 5609 953 5664 Da·
976 5629 998 5664 ο.
1018 5609 1068 5679 ll,
1092 5629 1182 5684 supra
1200 5629 1232 5684 p.
1255 5610 1325 5664 178.
1419 5607 1449 5681 2>
1474 5608 1568 5682 Epist.
1594 5609 1618 5677 I,
1644 5631 1665 5665 ο.
1695 5611 1722 5665 3.
1749 5613 1778 5681 4,
1806 5611 1958 5668 Ilirrsrlrius
1977 5632 2009 5686 p.
2031 5613 2110 5681 144,-

458 5716 497 5786 cs.
522 5734 611 5789 aspra
630 5735 662 5789 p.
684 5714 847 5771 177.193.
