4418 6412
405 407 470 471 350
697 413 876 469 GERHOHI
900 411 1134 469 PRAEPOSITI
1158 409 1566 472 Rnlcneaseeuauusls
1590 411 1757 466 LIBELLI.

403 604 595 688 reperiemus
618 603 780 666 canusima
804 601 1047 689 quadragesimo
1070 603 1165 666 tercio
1188 624 1271 666 anno
1294 626 1314 665 a
1338 599 1477 679 Seleuco,
1508 603 1567 686 qui
1580 602 1711 688 primm
1737 600 1884 686 reposuit
1912 600 1946 662 in
1969 596 2049 662 Sirio

398 723 473 795 post
494 707 714 772 Alexandrum
738 710 912 795 inpressum
935 707 1124 772 Antiochum
1148 707 1364 773 Ierosolimam
1391 709 1537 771 unirreraa
1568 720 1706 774 vastasse
1735 728 1956 790 reversumque
1978 729 2051 768 anno

307 835 384 887 aar.
403 817 498 880 tercio
522 816 557 879 in
580 815 693 900 templo
710 816 858 899 posuisse
880 828 1012 879 statuam
1030 813 1117 878 Iouis
1140 829 1168 878 ct
1192 838 1287 900 usque
1309 814 1355 878 ad
1374 813 1489 878 Indum
1515 812 1747 893 ‘Macbabeum
1771 812 1811 878 id
1832 827 1878 876 est
1899 835 1996 896 usque
2017 812 2054 875 ad

403 946 520 986 annum
550 922 747 986 centesimum
775 919 941 1000 XLVIII,
968 945 1029 1006 per
1058 945 1157 986 annos
1187 922 1344 985 uastitatis
1366 920 1539 986 Iemrsalcm
1564 920 1622 1002 VI,
1653 920 1932 986 contaminationis
1961 931 2055 982 autem

403 1029 515 1114 tenqoli
535 1042 596 1092 tres
620 1027 682 1091 duo
705 1028 798 1091 milia
822 1041 970 1092 trecentos
994 1027 1062 1092 dies
1085 1042 1114 1092 et
1135 1026 1198 1090 III
1208 1051 1327 1092 meuses
1350 1051 1413 1092 esse
1437 1029 1613 1114 completos,
1630 1042 1706 1114 post
1729 1050 1807 1112 quos
1822 1025 1973 1112 templum
1982 1047 2083 1110 pur-s

400 1149 508 1222 potunt
531 1149 583 1199 cst.
634 1133 771 1211 Quidam
795 1157 861 1220 pro
891 1133 1011 1199 duobus
1040 1135 1171 1200 milibus
1198 1133 1285 1198 000
1308 1133 1486 1198 duomilia
1513 1133 1571 1198 00
1593 1135 1706 1220 lapaut,
1736 1158 1775 1198 ne
1804 1157 1860 1197 scs
1883 1133 1981 1196 artatis
2003 1145 2059 1194 tres

380 1231 521 1305 'menses
550 1264 710 1327 superesse
739 1239 916 1306 uideantur.
964 1241 1059 1305 Hursc
1089 1243 1200 1320 locum,
1232 1241 1278 1304 ait
1307 1239 1395 1303 idem
1418 1239 1609 1321 Ieroniinus,
1633 1241 1784 1326 plerique
1812 1253 1992 1303 nostrorum
2022 1238 2063 1300 od

403 1347 632 1412 Antichristum
656 1348 802 1434 referunt
824 1362 853 1412 et
874 1347 961 1432 quod
981 1349 1037 1412 sub
1053 1347 1208 1412 Antiocho
1231 1350 1265 1411 in
1289 1362 1361 1433 tppo
1370 1348 1500 1435 factum
1523 1360 1567 1411 est
1588 1348 1644 1412 sub
1668 1347 1726 1412 illo
1749 1349 1785 1414 in
1800 1347 1932 1410 ueritate
1958 1343 2065 1408 dicunt

255 1477 384 1527 musas.
404 1479 468 1518 esse
492 1453 717 1540 complendum.
769 1453 862 1531 Quod
882 1469 982 1518 audem
1012 1455 1131 1542 infert:
1162 1454 1383 1519 ‘Mandabitur
1404 1453 1642 1535 sanemarium',
1666 1453 1747 1520 Iade
1769 1453 1946 1520 Macbabei
1966 1452 2064 1538 sip-rti-

397 1562 478 1648 ficut
505 1575 654 1646 tempora,
685 1563 745 1646 qui
765 1561 803 1625 de
827 1563 895 1625 uico
919 1560 1044 1640 Modin,
1068 1562 1236 1649 fratribus
1258 1587 1296 1626 ac
1313 1563 1509 1648 propinquis
1539 1585 1641 1626 secum
1668 1561 1882 1628 annitentibus
1906 1573 1936 1622 et
1959 1559 2067 1621 multis
2085 1581 2105 1618 ιο

404 1666 443 1731 de
459 1668 582 1754 populo
606 1667 786 1747 Iudeornnr,
810 1667 964 1732 Antiochi
985 1668 1078 1732 eluces
1101 1682 1230 1754 superat
1251 1670 1341 1732 irrata
1356 1667 1520 1748 Emmaus,
1544 1692 1602 1753 que
1625 1692 1707 1731 nunc
1722 1667 1894 1754 Nicopolis
1918 1664 2066 1728 dicitur'.

403 1772 476 1837 Hec
500 1783 631 1837 sanctus
655 1773 846 1838 ieronimus.
881 1772 927 1837 At
942 1773 1108 1855 Porfirius,
1133 1774 1283 1838 inimicus
1305 1772 1384 1837 fidei
1406 1783 1547 1854 nostrae,
1572 1773 1633 1837 hec
1657 1772 1773 1837 eadem
1797 1783 1829 1840 et
1852 1781 1979 1853 cetera,
2005 1792 2068 1856 que

403 1878 444 1943 de
464 1877 627 1944 Antiocho
651 1880 799 1966 principe
822 1902 882 1966 per
905 1879 1045 1944 eundem
1068 1879 1242 1944 Danielem
1265 1879 1459 1966 prophetata
1482 1889 1566 1961 sunt,
1590 1881 1636 1944 ita
1660 1878 1700 1943 de
1715 1878 1880 1946 Antiocho
1905 1878 2069 1963 interpre-

403 1987 466 2051 tari
489 1987 621 2050 nititur¹
643 2009 717 2051 cum
738 1985 910 2074 prophetia
933 2009 985 2051 res
1009 1997 1118 2072 gestas
1142 1986 1350 2068 conferendo,
1374 1997 1410 2051 ut
1432 1987 1573 2074 penitus,
1598 1997 1753 2072 quantum
1777 1987 1811 2050 in
1835 1987 1909 2072 ipso
1933 1993 1998 2064 est,
2023 1985 2069 2046 in·

403 2092 569 2157 tellectum
593 2093 753 2158 eeclesiae
776 2093 817 2157 de
833 2092 1036 2158 Antichristo
1061 2105 1209 2176 evacuet,
1233 2095 1318 2158 sicut
1335 2093 1539 2180 prophetiam
1563 2115 1692 2179 quoque
1716 2091 1757 2156 de
1777 2090 1910 2160 Christo
1933 2092 1971 2154 iu
1996 2090 2069 2154 aliis
2090 2114 2113 2152 a

404 2199 598 2285 completam
621 2222 692 2264 esse
717 2199 893 2264 contendit.
940 2199 1008 2264 Nos
1031 2222 1110 2264 vero
1135 2199 1298 2264 oredimus
1321 2200 1452 2264 domino
1475 2199 1552 2263 Iesu
1579 2199 1674 2285 longe
1702 2209 1776 2285 post
1798 2197 1958 2266 Antiochi
1983 2219 2069 2261 mor·

403 2316 469 2370 tem
493 2304 615 2370 dicenti
638 2306 844 2393 prophetiam
866 2307 1016 2371 Danielis
1040 2306 1081 2370 de
1105 2305 1345 2372 abominatione
1370 2305 1580 2372 desolationis
1604 2304 1710 2370 adhue
1734 2307 1769 2370 in
1791 2305 1938 2372 aarum
1964 2304 2068 2368 fuisse

404 2412 641 2498 complendam.
686 2412 744 2477 Ait
774 2414 861 2477 enim
885 2412 1053 2500 discipulis
1078 2412 1118 2477 de
1142 2413 1342 2500 temporibus
1366 2423 1398 2478 et
1421 2414 1523 2499 signis
1547 2412 1743 2477 destruenda
1767 2413 1911 2477 civitatis
1935 2411 2069 2480 Iemsa-

226 2545 384 2595 uatunns.
403 2519 468 2584 lem
492 2531 524 2584 et
547 2521 833 2584 consummationis
864 2519 966 2584 seculi
996 2519 1252 2606 inquirentibus:
1281 2520 1359 2585 Cum
1382 2521 1529 2586 videritis
1551 2521 1813 2586 abominationem
1844 2521 2069 2598 desolationis,

404 2652 463 2713 que
487 2628 570 2692 dicta
596 2642 640 2692 est
661 2655 681 2691 a
699 2627 834 2692 Daniele
843 2629 1012 2714 propbeta,
1035 2642 1163 2692 stantem
1188 2631 1222 2692 in
1240 2629 1306 2693 loeo
1328 2643 1434 2693 sancto
1457 2638 1490 2691 et
1513 2627 1703 2712 interposito
1727 2629 1786 2712 qui
1807 2627 1883 2713 lepit
1907 2627 2070 2712 irrtallipot
2088 2649 2114 2688 so

311 2759 384 2801 mre.
405 2733 445 2797 do
469 2732 670 2820 temporibus
694 2731 872 2798 obsidionis
896 2732 1065 2798 subiunxit
1087 2733 1218 2799 disens:
1248 2735 1345 2814 Trurc,
1369 2737 1427 2820 qui
1448 2737 1482 2799 in
1506 2734 1606 2798 ludeo
1629 2748 1710 2816 suant,
1727 2735 1864 2822 sapiant
1888 2736 1923 2798 in
1947 2747 2069 2800 marites

405 2849 437 2903 et
460 2849 579 2904 cetera.
625 2840 740 2930 Itaque
764 2839 943 2904 secundum
967 2838 1051 2905 hane
1073 2862 1139 2905 non
1163 2841 1266 2905 solum
1290 2839 1448 2923 Danielis,
1473 2840 1532 2904 sed
1555 2851 1587 2905 et
1610 2839 1733 2904 domini
1756 2839 1831 2904 Iesu
1854 2838 2068 2925 prophetiam

404 2944 601 3010 abominatio
626 2945 834 3010 desolationis
863 2945 1007 3010 secundo
1037 2969 1097 3033 per
1126 2945 1248 3011 idolum
1278 2947 1500 3012 manufactum
1530 2948 1564 3011 in
1587 2946 1708 3034 templo
1732 2945 1931 3012 ierosolimis
1964 2939 2067 3024 stetit,

404 3051 545 3139 quando,
569 3063 605 3116 ut
628 3051 724 3138 longe
749 3075 847 3138 supra
870 3075 890 3116 a
913 3051 1007 3117 nobis
1024 3053 1222 3136 dictumest,
1240 3051 1343 3117 Gaius
1360 3051 1667 3139 cesarimaginibus
1691 3055 1758 3118 suis
1782 3052 1880 3118 illatis
1904 3053 2067 3138 templum

280 3171 384 3222 Pluton
404 3158 569 3245 profanari
599 3159 702 3223 iussit.
749 3157 844 3223 Unde
868 3158 961 3223 Philo
992 3158 1115 3241 scribit,
1144 3160 1232 3246 quod
1256 3169 1288 3224 et
1311 3183 1409 3247 supra
1434 3161 1652 3225 inseruimus²
1675 3172 1707 3225 et
1730 3182 1815 3224 nunc
1846 3160 1967 3224 iterare
2000 3182 2067 3226 non
2086 3183 2112 3223 a

404 3267 510 3352 piget:
540 3266 655 3347 Malta,
686 3265 801 3351 inquit,
833 3269 867 3330 in
892 3265 976 3331 Gaio
1001 3269 1126 3354 tumenti
1139 3270 1300 3354 prauitas,
1333 3293 1395 3354 qua
1420 3293 1494 3354 erpa
1518 3292 1622 3332 omncs
1646 3268 1792 3348 bominac,
1823 3282 1887 3331 tum
1905 3270 2066 3354 precepta

404 3397 479 3459 erpa
509 3372 679 3438 Iudeornm
706 3387 825 3460 pentem
848 3375 1028 3460 ferebatur,
1059 3389 1088 3438 et
1115 3376 1253 3460 speciali
1280 3375 1418 3460 quadam
1449 3377 1561 3440 sevitia
1593 3376 1660 3439 loca
1692 3399 1812 3454 aarum,
1848 3399 1908 3460 que
1939 3375 2066 3440 diuinis

404 3463 516 3545 babent
543 3481 829 3566 supplicationibus
859 3495 1047 3561 consecratu,
1078 3483 1236 3566 incip-iens
1265 3484 1305 3544 ab
1328 3481 1532 3547 Alexandria
1556 3482 1664 3568 dirupi
1688 3495 1716 3546 et
1738 3495 1845 3545 couno
1875 3482 2064 3569 relipioncm

404 3611 580 3672 moremque
593 3589 694 3672 peritis
703 3588 888 3674 profanari
909 3589 992 3651 iubet
1013 3589 1125 3652 statuis
1147 3590 1215 3652 arses
1238 3603 1266 3653 et
1288 3590 1390 3676 siquis
1412 3614 1448 3653 ca
1472 3603 1564 3674 atque
1587 3589 1781 3675 imaginibus
1796 3588 1930 3674 replens.
1973 3587 2063 3654 Tem·

399 3695 491 3780 plum
515 3717 635 3779 quoqne
658 3708 783 3758 sanctae
805 3695 954 3773 ciuitatis,
977 3694 1063 3778 quod
1083 3695 1184 3758 solum
1207 3696 1352 3760 marcebat
1373 3697 1466 3760 totius
1474 3696 1619 3783 prosam
1642 3697 1837 3782 contapionis
1860 3697 2012 3759 intactum
2035 3710 2065 3760 et
2083 3719 2108 3760 n

403 3826 424 3864 a
446 3801 622 3864 maioribus
639 3800 874 3887 perduraverat
902 3801 1029 3880 asilum,
1061 3814 1248 3865 commutare
1277 3804 1311 3866 in
1335 3803 1482 3888 templum
1498 3804 1637 3888 proprii
1663 3803 1801 3866 nominis
1830 3825 1928 3866 ausus
1951 3816 2006 3882 est,
2029 3817 2064 3866 ut

227 3919 385 3986 Iosephus&
404 3907 476 3971 edes
498 3906 585 3971 Iouis
609 3920 638 3971 et
658 3908 853 3972 nobiliss-imi
880 3909 957 3971 noui
985 3907 1040 3971 dei
1062 3906 1145 3972 Gaii
1170 3923 1341 3971 uocaretur.
1389 3906 1548 3994 losephus
1573 3929 1712 3994 quoque,
1738 3905 1824 3993 quod
1848 3905 1937 3972 idem
1961 3931 2061 3994 snpra

404 4013 654 4077 memoravimus
663 4019 683 4094 ²,
708 4015 743 4076 in
765 4012 909 4077 seeundo
926 4012 1052 4077 Iudaici
1076 4012 1153 4078 belli
1176 4011 1260 4076 libro
1276 4012 1360 4077 Iuda
1375 4012 1504 4078 Philoni
1525 4012 1671 4078 scribens
1689 4014 1783 4078 dicit:
1809 4014 1843 4078 Is
1866 4030 1981 4095 autem,
2005 4018 2064 4101 qui

404 4122 519 4185 missus
549 4135 593 4184 est
622 4145 640 4184 a
667 4119 795 4184 Tiberio
824 4123 859 4184 in
882 4119 1013 4184 Iudcarn
1031 4135 1224 4207 procurator
1246 4119 1381 4201 Pilutus,
1412 4136 1501 4186 noctu
1533 4123 1651 4186 aelatus
1681 4122 1856 4209 introferri
1875 4121 2060 4186 lerosolime

403 4229 558 4314 irnoyines
589 4229 707 4291 cesaris
741 4229 826 4292 iubet
852 4253 890 4291 ac
920 4229 1023 4292 statui.
1082 4225 1175 4304 Quod
1203 4229 1260 4292 ubi
1287 4227 1355 4292 dies
1387 4243 1512 4292 ecortns
1541 4243 1585 4293 est
1618 4251 1766 4315 mapmm
1787 4230 2059 4315 perturbationem
2081 4251 2106 4298 tt

399 4335 533 4420 populis
560 4335 708 4398 oscitavit
731 4333 900 4398 Iudcorurn
926 4335 1119 4420 stupentibus
1142 4347 1170 4398 et
1185 4336 1382 4419 perturbatis
1405 4335 1451 4398 ad
1471 4359 1584 4399 reorum
1600 4336 1728 4423 faciem
1750 4360 1865 4400 rernm.
1912 4333 1987 4399 Heo
2011 4357 2059 4398 se-

405 4437 513 4503 cunda
535 4437 615 4503 idoli
636 4440 671 4503 in
693 4438 813 4525 templo
838 4438 998 4502 materiali
1020 4440 1139 4525 positio
1163 4438 1205 4502 ad
1228 4439 1448 4526 impletionem
1471 4440 1640 4526 prophetie
1656 4440 1805 4505 Danielis
1828 4463 1868 4505 ao
1884 4439 2061 4505 verborum

307 4572 384 4622 aas.
404 4545 538 4609 Domini
569 4545 719 4610 sufficere
743 4545 848 4609 videri
877 4556 1002 4633 posset,
1033 4547 1096 4610 nisi
1127 4544 1417 4610 *abominationem
1447 4545 1656 4611 desolationis
1686 4548 1720 4612 in
1750 4546 1870 4632 templo
1902 4557 2060 4612 staturam

226 4678 385 4729 maumas.
404 4651 576 4738 predicens
600 4650 786 4738 parabolice
810 4674 845 4716 se
868 4651 957 4739 loqui
980 4653 1130 4717 innueret
1153 4653 1187 4715 in
1210 4674 1259 4734 eo,
1284 4651 1372 4738 quod
1394 4653 1603 4740 interposuit:
1631 4653 1697 4732 Qui
1718 4656 1801 4742 lepit,
1824 4653 1987 4739 inquiens,
2011 4657 2059 4720 in-

404 4760 533 4845 telliqat.
579 4757 653 4822 Hoc
677 4759 763 4822 enim
787 4780 860 4822 cum
877 4757 958 4823 dicit
981 4759 1064 4824 sieut
1087 4759 1167 4823 alias
1191 4781 1266 4822 cum
1288 4781 1383 4824 aures
1407 4759 1561 4824 audiendi
1584 4760 1721 4847 requirit
1735 4759 1846 4824 verbis
1862 4759 2059 4847 parabolicis
2079 4785 2107 4826 to

404 4863 545 4952 quedam
568 4863 703 4928 subesse
727 4864 827 4951 digua
850 4866 935 4929 scitu
957 4866 1102 4930 misteria
1127 4866 1242 4930 innuit.
1288 4865 1341 4929 De
1365 4864 1515 4952 qualibus
1545 4867 1623 4932 item
1653 4868 1724 4954 ipse
1749 4877 1989 4955 consequenter
2010 4890 2059 4931 re·

259 4999 342 5048 nass,
352 4998 385 5039 ιο.
404 4971 541 5058 quisitus
571 4971 617 5034 ait
647 4969 830 5056 discipulis:
870 4973 964 5038 Vobis
999 4973 1105 5038 donem
1136 4987 1180 5037 est
1212 4997 1300 5038 nosse
1331 4975 1505 5039 misterium
1534 4977 1628 5062 rapui
1649 4975 1722 5056 Dei,
1752 4977 1862 5040 cetera
1891 4989 1995 5041 auum
2025 4976 2057 5040 in

397 5079 576 5165 parabolis.

332 5229 384 5278 (a).
647 5203 700 5266 44.
735 5201 794 5266 De
816 5202 1003 5268 Hireano
1028 5213 1066 5268 et
1088 5203 1334 5268 Aristobulo
1357 5203 1566 5269 fratribus
1590 5206 1812 5291 germanis.

510 5326 627 5414 Itaque
651 5328 735 5392 sicut
757 5328 902 5392 misteria
925 5329 1018 5414 regni
1034 5329 1100 5392 Dei
1123 5329 1243 5392 sanctis
1266 5329 1431 5416 inquirere
1455 5328 1498 5394 ad
1520 5329 1598 5393 fidei
1614 5328 1892 5394 confirmationem
1915 5329 1995 5395 utile
2020 5352 2058 5396 ac
2077 5356 2105 5394 a

405 5431 599 5499 delectabile
631 5444 692 5516 est,
728 5435 773 5498 ita
803 5444 835 5498 et
864 5436 1009 5498 misteria
1039 5435 1237 5538 operationis
1267 5444 1380 5500 satana
1411 5458 1469 5521 pro
1493 5437 1631 5500 veritate
1662 5437 1895 5522 scripturarum
1926 5435 2058 5504 demon·

511 5613 538 5678 a)
559 5616 637 5667 minio
655 5617 683 5666 in
701 5633 779 5683 marg.
799 5633 819 5668 c.

515 5760 543 5832 1)
569 5761 670 5820 Nescio
692 5761 745 5819 ubi.
838 5761 869 5831 2)
896 5760 946 5834 Of.
970 5781 1059 5837 supra
1083 5779 1107 5819 ο.
1126 5761 1155 5832 4,
1174 5781 1207 5837 p.
1227 5760 1299 5817 313.
