4568 6428
657 449 709 503 DE
734 447 958 503 APOSTATIS.
1006 447 1142 504 SUMMA
1166 448 1324 504 GLORIA.

821 637 873 698 23.
913 633 1148 699 Conclusio.

272 757 399 842 Igitur⁸
430 757 617 842 transfugae
648 757 690 821 ad
721 760 938 822 reversionem
963 769 1087 822 secreto
1112 768 1144 822 ct
1165 757 1284 823 blande
1310 759 1582 844 admoneanturb3
1614 762 1641 824 si
1663 784 1728 826 non
1752 761 1807 826 ob-

163 863 431 949 temperaverint,
455 874 491 927 ut
514 864 698 949 contagium
716 863 899 928 devitentur
922 874 954 928 et
977 862 1017 928 ab
1034 863 1183 928 omnibus
1203 864 1386 930 christianis
1409 879 1446 930 ut
1468 865 1534 952 lupi
1553 865 1594 931 ab
1611 866 1726 932 ovibus
1741 867 1807 932 Dei

164 969 375 1056 repellantur.

695 1273 769 1357 ΙΙΙ.
823 1273 1021 1358 SUMMA
1053 1273 1281 1360 GLORIA.

415 1493 645 1569 'INCIPIT⁰
671 1493 944 1570 PROLOGUS
969 1495 1023 1569 IN
1049 1493 1266 1571 SUMMAM
1294 1495 1561 1572 chomani.
1826 1537 1897 1578 aa.

275 1649 316 1714 N.
339 1649 407 1731 N.⁰,
438 1649 546 1734 pusilli
576 1650 684 1736 gregis
708 1648 850 1713 Christis
875 1648 960 1728 duci,
984 1647 1084 1713 verbo
1109 1660 1141 1713 et
1164 1649 1312 1737 exemplo
1343 1650 1384 1714 ad
1408 1651 1527 1737 pabula
1550 1654 1636 1717 vitae
1660 1656 1806 1739 previoss,

166 1755 355 1820 Honoriush
385 1757 417 1819 in
448 1755 518 1820 loco
548 1755 731 1841 pascue¹·¹,
762 1755 819 1819 ubi
849 1754 928 1819 nihil
958 1755 1070 1838 decrit,
1102 1757 1143 1820 al
1167 1754 1251 1820 bono
1274 1763 1426 1842 pastore²
1448 1757 1567 1822 locari¹
1595 1782 1667 1824 cum
1692 1760 1807 1825 ovibus

166 1873 336 1947 perpetuo.

121 1990 147 2028 ιο
277 1967 363 2048 Quia
385 1968 592 2032 moderamen
615 1969 713 2033 totius
736 1968 868 2032 humani
884 1969 1049 2053 regiminis
1066 1967 1192 2033 duabus
1209 1969 1337 2034 videtur
1352 1972 1509 2056 personis,
1533 1972 1634 2058 regali
1654 1973 1807 2038 scilicetm

169 2085 201 2138 et
225 2073 427 2155 sacerdotali,
458 2076 561 2156 inniti,
586 2074 686 2139 veluti
711 2074 898 2139 ‘machinafl
921 2075 1140 2138 univcrsitatis
1166 2074 1290 2139 duabus
1316 2075 1494 2162 columpnis
1518 2076 1634 2161 fulciri,
1665 2080 1806 2166 iniungis
1825 2104 1903 2145 *aue

168 2180 258 2262 mihi,
283 2203 430 2245 sermone
454 2192 486 2245 ct
510 2183 645 2246 scientia
660 2183 819 2268 imperita,
844 2179 982 2267 pervigil
999 2180 1091 2244 ovilis
1109 2180 1228 2245 Christi
1246 2181 1369 2264 ductor,
1394 2183 1466 2247 stilo
1483 2184 1683 2270 depromere,
1699 2198 1806 2250 utrum

168 2286 305 2351 eaedem
327 2309 484 2373 personae
508 2311 602 2373 pares
626 2289 690 2351 sint
712 2288 746 2350 in
763 2285 900 2351 collat0⁰
924 2288 1125 2373 principatus
1149 2289 1254 2373 apice,
1279 2311 1321 2352 an
1337 2288 1439 2353 altera
1462 2290 1576 2354 alteria
1600 2293 1633 2354 in
1649 2292 1806 2377 dignitate

169 2395 211 2456 sit
233 2393 436 2479 preferenda,
466 2393 518 2457 vel
548 2394 649 2458 altera
673 2393 715 2458 ab
738 2393 860 2458 alterap
885 2395 926 2457 sit
949 2395 1041 2457 iure‘l
1064 2394 1326 2478 constituenda¹3
1358 2395 1465 2481 quod⁸
1491 2399 1574 2461 sicut
1595 2421 1733 2484 magnae
1758 2411 1807 2464 est

120 2523 148 2561 is
169 2499 384 2581 dementiae¹,
412 2499 473 2564 hoc
497 2521 597 2586 grave
621 2498 747 2587 pondus
771 2499 922 2564 invalidis
945 2500 1087 2563 humoris
1111 2499 1194 2564 velle
1219 2500 1326 2564 subire
1336 2512 1360 2583 ¹¹,
1389 2503 1434 2566 ita
1457 2502 1587 2568 videtur
1610 2503 1715 2569 scelus
1739 2505 1806 2570 ido-

168 2606 304 2670 latriaev
334 2605 394 2670 tibi
427 2609 461 2670 in
489 2609 563 2670 vice
594 2605 714 2670 Christi
745 2607 945 2692 imperantiw
974 2605 1059 2670 nolle
1089 2604 1232 2670 obedire.
1290 2606 1355 2672 Sed
1390 2607 1589 2673 tolerabilius
1620 2613 1734 2675 estimo
1765 2610 1806 2676 ob

168 2712 430 2777 benivolentiae¹
453 2712 627 2777 sudoremy
650 2736 701 2776 me
728 2715 830 2798 premi
861 2712 981 2777 iudicio
1012 2713 1222 2798 inperitorum
1245 2713 1298 2778 vel
1321 2713 1514 2797 invidorum,
1547 2739 1644 2802 quam
1673 2717 1736 2782 ob²
1759 2719 1806 2782 in-

169 2818 372 2883 obedientiae
396 2831 581 2906 torporem²
605 2818 717 2883 subrui
741 2841 878 2882 censura
902 2819 1139 2883 studiosorumb
1163 2819 1215 2883 vel
1240 2818 1367 2884 Christo
1392 2820 1590 2886 devotorum.
1639 2823 1725 2904 Quia
1748 2825 1806 2910 igi-

167 2938 220 2988 tur
243 2924 388 3012 plerique
412 2949 529 2990 nornen
553 2927 730 2989 scientiae⁰
756 2924 817 2988 sibi
840 2937 1007 3011 usmpant,
1038 2927 1230 3007 nescientes,
1263 2927 1302 2990 de
1333 2925 1450 3013 quibus
1474 2927 1622 2993 locuntur
1645 2930 1698 2994 vel
1722 2931 1806 2994 affir-
1826 2956 1969 3005 annua.

120 3055 149 3094 ao
167 3044 265 3113 mant,
296 3043 391 3118 atque
422 3033 571 3118 imperita
599 3033 735 3096 scientia
758 3030 845 3117 apud
868 3030 1014 3096 indoctas
1038 3031 1128 3118 vulgi
1152 3056 1246 3096 aures
1269 3033 1422 3098 inflantur
1446 3035 1568 3121 seque‘l
1591 3036 1733 3100 fautores
1758 3059 1805 3101 se·

166 3137 324 3202 cularium
354 3147 569 3224 potestatum⁰
600 3138 780 3201 iactanter‘
810 3137 997 3224 gloriantur,
1029 3149 1211 3224 quatenusg
1241 3139 1354 3204 horum
1384 3141 1575 3227 inpudentia
1601 3144 1805 3229 reprimatur,

166 3243 219 3307 hic
249 3242 377 3307 libellus
407 3243 449 3307 ad
479 3243 633 3308 honorem
657 3245 726 3308 veri
750 3244 859 3330 regish
884 3255 916 3307 et
938 3245 1125 3326 sacerdotis,
1156 3245 1231 3309 Iesu
1255 3245 1385 3328 Christi,
1418 3247 1541 3312 edatm.
1587 3248 1631 3312 Et
1661 3249 1738 3336 quia
1765 3250 1805 3313 de

166 3373 266 3436 regno
291 3361 322 3414 et
347 3349 527 3414 sacerdotio
552 3352 621 3414 eius
646 3361 695 3414 cst
717 3352 862 3430 matoria,
889 3351 930 3414 sit
953 3351 1090 3414 nomen¹
1117 3353 1186 3415 cius
1211 3351 1368 3418 SUMMA
1393 3351 1591 3419 CLORlAl.

683 3560 962 3638 INCIPIUNT¹
991 3561 1286 3638 CAPITULnr.

121 3727 147 3767 aa
359 3699 402 3762 I.¹¹
432 3698 542 3780 Quod,
582 3701 686 3763 sicut⁰
726 3699 891 3785 spiritalep
930 3699 1078 3785 precellit
1115 3699 1274 3782 seculare,
1320 3702 1367 3764 sic
1406 3701 1621 3767 sacerdotium
1659 3704 1806 3791 precellit

343 3912 387 3976 11.
432 3828 660 3992 gffidmhdam
684 3912 841 3998 figurans
865 3911 995 3995 Christi,
1018 3910 1103 3976 Abel
1128 3912 1310 3996 sacerdotii,
1335 3912 1417 3977 Cain
1441 3917 1534 3999 regni
1555 3927 1670 4002 typum
1693 3918 1803 4002 gessit.

326 4018 387 4082 ΙΠ.
435 4017 648 4104 Calumpniar
673 4018 867 4082 invidorum.
1377 4049 1380 4054 ¹

309 4125 386 4190 IIII.
432 4125 591 4211 Depulsio
616 4126 814 4211 scriptoris⁸.

122 4261 149 4298 ao
345 4232 386 4294 V.
433 4231 529 4312 Quod
553 4231 737 4296 sacerdotes
761 4231 806 4295 dii
830 4230 883 4294 vel
906 4231 963 4294 filii
986 4231 1051 4296 Dei
1075 4231 1128 4296 vel
1151 4231 1262 4296 christi
1285 4232 1338 4296 vel
1361 4233 1468 4319 angeli
1493 4234 1652 4299 dicuntur.

273 4445 300 4510 a)
322 4449 390 4500 Ideo
408 4449 433 4499 Α
449 4453 471 4500 1.
555 4445 583 4508 b)
611 4465 698 4500 amon.
721 4448 754 4499 B.
840 4445 865 4510 c)
889 4449 918 4498 ia
942 4467 1020 4515 story.
1045 4449 1105 4499 odd.
1130 4449 1270 4501 Honorius
1288 4450 1321 4501 B.
1406 4449 1434 4512 d)
1460 4453 1561 4518 Incipit
1586 4469 1691 4504 summa
1716 4453 1804 4519 gloria

168 4539 309 4590 Honorius
324 4537 384 4598 01;
404 4539 426 4588 Ι.
444 4556 469 4604 p.
485 4541 504 4588 i.
523 4555 544 4588 s.
563 4555 588 4603 g.
607 4539 657 4588 des.
674 4537 700 4588 0.
717 4537 769 4588 01.
784 4537 824 4598 D;
844 4537 980 4603 Prologus
999 4539 1033 4587 D.
1106 4541 1132 4602 e)
1152 4537 1247 4589 bbnwn
1264 4540 1324 4602 eiua
1343 4540 1383 4590 cui
1402 4539 1531 4591 Honorius
1548 4541 1657 4592 libellam
1674 4543 1803 4605 dedicavit,

166 4643 248 4679 omna
271 4627 363 4679 codices
386 4629 528 4678 caueant.
629 4624 650 4686 f)
674 4627 741 4677 deest
761 4625 816 4677 01.
918 4623 947 4692 g)
971 4627 1008 4676 tis
1031 4643 1077 4676 scr.
1100 4626 1155 4678 01.
1267 4627 1294 4691 h)
1317 4628 1411 4680 Nomen
1429 4630 1539 4681 Hortarii
1562 4632 1614 4682 solu
1637 4631 1705 4681 Pati
1729 4631 1804 4683 editio

166 4716 296 4782 supplerit.
350 4713 370 4778 i)
391 4731 494 4782 pascua
512 4717 541 4765 in
560 4715 621 4766 loco
642 4715 694 4766 01.
756 4713 786 4774 k)
806 4715 872 4765 decet
886 4715 912 4765 0.
976 4713 995 4778 Ι)
1019 4714 1197 4777 lacrsriB13
1218 4715 1312 4767 laetari
1330 4717 1364 4767 D.
1426 4716 1464 4781 m)
1485 4736 1581 4785 nempe
1600 4720 1634 4770 D.
1693 4717 1722 4780 n)
1743 4721 1803 4770 add.

123 4825 149 4865 aa
167 4807 252 4857 totius
270 4805 305 4855 D.
366 4801 395 4866 ο)
416 4803 520 4856 collatu
538 4804 563 4855 B
575 4807 597 4854 1.
659 4801 687 4870 p)
710 4820 733 4853 a.
752 4804 780 4854 in
799 4804 825 4853 d.
844 4819 865 4853 s.
884 4820 910 4870 p.
923 4822 948 4855 v.
963 4803 1050 4855 altera
1067 4804 1117 4856 dea.
1131 4803 1164 4865 0;
1183 4803 1306 4856 alterni.
1326 4806 1352 4855 d.
1371 4822 1392 4856 s.
1411 4823 1437 4872 p.
1456 4825 1481 4858 v.
1501 4824 1525 4857 a.
1544 4809 1578 4859 ab
1598 4808 1685 4860 altera
1703 4808 1753 4859 der.
1768 4809 1802 4859 D.

167 4890 196 4959 q)
217 4895 303 4946 maior
320 4891 355 4943 D.
436 4889 460 4955 r)
481 4893 650 4944 instituenda
668 4892 701 4944 B.
716 4892 775 4942 Bl.
860 4889 883 4954 s)
905 4893 970 4957 quia
989 4893 1024 4943 D.
1108 4889 1130 4955 t)
1151 4893 1176 4942 d.
1197 4910 1219 4943 e.
1239 4893 1273 4944 D.
1355 4890 1384 4955 n)
1406 4894 1503 4946 fulcire
1522 4896 1556 4947 D.
1638 4893 1665 4959 v)
1687 4897 1802 4950 idolola-

166 4985 235 5034 triac
254 4982 289 5034 D.
360 4979 395 5042 w)
416 4983 582 5048 imperitanti
604 4981 657 5032 01.
723 4979 751 5042 x)
773 4981 933 5032 obediencie
954 4981 987 5044 0;
1007 4982 1118 5032 obedire
1140 4980 1193 5032 01.
1265 4979 1293 5048 y)
1315 4983 1436 5035 studium
1455 4985 1490 5035 D.
1561 4982 1587 5046 ιι)
1606 4985 1672 5037 deest
1691 4986 1724 5037 B.
1743 4986 1803 5038 131.

169 5071 196 5122 0.
217 5070 273 5122 01.
354 5067 381 5132 a)
400 5069 467 5121 deest
486 5069 513 5120 0.
534 5069 590 5120 01.
670 5065 699 5131 b)
721 5075 837 5120 statues.
856 5087 918 5120 corr.
938 5070 1061 5120 studuos.
1084 5069 1110 5120 0.
1190 5069 1215 5132 c)
1236 5071 1273 5121 bis
1289 5072 1438 5136 aripatB.
1457 5073 1658 5135 B13nltimum
1675 5074 1723 5125 del.
1743 5075 1803 5127 Bl.

167 5159 196 5220 d)
216 5175 281 5226 sepe
302 5158 329 5211 0.
344 5157 398 5210 01.
471 5155 496 5220 c)
517 5164 709 5225 potentatuum
727 5159 762 5208 D.
833 5157 854 5220 t')
876 5160 1013 5208 ineuntur
1034 5157 1060 5208 0.
1132 5157 1160 5224 g)
1183 5162 1310 5225 quatinus
1328 5159 1368 5210 hic
1386 5168 1410 5211 et
1422 5162 1519 5226 poesim
1536 5162 1570 5212 A.
1636 5159 1664 5224 h)
1685 5179 1707 5213 r.
1723 5180 1749 5214 v.
1768 5164 1802 5216 D.

123 5268 150 5308 ω
167 5247 188 5310 1)
208 5264 263 5300 non
283 5247 310 5299 0.
400 5243 429 5309 k)
451 5247 478 5299 S.
497 5247 534 5313 gl.
552 5247 641 5299 litteris
658 5247 797 5298 annalibus
814 5263 860 5297 scr.
879 5247 920 5309 Δς
949 5247 1066 5297 Honorii
1084 5247 1144 5298 add.
1166 5248 1222 5298 01.
1313 5247 1332 5312 Ι)
1355 5248 1528 5315 Capitulorum
1544 5250 1650 5302 indicem
1667 5252 1750 5302 maisit
1767 5252 1802 5302 D.

167 5334 204 5398 m)
225 5337 248 5387 1.
266 5352 290 5388 c.
308 5336 358 5388 der.
373 5335 401 5389 0.
416 5337 475 5397 01;
504 5337 661 5402 Sequuntur
680 5333 801 5402 capitula
820 5337 953 5402 presentis
971 5341 1105 5387 tractatus
1126 5336 1179 5387 01.
1263 5334 1291 5398 ιι)
1316 5335 1488 5402 Capituloram
1504 5355 1619 5390 numam
1640 5338 1803 5408 (capitulum

167 5427 291 5492 primum,
310 5441 370 5492 cap.
388 5425 539 5476 secuudum
557 5421 612 5486 ete.)
632 5425 661 5474 ia
669 5424 724 5490 fine
740 5424 897 5490 appulorum
908 5425 1075 5489 capitulomm
1087 5425 1276 5489 nuaiptionum
1288 5435 1457 5491 oppecierunt
1471 5426 1498 5478 0.
1511 5426 1564 5478 01.
1620 5425 1649 5493 o)
1664 5429 1765 5481 decad
1779 5433 1802 5480 1.

166 5511 194 5581 p)
216 5513 357 5580 spirituale
375 5514 415 5565 bic
432 5523 456 5566 et
469 5515 564 5579 passim
585 5512 612 5564 0.
628 5512 681 5564 01.
770 5509 798 5578 q)
819 5511 906 5578 ligura
926 5512 960 5574 03
987 5513 1048 5563 odd.
1068 5519 1142 5564 tenet
1163 5511 1215 5563 01.
1297 5513 1321 5577 τ)
1343 5513 1488 5582 columpna
1509 5515 1562 5566 01.
1644 5515 1668 5580 ε)
1689 5535 1741 5571 scr.
1761 5534 1801 5570 rc·

166 5603 257 5670 pulsio
278 5603 331 5655 01.

125 5800 150 5840 ao
275 5785 304 5854 l)
329 5783 377 5842 Pa.
402 5783 454 5855 22,
468 5785 497 5841 2.
589 5785 620 5854 2)
643 5782 886 5859 lot.10,11sq.
