4418 6412
483 384 548 446 414
775 390 957 447 GERHOHI
980 389 1214 447 PRAEPOSITI
1238 391 1648 450 REICHERSBERCENSIS
1671 391 1837 448 LIBELLI.

304 600 462 649 sarasan.
482 578 560 663 quia
589 576 666 642 lieet
696 575 883 640 abundante
914 577 1084 663 iniquitate
1110 579 1228 642 caritas
1252 577 1425 642 multorum
1449 577 1666 663 refrigescens
1690 599 1774 664 pene
1799 577 1970 658 defecerit,
2001 588 2130 644 attamen

330 681 463 785 fflffij
481 684 516 746 in
538 684 652 769 paucis
677 682 788 747 electis
812 681 1009 748 desiderium
1033 682 1114 747 illud
1137 681 1263 769 flagrat,
1288 683 1376 770 quod
1400 683 1544 748 creditur
1567 683 1810 749 exaudiendum
1833 685 2035 770 propitiante
2051 683 2130 749 Deo:

393 813 463 855 rura.
483 799 515 852 et
544 790 788 875 preparationes
820 787 927 852 cordis
955 811 1068 854 eorum
1097 789 1308 854 vehementer
1337 800 1488 854 aestuant
1518 790 1730 877 quoadusque
1761 790 1926 855 iudicetur
1956 789 2080 876 pupillo
2109 803 2133 856 et

482 894 595 959 humili
618 895 788 976 catholice,
812 894 870 960 tali
893 895 1045 960 nimirum
1069 895 1201 976 indicio,
1225 907 1349 960 utnon
1372 907 1516 982 apponat
1538 896 1623 960 ultra
1647 896 1859 983 magnificare
1885 917 1920 960 se
1947 895 2044 960 homo
2060 918 2134 961 mer·

484 1012 575 1065 cator
597 1002 758 1087 pessimus
782 1023 880 1087 super
903 1011 1033 1082 terram,
1057 1000 1157 1066 idest
1180 1023 1279 1088 super
1299 1001 1482 1084 ecclesiam,
1506 1002 1559 1066 vel
1583 1005 1681 1068 etiam
1705 1025 1803 1089 super
1825 1013 1993 1068 terrenam
2017 1025 2159 1088 posses-s

482 1109 606 1172 sionem
630 1117 662 1171 et
685 1108 934 1194 acquisitionem
958 1130 1060 1189 suam,
1085 1130 1179 1194 quae,
1204 1131 1278 1172 cum
1302 1110 1343 1173 sit
1366 1110 1507 1194 pretium
1523 1111 1690 1196 sanguinis
1708 1109 1839 1190 Christi,
1862 1108 1975 1174 oblata
1990 1107 2137 1174 videlicet

482 1213 712 1279 ecclesiasticis
743 1214 776 1277 in
807 1215 1075 1278 sustentationem
1098 1213 1171 1278 Deo
1201 1215 1453 1280 ministrantium
1477 1226 1509 1280 et
1533 1215 1669 1280 aliorum
1694 1215 1815 1280 Christi
1845 1238 2042 1302 pauperum,
2073 1217 2137 1280 sine

482 1319 581 1385 dubio
606 1331 741 1402 constat,
767 1319 855 1406 quod
877 1321 911 1384 in
935 1320 1135 1406 sepulturam
1165 1323 1421 1406 peregrinorum,
1453 1323 1487 1385 in
1511 1344 1576 1408 qua
1598 1323 1807 1409 requiescant
1831 1321 1955 1388 Christi
1980 1343 2138 1408 pauperes

480 1428 516 1490 in
531 1427 592 1492 hoc
617 1426 737 1492 mundo
754 1427 929 1513 peregrini,
954 1426 1069 1490 eadem
1085 1428 1247 1512 possessio
1264 1439 1313 1492 est
1337 1427 1555 1514 expendenda
1578 1439 1676 1515 atque
1702 1428 1820 1494 talibus
1836 1439 1886 1494 est
1909 1428 1988 1492 inde
2012 1429 2139 1514 requies

481 1533 694 1620 providenda.
729 1533 819 1597 Fieri
842 1533 903 1598 hoc
927 1543 1034 1619 potest
1057 1534 1091 1596 in
1110 1531 1273 1619 aliquibus
1297 1556 1356 1620 per
1371 1534 1468 1599 talem
1493 1536 1704 1621 penitentiam
1729 1537 1993 1614 simoniacorum,
2012 1533 2178 1620 qualemn

316 1664 461 1715 uernans.
481 1638 595 1704 habuit
617 1639 727 1722 Iudas,
752 1640 808 1726 qui
831 1641 1011 1726 penitentia
1041 1639 1158 1704 ductus
1189 1640 1299 1704 retulit
1328 1641 1460 1726 triginta
1488 1652 1671 1726 argenteos,
1696 1665 1776 1728 quos
1800 1640 1921 1706 deinde
1945 1640 2086 1726 legimus
2108 1641 2139 1704 in

402 1772 432 1811 rs.
440 1773 461 1812 r.
481 1745 680 1832 sepulturam
701 1747 947 1832 peregrinorum
965 1767 1136 1833 expensos.
1173 1745 1228 1811 Sic
1244 1747 1423 1833 penitentia
1439 1746 1551 1826 Iudae,
1575 1746 1652 1811 licet
1675 1748 1738 1833 ipsi
1761 1771 1825 1812 non
1841 1747 1940 1812 fuerit
1964 1747 2139 1826 fructuosa,

480 1862 589 1918 tamen
605 1853 787 1938 peregrinis
811 1851 977 1917 fructuosa
999 1852 1061 1916 fuit
1084 1861 1117 1915 et
1139 1851 1237 1933 utilis,
1262 1852 1338 1917 dum
1361 1876 1427 1918 non
1450 1855 1601 1940 apposuit
1623 1855 1694 1939 ipse
1711 1853 1809 1918 ludas
1826 1853 1911 1918 ultra
1927 1853 2139 1938 magnificare

481 1980 516 2023 se
532 1981 638 2045 super
661 1969 790 2041 terram,
815 1980 914 2045 super
937 1981 1052 2044 agrum
1076 1959 1243 2043 sanguinis
1268 1971 1489 2045 comparatum
1506 1960 1640 2046 triginta
1663 1961 1837 2046 argenteis,
1862 1961 1969 2046 pretio
1986 1959 2140 2024 videlicet

482 2066 617 2152 pretiosi
641 2066 819 2150 sanguinis,
844 2066 877 2128 in
902 2064 1101 2151 sepulturam
1124 2066 1379 2151 peregrinorum.
2157 2092 2179 2132 u

587 2188 737 2253 Vidimus
762 2211 821 2253 nos
845 2187 947 2253 oculis
971 2189 1088 2253 nostris
1105 2187 1264 2275 quosdam
1280 2190 1451 2276 episcopos
1475 2213 1494 2254 a
1518 2191 1703 2255 simoniacis
1727 2189 1860 2276 regibus
1884 2191 2069 2270 investitos,
2086 2191 2139 2275 qui

479 2296 660 2382 penitentia
682 2317 740 2360 seu
763 2317 844 2364 vera
866 2317 924 2360 seu
947 2294 1031 2360 falsa
1053 2294 1144 2360 ducti
1167 2293 1345 2360 retulerunt
1368 2296 1510 2382 pretium
1535 2298 1714 2384 sanguinis,
1745 2297 1780 2361 id
1804 2307 1853 2361 est
1883 2298 1992 2383 ipsum
2017 2298 2138 2382 episco-

480 2413 606 2488 patum,
631 2401 675 2466 ad
690 2401 844 2466 domnum
866 2400 1089 2488 apostolieum,
1114 2400 1383 2466 abrenuntiantes
1406 2402 1463 2466 tali
1482 2402 1762 2484 administrationi,
1787 2402 1944 2490 adquam
1967 2426 2035 2467 non
2051 2413 2139 2466 erant

480 2510 636 2573 canonice
660 2509 809 2594 promoti.
846 2507 920 2589 Qua
943 2508 1165 2573 satisfactione
1189 2519 1354 2594 uteunque
1378 2511 1508 2595 purgati
1532 2531 1591 2596 per
1614 2509 1768 2574 domnum
1793 2509 2008 2596 apostolicum
2034 2507 2137 2573 denuo

479 2615 558 2678 iussi
583 2613 809 2679 administrare
834 2614 1025 2701 temporalia
1048 2625 1081 2678 et
1104 2613 1286 2700 spiritualia
1309 2615 1556 2701 episcopatuum
1580 2614 1675 2698 bona,
1703 2617 1749 2680 ita
1773 2616 1813 2682 de
1837 2616 1918 2702 ipsis
1942 2637 2136 2701 procurave—
2153 2644 2176 2682 ao

479 2730 554 2785 runt
583 2743 699 2806 agrum
728 2721 762 2785 in
793 2719 992 2807 sepulturam
1021 2721 1282 2806 peregrinorum,
1313 2731 1348 2785 ut
1378 2731 1487 2784 essent
1518 2720 1653 2786 studiosi
1684 2721 1888 2787 edificatores
1919 2732 1953 2786 et
1984 2721 2136 2786 ditatores

480 2825 689 2891 cenobiorum
713 2827 748 2890 in
771 2825 970 2913 sepulturam
993 2837 1026 2890 et
1049 2827 1195 2913 requiem
1219 2827 1465 2913 peregrinorum
1488 2825 1609 2894 Christi
1632 2850 1823 2915 pauperum.
1864 2828 1931 2895 Sed
1955 2839 2006 2893 est
2030 2828 2136 2892 huius-

479 2931 567 2996 modi
590 2954 648 2997 seu
663 2953 740 2996 vere
765 2955 824 2996 seu
846 2932 921 2997 ficte
945 2932 1160 3018 penitentium
1183 2932 1308 2997 tantilla
1330 2935 1478 3019 paucitas
1501 2935 1536 2998 in
1560 2944 1648 3000 tanto
1670 2957 1805 3000 numero
1830 2936 2082 3000 simoniacorum
2107 2945 2136 2999 et

479 3037 615 3103 eliorum
638 3038 719 3103 Iude
749 3041 923 3104 mercatori
953 3039 1106 3103 similium
1137 3061 1235 3126 snper
1264 3049 1384 3104 terram
1414 3061 1449 3104 se
1479 3041 1767 3126 magnificantium,
1795 3051 1831 3106 ut
1860 3042 1976 3106 merito
2008 3040 2136 3105 anhelet

327 3147 459 3249 fflffij
478 3167 658 3231 pauperum
682 3144 881 3210 desiderium
908 3144 1122 3232 ferveantque
1146 3147 1391 3232 preparationes
1416 3145 1523 3210 cordis
1554 3169 1665 3212 eorum
1689 3147 1899 3212 vehementer
1921 3147 1985 3212 hoc
2010 3146 2135 3211 deside·
2152 3175 2177 3214 ae

345 3279 459 3329 nuans.
479 3253 628 3334 santium,
647 3261 806 3338 quatenus
830 3251 1000 3339 amplietur
1017 3274 1171 3316 numerus
1188 3253 1411 3338 penitentium,
1428 3251 1544 3338 dignos
1560 3254 1759 3338 penitentiae
1783 3252 1907 3318 fructus
1930 3253 2134 3318 afferentium

387 3386 459 3426 rara.
478 3360 511 3421 in
528 3357 728 3445 sepulturam
744 3358 1000 3444 peregrinorum,
1024 3380 1086 3422 nec
1102 3359 1289 3422 inveniatur
1311 3360 1401 3424 homo
1417 3361 1476 3444 qui
1489 3375 1629 3446 apponat
1650 3361 1735 3428 ultra
1759 3363 1964 3448 magnificare
1987 3385 2020 3425 se
2043 3385 2136 3448 super

479 3480 612 3548 terrum,¹
642 3464 720 3529 dum
744 3475 776 3529 et
798 3486 876 3528 vere
900 3466 1093 3551 penitentes,
1117 3487 1195 3528 vere
1219 3464 1379 3529 humiliati
1403 3465 1571 3529 salvantur
1595 3477 1628 3530 et
1649 3465 1724 3532 ficte
1748 3467 1930 3552 penitentes
1955 3488 2032 3530 cum
2055 3465 2136 3531 Iuda

306 3599 459 3648 minans.
478 3580 658 3636 mercatore
681 3572 822 3658 pessimo
847 3570 1090 3656 strangulantur
1113 3571 1224 3634 effusis
1248 3572 1282 3634 in
1304 3580 1422 3634 terram
1439 3570 1621 3635 visceribus
1646 3594 1768 3652 eorum,
1792 3572 1965 3659 patefactis
1982 3572 2136 3638 videlicet

479 3679 613 3742 secretis
641 3676 855 3741 immunditiis
886 3699 1009 3759 eorum,
1034 3679 1265 3763 suspensisque
1289 3678 1368 3763 ipsis
1391 3678 1476 3740 inter
1499 3688 1618 3742 terram
1642 3688 1674 3741 et
1698 3677 1813 3760 celum,
1838 3689 1873 3743 ut
1895 3689 2032 3743 careant
2051 3690 2134 3744 utro-
2152 3708 2186 3746 ao

478 3806 552 3870 que,
576 3785 720 3847 terrestri
742 3781 898 3848 videlieet
922 3804 961 3847 ao
985 3782 1097 3846 celesti
1120 3783 1252 3864 honore,
1278 3784 1332 3870 qui
1357 3793 1471 3847 contra
1486 3783 1595 3847 Deum
1620 3806 1654 3848 se
1678 3795 1869 3870 presumunt
1893 3807 1992 3871 super
2016 3796 2135 3850 terram

477 3889 688 3976 magnificare
691 3938 899 3954 .......

1119 4013 1176 4077 ΙΝ
1194 4013 1425 4078 PSALMUM
1443 4013 1485 4078 X.

327 4219 458 4322 Epg'fflj
584 4227 768 4291 Dominus·
792 4227 921 4313 estqui
951 4225 1029 4290 mihi
1060 4224 1139 4290 dicit
1169 4247 1227 4311 per
1250 4225 1431 4311 apostolum
1461 4248 1555 4291 sunm
1578 4226 1733 4291 Paulum:
1764 4227 1873 4294 Nolite
1903 4233 2132 4294 communicare
2149 4255 2174 4294 u

478 4336 625 4420 operibus
648 4335 858 4422 infructuosas
882 4335 1096 4414 tenebrarum,
1124 4336 1227 4420 erupis
1249 4347 1349 4397 autem
1373 4333 1572 4421 redarpuite:
1598 4355 1657 4396 vos
1681 4345 1790 4398 autem
1814 4331 1958 4398 suadetid
1982 4335 2063 4399 mihi
2092 4334 2131 4400 ab

476 4439 539 4503 hae
563 4440 724 4504 sententia
745 4439 881 4503 Domini
911 4440 1051 4525 migrare
1082 4449 1179 4525 atque
1211 4436 1359 4503 omnibus
1390 4440 1510 4502 mensis
1541 4438 1765 4504 indifferenter
1796 4442 2038 4506 communicare
2069 4453 2132 4506 tam

477 4545 703 4628 hereticorum,
733 4546 993 4625 simoniacorum,
1018 4567 1116 4631 quam
1140 4542 1344 4608 sacerdotum
1368 4545 1610 4610 catholicorum.
1657 4546 1701 4609 Et
1723 4545 1800 4610 licet
1823 4569 1884 4631 ego
1909 4547 2078 4611 confidens
2100 4548 2133 4610 in

477 4651 620 4716 Domino
651 4651 820 4738 ostendam
847 4649 1040 4716 rationabile
1070 4650 1259 4714 mandatum
1282 4650 1501 4714 Romanorum
1522 4652 1719 4737 pontificum
1751 4654 1784 4716 in
1809 4653 1965 4718 cathedra
1988 4655 2079 4718 Petri
2103 4663 2133 4718 et

478 4757 586 4843 Moysi
609 4757 803 4838 sedentium,
828 4768 963 4821 cunctas
991 4757 1106 4820 missas
1134 4755 1305 4820 manifeste
1329 4757 1587 4821 incestuosorum
1611 4769 1643 4822 et
1666 4759 1916 4826 simoniacorum
1939 4759 2131 4826 clericorum
2147 4787 2169 4824 u

477 4862 666 4927 terribiliter
689 4864 783 4949 quasi
806 4873 978 4950 peccatum
1001 4861 1159 4926 ariolandi
1183 4861 1455 4949 proscribentium
1478 4875 1511 4928 et
1534 4887 1590 4928 eas
1614 4864 1720 4929 audiri
1743 4864 1996 4951 prohibentium,
2025 4878 2132 4932 tamen

348 5000 456 5048 rarus
476 4992 535 5034 vos
566 4971 675 5035 dicitis
705 4974 831 5036 animae
861 4994 965 5035 mccc:
992 4970 1200 5058 Trunsmipra
1231 4973 1264 5034 in
1292 4984 1434 5050 meamus,
1465 4970 1571 5035 idest
1601 4973 1635 5036 in
1659 4973 1867 5038 eminentiam
1898 4975 2131 5038 sententiarum

476 5087 670 5140 nostrarum.
717 5075 808 5140 Tene
839 5077 1032 5140 sententiam
1061 5075 1273 5139 litteratorum
1301 5077 1461 5158 virorum,
1492 5078 1718 5163 magistrorum
1749 5079 1940 5164 insignium,
1972 5077 2132 5144 subtiliter

477 5183 700 5264 astruentium,
725 5181 875 5247 omnibus
902 5183 1010 5246 missis
1040 5181 1262 5246 indifferenter
1290 5182 1605 5266 communicandum,
1630 5185 1774 5271 qnandiu
1798 5183 1934 5272 quilibet
1958 5187 2130 5273 episcopus

476 5288 594 5353 tolerat
616 5290 650 5353 in
665 5288 839 5375 parrochia
862 5311 921 5353 sua
944 5286 1146 5352 sacerdotem
1164 5287 1402 5374 quantumlibet
1420 5289 1591 5354 manifeste
1607 5292 1828 5356 incestuosum
1852 5302 1885 5354 et
1908 5293 2129 5357 simoniacum.
2147 5317 2171 5356 c

477 5394 624 5460 Christus
648 5396 682 5459 in
704 5396 803 5460 Petro
828 5405 861 5460 et
883 5395 999 5459 Petrus
1029 5395 1064 5458 in
1087 5416 1145 5458 suo
1169 5394 1291 5458 vicario
1316 5394 1396 5460 dicit
1418 5395 1514 5460 mihi:
1547 5396 1636 5462 ‘Noli
1660 5397 1742 5462 tales
1766 5396 1890 5480 audire,
1921 5398 1988 5463 noli
2018 5398 2129 5462 talium

477 5500 586 5566 officia
615 5500 790 5566 interdicta
819 5500 988 5587 recipere’.
1036 5499 1103 5565 Sed
1134 5499 1213 5564 dicit
1241 5500 1321 5564 mihi
1351 5501 1469 5589 aliquis
1499 5503 1654 5588 magister
1681 5503 1851 5586 litteratus,
1876 5504 1970 5589 quasi
1998 5503 2129 5569 favente

583 5733 610 5799 a)
630 5736 697 5787 heure
710 5738 839 5802 psalmum
856 5736 895 5786 uir
912 5752 988 5786 rever.
1010 5735 1040 5785 P.
1059 5735 1198 5786 Koureour
1216 5736 1315 5787 Meiadl
1331 5737 1439 5787 ἀεωπιω
1457 5736 1637 5802 Bcidreraberq.
1655 5737 1826 5802 deripuisnmc
1843 5755 1899 5788 mem
1916 5738 1998 5790 codiee
2015 5741 2129 5792 menta
