4478 6396
732 372 971 431 OPUSOULUM
994 371 1046 428 DE
1069 375 1243 430 semele
1267 376 1344 430 DEI.
1801 370 1861 432 167

211 557 441 623 manifestante
471 558 609 646 probati.
662 560 717 624 Ex
747 560 865 647 quibus
896 575 929 626 et
957 561 1003 626 illi
1034 561 1106 648 plus
1136 583 1235 649 quam
1266 564 1434 650 quingenti
1467 563 1584 628 fratres
1620 563 1764 646 fuerunt,
1796 565 1862 651 qui,

212 675 353 730 testante
368 665 482 748 Paulo,
499 664 663 731 Christum
687 678 761 752 post
782 669 1063 751 resurrectionem,
1088 670 1172 734 sicut
1193 679 1227 733 et
1249 668 1396 756 apostoli,
1421 668 1582 751 viderunt,
1606 679 1703 756 atque
1727 693 1787 756 per
1801 670 1863 735 hoc
1883 694 2027 747 noemae

214 771 257 835 ad
280 771 494 859 apostolatum
518 783 645 859 poterat
668 773 784 861 aliquis
808 773 849 840 de
872 774 1000 840 illorum
1023 798 1157 840 numero
1182 775 1299 862 dignus
1323 775 1444 840 videri:
1476 775 1564 862 quod
1594 775 1639 840 illi
1663 787 1736 863 post
1758 799 1863 842 resur-

213 879 392 943 rectionem
408 877 574 944 Christum
596 879 746 944 videntes
769 902 834 945 non
858 880 1009 968 leguntur
1031 881 1199 962 hesitasse,
1225 881 1265 947 de
1288 899 1353 968 qno
1377 882 1529 968 leguntur
1552 883 1769 969 apostolorum
1793 885 1862 970 qui-

182 984 291 1049 sdam
315 984 493 1051 dubitasse.
530 985 618 1067 Quid
641 997 750 1052 tamen
774 988 820 1052 eit
842 987 984 1052 Pensm?
1034 988 1169 1076 Oportet,
1193 989 1308 1075 inquit,
1333 1011 1371 1054 ee
1393 989 1453 1069 tta,
1477 993 1536 1075 qai
1555 992 1715 1056 achaeum
1738 1014 1862 1078 conpre-
1883 1017 2000 1066 esaan.

211 1095 283 1179 yut-i
301 1107 374 1157 sant
401 1104 434 1157 et
457 1105 576 1157 cetera.
623 1092 782 1173 Quamvis
806 1117 883 1180 ergo
907 1093 1012 1160 bonus
1037 1095 1231 1160 christianus
1255 1097 1441 1183 quicunque
1464 1097 1672 1182 proprietatis
1695 1118 1864 1182 possessor

212 1199 408 1281 inveniatur,
433 1198 509 1264 solis
531 1211 641 1265 tamen
664 1199 737 1282 illis,
762 1202 818 1288 qui
842 1223 916 1266 cum
940 1201 1094 1287 apostolis
1118 1202 1239 1267 fuerint
1255 1203 1453 1287 congregati,
1477 1213 1567 1266 recte
1590 1202 1761 1288 pastoralis
1786 1225 1864 1268 cura

214 1305 470 1386 commendatur,
501 1307 529 1370 si
559 1319 668 1371 tamen
693 1306 816 1394 Spiritu
844 1319 1036 1394 segregante
1060 1307 1180 1373 fuermt
1203 1307 1341 1395 probati.
1390 1308 1496 1389 Quem
1519 1305 1677 1395 Spiritum
1701 1309 1863 1374 credimus

213 1413 247 1475 in
272 1413 431 1477 canonica
454 1412 612 1478 electione
638 1436 677 1478 ac
701 1413 813 1501 populi
835 1415 992 1500 petitione
1015 1413 1224 1480 invisibiliter
1247 1416 1386 1502 operari.

169 1564 195 1601 ru
322 1539 373 1601 53.
410 1537 446 1602 si
471 1559 548 1623 ergo
571 1537 699 1624 populis
723 1549 853 1625 pastore
869 1540 1005 1624 privatis
1021 1539 1095 1603 talis
1111 1540 1199 1625 optio
1216 1549 1424 1626 proponatur,
1447 1552 1483 1604 ut
1506 1539 1548 1604 ab
1571 1539 1634 1604 illis
1650 1559 1716 1604 non
1731 1539 1862 1604 curialis

215 1643 363 1725 clericus,
386 1666 452 1708 non
468 1644 654 1730 acephalus,
678 1668 743 1708 non
759 1645 877 1732 aliquis
894 1645 1040 1710 absolute
1057 1645 1234 1728 ordinatus,
1258 1669 1298 1711 ae
1313 1669 1373 1732 per
1387 1646 1450 1710 hoc
1465 1647 1558 1712 iuxta
1573 1645 1733 1732 synodum
1748 1643 1862 1710 Calce-

214 1749 413 1814 doncnsem¹
436 1749 478 1814 ab
495 1752 582 1814 ornni
605 1752 783 1816 ministerio
807 1751 1039 1838 prohibendus,
1064 1753 1123 1817 sed
1145 1752 1249 1817 bouus
1273 1752 1390 1839 aliquis
1415 1754 1601 1834 canonicus,
1626 1763 1691 1835 aut,
1716 1753 1744 1816 si
1767 1771 1862 1817 cano-

213 1858 306 1922 nicus
323 1858 463 1921 inveniri
481 1880 546 1922 non
561 1859 691 1943 poterit,
715 1856 820 1923 bonus
837 1868 924 1924 certe
941 1859 1119 1928 monachus
1134 1870 1280 1945 petatur:
1305 1871 1382 1923 tunc
1406 1859 1493 1924 clero
1516 1858 1657 1945 eligente
1681 1881 1720 1925 ac
1743 1858 1862 1946 populo

213 1973 355 2049 petente,
379 1963 469 2028 velut
491 1963 567 2028 Iesu
590 1987 709 2050 magno
732 1964 902 2030 sacerdote
932 1967 967 2029 in
991 1965 1077 2030 clero
1100 1968 1312 2052 magistrante
1337 1989 1375 2032 ao
1399 1965 1518 2054 populo
1548 1977 1622 2052 post
1650 1966 1782 2030 inolitae
1806 1964 1862 2030 ab·

168 2097 195 2135 rs
212 2071 335 2135 usionis
366 2069 589 2135 confusionem
620 2073 715 2157 quasi
744 2082 818 2158 post
847 2071 978 2157 longam
1000 2071 1180 2159 Babylonis
1204 2074 1428 2159 captivitatem
1450 2073 1659 2160 repatriante,
1684 2072 1862 2137 Ierusalem

213 2175 329 2240 civitas
359 2175 583 2260 reedificatum
615 2179 707 2242 cuius
738 2179 944 2265 participatio
973 2190 1043 2244 tota
1073 2181 1106 2243 in
1137 2179 1279 2267 idipsum
1308 2179 1518 2244 coadunatur.
1564 2180 1748 2266 Episcopus
1776 2179 1863 2244 enim

213 2285 283 2347 sive
306 2283 388 2348 alius
411 2282 530 2348 abillo
554 2295 587 2348 et
610 2284 670 2348 sub
694 2284 749 2350 illo
773 2287 930 2350 canonice
954 2287 1095 2372 prelatus
1120 2309 1322 2351 communem
1340 2288 1441 2352 vitam
1462 2309 1522 2373 per
1538 2287 1676 2351 maiores
1693 2297 1726 2351 et
1740 2285 1862 2372 baptis·

211 2390 314 2455 males
338 2390 516 2456 aecclesias
538 2393 702 2474 instituet,
726 2393 760 2456 in
777 2414 843 2478 qua
858 2414 953 2458 nemo
970 2392 1093 2480 aliquid
1109 2416 1203 2458 suum
1219 2393 1316 2476 dicet,
1341 2393 1400 2457 sed
1423 2404 1491 2457 tota
1513 2393 1721 2479 participatio
1745 2393 1806 2457 erit
1828 2393 1863 2456 in

211 2497 362 2584 idipsum.
411 2497 498 2578 Quia
526 2497 614 2562 bona
644 2509 677 2563 et
705 2498 849 2564 iucunda
879 2501 1126 2564 conversatione
1149 2500 1266 2564 fratres
1291 2498 1484 2564 habitabunt
1510 2501 1545 2563 in
1567 2523 1677 2582 unum,
1702 2499 1790 2586 quod
1813 2509 2030 2572 saturninae

167 2631 193 2670 so
214 2603 392 2690 ‘idipsum’.

319 2723 372 2784 54.
407 2721 471 2786 Hic
502 2722 653 2804 occurrit,
684 2721 772 2808 quod
802 2723 834 2785 in
865 2721 1107 2787 reedificatione
1132 2721 1309 2786 Ierusalem
1338 2733 1452 2808 portae
1480 2721 1641 2809 quaedam
1665 2721 1861 2808 principales

212 2827 357 2913 mysticis
372 2826 557 2892 nominibus
573 2826 838 2914 appellabantur:
864 2828 981 2916 quihus
1005 2851 1055 2911 ea,
1079 2850 1163 2914 quae
1187 2851 1273 2893 nunc
1297 2831 1331 2892 in
1346 2828 1508 2894 aecclesia
1531 2839 1606 2893 sunt
1625 2827 1763 2914 agenda,
1787 2851 1860 2914 pro-

211 2932 396 3018 phetalibus
426 2933 539 3020 figuris
567 2933 863 3020 'presignahantun
910 2934 1038 2999 Cuncta
1067 2936 1164 3017 enim,
1195 2958 1279 3021 quae
1310 2934 1372 3000 illis
1402 2933 1681 3000 reedificatoribus
1712 2946 1860 2999 terrenae
1879 2957 1960 3001 nae.

210 3039 389 3104 ¹Ierusalem
413 3040 631 3127 hystorialiter
654 3041 844 3106 acciderunt
867 3064 978 3106 eorum
1003 3064 1087 3128 quae
1109 3065 1196 3107 nunc
1217 3042 1377 3106 ridemus¹
1390 3041 1581 3128 prophetica
1604 3041 1744 3128 quedam
1767 3042 1862 3127 signa

167 3174 194 3212 ss
213 3147 353 3211 filerunt.
398 3145 466 3211 Illis
491 3169 511 3211 a
534 3147 651 3234 Tobya
674 3158 706 3212 et
729 3146 852 3212 Gosern
876 3150 1058 3236 ceterisque
1089 3150 1234 3235 gentium
1261 3147 1457 3235 primoribus
1481 3146 1668 3212 dicebatur:
1703 3149 1789 3227 Quae
1819 3163 1864 3213 eet
1879 3171 2040 3222 sunau.

213 3255 288 3319 hacc
318 3280 379 3335 ree,
408 3279 503 3340 quam
525 3256 669 3344 facita?
699 3257 845 3342 nunquid
873 3271 980 3320 contra
1009 3281 1110 3344 repara
1144 3281 1195 3320 voa
1221 3258 1404 3321 rebellatis?
1448 3255 1541 3320 Haec
1566 3254 1680 3319 eadem
1703 3253 1806 3319 verba
1829 3267 1862 3320 et

211 3382 299 3425 nunc
322 3383 343 3424 a
364 3360 472 3425 multis
496 3360 655 3445 dicentm,
680 3360 810 3448 quando
834 3362 1018 3449 spirituales
1034 3362 1213 3427 Ierusalem
1228 3362 1478 3444 medificatores,
1502 3361 1654 3426 mandato
1670 3363 1759 3448 regis
1774 3372 1861 3447 post·

212 3467 316 3554 posito
347 3490 386 3532 ac
415 3477 482 3532 toto
511 3467 643 3550 mundo,
675 3468 727 3532 vel
758 3468 899 3554 quadam
928 3468 1127 3555 Babylonia,
1159 3479 1354 3555 contempto,
1386 3467 1608 3555 spiritualibus
1638 3466 1861 3532 tantummodo

213 3573 326 3638 studiis
358 3577 507 3660 occupati
538 3597 596 3639 seu
627 3573 852 3640 claustralibus
884 3574 1064 3662 disciplinis
1096 3577 1272 3662 mancipati
1303 3586 1464 3641 tenentur.
1523 3574 1559 3640 Si
1590 3576 1675 3638 enirn
1706 3574 1749 3638 ad
1779 3573 1860 3638 tales

169 3709 195 3748 so
212 3682 338 3744 venerit
366 3681 520 3767 princeps
551 3691 607 3746 aut
636 3681 739 3764 miles,
771 3684 825 3769 qui
857 3682 1003 3747 osculum
1026 3682 1127 3746 Iudae
1158 3681 1268 3746 osculo
1300 3684 1449 3769 superius
1474 3692 1696 3768 comparatum
1727 3679 1770 3744 ad
1800 3679 1860 3745 hoc

213 3787 336 3870 offerat,
359 3797 395 3851 ut
417 3787 597 3852 aecclesiae
621 3788 808 3853 facultatem
832 3811 891 3874 per
914 3788 1089 3853 hominium
1115 3791 1208 3874 quasi
1231 3811 1291 3875 per
1306 3789 1511 3853 mendacium
1536 3786 1689 3870 obtineat,
1715 3787 1860 3872 episcopi

212 3915 290 3959 vero
317 3905 473 3981 tanquam
504 3895 711 3982 saerilegium
735 3905 888 3960 caventes
913 3907 946 3959 et
968 3894 1100 3981 pallium
1124 3896 1194 3959 veri
1218 3894 1379 3960 Samuelis
1403 3895 1551 3959 scindere
1582 3895 1732 3958 timentes
1763 3892 1860 3958 dene·
1880 3920 1897 3960 1.
1906 3917 2037 3968 aegrae.

212 4012 290 4086 gent
312 4001 375 4065 illis
399 4013 496 4088 atque
520 4002 719 4067 interdIcant
739 4001 901 4066 beneficia
925 4025 985 4087 per
1007 4012 1054 4067 tot
1077 4024 1178 4066 annos
1203 4024 1363 4088 possessa,
1395 4003 1503 4066 statim
1527 4001 1676 4066 audient:
1709 4001 1795 4079 Quo-e
1818 4015 1862 4065 est

213 4109 287 4173 baec
310 4133 370 4190 res,
394 4134 488 4194 quem
497 4111 640 4197 facitis?
663 4110 809 4195 nunquid
831 4124 938 4174 contra
961 4135 1062 4197 reyem
1087 4135 1140 4174 voe
1162 4111 1345 4174 rebellatis?
1379 4108 1527 4193 Regnum
1545 4109 1666 4194 quippe
1683 4106 1859 4189 destruitis,

169 4243 194 4282 ss
213 4216 269 4301 qui
291 4215 386 4280 nobis
409 4213 570 4280 beneficia
592 4215 772 4301 denegatis.

315 4343 371 4428 ¹55.
408 4339 496 4420 Quid
520 4350 570 4404 est
591 4363 670 4425 ergo
701 4339 743 4404 ab
767 4341 929 4427 episcopis
961 4339 1003 4404 ad
1033 4339 1114 4404 haec
1144 4339 1418 4426 respondendum,
1449 4340 1512 4402 nisi
1537 4337 1625 4424 quod
1647 4361 1668 4402 a
1691 4338 1859 4402 sacerdote

212 4447 347 4512 Neemia
370 4459 447 4512 tunc
471 4458 520 4512 est
544 4447 759 4534 responsum?
806 4448 850 4513 Et
877 4448 1017 4528 reddidi,
1049 4447 1163 4532 lnquit,
1195 4450 1241 4511 cic
1262 4470 1432 4511 sermonem
1462 4447 1592 4531 darique
1615 4446 1661 4509 od
1682 4469 1750 4510 coa:
1773 4445 1860 4510 Deus
1879 4471 1949 4514 uno.

212 4556 296 4619 coeli
308 4557 376 4642 epse
391 4579 447 4619 eoa
464 4557 559 4635 iavet,
584 4569 612 4618 ct
633 4579 689 4618 coa
704 4557 871 4620 cervicina
885 4579 1000 4618 eumne.
1038 4553 1222 4641 Suryamaa,
1245 4553 1360 4638 inquit,
1385 4568 1413 4618 et
1435 4553 1632 4638 edificemus:
1655 4554 1743 4616 uobis
1758 4567 1859 4616 uatem

212 4686 272 4726 nea
296 4678 439 4748 estpars
461 4677 489 4726 et
512 4664 639 4726 iusticia
663 4675 691 4725 et
712 4664 863 4725 memorio
888 4664 921 4725 r'n
945 4661 1125 4725 Ierusalem.
1173 4659 1234 4722 His
1251 4657 1360 4722 verbis
1385 4659 1413 4721 si
1437 4659 1609 4744 episcopus
1633 4681 1706 4721 cum
1723 4657 1860 4722 Neemia

166 4797 193 4833 ro
211 4768 379 4832 sacerdote
403 4766 567 4831 humiliter
589 4778 622 4831 et
645 4777 831 4830 constanter
853 4777 971 4848 utatur,
995 4767 1133 4830 victoria
1156 4763 1249 4828 verbi
1273 4765 1334 4829 hoc
1364 4766 1397 4828 in
1422 4762 1576 4828 cordibus
1599 4763 1858 4828 adversariorum

211 4885 378 4961 operatur:
409 4885 445 4939 ut
475 4873 700 4938 obmutescant
728 4872 772 4936 ad
801 4873 861 4937 hec
888 4871 1000 4954 verba,
1032 4873 1179 4959 quamvis
1210 4883 1319 4935 tamen
1350 4871 1533 4935 afficiantur
1563 4871 1699 4935 tristicia
1729 4893 1857 4956 magna,

211 4980 484 5067 quemadmodum
515 4991 547 5044 et
577 4979 623 5044 illi
654 4981 771 5044 tristati
801 4989 884 5043 sunt.
931 4979 983 5043 De
1015 4978 1147 5065 quihus,
1178 4989 1354 5064 antequam
1384 4978 1427 5041 ad
1456 4976 1659 5042 sacerdotem
1690 4976 1858 5041 Neemiam

211 5086 415 5170 accederent,
439 5089 485 5151 ita
507 5087 655 5173 premisit
678 5087 854 5172 scriptura:
886 5087 931 5151 Et
952 5087 1122 5150 andierunt
1144 5085 1345 5150 Sombollud
1365 5085 1536 5149 Horonites
1559 5099 1587 5149 et
1613 5085 1729 5148 Tobiae
1751 5109 1858 5148 aeratus
1877 5111 1906 5153 a.
1916 5113 1947 5154 10.

210 5195 416 5276 Ammonitas,
440 5210 468 5260 et
490 5196 668 5259 coaumtotc'
687 5207 759 5258 eant
781 5195 960 5282 afflictione
982 5217 1108 5280 eropon,
1133 5192 1218 5277 qaod
1233 5195 1365 5256 venisset
1387 5195 1446 5278 qai
1466 5205 1606 5277 quereret
1613 5193 1858 5278 prosperitatem

165 5331 192 5369 ss
202 5303 351 5389 filiorem
374 5302 507 5366 Israhel.

318 5419 370 5482 56.
406 5415 531 5496 Querat
553 5438 630 5503 ergo
654 5417 837 5502 episcopus,
862 5426 895 5479 ct
918 5413 1055 5500 quilibet
1083 5412 1238 5499 spiritalis
1267 5413 1411 5499 prelatus
1441 5413 1689 5499 prosperitatem
1719 5411 1856 5477 filiorum

211 5523 355 5588 ‘Israhel
378 5521 499 5588 habeat
521 5545 595 5588 cum
610 5523 748 5587 Neemia
772 5521 940 5586 sacerdote
960 5521 1068 5585 Deum
1093 5520 1176 5585 caeli
1200 5519 1397 5603 adiutorcm3
1422 5529 1455 5584 et
1476 5540 1542 5583 non
1564 5520 1679 5584 timeat
1701 5521 1735 5583 in
1758 5541 1858 5583 causa
1877 5543 1945 5587 *ase

320 5725 349 5797 1)
375 5725 459 5786 Cone.
479 5725 556 5785 Calc.
582 5747 605 5783 c.
632 5726 660 5798 2,
687 5725 787 5784 Manet
807 5724 855 5796 VI,
880 5727 932 5782 col.
952 5723 1036 5780 1226
1044 5745 1055 5795 ,·
1079 5723 1233 5782 Hiascltius
1250 5744 1284 5800 p.
1310 5723 1384 5782 285.
