4478 6396
455 381 517 443 190
743 388 921 444 GERHOHI
948 388 1179 444 PRAEPOSITI
1204 385 1610 448 REICHERSBERGENSIS.
1633 387 1798 442 LIBELLI.

451 575 625 658 horrerem,
650 573 768 638 malam
786 575 949 660 quandam
966 574 1137 639 arboreml
1154 575 1370 639 anathematis
1385 575 1469 638 16166
1486 574 1647 638 succisam
1671 596 1729 659 pro
1746 596 1818 636 meo
1833 574 1921 636 fastu
1939 583 1972 636 61
1988 583 2108 658 questu

354 706 431 749 616.
450 681 624 746 fulciendo.
659 680 753 762 Quae
777 683 875 746 etiam
900 683 927 745 si
950 681 1053 746 bonos
1075 683 1200 746 fructus
1223 681 1357 762 iaceret,
1381 703 1432 744 me
1450 687 1577 744 'tamen
1602 703 1660 766 pro
1675 702 1749 743 mea
1764 681 1908 765 pessima
1924 680 2106 743 intentione

309 811 358 853 ros.
368 814 387 861 1,
397 813 431 851 16.
450 810 575 852 merces
605 787 693 852 mala
722 799 878 870 maneret,
910 789 971 852 nisi
1003 788 1090 875 quod
1119 811 1222 874 agnus
1253 788 1316 868 1116,
1349 789 1405 874 qui
1435 787 1516 852 tollit
1544 799 1680 873 peecata
1703 787 1825 868 mundi,
1857 797 1973 872 potens
1999 797 2048 850 661
2075 797 2108 849 61

449 893 537 958 111616
568 917 740 980 personam
772 905 972 978 convertere,
1004 894 1044 958 de
1076 918 1141 981 qua
1170 894 1293 982 loquor,
1325 905 1431 958 61166
1456 916 1583 974 666616,
1615 894 1671 980 qui
1701 893 1830 979 culpam
1861 916 1968 957 meam
1993 915 2108 956 coram

449 1001 520 1088 ipso
552 1001 677 1066 eunctis
707 1001 790 1067 haec
820 1001 951 1066 lecturis
981 1001 1147 1066 confiteor.
1200 1002 1311 1067 Taceo
1346 1013 1454 1065 autem
1489 1013 1555 1064 tam
1589 999 1675 1064 illius
1706 1023 1802 1087 quam
1833 1023 1942 1064 meum
1972 1021 2140 1081 nomen,s

448 1108 590 1194 prodens
613 1108 836 1174 tantummodo
860 1110 1041 1195 iniquitatis
1065 1110 1314 1190 confessionem,
1338 1119 1374 1172 ut
1397 1117 1429 1170 61
1453 1130 1511 1192 616
1536 1108 1662 1192 peceati
1687 1108 1784 1170 venia
1807 1116 1925 1188 616161,
1950 1116 1984 1170 61
2008 1129 2028 1169 6
2052 1127 2107 1169 166

449 1226 515 1278 1616
539 1215 687 1280 elationis
712 1239 809 1302 quam
834 1216 977 1281 16611166
996 1215 1207 1302 naufragium
1225 1218 1377 1280 vitetur⁸.
1413 1214 1510 1295 Quia,
1535 1236 1608 1278 cum
1633 1213 1697 1294 ille,
1722 1213 1762 1277 de
1787 1237 1850 1300 quo
1867 1213 1993 1299 loquor,
2019 1215 2108 1276 inter

449 1323 620 1408 episcopos
644 1321 720 1386 licet
743 1317 826 1386 male
850 1323 1035 1388 fructuosus
1059 1323 1166 1387 adhue
1190 1345 1210 1386 a
1234 1321 1467 1408 patrefamilias
1491 1319 1654 1402 toleretur,
1682 1341 1857 1384 16666616
1881 1342 2023 1406 persona
2047 1319 2107 1382 ob-

448 1427 806 1514 61611116161166116616
830 1442 861 1493 et
885 1429 1026 1494 abiectio
1050 1429 1154 1516 plebis
1179 1431 1412 1494 convenienter
1435 1429 1646 1492 61661661161
1670 1429 1867 1508 aestimetur,
1892 1439 2108 1492 6666616161

448 1535 522 1600 1666
547 1535 695 1600 616116616
725 1535 943 1600 manifestatio
974 1537 1038 1600 mei
1069 1537 1218 1618 nominis,
1249 1537 1391 1600 maxime
1416 1557 1489 1599 cum
1513 1536 1547 1598 in
1570 1534 1632 1598 hoc
1656 1533 1811 1620 opusculo
1834 1534 1978 1619 ignorari
2003 1535 2154 1598 66111616

448 1665 621 1727 6616666111
645 1653 818 1706 61666166
842 1642 1024 1724 scribentis,
1050 1645 1204 1730 cognosci
1219 1666 1297 1708 6616
1317 1665 1489 1729 personam
1514 1651 1546 1704 et
1569 1663 1688 1704 666166
1704 1639 1846 1704 scribere
1871 1663 1922 1704 me
1947 1640 2105 1704 iubentis.

449 1747 604 1828 Quicum
624 1750 665 1812 sit
682 1750 855 1836 episcopus
872 1750 1128 1837 Ratisponensis,
1153 1773 1212 1837 per
1227 1750 1292 1814 Dei
1309 1749 1448 1834 gratiam
1465 1749 1542 1811 satis
1567 1747 1737 1832 religiosus
1762 1757 1794 1811 61
1818 1748 1953 1812 caritate
1975 1746 2104 1833 plenus,

448 1878 512 1919 non
537 1866 586 1919 661
609 1879 628 1920 6
651 1855 745 1920 nobis
775 1858 809 1919 in
838 1856 996 1920 invidiam
1020 1858 1073 1920 661
1102 1857 1212 1921 611616
1244 1858 1290 1920 616
1321 1854 1509 1936 trahendus,
1540 1865 1575 1918 61
1605 1853 1646 1918 ab
1678 1853 1787 1940 aliquo
1818 1854 2024 1940 aliquatenus
2056 1854 2103 1917 illi

448 1973 689 2042 succenseatur,
721 1985 780 2026 661
809 1965 842 2026 16
874 1963 1002 2028 edificio
1034 1987 1091 2028 suo
1122 1966 1212 2027 iussn
1241 1962 1401 2027 fabricato
1432 1961 1549 2048 aliquis
1580 1961 1878 2048 pseudoepiscopus
1904 1984 1946 2025 ex
1969 1963 2103 2025 nomine

448 2081 617 2154 carpatur3
643 2092 716 2133 cum
741 2069 801 2133 hoe
826 2069 1000 2152 edificium,
1026 2071 1174 2157 quamvis
1199 2094 1218 2134 a
1242 2070 1377 2134 deformi
1402 2070 1536 2155 pictore,
1561 2081 1670 2132 161666
1694 2068 1865 2154 pulchrum
1881 2068 2103 2155 pulcherrimo
2124 2093 2150 2133 11

448 2177 490 2239 611
512 2175 765 2262 presentandum
789 2187 886 2263 atque
910 2177 984 2242 ideo
1008 2176 1126 2241 6611166
1144 2175 1344 2241 detestabilis
1364 2199 1523 2262 personae
1547 2185 1659 2262 666116
1682 2176 1813 2239 6616166
1834 2174 2101 2254 1666161661661,

448 2281 506 2347 661
530 2283 665 2368 picturis
690 2282 938 2347 delectabilibus
963 2307 1022 2370 per
1044 2283 1196 2370 exempla
1219 2282 1477 2348 memorabilium
1500 2293 1628 2368 patrum
1654 2282 1808 2346 decenter
1831 2280 2023 2346 ornandum.

559 2393 630 2454 154.
666 2389 765 2475 Ergo,
790 2399 825 2454 ut
849 2390 891 2454 61
907 2391 1108 2477 propositum
1128 2389 1309 2472 redeamus,
1335 2413 1409 2456 cum
1432 2389 1597 2476 apostolus
1621 2388 1718 2453 fuerit
1741 2401 1896 2475 tanquam
1920 2387 2100 2470 abortivus,

449 2518 509 2580 ego
534 2507 642 2560 661616
667 2498 726 2560 6116
751 2499 913 2576 661661161
936 2497 1103 2562 abortivus
1128 2509 1160 2561 et
1181 2497 1357 2562 vilissimus
1382 2499 1540 2561 omnium:
1569 2507 1688 2577 tamen,
1713 2506 1809 2581 prout
1832 2495 1910 2558 mihi
1934 2495 2027 2559 Deus
2051 2519 2101 2560 rc·

448 2601 545 2684 66161,
577 2604 648 2689 1666
679 2603 855 2667 adiuvante
886 2605 1048 2690 proferam
1079 2605 1113 2668 in
1144 2604 1296 2685 medium,
1328 2605 1362 2666 in
1386 2627 1450 2689 quo
1473 2627 1540 2667 non
1563 2613 1650 2666 16616
1675 2601 1912 2666 616611161616
1936 2602 2101 2687 euangelii
2120 2627 2148 2666 16

449 2710 518 2772 6166
543 2731 703 2773 66666616
727 2709 910 2774 ambulasse
927 2711 1025 2775 video
1049 2713 1248 2797 episcopum,
1273 2710 1425 2798 quatinus
1449 2710 1501 2775 ille
1525 2720 1614 2774 16616
1631 2711 1762 2774 16616116
1778 2710 1906 2773 virtutis
1930 2707 2100 2790 habeatur,

450 2826 570 2901 quanto
595 2839 629 2879 se
653 2817 812 2880 minorem
836 2818 868 2880 in
893 2817 1012 2881 talibus
1036 2817 1149 2882 audire
1174 2841 1238 2881 666
1263 2817 1475 2902 dedignatur,
1507 2818 1612 2903 sitque
1643 2818 1785 2881 imitator
1808 2817 1896 2880 Petri
1928 2839 2020 2879 suam
2051 2838 2100 2880 re-

449 2921 619 2986 tractando
643 2933 675 2986 61
698 2923 854 2988 66166616
871 2925 1075 3007 66616611616,
1100 2925 1226 2989 etiamsi
1243 2926 1412 2988 661616616
1428 2925 1610 2988 iuramento
1627 2925 1816 3011 interposito
1833 2934 1946 2987 contra
1962 2922 2101 2987 salutem

449 3051 541 3093 suam
569 3029 801 3094 confirmatam.
848 3031 942 3112 Nam,
972 3032 999 3094 61
1023 3032 1139 3096 Ρ61166
1166 3033 1373 3116 negationem
1398 3053 1471 3095 cum
1495 3032 1676 3096 iuramento
1700 3031 1820 3094 1661616
1844 3054 1909 3094 666
1933 3041 2099 3111 mutasset,

448 3137 518 3222 ipse
534 3136 651 3201 Petrus
674 3160 739 3224 pon
762 3139 996 3223 permansisset
1018 3139 1144 3220 Petrus,
1169 3149 1279 3224 utpote
1304 3160 1324 3202 a
1347 3148 1439 3224 petra
1454 3139 1600 3202 veritatis
1623 3139 1752 3224 66611116
1777 3139 1917 3202 excisus.
1952 3136 1997 3202 Ut
2021 3159 2101 3223 6166
2119 3161 2147 3201 ss

448 3244 593 3307 veritatis
618 3254 711 3328 66116
734 3244 961 3309 666666161161
984 3245 1163 3331 616661661,
1187 3255 1223 3308 61
1246 3244 1360 3310 abusio
1377 3267 1489 3331 prava,
1514 3267 1597 3331 quae
1622 3255 1716 3330 porta
1740 3244 1916 3326 661161611,
1941 3244 2100 3308 adversus

357 3373 386 3414 rr.
394 3375 428 3414 11.
450 3349 553 3414 ‘hanc
576 3359 703 3436 portam
726 3373 790 3414 non
807 3351 985 3437 prevaleat,
1010 3351 1139 3416 studeat
1155 3352 1328 3439 episcopus
1345 3350 1493 3416 dationes
1509 3351 1561 3415 vel
1578 3353 1791 3438 prestationes
1809 3375 1828 3416 a
1844 3353 1910 3414 6616
1927 3351 2099 3437 61616666-

449 3455 585 3538 soribus,
597 3455 650 3520 vel
663 3457 761 3520 etiam
777 3479 797 3520 a
813 3479 847 3521 66
864 3457 947 3521 16616
960 3457 1064 3522 166166
1081 3469 1267 3522 retractare.
1298 3457 1468 3522 Habemus
1481 3459 1568 3522 enim
1581 3457 1732 3544 exempla
1745 3481 1934 3544 magnorum
1944 3459 2098 3538 virorum,

449 3563 504 3649 qui
528 3586 587 3626 sua
611 3573 732 3627 statuta
754 3574 1023 3646 retractaverunt,
1049 3564 1126 3628 dum
1150 3566 1340 3650 semetipsos
1364 3565 1546 3628 indicantes
1563 3588 1583 3629 6
1598 3566 1740 3630 Domino
1761 3566 1899 3630 iudicari
1915 3564 2098 3629 noluerunt.

556 3677 615 3724 155.
644 3669 804 3740 Siquidsm²
821 3676 958 3726 secundus
979 3677 1136 3727 Bonisacius
1160 3670 1279 3742 1661161ί
1298 3693 1330 3728 ex
1351 3677 1461 3728 decreto
1481 3679 1657 3728 constituisse
1678 3677 1810 3742 vigilium
1834 3679 1979 3729 diaconum
1998 3678 2052 3728 sibi
2071 3678 2099 3726 in
2118 3686 2146 3725 so

448 3764 608 3829 pontificatu
634 3765 790 3814 666661616.
829 3765 918 3826 Quod,
944 3767 1009 3830 quia
1034 3767 1156 3816 Romano
1182 3764 1256 3816 clero
1278 3766 1367 3816 visum
1394 3773 1435 3816 est
1460 3767 1612 3816 canonibus
1638 3767 1785 3826 adversari,
1811 3773 1936 3832 presente
1963 3765 2037 3816 61616
2064 3767 2098 3816 ab

364 3906 428 3951 116.
555 3890 753 3949 Ambrosins⁴z
780 3893 828 3949 Ad
849 3895 900 3950 166
921 3895 1054 3950 sacerdos
1064 3893 1166 3964 fortas
1182 3901 1208 3949 61
1223 3894 1282 3950 dar
1292 3893 1402 3969 populi,
1428 3901 1457 3950 nt
1479 3894 1559 3950 buiris
1581 3894 1680 3952 salutis
1702 3894 1911 3952 sollicitudines
1925 3903 2017 3970 perat.
2053 3894 2102 3951 Ad

447 4001 498 4058 1166
521 4000 613 4076 ntique
638 3999 714 4056 Dens
737 3999 812 4055 illam
842 4019 929 4074 snper
946 4002 1083 4075 populum
1112 4020 1191 4056 66166
1222 3999 1368 4069 constituit,
1397 4009 1428 4056 nt
1447 4001 1582 4078 proficiat
1603 4001 1688 4058 saluti
1706 4001 1795 4076 plebis
1817 4020 1887 4058 6666
1909 4002 2096 4071 admonendo,

447 4107 580 4174 1166611116,
606 4108 760 4180 canapium
784 4105 883 4163 bonnm
906 4107 1085 4164 ostendendo.

554 4209 744 4285 Gregorins⁴z
772 4212 851 4268 Scire
875 4213 1079 4282 616616116161,
1105 4214 1180 4288 qnia.
1205 4214 1231 4270 si
1249 4233 1387 4289 peruersa
1410 4234 1534 4290 unquam
1546 4223 1706 4290 perpetrat,
1731 4215 1914 4272 1616611166
1931 4215 2032 4292 diqnns
2048 4223 2096 4284 661,
2116 4233 2142 4274 st

445 4327 511 4395 quot
533 4321 575 4376 ad
594 4319 716 4376 sabditos
738 4339 802 4375 6666
823 4319 991 4394 perditionis
1014 4322 1143 4394 66661616
1167 4321 1347 4376 transmittat.

554 4425 636 4482 Anno
653 4428 807 4482 dominicae
824 4427 1186 4483 166616611661616111661616
1203 4427 1286 4482 C⁰X⁰
1303 4427 1440 4483 16616661
1464 4429 1695 4484 16116161666661
1712 4431 1989 4502 66661661666116166
2006 4431 2096 4500 presi·

446 4533 677 4589 ’16616Ρ66611611
692 4553 769 4606 papa
779 4533 817 4602 Π,
835 4534 988 4588 indictione
1001 4533 1069 4601 111⁵,
1086 4535 1182 4590 Nonas
1194 4535 1291 4590 Μ61611
1300 4529 1321 4589 5.
1346 4535 1403 4591 Ubi
1419 4536 1493 4590 idem
1506 4535 1648 4590 Paschalis
1665 4555 1742 4591 suam
1757 4538 1928 4592 sententiam
1941 4537 2097 4608 dampnans

448 4647 478 4696 et
502 4647 671 4708 1611661666,
695 4641 737 4696 116
760 4641 861 4695 dixisse
886 4641 1000 4713 legitur,
1026 4647 1056 4694 et
1080 4643 1213 4712 seriptum
1230 4641 1335 4697 Romae
1359 4637 1525 4698 servatur⁶:
1553 4643 1681 4710 ‘Audita
1705 4643 1808 4700 fratres
1825 4643 2008 4712 dilectissimi,
2030 4662 2096 4699 con-

447 4746 532 4802 11661
547 4749 611 4802 Deo
626 4748 701 4820 patri
718 4749 905 4819 omnipotenti
929 4754 958 4802 et
974 4749 1063 4816 vobis,
1080 4749 1155 4820 quod
1170 4749 1284 4820 penitet
1307 4749 1377 4802 illud
1392 4750 1580 4821 privilegium,
1604 4751 1698 4821 potius
1713 4751 1898 4822 pravilegimn
1921 4752 1949 4804 in
1966 4751 2097 4806 tentoriis
2115 4768 2142 4807 16

447 4873 464 4908 6
480 4856 559 4909 nobis
584 4861 735 4923 extortum,
760 4873 883 4926 unquam
907 4855 990 4910 alicui
1014 4855 1111 4910 datum
1129 4873 1201 4911 6666.
1238 4854 1344 4911 Contra
1360 4857 1477 4913 decreta
1492 4863 1702 4913 antecessorum
1718 4865 1874 4912 nostrorum
1890 4858 2095 4926 consensimus3

448 4968 478 5016 et
502 4962 598 5016 1111166
621 4964 740 5034 synodo,
765 4963 837 5018 sicut
854 4969 884 5017 et
900 4963 994 5033 priori,
1019 4963 1088 5016 illud
1107 4969 1258 5028 stomaco,
1277 4964 1324 5034 qui
1340 4981 1391 5034 pro
1407 4964 1553 5035 privilegio
1569 4963 1675 5019 habere
1692 4965 1799 5032 volunt,
1817 4966 2095 5020 excommunicamus.

447 5068 511 5124 Deo
536 5075 565 5124 et
580 5070 660 5124 vobis
682 5071 879 5142 promittimus,
904 5071 995 5124 16666
1018 5070 1074 5123 1616
1095 5069 1196 5124 misera
1219 5070 1311 5125 anima
1333 5071 1361 5124 in
1377 5071 1493 5142 indigno
1509 5089 1625 5142 corporo
1642 5071 1761 5138 habitat,
1787 5071 1862 5142 quod
1885 5073 2095 5143 6666666611-

448 5176 516 5246 quid
540 5184 639 5232 contra
662 5179 780 5233 decreta
802 5185 911 5247 patmm
935 5182 1092 5231 nostrorum
1110 5176 1236 5230 volnmus
1260 5179 1431 5245 consentire,
1456 5179 1479 5232 si
1503 5178 1599 5249 placet
1621 5179 1762 5234 maiestati
1785 5197 1864 5233 suae.
1904 5179 1973 5234 Ideo
1996 5199 2097 5251 precor

447 5301 507 5351 666,
531 5290 564 5338 ut
586 5286 673 5340 oretis
704 5302 754 5355 pro
777 5303 821 5339 166
845 5285 946 5337 1616616
970 5291 1132 5353 peccatore,
1156 5290 1188 5336 61
1211 5284 1287 5337 16161
1311 5276 1426 5338 scelusb
1451 5291 1480 5338 61
1504 5287 1596 5340 661616
1624 5292 1745 5358 6666616
1773 5305 1837 5342 mea
1867 5287 2001 5358 11666161
2030 5289 2095 5342 mihi
2115 5303 2141 5342 16

555 5411 581 5474 6)
604 5419 695 5464 616161
713 5430 733 5462 c.
808 5411 835 5472 b)
857 5411 933 5462 66166
952 5429 973 5461 6.

558 5529 586 5602 ll
610 5531 677 5588 Seii.
695 5531 902 5588 Herimnnnnrn
919 5531 1001 5606 episc.
1019 5531 1221 5608 Ariprsstonum.
1292 5531 1322 5602 2)
1340 5532 1491 5608 Sequentia
1507 5553 1543 5590 ex
1559 5532 1647 5590 libello
1663 5535 1770 5592 Deusd.
1789 5535 1811 5605 Ι,
1829 5532 1848 5608 ξ
1864 5536 1913 5604 13,
1928 5557 1958 5610 p.
1974 5536 2035 5590 312
2053 5559 2094 5612 sq.

449 5639 480 5708 3)
507 5637 1066 5714 [1166661111.0616661116281.
1137 5638 1167 5706 4)
1186 5638 1285 5694 Nescio
1302 5639 1353 5694 ubi.
1425 5637 1456 5706 5)
1477 5639 1795 5712 11666661661110.
1821 5643 1915 5699 1161116
1939 5663 1963 5698 v.
1980 5642 2094 5700 Coram.

448 5747 546 5821 imper.
571 5745 595 5814 I,
616 5766 647 5820 p.
667 5745 740 5800 568.
812 5745 842 5814 6)
860 5745 1029 5800 1166161666
1049 5745 1241 5800 11116.1116.
1269 5745 1368 5800 Mansi
1383 5744 1467 5814 XXI,
1485 5747 1534 5801 col.
1552 5745 1623 5801 151.
1648 5748 1757 5818 refert:
1781 5750 1821 5820 es.
1842 5749 2094 5808 1311661606.

447 5873 476 5908 6,
498 5852 590 5922 1116,
618 5852 670 5908 SS.
692 5852 739 5920 VI,
761 5872 791 5926 p.
811 5851 872 5906 250
889 5871 949 5927 sqq.
2115 5865 2142 5904 to
