4418 6412
443 406 508 471 344
735 409 915 467 GERHOHI
938 407 1171 466 PntnPOSIm
1194 407 1605 466 REICHERSBERGENSIS
1629 408 1796 464 LIBELLI.

443 599 564 680 statuit,
589 620 728 684 quarum
750 619 849 662 unam
873 597 1004 662 vocavit
1027 595 1143 661 Iachin
1165 596 1200 661 id
1223 606 1273 662 cst
1295 597 1441 680 firmitas,
1466 595 1601 661 alteram
1615 595 1704 660 Boon
1729 594 1790 660 hoe
1814 604 1865 658 est
1893 595 1929 658 in
1953 591 2066 658 robore
2076 599 2094 656 ¹.

443 705 487 771 At
509 728 595 770 nuno
611 703 760 768 videmus
784 703 941 790 quiddam
964 703 1101 768 tercium
1125 725 1168 767 ex
1192 703 1330 768 duarum
1350 712 1546 789 potestatum
1562 702 1779 790 permixtione
1804 700 2001 780 confectum,
2025 698 2096 763 dunr

443 810 638 899 quibusdam
663 811 826 898 episcopis
850 809 930 874 solio
954 809 1067 874 iudicii
1090 808 1309 875 residentibus
1329 832 1411 874 crux
1427 809 1600 892 dominica,
1623 807 1832 895 pontificatus
1848 807 1902 871 vel
1926 807 2097 871 christiane

443 917 633 983 humilitatis
656 919 795 1003 insigne,
820 939 858 982 ac
883 916 978 981 simul
994 915 1151 981 vexillum
1167 916 1260 982 ducis
1276 915 1431 982 videlicet
1454 915 1497 981 ad
1512 915 1692 981 vindictam
1715 914 1965 980 malefactorum
1988 935 2009 976 a
2025 935 2099 998 rege

443 1025 532 1089 missi
556 1025 684 1110 signum
706 1024 924 1110 preferuntur.
960 1023 1057 1104 Quod
1072 1022 1153 1088 mihi
1174 1046 1234 1110 pro
1258 1045 1332 1088 mea
1355 1024 1558 1088 estimatione
1581 1032 1821 1088 monstruosum
1835 1022 1946 1108 potius
1962 1018 2126 1102 sidetana

444 1153 552 1218 quam,
576 1141 612 1196 ut
635 1140 756 1217 putem,
787 1131 912 1194 ratione
943 1128 1119 1194 subnixum
1148 1152 1245 1217 posse
1275 1129 1500 1195 demonstrari.
1547 1129 1601 1194 An
1624 1129 1708 1194 forte
1732 1127 1925 1194 zema⁸··vel
1956 1125 2102 1191 habiturn

266 1263 424 1310 cumesses.
444 1237 528 1302 illius
553 1237 670 1323 angeli,
696 1239 752 1324 qui
776 1238 1022 1302 resurrectionis
1046 1235 1168 1302 Christi
1190 1238 1282 1302 testis
1305 1238 1339 1300 in
1361 1236 1510 1322 fulgureo
1533 1235 1626 1301 vultu
1653 1247 1751 1322 atque
1782 1236 1817 1299 irr
1839 1235 1939 1300 niveo
1964 1235 2103 1298 vestium

444 1345 586 1410 candore
603 1345 763 1431 apparuit,
788 1343 843 1426 hii,
868 1345 925 1431 qui
941 1343 1100 1408 eiusmodi
1116 1353 1200 1425 sunt,
1224 1343 1371 1408 nituntur
1386 1343 1515 1426 imitari,
1535 1353 1572 1407 nt
1594 1342 1670 1407 hinc
1687 1341 1848 1407 terribiles
1864 1341 2006 1417 iniustis,
2029 1339 2104 1404 hinc

443 1449 557 1516 blandi
587 1461 768 1539 appareant
797 1451 915 1515 iustis?
963 1449 1029 1516 Sed
1059 1448 1221 1514 terribiles
1251 1472 1323 1515 esse
1353 1451 1481 1524 iniustis
1511 1447 1697 1514 sacerdotes
1720 1447 1855 1513 Domini
1883 1447 2105 1513 concesserim

444 1568 666 1644 terroremque
697 1555 818 1622 habere
854 1579 953 1644 super
981 1557 1159 1622 animantia
1190 1566 1222 1621 et
1251 1555 1374 1622 bestias
1404 1567 1525 1640 terrae,
1562 1577 1660 1642 super
1689 1555 1846 1620 animales
1877 1553 2038 1619 videlicet
2068 1575 2105 1617 ac
2124 1579 2146 1618 rr

443 1662 597 1730 bestiales
628 1664 785 1746 homines,
816 1686 882 1728 non
912 1675 1020 1728 autem
1050 1661 1212 1728 terribiles
1236 1685 1307 1728 esse
1336 1687 1378 1729 ex
1401 1662 1510 1750 gladio
1534 1661 1587 1728 vel
1610 1672 1682 1728 asta
1705 1671 1737 1728 et
1760 1661 1849 1748 ligno
1873 1661 2039 1742 lanceato,
2064 1681 2107 1724 ex

268 1795 424 1847 namnam.
444 1794 508 1858 quo
535 1771 697 1836 Dominus
726 1771 824 1836 Petro
856 1771 955 1836 dixit:
991 1771 1139 1837 Converte
1166 1772 1312 1858 ybrdium
1342 1785 1426 1836 tuum
1458 1774 1493 1836 r'rr
1523 1773 1680 1859 copinam.
1729 1767 1815 1833 Nam
1845 1779 1945 1833 antea
1968 1767 2107 1832 Domini

445 1876 669 1943 sacerdotibus
693 1879 727 1942 in
750 1877 859 1965 gladio
883 1889 1054 1965 percutere
1085 1877 1208 1942 licitum
1232 1877 1347 1958 fuerat,
1372 1876 1502 1964 quando
1528 1875 1635 1942 adhuc
1658 1897 1739 1963 gene
1763 1875 1819 1940 illa
1841 1875 1991 1958 Iudaica,
2016 1874 2108 1940 velut

444 1983 551 2068 arbor,
576 2007 619 2050 ex
634 2007 700 2072 qua
719 1985 843 2050 fructus
859 1985 946 2050 vitae
970 1983 1171 2072 sperabatur,
1196 2007 1216 2049 a
1238 1982 1390 2071 gentibus
1413 1983 1554 2049 inimicis
1571 1982 1774 2048 defensanda
1796 1982 1912 2047 fuerat.
1953 1981 1999 2046 At
2018 2005 2108 2047 nunc

444 2114 487 2157 ex
510 2114 574 2179 quo
598 2092 739 2158 fructum
761 2093 850 2156 vitae
881 2114 924 2157 ex
952 2092 1067 2157 eadem
1095 2101 1193 2179 gente
1217 2090 1383 2156 dominum
1406 2090 1515 2155 Iesum
1540 2089 1705 2156 Christum
1734 2091 1769 2154 in
1793 2111 1891 2155 carne
1915 2089 2108 2153 venientem
2127 2113 2150 2152 u

444 2199 646 2285 suscepimus
670 2197 894 2263 sacerdotibus
911 2197 1032 2264 Christi
1055 2199 1089 2262 in
1105 2197 1215 2284 gladio
1237 2207 1409 2284 pereutere
1432 2197 1556 2263 licitum
1580 2219 1646 2262 non
1661 2206 1720 2263 est.
1757 2195 1855 2277 Quod
1879 2207 1911 2261 et
1934 2197 2109 2281 signanter·

287 2329 424 2381 cusum.
444 2306 604 2370 Dominus
621 2305 797 2392 expressit:
823 2303 935 2388 Sinite,
958 2305 1120 2391 inquiens,
1143 2306 1324 2391 usquehuc.
1361 2303 1464 2385 Quasi
1480 2303 1618 2369 dixisset
1640 2309 1753 2391 ‘usque
1777 2302 1850 2369 huc’
1876 2301 2108 2368 sacerdotibus

444 2411 579 2477 Domini
602 2409 712 2497 gladio
736 2411 895 2476 materiali
909 2435 1058 2499 pugnare
1081 2411 1206 2494 11111111,
1231 2421 1264 2476 11
1278 2433 1365 2476 nunc
1383 2411 1510 2494 ‘sinite’,
1534 2433 1657 2476 morem
1680 2409 1771 2476 illurn
1787 2409 1958 2498 pugnandi
1982 2408 2108 2473 mundo

348 2542 425 2593 *aaa
445 2517 633 2604 relinquite3
657 2541 717 2582 vos
739 2541 799 2605 pro
823 2541 874 2583 me
905 2519 939 2584 in
962 2518 1071 2605 gladio
1101 2527 1226 2583 tantum
1250 2519 1314 2584 oris
1338 2528 1371 2582 et
1393 2517 1524 2605 linguae
1548 2523 1716 2605 ‘pugnata
1762 2518 1873 2604 Atque
1901 2516 1946 2581 ad
1970 2515 2108 2581 eviden-

268 2650 425 2699 narramus.
445 2625 524 2688 tiam
548 2647 684 2690 causae:
715 2625 769 2690 Aa
789 2641 894 2712 putas,
922 2626 1037 2712 inquit,
1060 2651 1123 2690 noo
1138 2650 1269 2712 poserem
1294 2651 1407 2714 sopore
1423 2641 1552 2712 patrem
1574 2651 1674 2692 merum
1698 2641 1726 2691 et
1748 2627 1903 2692 ecl-ihebs‘t
1925 2625 2013 2690 milri
2027 2625 2109 2711 plus
2126 2649 2152 2688 so

445 2757 540 2818 quom
564 2733 730 2798 desederint
753 2735 889 2820 legiones
911 2733 1117 2821 angelorum?

374 2917 426 2968 (ss).
812 2895 864 2956 36.
899 2891 1051 2979 Iniqua
1074 2891 1268 2956 confusio
1293 2891 1464 2957 duorum
1487 2891 1734 2979 gladiorum.

552 3015 625 3080 Hoc
648 3014 771 3081 Paulus
795 3015 969 3081 advertens
992 3039 1057 3081 non
1079 3016 1227 3081 lanceam
1250 3016 1304 3082 vel
1327 3015 1482 3103 gladium,
1514 3015 1573 3081 sed
1595 3017 1723 3102 virgam
1752 3025 1877 3080 tantum
1904 3015 2105 3102 pastoralem

282 3147 426 3196 rossan.
446 3121 615 3208 discipulis
638 3120 903 3188 inobedientibus
925 3124 1066 3187 minatus
1090 3133 1150 3205 est,
1174 3122 1303 3188 dicens:
1331 3123 1420 3202 Quid
1441 3125 1560 3189 calleh?
1593 3124 1634 3187 Ia
1650 3123 1743 3210 dispo
1767 3127 1890 3188 venium
1913 3124 1960 3188 od
1976 3149 2041 3205 vos,
2063 3149 2104 3189 oa

445 3231 480 3294 io
503 3233 634 3296 caritate
663 3232 840 3317 spirituque
869 3231 1143 3296 rnamuetrrdr'nia?
1190 3229 1256 3296 Sed
1286 3229 1407 3294 dicitur
1436 3229 1524 3312 mihi,
1556 3229 1710 3316 quoniam
1741 3252 1784 3294 ex
1806 3230 1936 3315 pietatis
1967 3229 2150 3295 consiliose

444 3335 568 3423 placuit
590 3334 734 3423 regibus,
758 3347 918 3423 quatenus
948 3335 1110 3401 interdum
1142 3359 1185 3401 ex
1215 3336 1351 3401 ducatus
1375 3337 1427 3402 vel
1457 3335 1623 3402 marchiae
1654 3349 1710 3402 aut
1740 3336 1912 3401 comitatus
1942 3335 2102 3401 reditibus

445 3444 668 3531 episcopatum
691 3443 898 3508 instituerent
919 3443 974 3508 vel
996 3443 1191 3530 ampliarent
1213 3445 1278 3508 iam
1303 3443 1399 3508 dictis
1421 3442 1636 3530 potestatibus
1660 3445 1695 3508 in
1718 3443 1879 3508 dicionem
1904 3452 1937 3508 et
1960 3445 2011 3509 ius
2037 3445 2102 3530 epi-

445 3549 576 3637 scopale
600 3548 774 3632 translatis,
799 3551 845 3614 ita
867 3561 903 3614 ut
926 3551 1073 3637 episcopi
1095 3560 1290 3636 potestatem
1309 3549 1451 3615 habeant
1473 3572 1534 3637 per
1549 3551 1690 3615 minores
1714 3549 1774 3614 sub
1799 3573 1833 3614 se
1858 3561 1934 3615 eta
1958 3574 1994 3615 se
2018 3550 2102 3615 ordi·

444 3667 538 3722 natas
553 3666 731 3743 potestates
747 3657 902 3743 ipsarum,
919 3679 1000 3744 quas
1017 3656 1170 3739 diximus,
1194 3666 1391 3743 potestatum
1406 3667 1547 3722 tractare
1571 3657 1693 3722 iudicia
1715 3679 1755 3720 ac
1779 3656 1916 3743 perinde
1939 3656 1984 3722 ad
2007 3655 2101 3722 huius

445 3763 494 3827 rei
516 3763 776 3828 conservandam
799 3765 964 3847 noticiam,
995 3765 1096 3846 aiunt,
1127 3775 1235 3850 presto
1260 3785 1332 3828 esse
1356 3775 1505 3850 oportere
1537 3785 1648 3829 coram
1678 3763 1833 3850 episcopo
1863 3762 1987 3828 iudicia
2017 3764 2101 3828 sino·
2121 3788 2148 3827 so

445 3869 532 3934 delia
561 3879 720 3935 tractante
750 3871 920 3958 utriusque
950 3872 1120 3958 potestatis
1150 3871 1301 3956 insignia.
1347 3869 1393 3934 At
1415 3892 1476 3956 ego
1501 3871 1758 3935 existimaverim
1785 3869 1901 3934 melius
1925 3881 1959 3934 et
1982 3871 2101 3935 rectius

445 3975 559 4042 horum
582 3977 772 4042 memoriam
802 3979 836 4042 in
858 3978 1081 4042 instrumentis
1104 4000 1143 4042 ac
1167 3976 1294 4042 scriniis
1319 3975 1577 4042 conservandam
1601 3987 1633 4041 et
1660 3975 1704 4040 ad
1725 3976 1924 4062 posteritatis
1947 3977 2101 4041 noticiam

444 4083 736 4166 transmittendam,
761 4107 860 4171 quam
883 4093 918 4148 ut
945 4085 980 4148 in
1002 4105 1100 4148 unam
1130 4106 1303 4170 personam
1331 4092 1509 4170 potestates
1539 4094 1605 4147 tam
1634 4085 1798 4170 oppositas
1829 4085 2025 4149 convenisse
2055 4084 2100 4147 in-

445 4190 551 4275 signia
573 4200 640 4255 tam
656 4191 819 4256 contraria
842 4213 908 4255 non
932 4191 1001 4254 sine
1025 4190 1179 4255 seandalo
1202 4191 1396 4255 intuentium
1419 4189 1629 4275 loquerentur
1651 4191 1793 4256 maxime
1817 4191 1851 4254 in
1867 4189 1983 4256 sinodo
1992 4201 2016 4272 ⁰,
2038 4211 2101 4277 que

445 4295 488 4360 ad
511 4295 751 4361 ecclesiasticas
775 4321 891 4362 causas
914 4297 1101 4362 tractandas
1125 4308 1306 4362 convocata
1328 4306 1386 4360 est.
1432 4294 1530 4360 Addo
1561 4297 1659 4360 etiam
1690 4295 1872 4362 laudandos
1902 4319 1975 4362 esse
2006 4319 2100 4383 reges
2119 4320 2146 4360 rs

444 4425 503 4488 pro
527 4413 616 4467 tante
639 4404 770 4490 pietatis
794 4404 908 4490 gratia,
933 4427 999 4490 qua
1021 4403 1130 4468 taliter
1153 4402 1326 4472 ecclesiam
1345 4403 1412 4466 Dei
1435 4400 1610 4467 sublimare
1635 4401 1697 4467 illis
1720 4402 1926 4490 complacuit,
1951 4403 2012 4468 sed
2033 4425 2100 4467 ma-

445 4510 506 4572 iori
529 4531 585 4573 eos
608 4508 704 4574 laude
729 4519 761 4574 et
784 4533 894 4575 coram
917 4510 991 4576 Deo
1015 4511 1274 4575 remuneratione
1298 4509 1454 4596 ampliore
1479 4508 1594 4594 dignos
1618 4511 1811 4595 putaverim,
1840 4511 1868 4574 si
1891 4509 2100 4597 quemadmo-

445 4613 522 4678 dum
546 4625 634 4680 recte
658 4615 853 4699 obtulerunt,
878 4619 924 4682 ita
947 4618 1046 4682 etiam
1070 4628 1158 4682 recte
1175 4616 1372 4699 divisissent,
1397 4626 1523 4680 retenta
1542 4615 1694 4680 nimirum
1710 4614 1774 4680 sibi
1789 4615 2020 4698 vindictarum,
2037 4639 2100 4704 que

379 4713 382 4718 ’
446 4723 612 4807 sanguinis
636 4723 827 4788 effusionem
849 4735 998 4811 poscunt,
1022 4733 1192 4810 potestate,
1217 4722 1346 4809 quando
1370 4724 1417 4787 eis
1442 4721 1483 4786 de
1506 4722 1681 4808 impendiis
1705 4722 1842 4788 ducatus
1858 4722 1912 4787 vel
1928 4725 2100 4789 comitatus

446 4827 602 4894 ecclesias
627 4829 784 4916 quasdam
808 4829 945 4895 fundare
965 4830 1022 4894 vel
1044 4830 1202 4917 ampliare
1225 4831 1278 4916 pie
1303 4828 1509 4916 complacuit.
2118 4855 2146 4894 ro

375 5031 426 5083 (aa).
604 5009 656 5071 37.
691 5006 839 5071 Forma
863 5007 1092 5072 divisionis
1117 5016 1156 5072 et
1179 5007 1475 5071 distinctionis
1499 5006 1670 5071 duorum
1694 5005 1941 5094 gladiorum.

551 5130 659 5195 Huius
689 5153 831 5217 namque
856 5131 1026 5196 divisionis
1053 5130 1216 5196 laudande
1240 5130 1378 5196 formam
1401 5153 1528 5195 sumere
1552 5141 1579 5195 a
1596 5143 1711 5196 sancta
1732 5132 1881 5197 Romana
1904 5132 2045 5198 eeclesia
2069 5133 2102 5196 in

446 5247 596 5322 promptu
619 5247 678 5301 est.
726 5236 896 5324 Siquidem
920 5247 953 5302 et
978 5239 1084 5324 ipsam
1107 5236 1208 5302 multa
1232 5248 1263 5301 et
1286 5259 1406 5323 magna
1427 5237 1552 5322 regalia
1583 5261 1625 5302 ex
1649 5237 1824 5304 donatione
1854 5261 1969 5324 regum
1999 5241 2101 5327 possi·

447 5341 523 5406 dere
548 5344 755 5408 manifestum
778 5355 838 5409 est.
884 5341 936 5408 Ibi
964 5346 1084 5409 etenim
1114 5344 1279 5432 prefectus
1302 5343 1425 5408 Urbis²
1453 5354 1590 5430 accepta
1613 5368 1633 5409 a
1656 5345 1802 5410 Romano
1825 5345 1979 5432 pontifice
2003 5369 2103 5434 super

553 5505 580 5570 a)
601 5509 638 5558 ita
656 5525 676 5558 e.
749 5505 778 5568 b)
802 5507 912 5559 licuerit
930 5526 965 5569 e.,·
983 5525 1028 5559 cru.
1049 5508 1107 5560 sur.
1181 5507 1207 5571 c)
1229 5510 1324 5560 sinado
1343 5527 1364 5560 c.
2119 5523 2147 5562 te

556 5649 586 5726 l)
611 5651 659 5725 Of.
684 5653 804 5712 isteron.
835 5655 870 5710 cle
896 5673 969 5712 nour.
995 5653 1094 5722 Heba,
1121 5652 1194 5729 Opp
1219 5653 1275 5725 III,
1301 5655 1420 5712 11161.
1540 5651 1572 5729 2)
1595 5655 1641 5712 De
1658 5656 1812 5731 praefecto
1841 5655 1923 5715 Urbis
1953 5657 1995 5730 cs.
2020 5658 2102 5716 etiam

448 5756 551 5815 Comm.
576 5758 605 5816 in
623 5758 741 5835 31164,
760 5761 838 5835 prol.
