4410 6406
631 365 682 419 DE
707 363 1040 420 INVESTIGATIONE
1064 365 1317 422 ANTICHRISTI
1340 369 1374 422 L.
1392 368 1415 422 Ι.
1792 361 1855 424 307

194 549 299 616 lautis
331 551 395 616 fide
427 561 459 614 61
488 549 629 614 iubentis
660 551 852 615 auctoritate
884 550 1046 615 confidere
1077 553 1110 615 in
1138 553 1291 635 Domino,
1321 553 1407 618 unde
1437 555 1549 618 veniat
1578 554 1736 618 auxilium
1766 555 1995 638 mihi,10u.r‚sa

197 659 258 743 qui
283 668 315 722 et
338 658 456 722 6161661
480 657 609 721 dicens:
640 657 681 722 Si
702 661 773 743 6616
796 661 884 737 stitit,
908 659 1079 722 66616161
1101 662 1357 726 (6661111616
1381 662 1418 726 de
1442 676 1545 726 666116
1568 665 1635 726 6166
1651 664 1755 748 fluent
1776 687 1856 748 oque
1875 683 2011 734 6166611.

200 769 282 846 1166,
307 765 362 850 661
386 766 492 850 aperit
515 787 572 828 616
603 779 755 828 aratorum
780 765 956 852 6111661166
980 766 1153 852 1616611611
1171 768 1263 854 foris
1292 768 1436 846 disertos,
1467 790 1508 831 nc
1532 767 1616 832 forte
1640 779 1672 832 et
1696 768 1857 834 obiciatur

198 871 291 950 mihi,
316 871 403 958 quod
426 873 515 958 prius
540 893 669 956 quoque
700 872 734 934 in
758 869 873 934 6611661
904 873 1039 934 materia
1063 881 1215 958 operatus
1240 874 1300 936 sim
1324 885 1356 937 et
1380 874 1521 938 Domino
1553 886 1749 961 cooperante
1775 897 1854 961 opus

156 1001 174 1039 s
198 977 329 1043 domnis
345 980 442 1042 etiam
460 975 691 1057 cardinalibus,
708 978 785 1040 viris
809 977 960 1041 nimirum
985 976 1227 1042 litteratissimis
1244 1003 1282 1044 66
1299 979 1523 1065 prudentibus
1541 981 1697 1066 Hugonil
1714 983 1855 1046 maxime

199 1099 234 1148 et
258 1086 424 1150 lacincto²
447 1095 575 1169 gratum
592 1083 813 1148 confecerim?
848 1082 1034 1170 Aggrediar
1057 1086 1155 1170 igitur
1179 1085 1322 1151 scribere
1347 1097 1379 1150 61
1403 1086 1575 1152 scribendo
1600 1088 1640 1151 de
1657 1087 1855 1174 perdicionis

198 1191 268 1256 filio
291 1193 486 1278 investigare
512 1213 583 1277 ego,
608 1191 684 1254 11661
707 1191 841 1254 multum
860 1190 971 1276 dispar
994 1213 1014 1254 a
1037 1191 1207 1278 discipulo,
1233 1215 1328 1278 quem
1353 1193 1513 1279 diligebat
1535 1194 1637 1272 Iesus,
1662 1206 1717 1260 tuo
1743 1205 1855 1260 sancto

198 1298 330 1362 hortatu
352 1309 508 1384 preeunte
534 1299 627 1384 quasi
651 1298 748 1361 Petro
779 1297 857 1361 mihi
887 1298 1042 1361 innuente
1074 1309 1105 1362 61
1135 1299 1169 1362 16
1193 1299 1254 1363 hoc
1278 1301 1384 1385 ipsum
1409 1301 1600 1365 auctoritate
1624 1312 1789 1386 prestante
1814 1302 1854 1366 de

197 1407 337 1470 materia
359 1405 514 1470 videlicet
538 1403 727 1490 scrupulosa
750 1405 906 1489 preterita
929 1405 1128 1486 coniectans,
1159 1405 1275 1470 futuris
1303 1430 1369 1471 non
1391 1406 1610 1493 preiudicans,
1641 1409 1688 1472 116
1710 1419 1746 1472 61
1769 1418 1854 1473 16166

146 1535 179 1574 16
198 1535 306 1576 661616
329 1535 419 1576 16666
443 1513 548 1597 magis
573 1512 765 1598 inquirentis
783 1533 881 1597 quam
905 1511 1080 1575 difinientis
1104 1513 1155 1594 sit,
1181 1515 1236 1598 qui
1261 1523 1292 1577 61
1316 1537 1335 1577 6
1359 1517 1515 1578 66666166
1540 1516 1720 1601 scripturae
1737 1514 1854 1601 quibus

198 1619 348 1682 innititur
375 1618 593 1682 fundamentis
624 1640 688 1680 non
717 1617 858 1698 recedet,
884 1619 1032 1704 quamvis
1057 1629 1166 1704 preter
1188 1643 1282 1684 usum
1306 1643 1510 1685 communem
1534 1622 1603 1685 eius
1627 1621 1790 1686 interdum
1813 1621 1853 1686 de

198 1725 320 1789 ultimis
351 1724 551 1810 temporibus
583 1725 747 1810 enigmata
777 1723 920 1788 resolvat
946 1724 998 1788 vel
1030 1723 1071 1789 ab
1096 1724 1167 1788 aliis
1198 1726 1341 1792 resoluta
1372 1727 1579 1792 demonstret.
1627 1727 1711 1792 Nam
1742 1750 1853 1792 omnes

198 1833 267 1896 fere
292 1833 466 1918 scriptores
498 1831 538 1894 de
569 1830 778 1912 discessibus,
810 1830 962 1895 facienda
992 1831 1032 1895 de
1055 1834 1284 1918 persecutione
1308 1831 1510 1916 Antichristi,
1535 1835 1575 1898 de
1600 1835 1701 1919 signis
1726 1845 1759 1899 et
1780 1857 1854 1920 pro-

198 1938 296 2024 digiis
327 1939 389 2002 11116
420 1937 644 2018 mendacibus,
675 1938 716 2002 de
747 1937 873 2002 duobus
903 1937 1040 2002 testibus
1071 1937 1112 2002 ab
1143 1961 1181 2003 66
1213 1939 1413 2020 6661166116,
1438 1940 1478 2004 16
1501 1940 1677 2005 Iudeorum
1708 1941 1853 2027 reliquiis

151 2069 176 2107 n
198 2045 429 2110 convertendis
454 2069 488 2108 66
512 2047 545 2109 16
569 2045 711 2109 futurum
741 2056 870 2130 tempus
899 2045 1094 2110 extendunt:
1124 2069 1185 2132 ego
1208 2069 1287 2111 vero
1318 2048 1489 2132 preteritos
1514 2047 1652 2112 ecclesie
1677 2069 1797 2132 agones
1821 2057 1854 2112 et

197 2154 383 2239 iniquorum
408 2152 580 2216 ecclesiam
605 2153 867 2238 persequentium
892 2175 1006 2238 regum
1029 2153 1185 2217 seviciam
1209 2153 1413 2217 6116616116ιι
1436 2155 1470 2217 16
1493 2154 1554 2218 hoc
1578 2155 1684 2240 ipsum
1708 2153 1853 2241 pensabo

198 2261 227 2323 si
255 2259 338 2324 forte
369 2259 411 2324 ad
440 2259 620 2344 iniquitatis
652 2259 842 2344 mysterium
873 2258 1100 2344 complendum
1132 2260 1331 2324 sufficientes
1361 2261 1501 2325 inveniri
1529 2261 1669 2325 valeant.
1717 2261 1855 2346 Oportet

198 2367 285 2430 enirn
311 2365 438 2452 impleri
462 2367 639 2452 scripturas
663 2364 703 2428 de
728 2364 866 2430 ecclesie
881 2364 1088 2450 passionibus
1112 2377 1145 2430 et
1160 2365 1354 2431 Antichristi
1369 2369 1595 2454 persecutione
1611 2367 1865 2452 prophetantes„

199 2473 363 2559 quomodo
388 2485 420 2537 ct
443 2472 483 2536 de
501 2472 630 2536 domino
646 2483 757 2536 nostro
774 2471 849 2534 Iesu
865 2470 994 2536 Christo
1019 2484 1051 2536 et
1074 2471 1115 2536 de
1139 2474 1208 2536 6166
1232 2473 1387 2538 traditore
1413 2473 1572 2560 complete
1590 2485 1673 2538 sunt.
1710 2472 1797 2538 Sane
1820 2475 1854 2536 in

152 2604 180 2642 so
200 2591 357 2666 quantum
372 2581 437 2644 iam
454 2580 551 2643 etiam
569 2578 608 2642 de
625 2577 824 2642 Antichristo
842 2589 874 2641 et
891 2578 1027 2642 66616616
1048 2578 1206 2664 agonibus
1222 2580 1454 2666 prophetarum
1471 2590 1503 2644 et
1520 2580 1740 2667 apostolorum
1756 2591 1852 2667 atque

170 2683 175 2690 ’
199 2688 303 2773 ipsius
319 2687 453 2751 Domini
469 2684 600 2750 oracula
617 2684 777 2770 completa
793 2684 847 2759 vel
862 2683 958 2769 plene
975 2685 1135 2772 completa
1150 2687 1313 2750 invenirib
1330 2698 1491 2772 poterunt,
1508 2689 1658 2766 inaniter,
1675 2697 1711 2751 ut
1727 2687 1852 2770 estim0,

201 2817 323 2874 eorum,
341 2805 445 2880 quae⁰
463 2795 527 2856 1616
544 2791 706 2877 completa
722 2791 775 2855 vel
791 2791 859 2855 fere
877 2791 1038 2878 completa
1054 2803 1138 2873 sunt,
1161 2793 1195 2856 in
1211 2793 1307 2878 longe
1328 2793 1472 2858 futurum
1494 2791 1681 2881 adimpletio
1700 2805 1853 2881 expecta-

200 2913 263 2965 tur.
298 2901 368 2964 Nec
385 2901 541 2980 curiosus,
558 2911 593 2963 ut
610 2900 733 2978 estimo,
759 2910 957 2962 secretorum
973 2899 1146 2984 inquisitor
1162 2901 1306 2963 estimari
1324 2899 1438 2983 debeo,
1457 2901 1532 2965 dum
1554 2902 1588 2964 in
1604 2900 1724 2966 talibus
1748 2923 1853 2965 sermo

200 3030 293 3072 meus
317 3005 508 3086 versabitur,
533 3004 694 3091 quomodo
723 3027 784 3069 nec
808 3006 925 3069 Petrus
949 3015 982 3068 61
1005 3005 1167 3069 Iohannes
1197 3028 1370 3092 personam
1401 3006 1564 3072 traditoris
1589 3030 1609 3070 6
1631 3007 1774 3072 Ι)616166
1798 3029 1853 3070 611-

155 3137 183 3176 rs
202 3115 377 3201 quirentes,
401 3112 562 3198 siquidem
585 3113 688 3176 omnis
713 3123 780 3177 tam
803 3123 913 3176 nostra
937 3135 1036 3198 quam
1059 3111 1185 3176 illorum
1210 3114 1375 3199 inquisitio
1401 3135 1441 3177 ex
1459 3113 1632 3178 dilectione
1649 3115 1796 3200 magistri
1815 3137 1853 3178 ac

202 3221 325 3284 domini
351 3220 428 3283 Iesu
458 3231 490 3283 et
520 3218 594 3283 odio
625 3221 829 3283 inimicorum
853 3217 974 3282 Christi
1006 3230 1038 3282 et
1068 3217 1205 3282 ecclesie
1237 3218 1425 3284 descendat.
1472 3220 1542 3283 Nec
1565 3242 1644 3284 vero
1674 3221 1855 3306 incongrua

201 3329 287 3392 inter
315 3349 420 3390 meam
451 3327 645 3412 parvitatem
675 3336 829 3411 tuamque
860 3324 1090 3390 sublimitatem
1122 3337 1218 3411 atque
1250 3327 1415 3390 internos
1439 3337 1471 3391 et
1494 3337 1600 3391 tantos
1625 3327 1789 3413 apostolos
1813 3328 1853 3390 si-

201 3433 349 3498 militudo
373 3443 422 3496 est
445 3433 522 3497 licet
544 3433 758 3518 proporcione
783 3431 940 3496 dissimili.
981 3431 1150 3518 Siquidem
1173 3442 1208 3494 tu
1233 3455 1306 3495 curu
1322 3433 1419 3496 Petro
1444 3445 1476 3496 et
1499 3446 1573 3518 post
1595 3434 1729 3497 Petrum
1753 3432 1853 3497 seculi

202 3541 310 3606 661666
333 3539 450 3604 fluetus
475 3550 507 3604 et
530 3550 596 3602 rote
621 3539 721 3602 trahis
745 3538 914 3620 ecclesiae,
939 3538 1016 3602 mihi
1032 3560 1121 3618 vero,
1146 3539 1173 3600 si
1197 3561 1269 3602 cum
1294 3537 1439 3603 Iohanne
1463 3561 1562 3625 super
1583 3550 1696 3626 pectus
1719 3540 1857 3604 Domini

157 3674 183 3711 66
202 3647 391 3713 recumbere
421 3670 486 3711 non
517 3647 661 3731 contigit,
692 3655 800 3709 tamen
831 3645 988 3708 adherere
1016 3645 1089 3708 Deo
1121 3646 1219 3709 611661
1250 3645 1329 3708 mihi
1358 3643 1480 3709 bonurn
1511 3657 1560 3709 661
1590 3657 1623 3710 61
1651 3647 1852 3711 meditationi

202 3765 334 3820 sanctae
358 3756 537 3842 scripturae
561 3751 751 3817 incumbere
775 3772 875 3815 suave
902 3751 1063 3815 interdum
1094 3750 1211 3832 habeo,
1243 3753 1276 3816 in
1300 3775 1364 3839 qua
1388 3752 1477 3816 velut
1506 3753 1540 3816 in
1562 3764 1694 3839 pectore
1719 3754 1852 3817 Domini

204 3867 329 3926 ‘omnes
359 3861 502 3925 thesauri
533 3861 691 3946 sapientie
723 3881 761 3922 66
792 3858 926 3921 66166116
957 3855 1139 3930 absconditi
1170 3869 1252 3939 sunt,
1284 3857 1324 3922 de
1357 3860 1448 3924 cuius
1479 3861 1611 3924 secretis
1643 3859 1853 3946 exquirendis
1872 3883 1936 3925 ⁴..

203 3970 299 4032 6116111
323 3967 378 4031 illa
402 3966 542 4032 dicenda
564 3966 743 4052 iniquitatis
767 3965 912 4028 misteria
935 3966 1135 4051 propositum
1152 3964 1267 4030 habeo.
1303 3966 1342 4029 ln
1364 3967 1436 4052 ipsa
1451 3988 1530 4030 6616
1554 3967 1763 4053 inquisitione
1780 3989 1854 4030 mea

202 4074 339 4139 aliorum
363 4074 533 4161 exquisitis
557 4083 589 4137 et
611 4074 751 4136 inventis
770 4081 926 4157 tanquam
942 4073 1064 4157 paratis
1087 4073 1134 4135 uti
1159 4071 1351 4136 delectabile
1375 4072 1454 4137 mihi
1478 4074 1548 4154 6111,
1572 4095 1613 4137 66
1638 4071 1679 4136 ab
1696 4096 1760 4137 uno
1785 4072 1852 4138 solo

157 4181 290 4246 1611616
312 4181 439 4246 facilius
464 4181 660 4266 contemptui
684 4177 875 4259 habeantur,
901 4200 1097 4264 quamquam
1121 4189 1154 4242 et
1177 4178 1218 4244 ab
1240 4202 1305 4243 uno
1329 4178 1396 4243 solo
1420 4180 1605 4244 testimonia
1626 4181 1756 4266 pietatis
1780 4203 1852 4266 pro-

201 4288 267 4352 1616
290 4286 550 4374 contempncnda
572 4310 636 4351 non
661 4287 734 4350 sint.
771 4285 826 4350 Sic
851 4286 938 4348 enim
962 4295 994 4348 et
1017 4287 1120 4349 sancti
1145 4286 1344 4371 euangeliste
1362 4286 1502 4371 quedam
1527 4285 1631 4367 simul,
1656 4286 1798 4372 quedam
1822 4297 1853 4350 et

201 4394 261 4458 soli
286 4395 437 4459 dixerunt
461 4405 493 4460 et
516 4405 624 4458 tamen
648 4395 757 4458 omnia
781 4416 893 4458 eorum
910 4393 1007 4474 dicta,
1031 4403 1127 4478 prout
1143 4402 1278 4478 oportet,
1302 4394 1445 4478 inspice
1471 4393 1627 4457 canonice
1652 4394 1852 4458 auctoritatis

200 4500 370 4566 habentur.
418 4501 515 4582 Quod
538 4511 570 4564 61
594 4503 621 4564 61
645 4511 780 4588 potuero
804 4501 995 4566 testimoniis
1027 4500 1259 4585 scripturarum
1284 4521 1357 4563 cum
1381 4499 1612 4564 ecclesiasticis
1642 4501 1743 4586 gestis
1767 4522 1852 4565 com-

201 4610 322 4695 paratis
345 4609 523 4673 Dominum
546 4609 579 4672 in
603 4606 752 4672 omnibus
777 4604 979 4671 sermonibus
1004 4606 1070 4669 6616
1093 4605 1303 4669 iustificatum
1328 4605 1561 4688 demonstrare,
1579 4606 1852 4692 quemadmodum

155 4740 182 4779 (6
201 4717 356 4803 scriptum
380 4726 445 4779 est:
477 4731 510 4780 ut
538 4717 721 4802 iustificeris
752 4718 785 4778 16
814 4715 1008 4779 sermonibus
1038 4715 1101 4776 1616
1130 4727 1158 4777 61
1187 4715 1296 4776 616666
1327 4738 1394 4777 6166
1418 4713 1587 4792 iudicares,
1618 4735 1713 4778 nemo
1743 4724 1852 4778 tamen
1871 4737 1979 4786 ramo.

201 4823 328 4886 estimet
350 4845 401 4886 me
426 4845 485 4909 per
508 4843 690 4886 sermonem
713 4820 765 4884 vel
789 4821 982 4906 scripturam
1007 4820 1155 4882 territare
1180 4817 1264 4882 velle
1287 4818 1434 4882 homines
1458 4821 1552 4905 quasi
1575 4821 1673 4884 instet
1696 4819 1765 4884 dies
1785 4819 1851 4884 Do-

200 4930 289 5012 mini,
320 4929 481 5016 siquidem
505 4930 608 4994 omnis
633 4948 738 4992 6611116
763 4949 853 4991 16666
877 4928 946 4990 6166
970 4925 1145 5012 preiuditio
1172 4923 1353 4989 futurorum
1377 4925 1419 4988 sit
1442 4936 1475 4990 et
1497 4926 1574 4991 novi
1597 4949 1616 4989 a
1640 4948 1704 5012 quo
1729 4925 1851 4990 dictum

201 5049 265 5100 cst:
289 5061 350 5101 666
375 5061 439 5101 esse
462 5051 599 5100 nostrum
622 5059 711 5099 66666
734 5049 873 5120 ternpore
896 5035 947 5098 uel
968 5047 1130 5111 momento,
1155 5057 1212 5117 666
1229 5031 1324 5096 Pater
1335 5035 1443 5118 posuit
1467 5035 1499 5096 16
1515 5058 1573 5097 666
1588 5047 1735 5119 potestate
1759 5031 1851 5096 etde
1871 5059 1979 5108 116161.

308 5234 335 5298 a)
357 5237 507 5288 extendunt
525 5253 546 5287 c.
619 5233 646 5298 b)
669 5235 770 5285 inuniri
788 5252 809 5285 6.
882 5231 908 5296 6)
930 5234 978 5298 661
996 5251 1016 5283 6.

155 5415 182 5455 ss
309 5398 339 5468 1)
366 5398 517 5458 Cardinali
533 5398 630 5474 presb.
655 5398 694 5454 tit.
721 5398 752 5455 S.
771 5396 921 5455 Clementis
950 5397 994 5454 cel
1023 5396 1103 5452 66111.
1133 5395 1207 5451 (1166.
1238 5395 1269 5453 S.
1293 5395 1423 5472 1696111,
1455 5401 1488 5453 6.’
1504 5394 1591 5469 Jaffe'
1611 5395 1651 5467 ΙΙ,
1678 5417 1713 5472 p.
1732 5395 1791 5451 145
1809 5417 1851 5471 sq.

202 5503 233 5580 2)
247 5505 399 5565 Cordinali
413 5505 452 5562 tit.
467 5505 665 5562 61166666
680 5503 837 5572 Generatim
854 5500 1521 5576 6106161166.616611166166,Ἀ161161.
1535 5506 1634 5560 161611.
1645 5501 1758 5561 Gescb!
1771 5511 1789 5560 t.
1800 5503 1851 5572 47,

196 5633 229 5690 p.
240 5613 319 5682 3635
334 5611 437 5672 061661.
451 5612 535 5687 inps.
545 5611 616 5682 133,
633 5610 730 5688 bsrpne
740 5610 812 5680 191,
825 5611 874 5668 col.
885 5609 958 5666 892.
984 5605 1851 5685 0616616616,6616111166.1144,Ι)66.21(11161167)

201 5729 227 5776 et
236 5728 379 5796 postremo
394 5719 528 5789 61191,
547 5719 631 5776 Febr.
643 5719 692 5775 11.
713 5717 852 5776 Clemente
862 5736 946 5792 popu
961 5714 1084 5773 occurrit
1099 5715 1139 5786 cf.
1153 5714 1331 5786 Bernbarrb',
1346 5715 1483 5772 ‘Koarad
1493 5715 1561 5773 ΙΙΙ.)
1574 5716 1614 5786 ΙΙ,
1626 5735 1659 5791 p.
1670 5717 1743 5787 735,
1760 5716 1850 5774 (1.11.

1587 5837 1637 5887 39*
