4568 6428
228 3536 246 3574 1.
256 3533 307 3574 Cor.
315 3533 335 3582 b,
346 3535 378 3573 11.

220 3643 241 3682 2.
248 3642 295 3680 [oh.
305 3641 336 3691 10,
345 3642 377 3680 11.

394 306 414 368 2
612 311 806 368 EPISTOLA
830 312 882 367 DE
905 310 1085 366 VITANDA
1108 308 1222 365 MISSA
1245 289 1531 366 uxcRATORUu
1554 307 1830 368 SACERDOTUM.

397 499 528 580 Quodsi,
558 514 592 564 ut
613 500 670 563 hoc
693 501 870 586 perficeret,
901 500 1032 562 rtuucios
1056 500 1090 562 iu
1114 497 1288 562 Samonium
1312 498 1408 578 mulsit,
1440 498 1497 562 ubi
1519 501 1614 563 uitam
1638 502 1823 563 eanonicam
1847 502 1960 584 optime
1982 524 2046 564 ser·

395 609 471 670 oar-i
490 607 557 670 sibi
569 619 785 692 persuaserat,
816 607 910 669 etiarn
937 605 1085 682 codicem,
1109 629 1169 689 quo
1194 605 1444 668 titettusnosur
1467 608 1649 685 continetur,
1679 630 1718 669 er
1739 608 1927 669 monasterio
1951 605 2047 669 Laru-

394 715 577 801 spriupeusi
598 711 758 776 Sasouioe
782 714 816 775 iu
840 712 1056 775 bibliothecam
1083 710 1359 798 Guelferbitauam
1381 714 1564 796 peruenisse
1587 715 1711 776 scimus.
1763 711 1883 789 Qruibus
1906 714 2048 776 carnibus

395 819 603 883 consideratis
627 821 682 882 mbr
704 821 870 903 quisquam
896 817 1061 897 dubitabit,
1085 819 1162 902 quia
1188 817 1313 881 libellus
1336 831 1437 882 uoster
1453 817 1559 882 eodem
1575 833 1710 904 teaspore
1726 821 1913 904 compositus
1929 819 2047 907 fuerit,

397 940 428 990 ut
450 926 706 1011 archiepiscopus
730 924 768 988 de
792 925 970 1009 quaestione
995 924 1054 988 illa
1077 925 1257 987 accuratius
1280 926 1493 988 instrueretur.

501 1031 603 1096 Multo
634 1031 810 1119 difficilius
840 1045 884 1094 est
913 1031 1073 1094 earscleatu
1103 1033 1175 1114 quis
1205 1044 1313 1094 auctor
1346 1031 1396 1094 uel
1424 1033 1483 1116 qui
1510 1045 1650 1094 auctores
1675 1033 1814 1119 fuerint.
1862 1031 1937 1096 Etsi
1966 1034 2048 1096 euim

396 1139 526 1204 dubium
556 1163 620 1202 esse
651 1162 712 1201 uoa
735 1152 848 1224 potest,
879 1139 955 1223 quin
982 1136 1146 1201 Gamaliel
1175 1137 1266 1200 illum
1290 1137 1500 1221 pharisaeum
1532 1140 1566 1201 iu
1589 1139 1696 1202 auimo
1720 1138 1895 1218 habuerint,
1927 1140 1986 1224 qui
2015 1141 2047 1202 iu

396 1247 485 1310 Actis
509 1246 720 1331 apostolorum
745 1246 776 1324 5,
796 1245 862 1307 341
891 1244 969 1330 lepis
997 1243 1103 1306 doctor
1134 1257 1271 1320 uocatur,
1302 1245 1361 1329 qui
1388 1244 1425 1308 tu·
1452 1243 1591 1308 doctores
1622 1245 1701 1330 lepis
1723 1245 1854 1332 fuerint
1878 1269 1942 1331 pro
1967 1259 2047 1308 certo

395 1355 494 1416 statui
514 1354 627 1437 aequit.
678 1351 824 1415 Fortasse
848 1365 949 1414 autem
973 1350 1121 1413 alteruter
1144 1349 1312 1414 Berruiaus
1336 1348 1421 1414 Suro
1445 1365 1521 1430 erat,
1553 1353 1612 1436 qui
1632 1351 1671 1414 ab
1695 1352 1932 1437 archiepiscopo
1948 1375 2047 1436 prae-

390 1461 515 1544 positus
545 1458 857 1544 lleichersperpeusrs
881 1457 994 1544 factus
1024 1481 1053 1519 a.
1082 1457 1175 1519 1116.
1210 1459 1242 1520 iu
1275 1455 1449 1520 Saaouiauu
1479 1456 1577 1521 redi-it
1588 1461 1609 1536 ²,
1641 1481 1710 1520 curu
1740 1459 1835 1522 vualis
1865 1483 1897 1521 se
1928 1457 2048 1522 diutius
2068 1484 2093 1522 10

397 1567 538 1630 resistere
560 1589 621 1628 uou
637 1588 733 1650 posse
756 1565 954 1651 copaouisset.

507 1669 663 1752 Codicum,
695 1695 783 1756 quem
808 1673 939 1755 priurus
963 1668 1101 1732 Sdralele
1124 1669 1251 1748 euoluit,
1283 1669 1384 1734 deuito
1412 1671 1533 1734 contuli
1560 1671 1771 1756 uouutdlaque
1795 1695 1833 1734 ea·
1855 1696 1889 1735 eo
1913 1675 2045 1736 correxi.

397 1777 498 1842 Locos
520 1792 622 1841 autem
646 1801 684 1841 ea
701 1778 852 1862 putribus
875 1777 1012 1860 aliisque
1035 1776 1215 1838 auctoribus
1238 1776 1352 1840 albatos
1369 1778 1467 1862 prior
1491 1775 1592 1840 editor
1616 1791 1701 1840 tauta
1726 1776 1893 1864 ds‘leperett'a
1917 1778 2046 1842 adnoto·

399 1899 493 1965 uerot,
517 1898 550 1948 ut
572 1885 657 1948 nihil
671 1884 748 1971 fere
772 1884 854 1947 mihi
874 1896 1055 1969 superesset,
1079 1907 1173 1966 quam
1197 1897 1230 1946 ut
1252 1883 1298 1946 ud
1319 1897 1457 1946 nostrum
1481 1881 1606 1947 citandi
1625 1907 1715 1946 tusum
1739 1908 1789 1947 eos
1813 1884 1994 1970 radiperem.

503 2008 776 2095 Arpeutorati
796 2033 824 2071 o.
847 2008 941 2086 1892,
966 2031 1067 2070 meuse
1091 2004 1274 2091 Septembri.
1676 2007 1715 2070 E.
1743 2006 1938 2072 SACKUR.
2068 2040 2093 2080 ιι

496 2271 717 2349 INCIPIT⁸
752 2270 1002 2348 EPISTOLA
1036 2270 1371 2466 ἓξοὲἓὲΑὲἶῆΑ
1404 2269 1551 2348 MISSA
1585 2271 1947 2350 UXORATORUM

1353 2390 1403 2464 M.

503 2527 711 2614 Archangclo
736 2525 933 2591 Germaniae
959 2537 990 2590 ct
1013 2525 1158 2608 Illirici³,
1183 2525 1444 2590 constantissimo
1469 2529 1615 2591 veritatis
1639 2530 1884 2615 propugnatori,
1912 2541 2048 2616 uterque

399 2635 560 2700 Gamaliel
584 2633 742 2722 quicquid
764 2633 908 2720 legitime
934 2630 1134 2698 certantibus
1158 2633 1307 2719 promisit
1329 2632 1499 2697 Emanuel.

507 2764 535 2824 1.
582 2759 698 2841 Tanta,
726 2757 836 2845 presul
860 2756 1142 2838 excellentissime,
1167 2778 1409 2821 commovemur
1431 2756 1654 2844 indignatione
1679 2781 1778 2846 super
1800 2759 1935 2846 vulpina
1958 2759 2049 2824 here·
2068 2793 2094 2832 ιο

397 2869 535 2932 ticorum
559 2867 708 2931 illusione
732 2877 764 2930 ct
788 2867 915 2929 asinina
935 2863 1137 2952 quorundam
1155 2862 1387 2927 catholicorum
1412 2865 1666 2950 supportatione,
1690 2875 1725 2930 ut
1748 2866 1805 2930 vix
1829 2865 1967 2931 turbatis
1991 2889 2049 2953 pre

398 2975 447 3038 ira
471 2973 571 3038 oculis
590 2973 760 3038 videamus
778 2971 857 3059 quid
873 2971 983 3036 dicere
1003 2969 1181 3034 valeamus.
1230 2968 1323 3050 Quae
1348 2971 1434 3033 enim
1457 2971 1561 3035 maior
1583 2983 1691 3057 potest
1715 2995 1786 3037 esse
1810 2972 1926 3056 illusio,
1952 2996 2049 3059 quam

398 3091 471 3166 post
493 3081 664 3144 innumera
680 3078 818 3144 concilia
835 3089 867 3142 et
885 3077 1094 3142 anathemata
1109 3074 1299 3162 pontificum
1315 3075 1543 3160 Romanorum,
1568 3090 1642 3165 post
1658 3079 1910 3142 contradictoria
1928 3079 2051 3144 iudicia

397 3186 495 3250 totius
518 3183 606 3250 orbis
631 3184 862 3249 catholicorum
887 3185 1114 3271 episcoporum
1137 3204 1223 3246 nunc
1246 3182 1397 3266 primum,
1422 3184 1516 3269 quasi
1539 3183 1639 3248 nichil
1662 3195 1770 3248 actum
1795 3187 1845 3266 sit,
1870 3207 2049 3271 provocare

398 3292 441 3356 ad
463 3291 587 3358 iudicia
610 3315 747 3377 quorum
769 3291 932 3355 nescimus
957 3290 1184 3376 episcoporum
1208 3288 1270 3350 nisi
1294 3286 1575 3354 heresiarchamm
1600 3313 1740 3373 suorum,
1766 3292 1793 3354 si
1814 3289 1930 3354 vitarih
1950 3292 2049 3355 missc
2069 3323 2095 3362 ιι

398 3398 539 3463 debeant
569 3400 687 3462 totiens
712 3397 960 3483 dampnatorum
990 3417 1049 3482 pro
1078 3393 1291 3458 fornicatione
1322 3392 1587 3480 presbiterorum,
1619 3419 1693 3462 cum
1724 3395 1841 3483 quibus
1872 3419 1933 3462 nec
1964 3420 2049 3461 com-

398 3507 504 3570 munis
537 3503 628 3570 cibus
662 3505 745 3569 sumi
778 3502 913 3568 deberet
945 3500 1124 3565 secundum
1154 3499 1292 3564 Paulum
1323 3512 1356 3564 et
1386 3500 1504 3588 quibus
1536 3526 1597 3567 nec
1631 3526 1691 3568 ave
1722 3503 1897 3569 dicendum
1929 3504 2049 3568 nedum

398 3635 493 3676 amen
516 3610 781 3699 respondendum
804 3620 890 3674 esset
914 3606 1092 3672 secundum
1108 3607 1287 3671 Iohannem
1309 3618 1340 3671 et
1355 3607 1450 3672 Pauli
1473 3610 1706 3697 coapostolum.
1744 3611 1901 3697 Legimus
1919 3610 2050 3698 quidem

398 3731 431 3784 et
459 3742 518 3783 nos
548 3721 689 3806 primum
712 3716 883 3782 Nicolaum
913 3737 1034 3802 papam
1064 3715 1250 3778 necessaria
1277 3713 1519 3800 dispensatione
1543 3716 1759 3803 Bulgarorum
1790 3717 1951 3805 neophitis
1976 3739 2049 3781 con-

399 3827 547 3908 cessisse,
572 3836 670 3890 utne
694 3825 728 3888 in
751 3821 880 3887 novella
904 3821 1081 3886 deficerent
1104 3819 1349 3902 christianitate,
1381 3820 1502 3907 polluto
1533 3832 1701 3887 uterentur
1730 3825 1838 3910 potius
1869 3822 2048 3904 sacerdote,
2069 3854 2094 3892 ιο

398 3933 502 3997 donec
535 3930 714 4019 episcopali
747 3927 976 4015 reprobaretur
1008 3927 1159 3991 examine
1169 3931 1191 3990 ⁴.
1240 3925 1306 3991 Sed
1336 3927 1415 4013 quid
1445 3927 1506 3992 hoc
1539 3930 1765 4015 antiquitatem
1797 3941 1829 3993 et
1861 3927 2048 3993 facultatem

397 4049 541 4104 nostram
564 4039 665 4119 iuvat,
689 4058 770 4122 quos
795 4034 980 4120 episcopale
1004 4032 1231 4119 prciudicium‚
1256 4031 1371 4096 situle
1397 4033 1475 4119 quid
1498 4034 1736 4116 admiserimus,
1762 4034 1943 4120 dampnat?
1984 4032 2048 4113 Qui

399 4145 484 4208 enim
509 4143 725 4208 communicat
748 4141 1038 4220 excommunicato,
1070 4140 1371 4203 excommunicatus
1402 4139 1472 4203 erit.
1519 4140 1802 4205 Excommunicati
1833 4151 1906 4204 suut
1936 4160 2048 4230 omnes

399 4250 578 4339 symoniaci
612 4260 643 4312 et
666 4246 847 4312 Nicolaitae
880 4245 1017 4309 heretici
1049 4245 1082 4307 in
1115 4267 1234 4329 magna
1267 4244 1390 4331 synodo
1425 4243 1577 4331 Gregorii
1599 4245 1675 4310 VH.
1709 4268 1792 4311 anno
1820 4245 2048 4316 MLXXVIII.

398 4357 581 4423 dominicae
605 4354 835 4419 incarnationis
852 4352 953 4415 Rome
974 4348 1149 4431 celebrata,
1174 4350 1353 4414 secundum
1373 4351 1459 4438 quod
1483 4353 1640 4438 scriptum
1664 4362 1712 4416 cst
1734 4363 1807 4439 post
1830 4352 1942 4417 XIIII.
1960 4355 2047 4439 capi·
2065 4375 2091 4416 ιι

399 4464 501 4529 ιιιΙιιιιι
533 4463 635 4548 ipsius
668 4459 784 4548 synodi
795 4463 816 4522 ⁵.
862 4458 901 4522 In
934 4456 1049 4521 eadem
1082 4455 1207 4542 synodo
1241 4458 1401 4521 sententia
1433 4458 1647 4522 anathematis
1681 4458 1758 4522 data
1788 4471 1837 4523 est
1868 4461 1903 4523 in
1936 4481 2047 4524 omnes

400 4571 604 4658 symoniacos
625 4579 657 4632 et
675 4565 854 4630 Nicolaitae
871 4564 1043 4644 hereticos,
1068 4564 1124 4648 qui
1147 4563 1182 4626 in
1198 4563 1316 4626 erroris
1341 4564 1391 4626 sui
1415 4574 1505 4628 secta
1527 4564 1670 4629 indurati
1695 4564 1905 4652 synodalibus
1922 4577 2047 4630 sancto-

398 4701 470 4741 rum
493 4687 622 4764 patrum
645 4669 894 4738 diffinitionibus
919 4681 951 4734 et
975 4667 1192 4734 decretalibus
1216 4691 1328 4732 eorum
1358 4670 1486 4734 statutis
1510 4672 1650 4736 scienter
1672 4671 1897 4737 inobedientes
1921 4683 2048 4760 aposta-

399 4797 569 4869 tarumque
599 4778 773 4868 pertinatia
797 4779 843 4842 eis
867 4776 1110 4842 recalcitrantes
1138 4773 1245 4838 studio
1270 4786 1303 4839 et
1323 4774 1489 4840 voluntate
1517 4776 1733 4863 refragantur.
1778 4778 1880 4842 Porro
1905 4779 1961 4865 qui
1985 4779 2049 4842 sint

399 4889 558 4954 Nicolaite
574 4887 756 4952 leronimus
779 4885 813 4948 in
837 4883 1041 4970 expositione
1065 4903 1164 4966 super
1178 4879 1392 4968 Apocalipsin
1415 4881 1457 4945 ud
1473 4881 1682 4947 Anatholium
1701 4883 1859 4949 *scribens
1878 4886 1924 4948 ita
1943 4895 2049 4949 osten·
2067 4909 2094 4947 ιο

399 4997 485 5061 ditss:
509 4997 615 5060 Erout
638 4995 694 5058 illa
719 5008 853 5079 tempore
869 4991 1011 5079 factiosi
1032 4989 1171 5051 homiues
1194 5001 1223 5051 et
1237 4989 1403 5074 pestiferi,
1435 4992 1494 5074 qui
1513 4991 1569 5054 sub
1593 4994 1716 5056 nomiae
1740 4991 1875 5056 Nicohai
1895 4993 2048 5077 apostol-

504 5191 531 5258 a)
553 5195 630 5245 minio
648 5212 694 5244 scr.
713 5211 733 5244 c.
806 5187 835 5252 b)
857 5192 943 5240 vitare
962 5205 983 5241 c.

509 5359 537 5428 1)
557 5357 605 5430 Os.
623 5359 683 5414 Act.
704 5363 794 5431 apost.
812 5353 863 5423 22,
879 5353 907 5410 3.
979 5351 1009 5422 2)
1026 5350 1102 5407 Ana.
1119 5348 1330 5434 Reicbersberq.
1352 5351 1445 5422 1116,
1471 5351 1524 5409 SS.
1540 5351 1639 5422 XVII,
1655 5373 1688 5428 p.
1703 5353 1776 5409 453.
1848 5353 1878 5422 3)
1895 5353 1926 5410 V.
1944 5354 2048 5429 praes.

400 5467 431 5536 4)
450 5466 498 5538 Cf.
516 5465 630 5522 Nicolai
645 5465 668 5520 I.
688 5462 780 5538 Epist.
806 5481 828 5517 c.
844 5459 894 5530 70,
915 5457 1014 5515 blansi
1028 5457 1063 5513 Χ
1064 5456 1096 5526 V,
1114 5457 1164 5513 col.
1182 5455 1245 5512 425
1259 5455 1366 5514 B-O.
1436 5457 1467 5526 5)
1490 5457 1526 5514 Ut
1548 5458 1666 5528 videtur,
1690 5458 1720 5515 ia
1735 5460 1841 5532 syuodo
1864 5459 2049 5536 quadram.

399 5573 467 5630 ruoti
488 5593 517 5630 a.
537 5571 631 5641 1078,
662 5570 739 5626 usius
768 5587 890 5625 canones
918 5585 975 5622 nou
1005 5570 1126 5621 asans.
1248 5561 1278 5632 6)
1308 5562 1498 5638 fficrouymus
1527 5564 1755 5622 corumentarium
1785 5566 1826 5622 ad
1846 5565 2049 5642 Apokalppsim
2068 5581 2095 5619 ιιι

399 5701 455 5738 nou
477 5679 599 5754 scripsit,
623 5686 653 5733 ut
676 5675 800 5734 Sdrotelc
821 5671 935 5731 amauit.
