4426 6398
501 337 684 396 MONACHI
707 336 850 395 EXULIS
874 336 904 393 S.
928 336 1146 396 LAURENTII
1171 336 1420 395 OPUSCULUM.

558 524 675 588 Preter
696 524 758 588 hoc
782 534 901 607 autem,
925 547 1098 612 rogovos,
1122 523 1232 590 videte
1259 581 1262 586 .

559 629 733 696 Publicum
755 619 910 714 montem,
933 631 1100 714 Bruuium,
1124 629 1312 696 Florinaa⁸i

497 753 531 803 75
559 736 801 804 Wolbodonem
824 760 883 803 voe
906 758 1036 825 quoque
1059 738 1245 803 iudicastis:

612 846 736 910 Rursus
759 843 897 910 habetis.

557 953 603 1017 Et
624 975 716 1017 meua
739 952 970 1038 Berengariua,
994 960 1143 1036 rogatum

561 1059 667 1142 Quem
692 1058 769 1124 dedi
792 1057 886 1124 vobis
911 1057 992 1122 alias
1015 1059 1048 1122 in
1072 1057 1178 1141 horas,

557 1165 674 1231 Pulsus
699 1176 749 1230 est
770 1164 836 1230 ulla
859 1166 928 1229 sine
952 1164 1036 1250 lege,
1060 1163 1149 1228 nulla

496 1289 530 1338 80
612 1271 695 1336 Cum
719 1273 854 1336 ratione.

557 1379 646 1460 Quid
668 1378 775 1462 modo,
799 1378 908 1464 vultiS,
932 1399 1024 1443 meua
1049 1376 1151 1443 abbas
1175 1376 1289 1443 dicat?

557 1486 700 1566 Queritis
724 1507 851 1568 causas,
875 1483 932 1549 ubi
956 1495 1003 1549 tot
1025 1484 1170 1550 videtis?

555 1592 729 1657 Iudicastia
751 1615 811 1656 vos
834 1593 941 1678 potius
965 1602 1120 1658 nocentes

611 1698 879 1764 *Theodericum

496 1822 530 1871 85
559 1806 689 1871 Iudices
714 1805 805 1888 talen,
830 1805 1013 1871 dominator
1035 1804 1133 1888 orbis,

557 1913 716 1995 Pordona,
741 1935 852 2000 queso,
876 1912 1008 1977 meliore
1033 1935 1140 1994 sensu,

559 2019 633 2101 Quo
658 2042 749 2084 suam
773 2019 903 2106 culpam
926 2019 1099 2104 fateantur,
1124 2028 1221 2107 atque

610 2125 730 2191 Nostra
753 2126 937 2212 reponant'.

907 2323 1003 2388 XIH.

555 2429 663 2496 Mater
685 2440 796 2495 nostra
820 2429 899 2497 Sion
923 2429 999 2495 dum
1024 2437 1088 2495 stat
1111 2441 1143 2496 et
1166 2425 1266 2514 audit,

557 2536 630 2622 Quo
654 2537 740 2602 mala
762 2535 940 2625 pertulerit,
965 2537 1173 2621 dinumerari,

557 2643 612 2710 Sic
636 2643 738 2710 oculis
761 2645 894 2710 lacrimo
918 2645 1107 2731 prosiluere,

558 2751 651 2817 Siout
673 2752 842 2816 aromatici
865 2751 994 2837 virgula
1017 2752 1098 2816 fumi

513 2874 530 2923 t
560 2857 670 2922 Thura
694 2859 898 2944 superposito
922 2859 1026 2944 surgit
1048 2858 1090 2923 ab
1114 2859 1183 2946 igni
1193 2864 1214 2924 ¹.

557 2963 649 3048 ‘Sio’‚
674 2965 729 3046 ait,
755 2967 923 3048 ‘excutior‚
948 2987 1071 3030 summe
1096 2976 1232 3031 creator.

556 3073 629 3137 Hec
653 3071 739 3136 mala
762 3081 880 3136 cuncta
903 3095 1075 3158 superine
1100 3072 1299 3137 ceciderunt.

560 3178 633 3266 Que
657 3201 727 3242 sum
751 3178 871 3264 passab
895 3201 968 3243 meo
992 3180 1126 3243 crimine
1150 3179 1247 3244 nullo.

555 3285 632 3349 Heu
653 3285 723 3348 me!
749 3295 871 3371 quanta
894 3284 969 3349 tuli!
995 3297 1073 3372 quot
1095 3284 1181 3350 mala
1203 3285 1284 3368 vidi,

495 3408 528 3457 10
555 3392 610 3456 Ex
634 3415 697 3478 quo
721 3391 830 3456 fratris
853 3389 940 3456 Abel
963 3391 1106 3456 concidit
1128 3392 1213 3456 ictu!

556 3498 622 3579 Qui
645 3505 722 3563 tunc
744 3520 797 3562 me
820 3498 909 3562 feriit
930 3496 1076 3580 malicus,
1099 3497 1187 3562 idem

554 3605 663 3670 Durat
686 3605 809 3688 adhuc;
835 3613 983 3691 superest
1006 3614 1038 3669 et
1060 3602 1155 3668 faber
1177 3604 1275 3670 idem.

553 3713 625 3777 Iam
648 3735 722 3782 mea
745 3713 897 3777 continuo
921 3712 1026 3777 fracta
1048 3711 1159 3776 labore

554 3819 655 3884 Venit
676 3819 720 3884 ad
742 3841 846 3907 usque
869 3841 1005 3906 gravem
1027 3820 1096 3883 vita
1119 3827 1294 3884 senectam.

234 4125 261 4189 a)
283 4127 401 4179 Florinia
420 4145 440 4178 1.
513 4125 542 4189 b)
563 4143 645 4193 passa
663 4144 723 4178 aum
741 4145 777 4191 c.;
799 4128 865 4194 quod
883 4145 939 4208 cum
957 4136 1034 4178 metm
1048 4135 1157 4193 prtqrrot.

238 4300 266 4388 1)
285 4307 390 4367 cleron.
407 4331 430 4366 1,
448 4309 541 4366 Laur.
559 4329 582 4365 c.
601 4307 653 4379 44,
679 4308 733 4366 SS.
749 4308 830 4379 VIII,
848 4329 882 4385 p.
901 4309 975 4366 216.
1046 4301 1076 4387 2)
1095 4305 1203 4367 Contio.
1223 4308 1252 4380 3,
1267 4308 1300 4364 6:
1319 4307 1399 4373 Quae
1418 4310 1541 4376 1111111,
1560 4325 1634 4380 quae
1651 4307 1780 4363 ascendit

83 4427 110 4467 aa
129 4417 203 4472 sicut
225 4417 335 4489 virgula
357 4417 426 4472 fumi
450 4435 485 4473 111
508 4417 680 4473 aronratibue
703 4417 832 4490 myrrhae
857 4424 887 4473 et
911 4417 1001 4472 thuris
1024 4435 1076 4488 per
1099 4417 1267 4473 desertum?

199 5811 300 5864 Liboni
319 5813 353 5864 de
373 5812 430 5865 lita.
462 5813 517 5864 111.
