4418 6412
694 341 933 400 OPUSCULUM
956 341 1011 397 AD
1037 340 1294 398 CARDINALES.
1755 335 1819 398 405

158 533 282 598 melius
306 542 365 614 est,
389 531 633 596 excusationem
656 529 772 594 litteris
791 528 1059 616 comprehensam
1083 539 1115 594 et
1138 526 1406 594 eminentioribus
1431 529 1464 592 in
1480 528 1641 593 aecclesia
1665 540 1697 593 et
1720 551 1821 615 regno

159 640 315 726 personis
338 636 540 702 mittendam.

275 746 376 810 Porro
406 745 434 808 si
458 742 582 829 aliquid
610 754 660 808 est
681 743 767 807 inter
787 765 837 824 ca,
861 741 949 828 quod
972 764 1037 807 non
1060 751 1167 827 potest
1197 743 1359 807 veraciter
1389 743 1551 824 excusari,
1576 765 1684 808 nonne
1714 753 1822 830 potest

160 853 330 918 veraciter
363 851 481 916 mutari
516 861 549 914 et
583 848 751 914 emendari
782 848 960 914 secundum
991 850 1147 936 scriptum
1177 848 1298 913 Leonis
1328 871 1413 935 pape
1444 850 1615 935 superius¹
1650 851 1820 933 intextum,

124 969 205 1024 aut
235 957 437 1024 offendiculis
467 957 543 1022 hinc
573 956 649 1022 inde
681 956 883 1043 conplanatis
913 955 970 1020 fiat
999 978 1099 1020 unum
1130 955 1214 1020 ovile
1245 966 1278 1020 et
1306 979 1390 1020 unus
1417 955 1552 1042 pastor‘?
1598 955 1713 1043 Neque
1742 978 1821 1022 vero

163 1065 319 1153 exemplo
350 1075 453 1148 earet,
485 1065 512 1129 si
546 1064 711 1129 Romanus
743 1063 893 1151 pontifex
923 1061 1032 1150 aliqua
1064 1061 1105 1126 de
1137 1063 1202 1126 suis
1234 1061 1284 1127 vel
1316 1061 1412 1127 dictis
1440 1061 1495 1127 vel
1528 1062 1624 1126 factis
1657 1071 1820 1128 retractet.

163 1172 255 1237 Nam
276 1171 391 1237 beatus
414 1172 531 1236 Petrus
562 1171 602 1235 de
627 1193 685 1236 sua
709 1170 923 1252 simulatione,
947 1191 1013 1256 qna
1035 1191 1101 1233 non
1124 1179 1213 1234 reete
1243 1167 1432 1252 ambulavit,
1462 1168 1505 1234 ad
1528 1170 1699 1234 veritatem
1723 1191 1821 1234 euan-
1840 1192 1963 1242 satan.

165 1278 247 1365 gelii
270 1278 463 1364 redargutus
487 1300 508 1342 a
531 1277 716 1364 coapostolo
741 1299 798 1342 suo
815 1276 917 1341 Paulo
942 1276 1085 1340 correxit
1107 1274 1229 1340 factum
1248 1298 1352 1341 suum.
1387 1275 1619 1340 Marcellinus²
1634 1298 1730 1363 papa,
1747 1299 1822 1341 cum

164 1396 334 1471 tamquam
358 1395 524 1449 summus·
546 1383 694 1471 pontifex
718 1406 739 1447 a
761 1384 890 1448 nemine
914 1381 1123 1464 iudicaretur,
1154 1381 1212 1447 sed
1236 1379 1366 1446 sibimet
1393 1383 1456 1468 ipsi
1479 1381 1717 1470 relinqueretur
1739 1383 1821 1448 iudi·

111 1517 144 1556 no
167 1489 303 1573 mades,
327 1513 382 1556 ore
406 1490 597 1579 dampnavit
620 1493 750 1578 proprio
766 1490 887 1554 factum
905 1512 1008 1570 suum,
1026 1487 1190 1575 quodnisi
1207 1487 1426 1574 dampnasset,
1450 1488 1520 1575 ipse
1537 1489 1649 1574 utique
1666 1487 1821 1577 dampna-

166 1609 221 1662 tus
244 1599 278 1662 in
294 1595 523 1684 dampnatione
539 1598 788 1685 permansisset3
813 1597 890 1684 quia
905 1619 983 1660 vero
1006 1597 1077 1681 ipse
1100 1595 1223 1660 factum
1239 1617 1332 1659 suum
1350 1593 1558 1681 dampnabile
1578 1595 1701 1660 iudicio
1718 1598 1821 1662 'iusto
1839 1619 1924 1661 aser.

166 1703 336 1786 iudicavit,
359 1704 515 1768 iniustum
538 1705 718 1790 permansit
740 1704 774 1767 in
793 1702 943 1788 catalogo
959 1703 1177 1767 Romanorum
1200 1701 1391 1789 pontificum
1413 1724 1473 1788 per
1495 1703 1686 1789 martyrium
1711 1703 1821 1768 eandi-

168 1810 264 1875 datus
295 1821 328 1874 et
357 1812 497 1875 sociatus
527 1809 631 1874 beatis
661 1809 869 1897 martyribus,
918 1817 1097 1873 Bonifacius³
1121 1832 1208 1896 papa
1235 1824 1295 1872 11¹¹·
1324 1822 1423 1888 legitur
1449 1839 1482 1874 ex
1508 1822 1620 1874 decreto
1647 1824 1821 1876 constituisse
1839 1831 1925 1875 Dauid

168 1921 302 1988 vigilium
328 1922 475 1974 diaconum
500 1923 553 1973 sibi
578 1923 606 1972 in
629 1921 790 1988 pontificatu
816 1921 973 1980 succedere,
998 1921 1080 1986 quod,
1104 1923 1170 1986 quia
1189 1922 1311 1972 Romano
1336 1919 1411 1971 clero
1430 1923 1518 1971 visum
1539 1927 1581 1970 est
1603 1923 1754 1974 canonibus
1773 1922 1819 1972 ad-

116 2032 148 2072 1⁵
167 2022 281 2080 versari,
300 2027 427 2086 presente
447 2019 521 2071 clero
541 2021 576 2070 ab
595 2020 692 2070 eodem
711 2020 884 2085 subpositum
903 2025 945 2069 est
964 2021 1020 2084 igni
1040 2026 1103 2069 ante
1124 2019 1324 2070 confessionem
1342 2020 1418 2070 beati
1437 2019 1512 2070 Petri
1532 2018 1659 2084 apostoli.
1696 2006 1820 2071 Recen-

167 2113 243 2176 tiori
274 2135 404 2199 quoque
434 2122 579 2199 tempore
608 2110 725 2176 beatae
760 2112 934 2176 memoriae
963 2134 1051 2198 papa
1080 2111 1249 2176 Paschalis
1280 2109 1416 2176 dederat
1444 2111 1602 2177 Haimioo
1632 2113 1821 2200 imperatori

169 2218 334 2306 quoddam
357 2219 563 2305 privilegium
573 2223 596 2301 ⁴,
621 2218 718 2306 quod,
742 2230 777 2283 ut
801 2218 955 2304 cognovit
977 2216 1158 2283 aecclesiae
1182 2217 1365 2304 displicere,
1389 2219 1460 2305 ipse
1484 2217 1735 2304 dampnavitba
1771 2218 1820 2285 Si·

167 2325 289 2390 militer
304 2323 453 2390 Oalixtus
477 2347 564 2412 papa
586 2323 721 2390 dederat
744 2323 909 2412 quoddam
932 2325 1139 2411 privilegium
1154 2324 1293 2408 Pisanis,
1317 2324 1415 2412 quod,
1439 2326 1516 2411 quia
1531 2325 1686 2390 Romanis
1710 2325 1820 2413 displi-

169 2433 247 2514 cuit,
277 2433 350 2519 ipse
373 2433 406 2496 in
429 2432 644 2496 Lateranensi
667 2431 804 2496 concilio
828 2433 1000 2496 cassavita
1047 2429 1136 2511 Quid
1159 2431 1258 2516 Igitur
1279 2431 1407 2514 minim,
1436 2433 1463 2496 si
1485 2431 1650 2496 Romanam
1673 2433 1821 2518 pontifex

122 2564 150 2605 so
168 2537 336 2603 Adrianus
366 2536 625 2603 assencientibus
655 2537 718 2602 sibi
748 2538 874 2603 domnis
905 2537 1124 2602 cardinalibus
1154 2539 1346 2624 angustiatis
1376 2537 1465 2625 apud
1494 2538 1719 2605 Beneventum
1748 2562 1821 2626 pro-

169 2647 280 2709 misit⁷
302 2645 414 2733 aliqua
435 2668 500 2710 non
523 2643 741 2732 promittenda
763 2644 810 2710 illi
827 2643 947 2727 Siculo,
971 2642 1031 2708 sub
1049 2645 1141 2708 cuius
1164 2644 1273 2731 gladio
1296 2655 1374 2710 tunc
1398 2655 1490 2710 erant
1513 2655 1546 2709 et
1568 2645 1705 2711 fortasse
1729 2645 1823 2712 aliter

170 2753 262 2816 exire
291 2775 357 2816 non
379 2763 538 2839 poterant,
570 2753 655 2817 sicut
677 2762 710 2816 et
731 2751 878 2838 predicto
902 2753 1090 2838 imperatori
1113 2752 1280 2834 Hainrico,
1304 2763 1340 2816 ut
1363 2751 1546 2839 predictum
1570 2763 1629 2836 est,
1653 2753 1822 2818 Paschalis

169 2881 258 2944 papa
281 2859 442 2945 quaedam
472 2881 537 2923 non
566 2857 785 2944 promittenda
814 2859 971 2945 promisit,
995 2857 1136 2945 quiade
1160 2859 1306 2923 tentoriis
1330 2860 1409 2942 eius,
1440 2861 1475 2923 in
1499 2857 1616 2946 quibus
1640 2859 1821 2943 tenebatur,

171 2964 266 3030 aliter
289 2967 379 3030 exire
403 2988 468 3030 non
490 2967 605 3052 potuit.
653 2964 720 3031 Sed
735 2965 813 3052 quia
835 2964 877 3029 de
900 2964 957 3028 tali
980 2965 1194 3050 promissione
1218 2967 1282 3030 iam
1307 2966 1426 3030 scisma
1443 2970 1606 3030 'exortum
1625 2977 1727 3031 vexat
1749 2989 1821 3032 aec·
1841 2990 1933 3030 raom

122 3097 151 3138 ss
171 3071 316 3154 alesiam,
340 3095 399 3136 vos
427 3071 538 3136 domni
569 3071 761 3155 cardinales,
791 3073 846 3158 qui
876 3071 1083 3136 laudamento
1112 3071 1169 3154 illi,
1198 3071 1424 3159 qualecunque
1454 3071 1524 3156 fuit,
1556 3073 1583 3137 si
1613 3083 1722 3138 tamen
1751 3073 1821 3158 fuit,

171 3178 363 3243 interfuistis
387 3188 528 3244 etnunc
552 3180 621 3243 sive
645 3177 796 3243 defecto
826 3180 895 3243 sive
926 3178 967 3242 de
991 3178 1066 3243 ficto
1094 3178 1149 3242 illo
1176 3189 1271 3264 pacto
1301 3178 1388 3243 mala
1417 3178 1518 3244 multa
1547 3189 1661 3245 exorta
1683 3180 1821 3264 vidistis,

171 3283 258 3349 unde
282 3284 389 3350 adhue
413 3287 538 3350 maiora
559 3284 774 3350 formidantur
796 3295 962 3368 eventura,
986 3284 1166 3370 dignamini
1189 3284 1335 3371 apostolo
1359 3296 1583 3350 commonente
1606 3287 1822 3374 vosmetipsos
1841 3309 1999 3359 acosma.

171 3390 332 3474 iudicare,
368 3415 410 3457 ne
439 3391 628 3457 indicemini
659 3414 678 3456 a
706 3392 849 3456 Domino
881 3402 914 3456 et
943 3393 1012 3456 sive
1042 3391 1193 3476 negando
1223 3392 1292 3455 sive
1327 3391 1532 3456 iustificando
1563 3393 1632 3457 sive
1667 3392 1822 3458 mutando

171 3497 294 3563 factum
320 3498 400 3563 illud
427 3498 597 3585 providete
624 3497 717 3563 nobis
744 3499 937 3584 angustiatis
964 3497 1096 3585 aliquod
1124 3497 1287 3580 solatium,
1316 3521 1397 3585 quos
1424 3498 1505 3563 illud
1530 3499 1672 3563 maxime
1702 3499 1821 3584 turbat,

122 3603 260 3690 eoquod
279 3604 431 3692 depacto
447 3604 502 3670 illo
518 3604 617 3670 nichil
634 3606 714 3670 certi
733 3604 828 3669 nobis
845 3615 981 3690 constat
1017 3604 1091 3685 Quo
1111 3606 1139 3668 si
1154 3604 1207 3668 vel
1226 3604 1345 3669 iustum
1361 3604 1415 3669 vel
1430 3603 1554 3670 nullum
1570 3627 1641 3670 esse
1658 3617 1823 3672 constaret

171 3721 227 3776 aut
249 3713 277 3774 si
299 3734 366 3776 non
387 3709 471 3776 bene
494 3721 621 3797 gestum
643 3711 795 3776 discretio
818 3710 997 3798 apostolica
1018 3721 1159 3776 mutaret
1181 3733 1364 3798 causaeque
1387 3715 1492 3778 tocius
1513 3713 1684 3778 veritatem
1706 3713 1821 3778 litteris

169 3817 224 3882 vel
247 3819 369 3882 nuntiis
392 3817 585 3904 publicaret,
608 3819 744 3883 multum
766 3819 891 3884 faceret
912 3841 971 3905 pro
990 3817 1085 3883 nobis
1100 3817 1154 3882 vel
1169 3840 1285 3904 pacem
1300 3817 1506 3884 reformando
1522 3817 1576 3883 vel
1595 3818 1637 3884 ad
1653 3821 1821 3906 passiones

171 3924 395 3990 confortando.

278 4031 399 4096 Notum
427 4054 556 4119 quoque
579 4032 716 4096 facimus
743 4031 848 4114 vobis,
876 4032 963 4119 quod
986 4031 1222 4096 validissimum
1252 4030 1352 4097 robur
1373 4043 1503 4098 nostrae
1528 4034 1715 4098 assertionis
1739 4035 1824 4099 inter

125 4165 152 4206 so
171 4136 386 4226 obloquentes
413 4137 475 4204 boc
502 4137 685 4221 habuimus,
716 4138 804 4226 quod
833 4138 913 4203 dicit
935 4161 1022 4225 papa
1044 4138 1236 4224 Pelagius⁸:
1267 4139 1318 4204 Ae
1345 4141 1514 4204 aecclesiae
1537 4142 1709 4205 aiacem'haa
1740 4141 1822 4207 diei-

170 4271 225 4311 aae
255 4261 284 4311 et
311 4248 352 4311 ab
381 4248 564 4333 apostolicis
596 4247 723 4312 aedibus
755 4261 921 4333 aeparotae
954 4256 1125 4327 easecrat⁰,
1159 4270 1220 4310 aon
1255 4261 1420 4311 consecrat
1473 4245 1556 4310 Item
1589 4245 1714 4311 idem92
1749 4249 1822 4313 Noa

172 4369 229 4434 est,
260 4353 321 4436 ait,
356 4351 480 4418 Chasa·
506 4376 633 4439 corpas,
663 4353 750 4439 qaod
778 4355 975 4418 scismaticae
1005 4355 1136 4440 conficit.
1190 4352 1283 4418 Idem
1313 4351 1440 4418 Viatori
1475 4363 1507 4417 et
1540 4352 1718 4438 Pangratio
1752 4354 1822 4420 illu·

280 4551 307 4614 a)
328 4569 421 4604 sumus
439 4570 460 4603 c.
533 4549 561 4616 b)
583 4553 715 4620 dapnavit
731 4569 752 4603 c.
825 4549 851 4615 o)
871 4570 936 4630 coir.
954 4571 984 4603 aa
1002 4554 1134 4604 dissecrat
1152 4571 1172 4604 c.

283 4733 312 4804 l)
336 4735 368 4790 V.
383 4754 474 4810 capra
491 4755 524 4810 p.
544 4734 616 4791 370.
696 4733 726 4804 2)
753 4734 863 4792 Eadem
887 4736 1015 4810 measpla
1039 4755 1064 4792 a.
1088 4734 1135 4791 De
1157 4733 1282 4811 invectip.
1307 4734 1434 4792 Anticlea.
1460 4735 1484 4805 I,
1509 4755 1532 4792 c.
1551 4735 1603 4792 51.
1681 4734 1711 4806 3)
1737 4736 1823 4793 Liber

126 4860 156 4898 eo
167 4841 278 4917 pontis.
295 4861 319 4898 c.
334 4841 385 4913 51,
410 4843 453 4898 ed.
470 4841 620 4898 Ducltesae
635 4841 704 4916 I,p.
720 4840 798 4910 281,
822 4841 863 4912 cf.
881 4841 926 4898 De
941 4840 1069 4920 aedificio
1085 4841 1143 4898 Dei
1158 4861 1180 4897 c.
1198 4840 1270 4913 155,
1293 4861 1384 4917 supra
1396 4862 1431 4918 p.
1448 4840 1519 4897 190.
1590 4839 1621 4917 4)
1644 4842 1690 4899 De
1712 4842 1822 4900 innati·

173 4955 248 5018 tara,
271 4968 300 5005 α.
318 4948 411 5018 1111,
434 4947 507 5024 Apr.
523 4948 562 5003 12
570 4970 581 5018 ;
604 4947 644 5020 cf.
668 4967 758 5023 supra
775 4968 809 5023 p.
828 4947 901 5004 334.
972 4947 1002 5018 5)
1027 4947 1062 5005 Ia
1082 4947 1197 5005 concilio
1214 4947 1406 5006 Lacaenam·
1427 4968 1454 5006 a.
1472 4949 1566 5020 1112,
1592 4949 1682 5006 Mart.
1699 4948 1757 5018 18,
1781 4949 1821 5020 cs.

172 5074 263 5130 atpra
273 5075 307 5131 p.
323 5053 396 5110 335.
467 5051 499 5129 6)
513 5055 549 5111 A.
561 5053 655 5124 1123,
674 5055 764 5112 Mart.
779 5053 835 5124 27,
859 5055 900 5126 cf.
916 5053 1025 5127 Casari
1038 5053 1114 5112 Ana.
1129 5054 1184 5112 SS.
1198 5055 1315 5125 XVIII,
1326 5075 1360 5131 p.
1373 5055 1428 5126 16,
1452 5056 1492 5127 cf.
1509 5053 1596 5127 Jaffe‘
1608 5075 1653 5112 ar.
1664 5055 1760 5112 7056.
1780 5055 1822 5112 M.

175 5158 206 5236 l)
228 5160 322 5218 Huius
339 5160 425 5237 pecie
446 5181 475 5218 a.
491 5161 585 5218 1156.
603 5161 708 5233 factae
730 5162 848 5218 chartae
866 5163 996 5238 leputatur
1018 5161 1047 5219 ia
1065 5159 1179 5220 Constit.
1197 5161 1262 5238 imp.
1287 5162 1312 5232 I,
1330 5182 1364 5238 p.
1383 5161 1581 5231 588-590,
1606 5163 1646 5234 cf.
1664 5162 1710 5220 De
1725 5162 1821 5220 iaceat.
1885 5167 1890 5176 '

174 5266 302 5324 Anacltr.
316 5266 341 5339 Ι,
359 5287 382 5324 c.
396 5268 448 5325 53.
514 5265 545 5342 8)
563 5263 612 5339 Os.
629 5267 794 5338 Deuadedit,
816 5265 884 5325 Goll.
902 5287 965 5325 can.
984 5267 1007 5339 I,
1033 5288 1055 5325 c.
1073 5267 1143 5339 142,
1162 5287 1196 5343 p.
1213 5268 1273 5324 103
1282 5291 1292 5338 ;
1318 5265 1387 5327 Goll.
1404 5268 1479 5325 Bm't.
1503 5288 1550 5326 ar.
1567 5269 1617 5340 11,
1636 5268 1686 5330 IN.
1700 5268 1822 5328 Archio’

129 5391 157 5430 aa
181 5373 213 5444 V,
224 5394 257 5449 p.
272 5373 352 5445 541,
371 5373 459 5447 Jaffe'
470 5373 605 5444 nr.983;
628 5372 712 5432 Grat.
729 5372 760 5432 G.
769 5373 883 5444 XXIV,
900 5393 946 5450 qa.
959 5375 986 5444 1,
1004 5394 1027 5431 c.
1038 5375 1096 5445 34,
1117 5374 1158 5446 cs.
1173 5374 1258 5431 Liber
1274 5383 1374 5432 coram
1390 5375 1462 5432 dtas
1478 5375 1587 5432 herena
1602 5395 1692 5451 supra
1703 5395 1737 5450 p.
1748 5374 1820 5430 281.

176 5477 207 5554 9)
232 5479 301 5538 Call.
325 5480 400 5538 Brit.
425 5480 537 5558 Pelopei
565 5481 642 5556 epist.
669 5479 719 5538 22.
744 5481 786 5537 ad
805 5480 946 5537 Victorem
970 5489 996 5537 et
1018 5480 1214 5551 Pancratiam,
1239 5480 1287 5537 ί111.
1311 5481 1431 5538 Arcblv’
1454 5481 1486 5553 V,
1505 5500 1539 5558 p.
1562 5481 1643 5552 545,
1675 5480 1775 5538 Menai
1797 5479 1821 5550 Ι,

175 5589 226 5644 col.
244 5587 325 5656 732,
356 5587 513 5645 Deuadedit
535 5585 603 5644 Uolt.
635 5605 700 5644 can.
725 5587 749 5657 I,
775 5607 797 5642 c.
818 5587 890 5658 143,
919 5589 961 5643 ed.
989 5587 1162 5644 Mortiaacci
1179 5607 1211 5663 p.
1233 5587 1312 5658 104,·
1343 5587 1406 5644 Lib.
1432 5596 1531 5645 contra
1554 5588 1644 5646 ineas.
1669 5586 1710 5658 II,
1742 5607 1764 5644 c.
1791 5586 1820 5657 2,

180 5693 276 5751 Libelli
297 5695 338 5765 Il,
363 5714 397 5770 p.
423 5693 496 5750 320.
522 5692 601 5764 321,
626 5691 712 5752 (frat.
739 5693 769 5752 C.
790 5693 904 5765 XXIV,
929 5713 974 5770 qu.
996 5693 1023 5764 1,
1048 5713 1071 5750 c.
1090 5694 1141 5750 34.
