4478 6442
225 1548 641 1684 HUGONIS
696 1547 1112 1679 METELLI
1163 1546 1662 1682 OPUSOULA.

858 1820 1020 1884 solum

722 2001 784 2097 H.
818 1999 1157 2097 BOEHMER.

234 2247 339 2352 Huqo
363 2263 529 2328 Metellus¹
550 2263 640 2327 Tulli
647 2267 659 2306 ²
681 2287 760 2328 saec.
778 2263 839 2326 XI.
858 2288 903 2328 eu.
922 2264 999 2350 fere
1028 2277 1120 2326 natus
1149 2287 1212 2326 uua
1241 2287 1310 2328 curn
1331 2262 1488 2328 Tieceliuo
1511 2263 1718 2327 scholastico³
1741 2279 1769 2328 et

85 2371 317 2452 sEmhricone,
341 2372 486 2457 episcopo
510 2370 737 2456 Herhiqioleasi
743 2374 766 2450 ⁴,
789 2371 962 2457 praeclaro
985 2371 1043 2433 illo
1066 2369 1219 2433 lotharii
1242 2383 1270 2433 et
1296 2367 1441 2434 (lauradi
1461 2368 1527 2433 III.
1559 2395 1665 2457 requm
1697 2394 1766 2434 con-

118 2479 280 2560 siliario⁶,
309 2479 344 2543 in
368 2478 497 2542 ecclesio
518 2475 664 2541 Tullensi
683 2477 831 2542 adsecutus
854 2501 918 2541 esse
941 2477 1072 2541 uidetur.
1116 2475 1184 2540 Ubi
1211 2489 1360 2561 quantum
1390 2478 1425 2540 ia
1447 2478 1590 2541 omnihus
1620 2479 1714 2541 trio-ii
1741 2491 1769 2540 et

119 2585 289 2671 quadrivii
309 2585 493 2670 disciplinis
509 2583 698 2670 profecerit,
729 2608 789 2647 noa
819 2585 923 2663 semel,
954 2597 987 2647 at
1016 2597 1083 2648 erat
1111 2607 1211 2647 conus
1234 2598 1262 2648 et
1281 2583 1443 2670 paruulus,
1467 2585 1581 2647 amicis
1603 2598 1632 2648 et
1654 2585 1768 2671 iquotis

95 2693 192 2779 ¹fuse
221 2693 393 2778 capessiit⁶.
444 2690 567 2770 Postea,
598 2705 631 2755 ut
659 2691 816 2755 scholares
846 2705 916 2754 ncnc
945 2691 1093 2772 solehout,
1122 2689 1263 2754 diversos
1292 2689 1461 2754 auditurus
1491 2689 1564 2754 ludi
1591 2693 1767 2777 maqistros,

121 2801 200 2863 inter
230 2823 307 2883 quos
329 2798 404 2886 fuit
424 2797 603 2877 Anselmus,
634 2796 869 2861 illustrissimus
896 2797 1003 2861 doctor
1028 2796 1283 2876 Laadunauu⁷,
1314 2795 1516 2881 aliquamdiu
1545 2811 1675 2883 oaqatus
1705 2821 1769 2860 csse

74 2935 100 2972 ιο
122 2905 243 2969 uidetur
252 2908 273 2968 ⁸.
320 2903 429 2990 Neque
452 2907 520 2968 eius
542 2928 643 2968 mores
666 2929 686 2967 a
709 2904 905 2968 scholaribus
928 2917 999 2968 tunc
1022 2903 1115 2968 ualde
1138 2903 1334 2990 differebant.
1383 2902 1553 2967 Bestialem
1584 2906 1677 2983 enim,
1707 2927 1768 2967 non

118 3012 286 3075 humanam
319 3013 412 3076 vitiem
443 3035 475 3074 se
505 3013 603 3098 eqissc
633 3013 701 3096 ipse
730 3011 920 3097 constarunt
973 3008 1124 3091 Tandem,
1153 3024 1187 3074 ut
1215 3012 1271 3090 ait,
1302 3011 1405 3074 uerbis
1428 3007 1608 3074 Salomonis
1631 3008 1769 3074 Vanitas

118 3117 308 3199 vanitatum,
339 3115 448 3180 Deum
478 3117 554 3180 time
585 3120 691 3180 animo
717 3118 883 3202 perculsus
895 3120 921 3158 ¹⁰
942 3130 1065 3203 repente
1095 3117 1201 3181 hahita
1232 3130 1347 3181 mutato
1378 3118 1411 3180 in
1442 3117 1572 3180 ecclesia
1603 3117 1768 3206 colleqiata

118 3251 143 3289 s.
168 3225 285 3290 Leonis
306 3225 336 3288 T
334 3226 464 3289 ulleasis
486 3226 622 3304 recessit,
646 3225 704 3287 uhi
723 3249 752 3286 o.
770 3224 848 3311 fere
874 3224 968 3286 1150.
993 3237 1132 3287 mortuus
1155 3225 1243 3287 cst¹¹.

227 3330 390 3418 Iaqenium
415 3334 537 3418 piaque
567 3331 742 3396 eruditione
773 3332 918 3415 quamuis
948 3329 1096 3416 diliqeati
1123 3332 1246 3416 corripi
1272 3332 1386 3415 nequit.
1441 3329 1491 3394 Ita
1521 3330 1681 3411 Metellus,
1712 3333 1773 3394 etsi

75 3468 101 3506 ιε
121 3440 253 3524 optimos
275 3441 442 3524 maqtstros
465 3438 598 3517 audiuit,
623 3438 787 3517 barbarus,
812 3451 846 3500 ut
868 3439 912 3500 ita
937 3436 1052 3515 dicam,
1076 3460 1139 3500 esse
1162 3461 1330 3522 numquam
1349 3437 1450 3500 desiit.
1493 3436 1592 3502 Testis
1608 3451 1652 3500 est
1666 3461 1768 3501 sermo

121 3547 188 3609 eius
218 3545 386 3610 admodum
419 3545 561 3630 inflatus,
592 3557 678 3607 testes
707 3545 888 3623 sententiae,
919 3567 998 3628 quas
1028 3542 1152 3628 quidem
1184 3567 1223 3607 eu
1252 3545 1355 3629 ipsius
1381 3557 1505 3629 pectore
1534 3565 1599 3606 non
1630 3542 1766 3607 aliorum

121 3651 279 3734 armariis,
306 3667 340 3716 ut
361 3654 417 3730 ait,
441 3653 681 3715 excrustatss¹²
699 3651 859 3736 proferat,
891 3652 1013 3736 ineptae
1042 3663 1097 3712 aut
1126 3663 1204 3713 certe
1233 3649 1403 3714 admodum
1433 3653 1533 3714 tritae.
1582 3651 1769 3714 Recentiora

121 3757 280 3822 doctorum
313 3757 510 3822 Gallicorum
546 3758 777 3843 theoloqumeua
812 3756 916 3842 riqidc
951 3757 1094 3837 damnat,
1129 3759 1206 3841 quin
1241 3759 1350 3834 etiam,
1381 3770 1415 3820 ut
1443 3757 1587 3820 catharos
1618 3758 1770 3822 dioecesis

231 3995 260 4068 1)
289 3997 335 4055 De
363 4015 393 4054 eo
424 4005 539 4074 eqcrunt
562 3997 655 4072 Huqo,
688 3995 798 4053 Sucrm
821 3995 1002 4072 Antiquitatis
1027 3995 1211 4052 Maaurucnta
1234 3994 1274 4066 ΙΙ,
1307 3994 1460 4068 Praefatio
1467 4017 1478 4066 ;
1508 3995 1593 4053 ‘llist
1619 3996 1768 4054 littiraire'

76 4127 103 4165 20
122 4103 192 4174 XM,
204 4123 236 4179 p.
252 4103 456 4172 493-511;
479 4103 670 4173 Woltenhach,
688 4101 778 4167 ‘GQJ
795 4097 856 4173 11⁶,
869 4122 901 4177 p.
919 4101 990 4158 130.
1021 4101 1101 4159 Unde
1117 4121 1267 4178 coquomen
1284 4102 1391 4159 Metelli
1404 4111 1540 4178 suniptmu
1556 4103 1599 4173 sit,
1617 4105 1777 4178 caplorarc,

122 4231 178 4268 non
196 4210 286 4286 pout.
397 4209 427 4280 2)
450 4211 482 4266 V.
507 4210 591 4282 infra
617 4207 764 4267 Certamen
787 4209 863 4286 reqis
885 4229 910 4266 v.
931 4208 990 4264 164
999 4230 1010 4278 ,·
1042 4207 1134 4283 Epist.
1155 4209 1204 4266 16.
1230 4209 1273 4266 ed.
1298 4209 1382 4287 Huqo
1406 4211 1424 4266 l.
1442 4211 1459 4266 l.
1479 4230 1512 4284 p.
1532 4210 1611 4265 348:
1636 4211 1770 4267 Nominor

122 4337 176 4390 ego
198 4318 283 4390 Hugo
298 4317 444 4386 Metellus,
467 4318 567 4390 genuit
589 4335 634 4372 me
650 4317 768 4372 Leucha
789 4317 892 4385 tellus3
917 4315 1029 4392 cp.1'l,
1054 4315 1119 4372 ihid.
1138 4336 1172 4390 p.
1191 4315 1270 4371 349:
1296 4317 1404 4386 civitas,
1429 4318 1457 4372 in
1482 4336 1538 4389 qus
1559 4319 1674 4390 genitus
1697 4336 1768 4386 sum,

122 4426 238 4481 Leuehs
266 4431 392 4480 vocatur.
514 4421 544 4494 3)
577 4423 665 4480 Falso
696 4423 788 4499 Huqo,
820 4422 904 4479 ‘Hist
936 4421 1007 4490 tiu),
1046 4422 1236 4494 Wattenhach,
1275 4423 1439 4480 theodinum
1470 4423 1632 4500 maqistrum
1665 4424 1772 4481 Metelli

116 4530 212 4602 fuisse
235 4531 411 4588 contendunt.
464 4529 501 4586 Ut
521 4530 606 4606 Huqo
630 4527 812 4586 Carnotcnsis
842 4548 884 4604 ep.
904 4528 954 4598 34,
978 4550 1011 4604 p.
1035 4529 1108 4597 374,
1139 4529 1179 4586 ita
1203 4529 1232 4585 Τ.
1264 4549 1372 4606 quoque
1400 4549 1458 4587 aon
1487 4533 1570 4587 semel
1599 4533 1769 4587 venerabilis

76 4660 103 4698 25
122 4639 257 4711 nisgiotcr
279 4636 315 4694 ah
338 4656 369 4694 co
392 4637 571 4714 appellatum·
601 4637 642 4708 cs.
667 4655 711 4711 ep.
729 4636 757 4705 3,
777 4656 810 4710 p.
830 4635 908 4705 325,·
940 4634 989 4704 12,
1009 4656 1041 4711 p.
1061 4635 1133 4692 343.
1181 4635 1241 4692 Sed
1260 4656 1403 4711 nunquam
1427 4637 1503 4693 illum
1530 4639 1651 4710 ipsius
1681 4639 1769 4714 maqi-

121 4753 208 4801 strum
225 4743 321 4815 finisse
344 4743 423 4800 dicit
459 4742 546 4800 Immo
571 4762 606 4799 au
629 4742 749 4817 epistolis
766 4743 794 4798 3.
814 4741 862 4798 12.
881 4742 919 4798 lt
939 4737 980 4817 (p.
999 4741 1060 4798 398
1078 4737 1133 4818 sq.)
1157 4741 1321 4799 Tiecelinum
1344 4743 1402 4800 cius
1424 4743 1541 4800 amicum
1558 4745 1655 4816 fuisse
1675 4747 1769 4814 elstret,

123 4851 171 4928 qui
198 4849 368 4908 scholarium
398 4868 475 4907 more
503 4849 616 4924 saepius
643 4849 668 4905 ei
694 4849 868 4924 quaestiones
898 4849 1070 4924 ‹hiqmaticas
1099 4849 1247 4906 solvendas
1271 4850 1460 4924 proponebat.
1574 4851 1605 4920 4)
1631 4851 1689 4926 Ep.
1716 4852 1767 4922 21,
1826 4845 1827 4850 ¹

118 4978 151 5034 p.
170 4957 232 5014 353
248 4977 290 5033 sq.
405 4953 436 5031 5)
459 4956 635 5026 Bernhardi,
660 4955 798 5012 ‘Konrad
811 4954 879 5010 ΙΙΙ]
898 4975 931 5030 p.
950 4954 1011 5010 504
1028 4976 1070 5031 sq.
1177 4955 1208 5024 6)
1235 4954 1283 5028 Cf.
1308 4975 1351 5030 cp.
1370 4957 1420 5026 51,
1440 4977 1473 5032 p.
1492 4956 1554 5012 403
1571 4978 1612 5033 sq.
1622 4980 1632 5026 ;
1657 4979 1699 5034 ep.
1718 4959 1769 5030 21,

119 5085 151 5140 p.
170 5065 231 5120 353
249 5084 290 5140 sq.
299 5085 309 5133 ,·
333 5084 375 5140 cp.
393 5062 444 5133 40,
464 5083 497 5138 p.
516 5063 595 5130 385;
618 5081 661 5138 ep.
682 5063 731 5132 16,
747 5081 777 5137 p.
796 5062 875 5129 348,·
899 5061 983 5118 ‘Mist
1001 5061 1062 5118 litt!
1079 5062 1149 5132 XII,
1168 5083 1201 5138 p.
1220 5061 1282 5117 493
1299 5083 1341 5138 sq.
1434 5053 1548 5139 susp.
1567 5063 1618 5134 21,
1640 5086 1671 5140 p.
1691 5067 1768 5122 354:

78 5194 105 5232 so
123 5174 290 5228 Laudunum
315 5173 395 5244 petii,
425 5172 473 5225 ubi
504 5171 708 5242 aliquantulum
735 5171 868 5241 temporis
892 5171 944 5224 sub
967 5171 1099 5242 magistro
1122 5171 1256 5226 Anselmo
1280 5171 1309 5225 in
1331 5188 1402 5226 novo
1427 5179 1457 5228 et
1479 5174 1572 5228 veteri
1595 5179 1769 5230 testamento

123 5281 228 5335 studui.
263 5279 381 5335 Scholas
396 5277 433 5334 ihi
449 5277 544 5334 habirit
558 5277 704 5333 dussimus
720 5276 755 5333 ah
770 5296 798 5332 a.
815 5275 908 5331 1100.
920 5277 990 5347 sere
1005 5307 1047 5314 —-
1067 5277 1165 5344 1117;
1190 5276 1229 5347 cs.
1255 5276 1486 5348 ll'etzer-ll'cltc,
1504 5277 1770 5336 ‘Kirchcnleuilcou'

124 5386 200 5461 Lp.
219 5384 293 5440 896.
385 5384 416 5450 8)
441 5383 515 5440 Num
532 5383 651 5439 Rosciam
671 5401 778 5458 qnoque
795 5391 860 5438 terne
870 5381 993 5458 petierit,
1018 5383 1046 5439 ia
1071 5382 1151 5439 dubio
1173 5383 1385 5458 relinquendum
1408 5384 1477 5440 mihi
1497 5385 1614 5441 videtum.
1651 5385 1772 5462 Scripsit

124 5493 232 5568 quidem
256 5492 298 5548 ad
313 5491 496 5548 Bermarclum
515 5488 775 5547 Claraeoallcnsem
799 5507 843 5564 ep.
859 5490 886 5559 1,
906 5508 938 5563 p.
958 5489 1036 5545 315:
1063 5489 1121 5544 Sed
1145 5490 1255 5561 qualem
1279 5509 1323 5546 me
1343 5491 1448 5546 Romae
1472 5493 1620 5560 seminent,
1645 5495 1668 5548 si
1691 5493 1771 5562 licet,

125 5602 147 5654 si
171 5600 243 5656 libet
266 5599 425 5655 attendite!
474 5597 533 5654 sea
554 5597 673 5652 Roaiam
698 5597 828 5667 fimtasse
857 5595 894 5651 ihi
922 5597 1053 5651 manchon
1084 5597 1127 5651 uel
1152 5596 1236 5652 vitam
1259 5598 1432 5653 saecularem
1456 5597 1577 5674 iutellcqi
1599 5599 1699 5669 coluit;
1730 5600 1769 5672 cs.

79 5727 106 5766 su
125 5705 214 5763 lineas
235 5725 295 5781 sqq.
388 5703 418 5772 9)
443 5704 497 5780 Ep.
518 5704 545 5774 l,
565 5723 598 5779 p.
618 5703 690 5759 315.
785 5702 836 5771 10)
862 5701 919 5777 Ep.
939 5701 990 5770 21,
1011 5722 1042 5776 p.
1062 5701 1134 5757 354,
1230 5702 1280 5772 11)
1305 5703 1453 5760 141157.
1478 5704 1574 5760 statuit
1596 5706 1690 5782 Huqo,
1715 5727 1771 5782 qua

124 5812 244 5882 ratione,
268 5811 369 5868 nescio.
464 5809 514 5881 12)
540 5810 628 5883 Infra
649 5831 680 5884 p.
699 5809 772 5865 714.
