4410 6406
440 385 505 448 314
732 389 913 448 GERHOHI
935 388 1170 446 PRAEPOSITI
1191 387 1601 446 REICHERSBERGENSIS
1625 387 1791 442 LIBELLI.

441 589 500 662 est,
524 579 601 665 quia
624 589 671 643 tot
693 576 813 642 habeat
837 586 1042 643 sacramenta
1065 587 1144 664 quot
1167 575 1279 658 verba,
1310 578 1408 640 immo
1432 575 1521 663 quod
1550 576 1584 639 in
1607 573 1744 660 singulis
1767 572 1878 637 verbis
1901 570 2100 658 multiplices

327 705 421 756 maa
440 684 562 750 lateant
588 683 832 771 intelligentiae.
880 683 923 748 Et
947 685 1025 770 quia
1047 684 1204 770 scriptum
1228 682 1268 748 de
1293 682 1438 747 eiusdem
1461 681 1520 746 filii
1543 680 1735 768 perditionis
1758 681 1880 745 astutia
1903 681 1962 743 sit:
1990 678 2102 742 Virum

440 793 628 880 sanguinum
653 807 681 857 et
703 792 845 857 dolassem
861 793 1095 856 abominabitur
1111 791 1279 872 Dominus,
1303 811 1368 854 non
1385 788 1582 853 arbitramur
1596 787 1734 852 bestiam
1758 786 1847 852 illam
1866 797 1980 852 tantae
2006 784 2103 848 fatui-

439 898 515 962 tatis
539 898 690 980 existere,
715 909 750 962 ut
772 907 865 985 putet
894 898 1041 962 homines
1072 895 1113 962 ab
1137 897 1233 962 unius
1256 896 1322 961 Dei
1345 895 1443 980 cultu,
1468 917 1532 982 quo
1556 879 1622 959 iam
1646 893 1722 959 olim
1745 893 1922 959 assuefacti
1945 903 2036 973 sunt,
2061 890 2105 955 ad

440 1013 589 1091 apertum
613 1004 718 1068 scelus
741 1003 911 1069 idolatriae
935 1027 1030 1090 posse
1055 1003 1237 1086 detrahere,
1269 1002 1430 1090 siquidem
1454 1013 1487 1067 et
1509 1013 1623 1089 gentes
1653 1000 1763 1082 multe,
1793 1023 1893 1088 super
1917 1022 2003 1087 quas
2027 1021 2135 1062 nec-s

442 1110 519 1175 dum
541 1133 660 1176 nomen
684 1109 806 1176 Christi
835 1111 1022 1176 invocatum
1053 1121 1112 1192 est,
1143 1110 1317 1176 simulacra
1347 1110 1534 1175 manufacta
1560 1108 1771 1191 abdicarunt,
1802 1107 1862 1172 sed
1883 1117 1952 1172 tota
1977 1128 2044 1186 res,
2068 1117 2106 1169 ut

441 1220 566 1302 estimo,
595 1217 655 1283 sub
680 1218 789 1304 specie
813 1219 942 1304 piet'atis
966 1228 1150 1304 peragetur,
1175 1219 1294 1282 virtute
1318 1228 1429 1282 tamm
1452 1217 1522 1281 eius
1546 1215 1719 1302 abnegata,
1744 1214 1906 1302 quomodo
1930 1215 1959 1278 si
1985 1214 2022 1277 in
2046 1211 2105 1276 ali-

442 1347 505 1411 quo
530 1325 682 1390 scismate
705 1323 851 1410 generali
874 1324 929 1388 vel
951 1324 1058 1389 heresi
1081 1325 1372 1406 excommunicato,
1397 1345 1461 1411 que
1485 1334 1517 1388 et
1540 1345 1634 1408 reges
1658 1331 1808 1387 auctores
1831 1344 1890 1386 seu
1906 1320 2106 1386 defensores

441 1430 571 1514 habeat,
596 1432 736 1496 minores
761 1432 879 1496 erroris
903 1430 1056 1518 discipuli
1079 1429 1255 1496 maioribus
1279 1431 1398 1496 erroris
1421 1430 1586 1516 magistris
1608 1430 1794 1494 reverentia
1808 1439 1926 1515 parent
1949 1438 1985 1492 et
2010 1427 2106 1492 exhi-

442 1537 542 1603 beant
564 1538 750 1625 faciantque
774 1559 852 1602 suae
875 1539 1098 1624 perversitatis
1122 1536 1310 1624 discipulos,
1340 1549 1460 1603 terram
1484 1535 1638 1602 videlicet
1660 1535 1879 1600 inhabitantes
1903 1558 1953 1604 ac,
1967 1545 2107 1600 terrena
2126 1557 2151 1596 ro

443 1644 515 1731 plus
532 1667 629 1732 quam
646 1644 779 1709 celestia
801 1655 959 1726 amantes,
983 1643 1198 1709 heresiarchis
1222 1645 1285 1708 illis
1310 1667 1367 1710 seu
1387 1645 1548 1708 scismatis
1563 1641 1767 1730 principibus
1783 1641 1917 1707 obedire
1933 1665 1975 1706 ac
1993 1664 2106 1707 sacra-

442 1761 553 1816 menta
575 1773 635 1837 per
658 1774 713 1816 eos
737 1762 770 1816 et
793 1773 904 1816 eorum
927 1750 1240 1837 pseudosacerdotes
1264 1751 1447 1815 ministrata
1470 1752 1646 1837 suscipere.
1682 1750 1756 1815 Hoc
1779 1771 1920 1836 namque
1944 1759 1999 1813 est
2022 1749 2106 1812 ima·

443 1859 553 1944 ginem
575 1856 700 1922 bestiae
724 1857 833 1922 facere
856 1859 1026 1945 ipsamque
1050 1859 1147 1922 immo
1171 1858 1205 1921 in
1229 1859 1300 1944 ipsa
1324 1857 1490 1923 diabolum
1513 1856 1660 1922 adorare.
1708 1855 1800 1922 Sicut
1823 1857 1910 1920 enim
1926 1857 2105 1920 verissime

259 1989 424 2040 animiam.
443 1963 523 2029 dicit
545 1965 666 2028 veritas
690 1963 857 2051 discipulis
881 1966 964 2028 suis:
992 1965 1058 2044 Qut
1079 1990 1132 2030 coa
1155 1965 1247 2030 audit
1270 1991 1316 2030 me
1339 1965 1481 2030 caditat
1503 1967 1636 2051 quivos
1666 1967 1781 2050 recipit
1809 1989 1856 2028 me
1885 1966 2014 2050 recipit,
2045 1964 2110 2049 qui

443 2087 545 2136 aretem
568 2097 615 2138 me
630 2075 754 2159 recipit,
777 2075 892 2158 recipit
907 2097 975 2136 earn
991 2075 1050 2158 qai
1063 2097 1110 2136 me
1126 2074 1222 2152 inerit,
1247 2071 1293 2136 sic
1317 2081 1350 2135 et
1372 2070 1438 2135 filio
1455 2071 1646 2157 perditionis
1662 2069 1716 2135 vel
1732 2068 1865 2135 cuilibet
1888 2068 2106 2134 heresiarche
2129 2091 2153 2130 rs

444 2200 502 2242 seu
526 2178 685 2243 scismatis
708 2178 871 2265 principi*
896 2177 1063 2264 discipulis
1095 2178 1161 2242 suis
1184 2199 1299 2242 verum
1330 2177 1440 2242 dicere
1472 2179 1548 2242 erit:
1581 2177 1658 2258 ‘Qui
1681 2199 1739 2242 vos
1767 2177 1884 2262 recipit
1906 2198 1958 2240 me
1985 2175 2108 2261 recipit

444 2295 477 2349 et
500 2286 556 2371 qui
585 2307 637 2350 me
666 2285 791 2370 recipit,
822 2285 940 2371 recipit
968 2295 1094 2370 patrem
1125 2283 1289 2349 mendacii
1317 2283 1492 2366 diabolum,
1517 2285 1573 2370 qui
1595 2305 1648 2348 me
1671 2283 1782 2349 misit’.
1829 2283 1873 2347 Et
1897 2282 1982 2347 sicut
2007 2281 2107 2346 Iudai

308 2417 424 2466 naen.
443 2414 508 2457 non
532 2392 666 2473 minore,
692 2390 750 2455 sed
765 2392 875 2478 utique
893 2393 1014 2456 maiore
1030 2392 1205 2477 impietatis
1222 2391 1345 2456 scelere
1362 2389 1535 2477 reprobato
1553 2389 1682 2455 Christo
1699 2391 1862 2477 petierunt
1878 2387 1942 2453 sibi
1957 2387 2107 2453 Barrab-

256 2523 424 2573 anssrass.
443 2496 518 2580 ban,
544 2498 663 2584 quamb
681 2498 756 2562 olim
779 2497 895 2562 decem
919 2496 1022 2563 tribus
1046 2497 1219 2584 reprobato
1243 2521 1343 2584 regno
1360 2496 1472 2562 David
1496 2507 1529 2561 et
1551 2498 1646 2562 unius
1662 2498 1728 2561 Dei
1752 2496 1841 2561 cultu
1863 2496 2016 2580 fecerunt
2039 2494 2106 2559 sibi

444 2604 562 2669 vitulos
593 2627 726 2669 aureos:
762 2606 809 2670 sic
839 2607 951 2691 utique
982 2606 1080 2670 etiam
1110 2627 1196 2669 nunc
1226 2606 1339 2669 maiori
1374 2605 1542 2691 impietate
1573 2602 1704 2668 abdicat
1734 2605 1872 2690 quisque
1903 2601 2106 2667 catholicam
2125 2627 2151 2666 so

255 2711 541 2787 1.mg.1s‚as.fidem
566 2735 623 2776 seu
646 2733 763 2797 pacem
787 2722 819 2776 et
841 2713 988 2799 sequitur
1010 2711 1252 2776 heresiarcham
1276 2711 1328 2776 vel
1352 2711 1512 2776 scismatis
1540 2720 1722 2792 auctorem3
1754 2709 1916 2797 siquidem
1932 2725 2107 2797 peccata-m

444 2819 613 2884 ariolandi
632 2833 676 2884 est
697 2844 758 2883 non
782 2820 967 2884 obedirent
990 2821 1090 2884 scelus
1114 2820 1284 2884 idolatriae
1306 2820 1389 2884 nolle
1411 2821 1616 2904 acquiescere.
1663 2817 1841 2910 Erotique
1865 2817 1969 2881 maius
1995 2825 2045 2880 cst
2069 2818 2107 2880 in

444 2924 514 2990 celo
546 2925 712 2989 sedentem
742 2936 971 3011 contempnere
1003 2937 1036 2989 et
1064 2948 1123 3011 pro
1148 2924 1277 2990 Christo
1300 2924 1536 2989 Antichristum
1562 2925 1720 3010 recipere,
1745 2946 1843 3010 quam
1867 2923 1965 2987 fuerit
1989 2923 2105 2988 Iudeis

444 3030 596 3097 humilem
622 3041 654 3096 et
679 3033 764 3095 inter
786 3031 933 3096 homines
964 3031 1183 3096 ambulantem
1214 3031 1407 3118 reprobasse
1432 3041 1464 3095 et
1487 3029 1665 3096 Barabban
1688 3030 1845 3096 latronem
1869 3052 1927 3094 seu
1951 3053 2105 3096 cesarem

445 3137 592 3223 elegisse,
606 3139 813 3225 sicututique
826 3138 1008 3203 dementius
1025 3150 1111 3203 esset
1126 3140 1160 3202 in
1175 3149 1318 3204 montem
1334 3138 1470 3228 meridie
1486 3160 1584 3225 quam
1599 3139 1634 3202 in
1649 3137 1791 3224 lapidem
1807 3149 1903 3202 nocte
1920 3137 2103 3202 offendere.
2123 3161 2149 3200 ss

551 3244 631 3308 Tale
655 3267 733 3309 vero
758 3245 967 3310 simulacmm
989 3247 1023 3310 in
1046 3246 1118 3311 loco
1142 3256 1255 3310 sancto
1280 3256 1365 3310 stare
1389 3256 1439 3309 est
1460 3244 1661 3310 mendatium
1685 3244 1844 3310 catholice
1868 3245 2000 3310 veritati
2024 3267 2104 3310 con-

444 3352 578 3416 trarium
609 3375 665 3416 seu
694 3362 817 3416 sectam
845 3352 1003 3417 catholice
1026 3354 1143 3417 unitati
1166 3351 1338 3416 adversam
1362 3374 1436 3416 cum
1460 3374 1518 3416 suo
1542 3363 1674 3416 auctore
1698 3351 1805 3417 locum
1829 3351 1990 3416 catholice
2014 3353 2102 3416 veri-

444 3459 519 3522 tatis
543 3457 595 3522 vel
618 3459 751 3524 unitatis
780 3457 854 3522 falsi
883 3459 1023 3524 nominis
1055 3460 1163 3546 specie
1195 3458 1351 3541 obtinere,
1376 3457 1537 3545 quomodo
1566 3460 1593 3521 si
1621 3457 1830 3522 heresiarcha
1851 3458 1906 3521 vel
1936 3460 2102 3523 scismatis

445 3576 566 3646 auctor,
591 3566 647 3650 qui
671 3587 705 3630 se
728 3588 847 3652 papam
864 3566 917 3630 vel
932 3588 1044 3652 regem
1059 3565 1256 3630 catholicum
1272 3565 1418 3630 nominet
1440 3564 1580 3629 falsitate
1603 3565 1755 3628 nimirum
1778 3562 2007 3650 per'speciem
2030 3566 2101 3651 pie-

260 3697 425 3747 mmaars.
444 3672 518 3736 tatis
542 3669 695 3736 colorata.
730 3672 823 3736 Tunc
838 3672 899 3755 his,
917 3673 973 3759 qui
991 3674 1025 3736 in
1040 3672 1143 3737 Iudea
1160 3683 1243 3754 sunt,
1267 3671 1381 3757 fugere
1405 3673 1440 3735 in
1462 3682 1588 3736 montes
1613 3681 1661 3734 est
1684 3670 1831 3735 veritatis
1855 3670 2101 3736 confessoribus
2119 3697 2144 3736 so

444 3777 487 3842 ad
503 3789 688 3842 sanctorum
712 3779 918 3864 antiquorum
933 3780 1002 3844 vita
1025 3789 1058 3842 ct
1081 3779 1229 3844 doctrina
1253 3779 1463 3842 eminentium
1488 3777 1576 3842 dicta
1598 3778 1652 3842 vel
1676 3777 1828 3864 exempla
1850 3799 1884 3842 se
1909 3779 2099 3862 transferre,

444 3907 484 3948 ne
508 3885 541 3947 in
566 3883 768 3949 convallibus
791 3886 878 3949 vitae
908 3907 965 3970 seu
988 3884 1155 3950 doctrinae
1186 3884 1334 3950 animalis
1365 3894 1570 3948 remanentes
1601 3882 1725 3970 publici
1755 3886 1874 3949 erroris
1897 3884 2027 3949 nebulis
2050 3887 2098 3949 in-

347 4017 424 4068 ·ars.
444 3989 626 4073 volvantur,
651 3993 763 4078 sicque
786 3991 949 4077 generalis
972 3991 1085 4056 iudicii
1108 3991 1292 4056 calamitate
1310 3992 1405 4079 quasi
1421 3991 1584 4055 communi
1601 3991 1730 4055 excidio
1747 4013 1923 4078 perversae
1941 3993 2097 4056 *civitatis

444 4096 640 4183 dispereant.

250 4219 423 4285 Oppositas.
550 4202 618 4269 Sed
641 4213 676 4268 tu
699 4205 807 4291 quivis
831 4204 1008 4270 manufacti
1030 4205 1142 4292 templi
1166 4215 1198 4268 et
1221 4205 1397 4270 materialis
1425 4206 1459 4268 in
1484 4227 1522 4270 eo
1547 4205 1701 4269 sessionis
1724 4203 1917 4269 Antichristi
1940 4204 1993 4269 vel
2018 4207 2095 4270 ima·
2113 4228 2137 4270 u

442 4310 528 4396 ginis
552 4311 621 4375 eius
644 4312 679 4374 in
702 4333 740 4375 eo
765 4311 973 4376 collocandae
997 4323 1137 4376 assertor
1152 4310 1227 4376 huic
1247 4333 1340 4376 meae
1365 4313 1562 4376 estimationi
1583 4312 1708 4376 resistis
1733 4322 1765 4376 et
1788 4311 1887 4376 diois:
1913 4311 2095 4392 ‘Quomodo

443 4417 597 4503 templum
621 4418 685 4482 Dei
713 4417 765 4482 vel
796 4429 926 4483 sanctus
956 4419 1046 4484 locus
1076 4428 1164 4483 recte
1187 4417 1359 4483 vocabitur
1388 4421 1598 4505 congregatio
1628 4417 1794 4482 hominum
1826 4419 1919 4504 quasi
1949 4418 2095 4506 lapidum

443 4523 602 4605 vivorum,
626 4524 660 4588 in
683 4523 802 4611 quibus
819 4517 920 4589 sedes
945 4537 993 4590 est
1016 4537 1148 4590 satanae
1166 4525 1218 4590 vel
1234 4525 1428 4590 Antichristi
1452 4527 1520 4590 sive
1546 4527 1615 4590 eius
1639 4526 1791 4611 imaginis
1814 4547 1874 4611 per
1897 4527 2094 4591 communio·

442 4651 518 4693 nem
547 4629 600 4693 vel
635 4632 872 4716 susceptionem
908 4631 1044 4696 alicuius
1080 4633 1360 4698 excommunicate
1395 4633 1548 4696 hereseos
1578 4631 1632 4696 vel
1666 4631 1866 4696 scismatis‘t'
1917 4630 1973 4696 Ad
2007 4632 2095 4719 quod

282 4749 423 4803 Solutios.
442 4736 573 4821 accipe:
606 4735 698 4802 Sicut
727 4736 803 4802 olim
833 4737 922 4824 apud
945 4737 1242 4826 Iudeos'templum
1265 4739 1330 4803 Dei
1360 4736 1530 4802 dicebatur
1560 4761 1631 4803 esse
1662 4737 1863 4803 mendaciter
1889 4737 1977 4825 quod
2006 4738 2095 4804 idem
2111 4762 2136 4802 so

441 4840 536 4906 Iudci
559 4842 740 4908 affirmante
764 4845 902 4910 veritate
932 4845 1078 4910 fecerant
1105 4845 1293 4932 speluncam
1317 4845 1488 4928 latronum,
1512 4845 1598 4909 unde
1622 4845 1782 4932 propheta
1797 4845 1916 4909 Ysaias
1939 4845 2095 4910 inclamat

322 4977 422 5026 [πω.
442 4950 489 5013 eis
513 4950 547 5013 in
570 4949 672 5014 verbo
695 4951 830 5015 Domini
854 4951 982 5016 dicens:
1010 4953 1118 5018 Nolite
1142 4953 1296 5040 confidere
1320 4955 1353 5016 in
1377 4954 1481 5017 carbas
1504 4953 1674 5034 mendacii,
1698 4953 1834 5018 dicentes
1856 4955 2003 5040 templum
2028 4953 2093 5018 Do-

441 5059 533 5137 mini,
556 5059 703 5144 templam
726 5059 870 5140 Domini,
894 5061 1038 5148 temptam
1064 5061 1201 5124 Domini
1220 5074 1264 5124 est
1287 5069 1319 5122 et
1342 5069 1468 5124 cetera:
1492 5060 1539 5123 ita
1561 5058 1764 5123 mendaciter
1785 5058 1943 5145 templum
1958 5059 2093 5124 Domini

441 5162 494 5227 vel
517 5162 656 5228 ecclesia
673 5164 738 5228 Dei
764 5164 883 5229 dicitur
905 5166 1114 5250 congregatio
1138 5165 1304 5229 hominum
1328 5166 1472 5230 scismati
1495 5165 1548 5229 vel
1571 5165 1678 5230 heresi
1701 5167 1983 5231 excommunicate
2007 5188 2093 5231 com-

210 5284 270 5334 Ι)οο
284 5284 422 5349 spirituali
440 5270 685 5354 municantium,
709 5293 783 5335 cum
806 5271 841 5334 in
856 5272 994 5335 veritate
1011 5271 1167 5357 spelunca
1182 5270 1342 5336 latronum
1359 5273 1410 5336 sit.
1446 5272 1484 5336 In
1508 5271 1559 5336 his
1583 5294 1661 5358 ergo
1686 5271 1763 5336 dum
1787 5271 1899 5337 sedem
1922 5271 1986 5337 sibi
2008 5273 2093 5337 filius
2110 5287 2136 5327 ⁴⁵

209 5353 420 5493 fflffojffi'
440 5375 632 5461 perditionis
656 5376 794 5442 collocat
815 5379 927 5463 utique
954 5376 1175 5442 abhominatio
1206 5377 1414 5442 desolationis
1446 5379 1480 5442 in
1502 5379 1575 5443 loco
1605 5379 1832 5444 nominetenus
1862 5389 1975 5445 sancto
2006 5389 2092 5444 stare

210 5496 301 5548 niuali
315 5499 421 5563 inipso.
441 5481 579 5566 videtur,
605 5506 678 5547 cum
702 5485 743 5547 sit
765 5483 888 5565 talium,
901 5493 947 5547 ut
970 5481 1122 5567 diximus,
1146 5483 1312 5548 hominum
1336 5485 1534 5550 commansio
1558 5485 1591 5548 in
1614 5486 1752 5550 veritate
1776 5508 1840 5550 non
1864 5485 2019 5573 templum
2039 5485 2092 5550 vel

441 5586 581 5653 ecclesia
603 5588 679 5672 Dei,
703 5589 761 5653 sed
784 5590 942 5676 spelunca
963 5589 1124 5656 latronum
1147 5600 1180 5655 et
1203 5591 1362 5676 sinagoga
1385 5601 1529 5656 satanae,
1569 5591 1697 5672 Quibus
1722 5602 1755 5656 et
1776 5592 1839 5656 hoc
1862 5592 1905 5656 ad
1928 5593 2092 5658 cumulum

548 5749 574 5816 a)
597 5754 830 5821 princidiscipulis
849 5773 870 5806 c.
943 5752 971 5818 b)
992 5757 1122 5821 quoniam
1140 5755 1224 5806 minua
1242 5765 1306 5806 recte
1325 5755 1420 5807 Maia.
1436 5757 1577 5822 proposcit.
1651 5753 1677 5819 c)
1698 5757 1760 5808 min.
1779 5775 1825 5808 scr.
1844 5758 1872 5808 in
1890 5775 1969 5825 marg.
1988 5775 2008 5810 c.
