4386 6390
434 397 499 460 586
705 402 983 458 FRAGMENTUM
1007 401 1345 458 MERSEBURGENSE
1369 401 1421 456 DE
1446 399 1671 457 CAELIBATU
1695 397 1824 454 CLERI.

435 593 469 656 in
492 590 595 656 medio
619 591 820 671 contradicit,
851 591 1051 654 honorabiles
1080 591 1243 678 confessas
1266 590 1403 675 nuptias,
1428 603 1456 652 et
1478 590 1648 652 emtitatem
1672 611 1736 652 esse
1760 587 1871 652 dicens
1895 586 2078 650 concubitum

434 723 504 762 cum
520 701 662 785 propria
685 700 822 785 coninpe.
871 695 1039 782 Sensitque
1063 699 1206 776 concilio,
1238 721 1274 760 ne
1298 697 1390 760 talem
1407 708 1540 782 poneret
1569 695 1675 781 lepem,
1702 718 1833 781 proaem
1858 716 1926 757 esse
1948 717 2080 757 asseram

434 829 572 886 oausam,
596 829 654 890 que
677 819 733 868 astu
754 807 836 892 ipsis
858 818 913 868 out
935 829 1040 868 eorum
1065 805 1225 890 inpplr'bus
1248 804 1370 867 occasio
1378 803 1612 889 fornicationis
1628 803 1779 866 suismet.
1816 800 1860 864 Et
1883 800 1940 884 hec
1963 799 2081 884 quidem

433 911 619 999 Pafnutius,
651 913 722 976 licet
750 913 932 997 nuptiarum
964 919 1063 974 esset⁸
1087 913 1275 996 inerpertus,
1300 911 1453 995 esposuit.
1500 906 1699 993 sinodusque
1730 907 1879 972 laudarit
1908 909 2080 971 sententian

434 1021 501 1083 eius
524 1033 552 1083 et
573 1019 658 1083 nihil
679 1043 718 1082 ae
740 1019 798 1082 hac
817 1031 909 1104 parte
932 1019 1077 1097 sancivit,
1100 1017 1157 1082 sed
1178 1017 1234 1080 hoc
1258 1019 1293 1080 in
1309 1017 1553 1100 uniuscuiusque
1576 1016 1741 1094 voluntate,
1764 1039 1827 1078 non
1850 1017 1888 1078 in
1912 1015 2103 1078 necessitates

434 1125 566 1190 dimr'sr‘t.
620 1124 720 1205 Ecce,
750 1124 915 1211 inquiunt,
946 1123 1077 1209 agentia
1107 1121 1277 1187 nobiscum
1308 1121 1416 1186 edicta
1446 1120 1570 1210 Nicone
1601 1119 1716 1185 sinodi.
1769 1120 1890 1184 Nonne
1921 1129 1996 1205 post
2025 1131 2082 1184 tam

434 1230 538 1295 divini
561 1230 783 1295 humaniorem
806 1229 1041 1316 indulgentiam
1066 1229 1205 1312 concilii,
1228 1240 1303 1316 post
1325 1229 1386 1316 hec
1409 1229 1557 1292 instituta
1571 1227 1749 1307 Pafnutiib‚
1773 1227 1857 1291 tanti
1882 1226 2082 1309 confessoris,

435 1335 660 1423 stigmatibusc
686 1339 720 1400 in
742 1359 800 1402 suo
825 1359 960 1422 corpore
984 1337 1187 1423 presentatis,
1211 1347 1323 1423 utpote
1353 1337 1449 1400 unius
1473 1357 1515 1399 ex
1538 1334 1600 1398 illis
1624 1357 1704 1420 quos
1720 1333 1888 1398 Maximus
1912 1334 2083 1420 imperator

435 1444 603 1508 damnavit
613 1449 633 1525 ¹,
658 1443 781 1508 dextris
806 1465 917 1508 eorum
941 1443 1043 1508 oculis
1068 1441 1188 1507 evulsis
1212 1453 1245 1508 et
1268 1444 1405 1508 sinistris
1429 1465 1540 1507 eorum
1569 1440 1746 1528 poblitibus
1776 1441 1902 1522 incisis,
1933 1461 1995 1526 per
2017 1439 2081 1528 hec,

434 1552 594 1637 inquiunt,
618 1551 765 1614 instituta
788 1551 857 1614 sine
881 1550 986 1614 fronte
1010 1549 1209 1615 reluctantur
1231 1551 1359 1632 rationi,
1384 1551 1439 1636 qui
1463 1551 1566 1636 ipsam
1584 1548 1809 1614 destruentesd
1825 1557 1980 1611 neumam
1995 1546 2082 1610 nobis
2096 1572 2115 1609 n

434 1658 632 1722 interdicunt
655 1679 749 1722 usum
780 1657 984 1721 matrimonii.
1032 1657 1099 1722 Sed
1128 1657 1223 1722 huius
1253 1657 1450 1722 defensionis
1481 1655 1597 1721 asilum
1627 1655 1815 1720 intercludit
1838 1655 1887 1718 eis
1911 1655 2082 1718 auctoritas

435 1766 538 1829 sancti
556 1763 707 1850 Gregorii
724 1762 882 1827 eandem⁰
907 1763 1085 1850 hystoriam
1110 1762 1201 1828 multi
1223 1765 1256 1827 in
1281 1787 1339 1829 suo
1363 1774 1490 1850 regesto
1507 1761 1560 1826 vel
1583 1763 1720 1848 registro
1744 1783 1888 1847 arguens
1913 1760 2081 1825 mendacii.

435 1869 590 1936 Scribens
621 1872 707 1934 enim
738 1871 900 1957 episcopis
930 1869 1069 1956 Eulogio
1097 1869 1319 1935 Alexandrino
1351 1881 1384 1934 et
1412 1868 1586 1933 Anastasio
1616 1868 1838 1933 Anthioceno:
1869 1866 1912 1932 In
1943 1869 2081 1949 historia,

434 1979 571 2066 inquit2,
609 1979 776 2042 Zoeomeni
811 1979 849 2042 cle
886 1978 1021 2064 quodam
1052 1978 1212 2058 Eudousia,
1248 1980 1306 2064 qui
1335 1975 1676 2063 Constantinopolitano
1710 1977 1836 2060 cochem
1872 1977 2081 2061 episcopatum

434 2088 612 2172 arripuisse
636 2086 764 2166 dicitur,
788 2087 899 2171 aliquo
915 2099 1096 2150 narrantur.
1134 2085 1199 2149 Sed
1220 2088 1324 2171 ipsam
1348 2108 1468 2170 quoque
1490 2084 1663 2170 hystoriam
1685 2083 1773 2148 sedes
1795 2083 1974 2169 apostolica
1990 2085 2081 2146 stuci—
2097 2102 2117 2142 a

427 2219 507 2280 pere
530 2208 662 2272 recusat,
693 2195 842 2278 quoniam
871 2193 970 2256 nrrrlta
999 2195 1145 2256 mentitur
1168 2206 1197 2256 et
1223 2191 1419 2256 Theodorum
1442 2191 1625 2254 inonachum
1649 2189 1791 2274 Suestie‘
1815 2193 1954 2254 nimium
1979 2191 2082 2254 madar

434 2314 525 2386 atque
556 2325 651 2386 rmqrre
681 2299 726 2363 ad
748 2299 831 2363 diem
855 2300 956 2363 obitus
978 2301 1032 2362 sui
1053 2322 1199 2385 mopuum
1223 2298 1376 2362 doctorem
1399 2298 1525 2382 ecclesie
1541 2298 1651 2383 fuisse
1671 2298 1822 2382 perhibet.
1870 2297 1984 2361 Restat
2006 2321 2081 2384 erpo,

435 2422 468 2471 ut
489 2410 522 2471 si
542 2409 614 2492 quur
639 2407 727 2471 illam
759 2405 930 2492 hystoriam
963 2407 1086 2490 recepit,
1110 2419 1138 2469 et
1160 2405 1271 2470 sinodo
1295 2429 1353 2492 que
1373 2408 1428 2494 pie
1458 2407 1604 2490 memorie
1628 2404 1806 2468 Iustiniani
1832 2405 2027 2489 temporibus
2049 2404 2081 2468 de

435 2515 556 2578 tribus⁸
587 2511 758 2600 [cripitulis
774 2513 870 2600 facta
901 2526 953 2592 est,
985 2512 1187 2576 eoritrodicot.
1238 2511 1304 2589 Qui
1333 2536 1403 2576 uero
1433 2511 1506 2576 huic
1536 2511 1749 2576 coriandioere
1779 2535 1840 2575 non
1871 2513 1965 2590 valet
1997 2511 2081 2575 illam

435 2622 599 2685 historiam
624 2643 743 2684 necesse
766 2634 810 2684 est
832 2633 865 2682 ut
888 2615 1038 2706 repellat]
1041 2665 1248 2682 .......

435 2923 555 2987 certius
585 2921 631 2985 ibi
662 2921 741 2985 illud
764 2919 850 3007 quod
875 2930 971 2984 antea
995 2920 1136 2986 diximus
1160 2919 1347 3007 capitulum.
1393 2921 1459 2985 Hie
1488 2944 1573 2986 uxor
1603 2920 1782 2985 domestica
1811 2921 2023 3007 permittitur,
2051 2923 2080 2984 in

435 3028 489 3093 illo
521 3025 686 3115 quaelibet
709 3027 926 3113 suspicionem
957 3049 1090 3091 movens
1115 3027 1313 3110 eliminatur,
1346 3026 1397 3092 hic
1422 3025 1571 3092 omnibus
1601 3028 1658 3114 qui
1688 3027 1902 3114 apostolicam
1933 3039 2080 3092 rexerant

436 3135 546 3200 sedem
564 3133 813 3215 contradicatur,
838 3133 926 3198 illich
950 3135 1053 3198 onmis
1078 3133 1255 3219 apostolica
1278 3135 1452 3198 auctoritas
1477 3135 1570 3220 quasi
1593 3145 1837 3199 sacrosanctum
1860 3134 2080 3220 amplectatur.

542 3240 594 3305 De
618 3241 743 3305 Nicone
766 3241 866 3325 igitur
889 3240 1002 3304 sinodo
1026 3241 1155 3326 scripsit
1178 3241 1246 3306 Leo
1270 3241 1313 3305 ad
1332 3240 1580 3305 Anatholium³:
1605 3240 1682 3323 Illa,
1706 3242 1867 3328 inquiens,
1892 3242 2080 3307 Nicanorem
2096 3259 2115 3298 2⁵

436 3374 588 3414 cononum
609 3373 668 3434 per
690 3363 830 3412 sonetum
855 3373 924 3412 uere
949 3347 1106 3434 Spiritum
1130 3349 1277 3412 ordinata
1301 3349 1445 3413 cond-icio
1469 3349 1557 3413 nulla
1581 3373 1719 3434 unquam
1742 3363 1787 3414 est
1801 3363 1898 3435 parte
1928 3350 2078 3414 solubilis.

434 3456 537 3520 Nullo
566 3457 690 3520 sibimet
719 3455 756 3519 de
785 3456 1047 3541 multiplicatione
1078 3458 1326 3543 conprepotionis
1355 3456 1517 3520 sinodalia
1547 3456 1683 3520 concilia
1714 3455 1930 3520 blandiantur.
1978 3456 2082 3541 Neque

436 3567 577 3627 trecentis
607 3563 676 3626 illis
706 3562 809 3626 decem
839 3576 930 3648 atque
954 3564 1197 3648 octo-episcrpis
1221 3564 1445 3646 quorumtibet
1468 3564 1626 3648 copiosior
1648 3585 1795 3626 numerus
1817 3563 2016 3626 sacerdotum
2040 3563 2084 3626 uel

436 3694 620 3755 comparare
649 3694 681 3732 se
709 3669 824 3734 audeat
854 3670 903 3732 uel
918 3670 1072 3756 proferre
1079 3694 1090 3751 ,·
1120 3694 1187 3732 cunr
1219 3683 1301 3732 tento
1333 3668 1504 3733 diuinitus*
1524 3670 1701 3756 privilepio
1724 3668 1847 3733 Niceno
1877 3671 1921 3733 sit
1948 3669 2083 3756 synodius

436 3789 623 3854 corneo-rata,
648 3789 689 3855 ut,
713 3778 778 3840 siae
795 3799 858 3860 per
874 3778 1046 3860 pauciores
1075 3778 1141 3840 siue
1158 3776 1350 3861 perplures
1380 3776 1591 3860 eoclmiostico
1620 3775 1745 3840 iudicia
1776 3777 1978 3856 celebrentur,
2003 3779 2085 3840 muni
2099 3795 2119 3833 ³⁰

428 3885 558 3969 ponium
587 3884 770 3946 auctoritate
798 3885 841 3946 sit
875 3907 1020 3962 coortum,
1056 3881 1233 3968 quicquiollx
1263 3883 1302 3946 ab
1334 3883 1462 3946 illorum
1493 3879 1634 3970 [feeerit]
1665 3885 1879 3948 constitutione
1915 3883 2081 3948 diversum.

434 3988 553 4051 Item⁴z
579 3987 692 4052 Sonoti
712 4003 740 4052 et
763 3990 955 4052 venerabiles
970 4002 1092 4073 potres,
1116 3992 1175 4074 qui
1197 3992 1227 4052 in
1253 3991 1327 4054 urbe
1350 3989 1474 4054 Nicone
1496 3991 1650 4076 soorilepo
1673 3990 1774 4054 Arrio
1798 4013 1867 4054 cum
1890 4015 1950 4054 sim
1976 3993 2083 4076 impie-

435 4109 494 4159 tate
518 4095 665 4158 domnoto
688 4119 855 4159 mensuras
879 4119 974 4180 usque
998 4097 1140 4182 infinum
1164 4096 1277 4159 'oriundi
1298 4097 1378 4183 lepos
1402 4097 1682 4183 ecclesiasticorum
1697 4121 1849 4161 cononum
1867 4097 2084 4176 condiderunt,

435 4217 463 4266 et
491 4217 569 4287 aput
597 4227 652 4265 nos
682 4204 717 4265 in
739 4201 817 4265 toto¹
845 4204 917 4266 orbe
947 4215 1102 4265 terrorum
1135 4205 1168 4266 in
1197 4205 1264 4266 suis
1294 4205 1562 4268 constitutionibus
1592 4207 1716 4284 vivunt,·
1746 4217 1775 4267 et
1795 4205 1829 4268 si
1849 4203 1931 4288 quid
1952 4229 2083 4288 usquam

435 4310 539 4388 aliter,
569 4333 663 4393 quarn
688 4309 743 4372 illi
763 4323 905 4388 emutare,
929 4311 1137 4393 presumitur,
1160 4312 1227 4373 sine
1251 4313 1442 4374 crrrrctotione
1465 4325 1616 4374 cassatur.
1665 4309 1803 4374 Sanctius
1827 4311 1926 4373 etiem
1949 4309 2019 4373 Leo
2043 4309 2083 4373 ad
2101 4327 2124 4368 st

434 4413 641 4478 Pulcheriam
664 4419 873 4499 augustam⁵z
902 4413 1018 4480 Contra
1041 4430 1164 4495 statuto,
1188 4411 1301 4501 inquit,
1326 4441 1479 4481 cononum
1487 4431 1705 4502 paternorum,
1729 4431 1881 4505 queunte
1906 4418 2085 4504 lonpissime

435 4525 524 4611 etatis
547 4546 646 4585 anrios
678 4525 710 4586 in
734 4523 808 4586 urbe
831 4521 955 4586 Nicena
985 4524 1208 4608 spiritualibus
1230 4538 1302 4587 ssent
1317 4523 1463 4612 fundata
1487 4523 1628 4604 decretis,
1659 4524 1743 4588 nihil
1765 4526 1944 4609 cuiquamtn
1968 4524 2084 4588 eredere

435 4629 624 4709 conceditur,
655 4631 700 4692 ito
725 4643 765 4709 ut,
796 4632 828 4693 si
849 4633 920 4714 quis
944 4630 1103 4693 diuersum
1126 4630 1255 4714 aliquid
1277 4631 1440 4694 ‹iocernere
1463 4631 1547 4710 eelit,
1578 4655 1610 4694 se
1627 4633 1737 4716 potius
1760 4633 1882 4695 minuat
1904 4655 2000 4716 quam
2024 4632 2083 4695 illa

435 4750 623 4821 corrumpat.
674 4735 739 4823 Qus
760 4738 794 4800 si
814 4750 848 4800 ut
870 4751 987 4822 oportet
1009 4762 1028 4800 a
1052 4739 1170 4801 crunctis
1187 4738 1392 4824 ponteficibus
1422 4740 1604 4801 intemerato
1633 4751 1802 4816 serventur,
1826 4761 1890 4823 per
1920 4740 2084 4802 uniuersas

435 4843 581 4924 ecclesias
604 4844 779 4928 tranquilla
803 4845 863 4908 erit
880 4867 951 4929 poso
973 4857 1000 4908 ct
1014 4845 1116 4929 jirrna
1139 4844 1316 4908 concordia.
1364 4841 1484 4906 Itemt:
1517 4843 1695 4931 Prioilepiu
1718 4844 1945 4932 ecclesiarumn
1966 4859 2084 4909 sancto-
2101 4863 2126 4902 ⁴⁰

542 5057 569 5122 a)
591 5076 650 5110 esse
669 5077 689 5109 c.
762 5057 791 5121 b)
812 5061 932 5111 Pasnufii
950 5077 970 5110 c.
1044 5055 1069 5121 c)
1092 5062 1239 5125 stigmmhu
1257 5079 1277 5110 c.
1351 5059 1379 5120 d)
1401 5063 1558 5113 destuentes
1577 5079 1598 5113 c.
1671 5059 1696 5124 e)
1720 5063 1848 5114 eademc.
1921 5060 1943 5124 f)
1965 5064 2016 5128 leye
2031 5079 2085 5112 crim

437 5149 555 5214 Greporio
573 5149 749 5219 Momsuestie
765 5167 814 5214 pro
833 5165 903 5199 mon.
923 5151 949 5200 S.
1022 5147 1051 5214 g)
1072 5151 1196 5200 nmaulla
1213 5149 1388 5200 &matra
1405 5151 1522 5202 interiore
1536 5152 1647 5217 popinae
1661 5160 1736 5217 porte
1753 5152 1856 5202 abrasa.
1926 5148 1955 5213 h)
1977 5151 2047 5202 illud
2064 5169 2084 5201 c.

434 5235 455 5296 i)
476 5239 622 5316 ppivinitus
639 5237 700 5288 odel.
719 5255 739 5288 o.
813 5235 842 5300 k)
864 5237 992 5303 quidquic
1011 5255 1031 5288 c.
1105 5237 1124 5298 l)
1146 5245 1203 5290 tote
1222 5256 1242 5289 e.
1315 5236 1352 5301 m)
1375 5241 1473 5304 cuique
1493 5239 1552 5291 beo.
1624 5239 1652 5304 n)
1675 5240 1811 5310 scelerum
1829 5259 1850 5292 e.

545 5436 573 5506 1)
600 5435 727 5494 Cassiod.
752 5437 813 5494 bist.
838 5436 952 5512 tripart.
977 5436 1021 5506 II,
1047 5457 1071 5493 c.
1092 5438 1119 5507 1,
1150 5439 1169 5493 l.
1193 5438 1210 5493 l.
1236 5457 1270 5512 p.
1296 5437 1368 5494 224.
1491 5435 1522 5513 2)
1545 5439 1616 5516 Rep.
1641 5439 1708 5511 VII,
1736 5439 1764 5509 3,
1802 5439 1869 5496 ΕΕ.
1895 5440 1924 5511 Ι,
1950 5461 1984 5517 p.
2011 5440 2083 5496 479.

437 5539 468 5617 3)
493 5543 549 5618 Ep.
570 5542 641 5613 106,
667 5563 689 5600 c.
709 5543 738 5612 2,
764 5541 837 5618 Opp.
863 5544 925 5600 edel.
942 5543 1086 5600 Ballerini
1108 5544 1132 5613 I,
1157 5544 1441 5614 eot.1161.1163,·
1465 5547 1506 5618 cf.
1533 5545 1594 5602 Lib.
1613 5547 1647 5602 de
1662 5546 1708 5602 lite
1723 5546 1763 5616 II,
1784 5567 1816 5621 p.
1835 5547 1886 5603 45.
1958 5544 1990 5620 4)
2009 5547 2082 5604 Ibid.
2103 5559 2129 5597 m

436 5671 459 5706 c.
477 5650 506 5720 4,
532 5649 701 5718 col.1165;
733 5650 772 5720 cf.
799 5648 859 5706 Lib.
886 5651 920 5706 de
942 5649 988 5706 lits
1011 5649 1051 5719 ΙΙ,
1071 5671 1105 5725 p.
1123 5650 1174 5706 46.
1285 5651 1316 5720 5)
1341 5651 1399 5726 Ep.
1420 5650 1491 5722 105,
1517 5671 1539 5708 c.
1559 5652 1587 5722 2,
1613 5653 1631 5708 l.
1649 5655 1667 5708 l.
1692 5653 1863 5723 col.1155;
1894 5654 1937 5725 es.
1962 5653 2025 5710 Lib.
2051 5656 2085 5710 ile

434 5756 481 5813 lite
504 5758 521 5812 l.
539 5757 556 5811 l.
634 5753 664 5830 6)
689 5755 838 5831 Fp.104,
863 5775 886 5813 c.
905 5755 933 5812 2.
959 5757 1001 5812 ad
1023 5756 1168 5814 Marcion.
1193 5767 1312 5834 (nipast,
1338 5759 1400 5814 edd.
1425 5758 1569 5816 Bollerini
1591 5758 1615 5829 I,
1641 5759 1811 5828 col.1149,·
1837 5757 1926 5839 Jaſje'
1945 5781 1990 5818 nr.
2010 5761 2082 5816 481.
