4426 6398
621 409 856 490 reserarus
881 412 1171 475 unonnonusns
1206 420 1257 475 iv.
1703 416 1767 479 673

113 605 201 669 Hinc
225 615 275 670 est
300 606 408 688 etiam,
432 605 520 692 quod
543 615 575 670 et
597 627 692 692 reges
715 617 748 670 et
770 604 956 670 sacerdotes
984 605 1068 670 hano
1096 604 1218 670 habent
1247 607 1387 691 gratisun
1410 629 1624 688 communem,
1648 619 1685 672 ut
1707 631 1766 674 sua

111 721 272 797 potestate
290 711 429 777 doceant
452 722 599 777 sanctam
616 711 789 800 eeclesiam
805 722 838 777 et
853 711 1004 776 erudiant
1027 711 1182 798 populum
1198 712 1334 777 Domini
1349 722 1382 777 et
1397 712 1543 803 doctrine
1566 714 1767 801 spiritualis*

111 815 213 882 verbo
230 828 263 882 et
285 816 371 906 bone
387 819 643 883 conversationis
660 817 820 905 exemplo,
837 830 873 883 ιιι
888 817 929 883 de
945 817 1053 882 medio
1071 819 1140 882 eius
1158 818 1306 884 auferant
1322 820 1420 884 totius
1436 819 1579 908 heretice
1594 823 1766 908 pravitatis

111 924 330 1007 seminarium,
355 935 387 989 et
410 936 523 990 contra
546 926 804 990 scismaticorum
827 947 955 989 venena
978 934 1160 1011 temperent
1182 924 1287 989 fidelis
1311 935 1344 990 et
1365 924 1476 1014 divine
1492 949 1630 1016 censure
1652 937 1765 1015 poten-

79 1030 294 1095 iussimumb
317 1031 508 1113 antidotum,
532 1033 684 1119 quatinus
709 1031 850 1118 ecclesia
872 1031 937 1096 Dei
962 1031 1004 1096 sit
1027 1031 1196 1114 catholiea,
1221 1033 1263 1095 sit
1293 1043 1394 1114 easta,
1419 1033 1461 1097 sit
1487 1032 1600 1097 libera.
1647 1031 1764 1100 Catho-

110 1133 175 1200 lioa
203 1159 263 1223 per
291 1137 389 1203 fidem
421 1149 453 1202 et
483 1139 742 1203 communionem
773 1148 968 1220 sanctorum,
1000 1148 1091 1202 caste
1123 1160 1184 1224 per
1214 1136 1422 1203 sobrietatem
1454 1148 1486 1204 et
1520 1141 1763 1224 continentiam,

112 1242 235 1306 'libera
258 1265 316 1329 per
338 1242 549 1309 inhabitantis
577 1245 610 1308 in
634 1266 669 1308 se
693 1243 833 1330 Spiritus
857 1245 962 1308 sancti
991 1245 1199 1330 presentiam.
1253 1245 1320 1310 Ubi
1347 1245 1434 1309 enim
1462 1248 1597 1332 spiritus
1619 1247 1763 1330 Domini,
1782 1234 1931 1340 3¹02,ssssss

111 1351 161 1414 ibi
188 1351 324 1416 libertas.
371 1349 493 1415 Libera
523 1351 574 1433 sit,
604 1352 748 1438 inquam,
772 1361 807 1415 ut
830 1350 910 1414 nulli
937 1350 1129 1437 turpitudini
1153 1352 1284 1432 serviat,
1308 1361 1431 1416 utnon
1454 1362 1569 1437 regnet
1592 1363 1763 1438 peccatum

109 1456 143 1518 in
167 1479 224 1519 suo
249 1456 375 1520 mortali
399 1479 545 1544 corpore,
569 1467 605 1522 ut
627 1480 693 1522 non
716 1455 849 1521 obediat
872 1456 1043 1522 desideriis
1068 1466 1100 1520 et
1120 1458 1392 1544 concupiscentiis
1417 1459 1534 1539 earnis,
1559 1467 1682 1523 utnon
1706 1457 1761 1524 ob·

66 1588 92 1627 ro
110 1573 264 1648 sequatur
294 1561 461 1649 spiritibus
491 1563 677 1646 immundis,
709 1563 768 1628 sed
798 1564 883 1628 siout
913 1564 1041 1649 accepit
1068 1562 1253 1628 aDomino
1281 1579 1460 1650 potestatem
1491 1566 1642 1631 calcandi
1667 1591 1762 1653 svper
1781 1591 1919 1644 nuaram

109 1685 265 1756 serpentes
299 1684 328 1734 et
359 1674 540 1757 scorpiones
573 1685 602 1736 ct
633 1696 729 1758 svper
762 1695 881 1736 ornnem
920 1673 1061 1735 virtutem
1097 1673 1238 1751 r'nimiei,
1276 1671 1321 1735 ita
1358 1693 1418 1757 per
1452 1671 1604 1735 virtutem
1639 1671 1762 1736 domini

107 1776 209 1839 nostri
232 1775 309 1840 Iesu
332 1774 453 1840 Christi
477 1787 587 1841 erecta
610 1778 652 1840 sit
674 1799 774 1863 supra
796 1799 924 1840 omnem
948 1775 1192 1863 turpitudinem,
1217 1799 1315 1862 supra
1338 1798 1433 1841 omne
1456 1787 1638 1863 peecatum,
1663 1800 1762 1865 supra

108 1903 203 1946 omne
228 1881 425 1947 desiderium
450 1893 482 1947 et
505 1883 632 1948 om'nem
657 1885 765 1948 carnis
790 1882 1098 1969 concupiscentiam,
1123 1905 1221 1968 supra
1240 1905 1368 1946 ornnem
1388 1883 1536 1969 spiritum
1558 1883 1760 1968 inmundum,

107 1999 144 2052 ut
166 1999 299 2074 propter
321 2011 414 2053 suam
437 1988 620 2054 libertatem
644 2013 718 2055 cum
742 1989 871 2055 Christo
895 1999 1030 2075 regnet⁰
1053 1989 1088 2052 in
1112 1999 1268 2074 eternum.
1315 1988 1412 2053 Hoc‘¹
1435 1989 1522 2053 enim
1553 2001 1603 2054 est
1628 2000 1762 2076 propter

66 2120 90 2160 u
109 2093 196 2180 quod
230 2117 325 2181 reges
359 2106 498 2181 regnant
528 2106 561 2160 et
590 2107 707 2182 regunt
738 2095 921 2186 paelesiam,
952 2106 988 2159 ut
1017 2118 1091 2159 oum
1122 2093 1250 2160 Christo
1280 2105 1394 2180 regnet
1422 2097 1456 2159 in
1488 2105 1643 2182 eternum.
1690 2096 1760 2161 Iam

108 2202 228 2287 quippe
259 2203 438 2266 misterium
468 2202 568 2266 bituri
597 2203 689 2288 regni
721 2212 881 2288 operatur,
913 2212 945 2266 et
975 2203 1037 2287 ipsi
1068 2211 1143 2266 sunt
1172 2203 1314 2288 primitie
1345 2224 1419 2266 cum
1443 2201 1572 2267 Christo
1595 2203 1629 2266 in
1652 2203 1759 2268 futuro

107 2309 322 2393 regnantium.
368 2307 518 2394 Regnum
549 2310 635 2373 enim
667 2330 778 2373 eorum
808 2309 913 2395 figura
944 2320 993 2373 est
1023 2307 1151 2396 celestis
1182 2309 1274 2394 regni
1305 2319 1337 2372 et
1360 2307 1493 2373 libertas
1517 2331 1629 2374 eorum
1652 2309 1759 2398 future

107 2412 275 2495 libertatis,
299 2437 363 2501 que
387 2425 437 2479 est
460 2437 619 2479 summum
643 2413 764 2480 bonum
789 2416 930 2480 civitatis
953 2414 1020 2480 Dei
1042 2416 1154 2479 nostri.
1202 2414 1410 2502 Quapropter
1439 2425 1472 2479 et
1495 2437 1638 2479 summus
1661 2426 1759 2502 typus

107 2531 156 2583 est
179 2543 367 2607 summaque
390 2520 497 2607 figura
520 2522 673 2605 omnium,
698 2545 761 2608 que
783 2521 924 2608 figurant
947 2521 1081 2608 celestia
1104 2521 1199 2586 bona.
1247 2521 1297 2586 Ao
1328 2543 1387 2608 per
1409 2521 1471 2586 hoc
1499 2523 1704 2586 sanctissima
1728 2534 1760 2587 et

62 2653 88 2692 ιο
107 2628 229 2713 optima
259 2629 402 2691 omnium
432 2638 481 2691 est
510 2629 602 2713 regia
631 2639 783 2714 potestas.
830 2628 873 2693 Et
902 2637 1035 2715 propter
1064 2628 1125 2693 hoc
1157 2628 1254 2692 etiam
1286 2627 1329 2691 ad
1359 2650 1415 2692 eos
1439 2627 1574 2692 dicitur:
1606 2629 1650 2694 Et
1677 2649 1927 2704 superaurati.

105 2758 192 2822 repes
215 2735 390 2821 inteiir'pite,
413 2735 598 2815 erudimini,
622 2739 681 2821 qui
701 2737 853 2800 iudicatis
876 2751 1002 2817 terram,
1025 2739 1138 2801 aurite
1161 2735 1299 2800 Domino
1330 2738 1363 2800 in
1387 2739 1497 2800 timore
1524 2749 1552 2800 et
1574 2737 1707 2801 euuimte
1730 2739 1763 2801 ei

106 2864 173 2904 cum
198 2854 337 2905 tremore.
388 2840 548 2918 Quomodo
571 2866 654 2930 erpo,
678 2842 784 2928 inquit
801 2841 1004 2928 Augustinus
1015 2845 1036 2924 1,
1060 2867 1147 2929 repes
1170 2842 1308 2907 Domino
1330 2845 1472 2908 serviunt
1493 2845 1527 2906 in
1551 2844 1671 2923 timore,
1694 2845 1763 2907 ursi

107 2970 154 3027 ea,
179 2968 238 3032 qap
261 2962 366 3012 eontra
392 2951 479 3012 iussa
503 2948 640 3013 Domini
652 2951 748 3034 fiunt,
772 2950 923 3036 religioso
946 2950 1108 3014 saevitate
1123 2949 1324 3036 prohibendo
1348 2963 1439 3035 atque
1455 2949 1647 3035 plectendo?
1686 2950 1758 3014 Ati-

106 3061 172 3118 ter⁸
197 3055 277 3118 enim
301 3056 408 3134 servit,
437 3057 515 3140 qvia
538 3056 628 3119 homo
651 3069 705 3136 est,
729 3056 833 3136 aliter,
864 3056 941 3140 quia
964 3058 1057 3120 etiam
1080 3079 1138 3120 rev
1160 3070 1211 3119 est.
1262 3055 1345 3132 Quia
1369 3056 1458 3119 homo
1482 3069 1526 3120 est
1548 3057 1640 3136 enim,
1664 3058 1761 3120 servit

61 3183 88 3223 so
106 3158 239 3223 vivendo
261 3160 414 3246 fideliter,
445 3163 523 3245 quia
552 3184 624 3225 vero
654 3163 747 3225 etiam
777 3185 835 3226 rev
863 3175 921 3242 eat,
952 3164 1051 3226 servit
1080 3162 1160 3249 depes
1190 3164 1272 3226 iusta
1297 3164 1511 3248 precipientes
1541 3176 1569 3226 et
1598 3165 1759 3227 contraria

101 3266 302 3352 prohibentes
325 3269 521 3331 convenienti
542 3270 648 3353 crpore
670 3266 861 3332 sanctiendo.
910 3265 1000 3332 Sicut
1020 3269 1152 3332 servivit
1172 3266 1326 3332 Ezechias
1357 3269 1442 3332 lucos
1469 3282 1498 3332 et
1519 3269 1634 3355 umpia
1659 3269 1758 3333 idolo·
1778 3294 1935 3343 occussis.

106 3395 176 3434 rum
200 3386 229 3437 et
250 3373 309 3436 iila
334 3373 465 3453 excedra,
497 3395 555 3458 que
585 3387 691 3437 eontra
715 3373 782 3438 Dei
809 3377 969 3460 ‘precepta
985 3375 1124 3462 fuerant
1145 3387 1329 3454 consancta,
1359 3373 1544 3439 destruendo
1551 3399 1562 3456 ,·
1590 3377 1673 3439 sieut
1693 3399 1757 3440 ser·
1777 3397 1868 3449 maso.

106 3480 185 3542 vivit
212 3503 271 3542 reu
292 3478 512 3544 Ninivitarum
543 3482 722 3544 universam
753 3482 909 3544 civitatem
939 3479 985 3544 ud
1008 3479 1205 3566 placandum
1228 3480 1400 3544 Dominum
1431 3481 1648 3567 conpellendo,·
1677 3483 1760 3546 sicut

105 3587 237 3649 servivit
258 3585 382 3650 Darius
406 3586 527 3650 idolum
541 3586 761 3673 fraupendum
786 3588 820 3650 in
836 3599 1020 3672 potestatem
1036 3585 1174 3651 Danieli
1185 3586 1291 3650 dando
1315 3599 1344 3650 et
1365 3589 1512 3651 inimicos
1527 3589 1594 3651 eius
1619 3587 1758 3652 leonibus
1777 3585 1882 3678 {33⁵5}

62 3716 88 3755 so
107 3692 293 3779 inperendo;
315 3695 397 3757 sieut
418 3695 550 3757 servivit
564 3692 845 3779 Nabupodonosor,
870 3692 908 3756 de
931 3715 991 3778 quo
1014 3694 1081 3757 iam
1097 3692 1248 3774 discimus,
1268 3716 1372 3757 omnes
1395 3695 1429 3757 in
1444 3717 1538 3780 repno
1561 3717 1617 3758 suo
1634 3696 1757 3780 positos
1776 3718 1834 3759 ms.

106 3823 126 3862 a
149 3799 394 3884 blasphemando
418 3799 486 3863 Deo
510 3800 575 3886 depe
598 3801 739 3864 terribili
752 3799 961 3886 prohibendo.
1008 3798 1048 3863 In
1078 3799 1135 3862 hoc
1164 3823 1236 3886 erpo
1265 3801 1406 3864 serment
1428 3799 1566 3863 Domino
1595 3824 1692 3887 repes,
1723 3803 1757 3865 in

106 3919 254 3990 quantum
289 3931 326 3970 ea
348 3907 484 3992 faciunt
516 3905 562 3970 ad
590 3906 787 3970 serviendum
824 3907 891 3986 ilii,
929 3928 988 3991 que
1020 3929 1082 3970 non
1105 3920 1241 3991 possunt
1261 3906 1377 3993 faeere
1411 3908 1479 3970 aar·
1509 3931 1605 3994 repes.
1657 3905 1758 3971 Came

106 4013 210 4096 itaque
233 4012 370 4076 nondum
394 4036 480 4098 repes
504 4012 641 4076 Domino
664 4015 818 4077 servirent
847 4013 1036 4098 temporibus
1065 4013 1287 4098 apostolorum,
1314 4013 1372 4077 sed
1399 4012 1503 4076 adhue
1532 4012 1757 4077 meditarentur

106 4120 218 4182 inania
241 4118 393 4182 adversvs
410 4143 478 4182 eum
503 4132 530 4182 et
552 4119 704 4182 adversus
721 4121 870 4183 christum
886 4121 963 4199 eius,
987 4133 1021 4183 ut
1037 4118 1265 4204 prophetorum
1281 4118 1432 4204 predicta
1455 4121 1561 4182 omnia
1577 4119 1755 4204 conpleren-

60 4247 87 4288 ιε
106 4238 166 4305 mr,
189 4249 250 4288 non
275 4227 379 4310 utique
403 4239 474 4289 tanc
489 4239 621 4311 possent
643 4225 825 4311 impietatesr
843 4227 961 4312 iegibus
980 4225 1156 4311 prohiberi,
1180 4222 1276 4312 [sed]
1288 4227 1396 4311 potius
1412 4227 1558 4289 eaereeri.
1596 4223 1651 4288 Sic
1674 4228 1756 4289 enim

105 4331 183 4394 ordo
206 4345 377 4417 temporum
401 4332 590 4412 volvebatur,
615 4346 648 4395 ut
670 4347 697 4396 ct
712 4332 809 4397 bidei
824 4332 1000 4397 occiderent
1014 4332 1234 4418 predicatores
1253 4329 1383 4412 Christi,
1400 4344 1548 4417 putantes
1563 4355 1594 4395 se
1610 4331 1755 4418 officium

105 4437 173 4502 Deo
189 4439 316 4524 facere,
339 4439 421 4502 sieut
434 4438 626 4524 prediceret
652 4439 795 4503 Christus
818 4453 847 4503 et
865 4452 968 4526 pentes
991 4439 1170 4525 fremerent
1195 4437 1347 4502 adversus
1376 4438 1565 4502 christianos
1594 4429 1623 4502 et
1653 4461 1757 4502 omnes

100 4545 280 4629 patientiass
303 4558 476 4631 martyrum
507 4547 650 4608 vinceret.
698 4545 808 4610 Postea
833 4568 904 4609 vero
928 4569 1020 4630 quam
1046 4547 1129 4630 cepit
1156 4543 1308 4631 implerih
1332 4543 1417 4629 quod
1444 4545 1597 4630 seriptum
1623 4559 1684 4608 est:
1714 4544 1758 4608 Et
1775 4569 1812 4610 rs.
1820 4571 1853 4620 ιι,
1864 4570 1896 4608 ιι.

105 4649 283 4714 odorabunt
305 4675 372 4714 eum
397 4675 500 4716 ovines
523 4675 619 4737 repes,
644 4675 747 4714 ornnes
768 4665 871 4737 pentes
894 4653 1029 4714 servient
1050 4654 1090 4730 ei,
1122 4653 1193 4736 qvis
1223 4663 1320 4714 mente
1342 4651 1467 4714 sobrius
1489 4651 1614 4736 repibus
1637 4649 1757 4714 dieat¹s

58 4781 87 4820 so
104 4756 199 4820 noh’te
223 4781 335 4820 cvrare
360 4759 392 4820 in
415 4781 511 4844 repno
533 4771 633 4822 crestro
656 4783 676 4820 a
696 4781 756 4842 quo
780 4771 919 4821 teneatur
941 4757 991 4820 vei
1013 4755 1225 4844 obpuprretur¹¹
1248 4757 1379 4842 ecclesia
1394 4754 1546 4820 Domiui¹
1567 4759 1671 4835 vestri,
1695 4779 1757 4820 nou

105 4863 151 4926 ad
179 4886 233 4926 vos
255 4865 423 4948 pertinet¹11
447 4866 480 4927 in
504 4887 597 4951 repro
630 4878 727 4927 vestro
759 4866 831 4948 ques
861 4863 935 4927 velit
957 4862 1100 4949 pudieus
1130 4886 1204 4943 esse,
1228 4865 1300 4948 qvis
1324 4862 1524 4949 inpudicae.
1572 4860 1645 4924 Hoc
1670 4862 1755 4925 enim

105 4967 285 5054 intelligere
310 4967 432 5032 debent
454 4990 559 5054 reges,
585 4970 696 5055 etqui
721 4968 867 5033 iudicant
890 4979 1010 5032 terram
1034 4969 1068 5031 in
1090 4967 1153 5033 hoc
1177 4968 1299 5031 servire
1323 4967 1476 5050 Domino,
1507 4977 1543 5031 ut
1565 4967 1701 5032 timeant
1724 4976 1756 5030 et

106 5084 229 5156 curent,
253 5097 294 5138 ne
318 5076 352 5138 in
375 5097 476 5161 regno
500 5097 558 5139 sno
583 5073 789 5161 obpugnetur
813 5074 952 5160 ecelesia
975 5073 1098 5138 domini
1121 5073 1185 5138 Dei
1211 5074 1269 5154 sui,
1300 5095 1341 5137 ne
1372 5073 1490 5161 aliquis
1514 5075 1555 5137 sit
1579 5073 1755 5159 sacrilegus

213 5308 239 5373 a)
262 5310 416 5377 spuarualis
436 5312 470 5361 A.
543 5309 571 5372 b)
593 5311 808 5377 potentissimam
829 5311 862 5360 A.
927 5308 952 5373 c)
973 5309 1085 5375 sequitur
1103 5297 1247 5375 in'reguot
1265 5309 1383 5360 deierat.
1448 5307 1476 5370 d)
1499 5309 1551 5358 hoc
1571 5333 1604 5342 -
1624 5310 1653 5359 in
1671 5315 1756 5379 ptem.

59 5409 87 5449 tt
106 5400 179 5449 tls.
197 5399 293 5451 om,B.
367 5397 392 5460 e)
412 5400 449 5450 bis
466 5417 513 5450 scr.
532 5401 605 5451 senui
621 5400 670 5451 dei.
689 5400 722 5450 B.
794 5398 815 5461 f)
838 5401 940 5464 impiet.
960 5399 993 5449 B.
1065 5397 1094 5464 g)
1115 5399 1254 5464 pacientia
1273 5397 1306 5447 B.
1378 5397 1406 5460 h)
1428 5397 1526 5466 inpleri
1545 5397 1578 5447 B.
1650 5395 1671 5459 i)
1692 5397 1709 5446 d
1728 5398 1756 5448 in

106 5489 238 5538 lacerare.
325 5486 353 5550 k)
373 5489 411 5538 ita
429 5489 471 5551 B,·
499 5491 674 5555 obpugnatnr
693 5491 725 5538 A.
812 5487 830 5550 Ι)
851 5489 906 5539 Dei
923 5487 984 5538 add.
1003 5487 1036 5538 Β.
1121 5485 1158 5548 ιιι)
1175 5496 1314 5552 postcom.
1334 5492 1473 5552 pertenet;
1502 5486 1559 5536 tin
1578 5487 1702 5536 lacerare
1722 5487 1755 5537 A.

106 5574 135 5638 n)
157 5579 220 5643 imp.
240 5576 273 5627 B.

215 5754 1000 5834 nmmumpmwummn
1115 5753 1359 5830 mmmm

177 5877 278 5930 Liberti
297 5878 331 5928 de
351 5879 407 5930 lite.
439 5879 494 5929 111.
