<?xml version="1.0" encoding="UTF-8"?>
<!DOCTYPE html PUBLIC "-//W3C//DTD XHTML 1.0 Transitional//EN"
    "http://www.w3.org/TR/xhtml1/DTD/xhtml1-transitional.dtd">
<html xmlns="http://www.w3.org/1999/xhtml" xml:lang="en" lang="en">
 <head>
  <title>
</title>
<meta http-equiv="Content-Type" content="text/html;charset=utf-8" />
  <meta name='ocr-system' content='tesseract 3.04.00' />
  <meta name='ocr-capabilities' content='ocr_page ocr_carea ocr_par ocr_line ocrx_word'/>
</head>
<body>
  <div class='ocr_page' id='page_1' title='image "./monumentagerman00unkngoog_0453.png"; bbox 0 0 4396 6390; ppageno 0'>
   <div class='ocr_carea' id='block_1_1' title="bbox 557 373 1735 448">
    <p class='ocr_par' dir='ltr' id='par_1_1' title="bbox 557 373 1735 448">
     <span class='ocr_line' id='line_1_1' title="bbox 557 373 1735 448; baseline 0.003 -4"><span class='ocrx_word' id='word_1_1' title='bbox 557 389 867 447; x_wconf 76' lang='lat' dir='ltr'>cosummatus</span> <span class='ocrx_word' id='word_1_2' title='bbox 891 390 932 446; x_wconf 84' lang='lat' dir='ltr'>1u</span> <span class='ocrx_word' id='word_1_3' title='bbox 955 389 1144 446; x_wconf 81' lang='lat' dir='ltr'>rsaauuu</span> <span class='ocrx_word' id='word_1_4' title='bbox 1168 390 1273 446; x_wconf 79' lang='lat' dir='ltr'>axrv.</span> <span class='ocrx_word' id='word_1_5' title='bbox 1522 373 1523 376; x_wconf 64' lang='lat'>‘</span> <span class='ocrx_word' id='word_1_6' title='bbox 1672 386 1735 448; x_wconf 80' lang='lat'>489</span> 
     </span>
    </p>
   </div>
   <div class='ocr_carea' id='block_1_2' title="bbox 32 531 1965 5586">
    <p class='ocr_par' dir='ltr' id='par_1_2' title="bbox 79 531 1942 984">
     <span class='ocr_line' id='line_1_2' title="bbox 185 531 1942 666; baseline -0.001 -25"><span class='ocrx_word' id='word_1_7' title='bbox 185 577 318 641; x_wconf 84' lang='lat' dir='ltr'>Etenim</span> <span class='ocrx_word' id='word_1_8' title='bbox 348 579 417 662; x_wconf 92' lang='lat' dir='ltr'>ipse</span> <span class='ocrx_word' id='word_1_9' title='bbox 448 577 682 664; x_wconf 80' lang='lat' dir='ltr'>paterfamilias</span> <span class='ocrx_word' id='word_1_10' title='bbox 706 579 838 641; x_wconf 89' lang='lat' dir='ltr'>seminis</span> <span class='ocrx_word' id='word_1_11' title='bbox 862 575 940 641; x_wconf 92' lang='lat' dir='ltr'>boni</span> <span class='ocrx_word' id='word_1_12' title='bbox 964 577 1147 658; x_wconf 89' lang='lat' dir='ltr'>seminator,</span> <span class='ocrx_word' id='word_1_13' title='bbox 1172 578 1228 662; x_wconf 91' lang='lat' dir='ltr'>qui</span> <span class='ocrx_word' id='word_1_14' title='bbox 1252 576 1347 642; x_wconf 90' lang='lat' dir='ltr'>dicit:</span> <span class='ocrx_word' id='word_1_15' title='bbox 1379 577 1429 643; x_wconf 84' lang='lat' dir='ltr'>Ne</span> <span class='ocrx_word' id='word_1_16' title='bbox 1445 579 1536 666; x_wconf 84' lang='lat' dir='ltr'>forte</span> <span class='ocrx_word' id='word_1_17' title='bbox 1559 581 1736 666; x_wconf 77' lang='lat' dir='ltr'>callipontes</span> <span class='ocrx_word' id='word_1_18' title='bbox 1755 531 1819 655; x_wconf 66' lang='lat' dir='ltr'>ibi</span> <span class='ocrx_word' id='word_1_19' title='bbox 1829 591 1942 642; x_wconf 76' lang='lat' dir='ltr'>zizaniis</span> 
     </span>
     <span class='ocr_line' id='line_1_3' title="bbox 80 662 1915 796; baseline 0.002 -47"><span class='ocrx_word' id='word_1_20' title='bbox 80 688 201 750; x_wconf 60' lang='lat' dir='ltr'>armaio</span> <span class='ocrx_word' id='word_1_21' title='bbox 226 685 395 750; x_wconf 75' lang='lat' dir='ltr'>eradicetis</span> <span class='ocrx_word' id='word_1_22' title='bbox 417 695 508 748; x_wconf 68' lang='lat' dir='ltr'>cum⁸</span> <span class='ocrx_word' id='word_1_23' title='bbox 533 687 579 749; x_wconf 77' lang='lat' dir='ltr'>cis</span> <span class='ocrx_word' id='word_1_24' title='bbox 601 686 699 748; x_wconf 71' lang='lat' dir='ltr'>scireut</span> <span class='ocrx_word' id='word_1_25' title='bbox 720 699 747 749; x_wconf 86' lang='lat' dir='ltr'>et</span> <span class='ocrx_word' id='word_1_26' title='bbox 770 688 917 749; x_wconf 75' lang='lat' dir='ltr'>triticam.</span> <span class='ocrx_word' id='word_1_27' title='bbox 966 683 1067 748; x_wconf 76' lang='lat' dir='ltr'>Sinite</span> <span class='ocrx_word' id='word_1_28' title='bbox 1092 699 1221 770; x_wconf 82' lang='lat' dir='ltr'>atroque</span> <span class='ocrx_word' id='word_1_29' title='bbox 1245 709 1380 750; x_wconf 80' lang='lat' dir='ltr'>cresce-re</span> <span class='ocrx_word' id='word_1_30' title='bbox 1405 710 1500 770; x_wconf 81' lang='lat' dir='ltr'>usque</span> <span class='ocrx_word' id='word_1_31' title='bbox 1531 686 1736 770; x_wconf 79' lang='lat' dir='ltr'>adorassem,</span> <span class='ocrx_word' id='word_1_32' title='bbox 1775 662 1915 796; x_wconf 48' lang='grc' dir='ltr'>ξὲξὲζῇῗῆ</span> 
     </span>
     <span class='ocr_line' id='line_1_4' title="bbox 80 788 1875 893; baseline 0.001 -39"><span class='ocrx_word' id='word_1_33' title='bbox 80 792 149 877; x_wconf 90' lang='lat' dir='ltr'>ipse</span> <span class='ocrx_word' id='word_1_34' title='bbox 173 801 223 855; x_wconf 91' lang='lat' dir='ltr'>est</span> <span class='ocrx_word' id='word_1_35' title='bbox 247 813 305 854; x_wconf 88' lang='lat' dir='ltr'>rex</span> <span class='ocrx_word' id='word_1_36' title='bbox 329 792 421 876; x_wconf 86' lang='lat' dir='ltr'>regni</span> <span class='ocrx_word' id='word_1_37' title='bbox 446 791 619 870; x_wconf 89' lang='lat' dir='ltr'>caelorum,</span> <span class='ocrx_word' id='word_1_38' title='bbox 651 789 757 854; x_wconf 89' lang='lat' dir='ltr'>idest</span> <span class='ocrx_word' id='word_1_39' title='bbox 786 792 946 876; x_wconf 91' lang='lat' dir='ltr'>presentis</span> <span class='ocrx_word' id='word_1_40' title='bbox 970 788 1151 854; x_wconf 81' lang='lat' dir='ltr'>aecclesiae</span> <span class='ocrx_word' id='word_1_41' title='bbox 1175 790 1228 854; x_wconf 89' lang='lat' dir='ltr'>vel</span> <span class='ocrx_word' id='word_1_42' title='bbox 1252 791 1515 876; x_wconf 87' lang='lat' dir='ltr'>congregationis</span> <span class='ocrx_word' id='word_1_43' title='bbox 1539 803 1734 872; x_wconf 86' lang='lat' dir='ltr'>sanctorum,</span> <span class='ocrx_word' id='word_1_44' title='bbox 1755 799 1875 893; x_wconf 44' lang='lat' dir='ltr'>Mididi</span> 
     </span>
     <span class='ocr_line' id='line_1_5' title="bbox 79 895 1735 984; baseline 0.001 -22"><span class='ocrx_word' id='word_1_45' title='bbox 79 899 113 961; x_wconf 92' lang='lat' dir='ltr'>in</span> <span class='ocrx_word' id='word_1_46' title='bbox 137 921 202 984; x_wconf 87' lang='lat' dir='ltr'>qua</span> <span class='ocrx_word' id='word_1_47' title='bbox 224 896 311 962; x_wconf 92' lang='lat' dir='ltr'>hono</span> <span class='ocrx_word' id='word_1_48' title='bbox 335 898 450 962; x_wconf 88' lang='lat' dir='ltr'>semini</span> <span class='ocrx_word' id='word_1_49' title='bbox 474 899 609 978; x_wconf 82' lang='lat' dir='ltr'>zizania,</span> <span class='ocrx_word' id='word_1_50' title='bbox 639 897 747 962; x_wconf 89' lang='lat' dir='ltr'>idest</span> <span class='ocrx_word' id='word_1_51' title='bbox 776 897 850 960; x_wconf 88' lang='lat' dir='ltr'>filiis</span> <span class='ocrx_word' id='word_1_52' title='bbox 881 898 974 982; x_wconf 87' lang='lat' dir='ltr'>regui</span> <span class='ocrx_word' id='word_1_53' title='bbox 1004 895 1061 960; x_wconf 91' lang='lat' dir='ltr'>filii</span> <span class='ocrx_word' id='word_1_54' title='bbox 1089 918 1240 983; x_wconf 83' lang='lat' dir='ltr'>nequam,</span> <span class='ocrx_word' id='word_1_55' title='bbox 1265 919 1345 983; x_wconf 92' lang='lat' dir='ltr'>quos</span> <span class='ocrx_word' id='word_1_56' title='bbox 1370 895 1518 961; x_wconf 85' lang='lat' dir='ltr'>diabolus</span> <span class='ocrx_word' id='word_1_57' title='bbox 1542 901 1735 984; x_wconf 90' lang='lat' dir='ltr'>supersemi-</span> 
     </span>
    </p>

    <p class='ocr_par' dir='ltr' id='par_1_3' title="bbox 50 1003 1834 1518">
     <span class='ocr_line' id='line_1_6' title="bbox 50 1003 1736 1090; baseline 0.001 -22"><span class='ocrx_word' id='word_1_58' title='bbox 50 1007 180 1086; x_wconf 84' lang='lat' dir='ltr'>snavit,</span> <span class='ocrx_word' id='word_1_59' title='bbox 205 1027 307 1090; x_wconf 90' lang='lat' dir='ltr'>usque</span> <span class='ocrx_word' id='word_1_60' title='bbox 332 1004 374 1068; x_wconf 90' lang='lat' dir='ltr'>ad</span> <span class='ocrx_word' id='word_1_61' title='bbox 397 1027 546 1086; x_wconf 85' lang='lat' dir='ltr'>messem,</span> <span class='ocrx_word' id='word_1_62' title='bbox 571 1003 605 1067; x_wconf 93' lang='lat' dir='ltr'>id</span> <span class='ocrx_word' id='word_1_63' title='bbox 629 1014 687 1084; x_wconf 89' lang='lat' dir='ltr'>est,</span> <span class='ocrx_word' id='word_1_64' title='bbox 712 1026 815 1089; x_wconf 89' lang='lat' dir='ltr'>usque</span> <span class='ocrx_word' id='word_1_65' title='bbox 839 1003 881 1067; x_wconf 89' lang='lat' dir='ltr'>ad</span> <span class='ocrx_word' id='word_1_66' title='bbox 904 1004 1215 1068; x_wconf 79' lang='lat' dir='ltr'>consummationem</span> <span class='ocrx_word' id='word_1_67' title='bbox 1240 1003 1342 1068; x_wconf 89' lang='lat' dir='ltr'>seculi</span> <span class='ocrx_word' id='word_1_68' title='bbox 1364 1004 1518 1089; x_wconf 82' lang='lat' dir='ltr'>permixti</span> <span class='ocrx_word' id='word_1_69' title='bbox 1542 1015 1625 1069; x_wconf 90' lang='lat' dir='ltr'>sunt.</span> <span class='ocrx_word' id='word_1_70' title='bbox 1659 1005 1736 1070; x_wconf 88' lang='lat' dir='ltr'>Illos</span> 
     </span>
     <span class='ocr_line' id='line_1_7' title="bbox 80 1110 1736 1197; baseline 0.001 -22"><span class='ocrx_word' id='word_1_71' title='bbox 80 1111 211 1175; x_wconf 81' lang='lat' dir='ltr'>tolerari</span> <span class='ocrx_word' id='word_1_72' title='bbox 234 1110 325 1175; x_wconf 91' lang='lat' dir='ltr'>iubet</span> <span class='ocrx_word' id='word_1_73' title='bbox 348 1133 421 1175; x_wconf 92' lang='lat' dir='ltr'>cum</span> <span class='ocrx_word' id='word_1_74' title='bbox 439 1110 534 1175; x_wconf 91' lang='lat' dir='ltr'>dicit:</span> <span class='ocrx_word' id='word_1_75' title='bbox 560 1110 662 1176; x_wconf 69' lang='lat' dir='ltr'>Statu</span> <span class='ocrx_word' id='word_1_76' title='bbox 686 1125 816 1196; x_wconf 80' lang='lat' dir='ltr'>utruque</span> <span class='ocrx_word' id='word_1_77' title='bbox 840 1135 975 1176; x_wconf 84' lang='lat' dir='ltr'>crescere</span> <span class='ocrx_word' id='word_1_78' title='bbox 999 1135 1094 1195; x_wconf 85' lang='lat' dir='ltr'>usquc</span> <span class='ocrx_word' id='word_1_79' title='bbox 1118 1111 1163 1174; x_wconf 84' lang='lat' dir='ltr'>ad</span> <span class='ocrx_word' id='word_1_80' title='bbox 1180 1135 1318 1191; x_wconf 67' lang='lat' dir='ltr'>rvr-essert,</span> <span class='ocrx_word' id='word_1_81' title='bbox 1342 1133 1416 1174; x_wconf 91' lang='lat' dir='ltr'>cum</span> <span class='ocrx_word' id='word_1_82' title='bbox 1440 1111 1609 1197; x_wconf 85' lang='lat' dir='ltr'>sepissime</span> <span class='ocrx_word' id='word_1_83' title='bbox 1634 1113 1736 1177; x_wconf 90' lang='lat' dir='ltr'>cicius</span> 
     </span>
     <span class='ocr_line' id='line_1_8' title="bbox 80 1215 1736 1304; baseline 0.001 -22"><span class='ocrx_word' id='word_1_84' title='bbox 80 1217 287 1282; x_wconf 86' lang='lat' dir='ltr'>efflorescant</span> <span class='ocrx_word' id='word_1_85' title='bbox 311 1228 343 1282; x_wconf 90' lang='lat' dir='ltr'>et</span> <span class='ocrx_word' id='word_1_86' title='bbox 365 1217 533 1281; x_wconf 86' lang='lat' dir='ltr'>sublimius</span> <span class='ocrx_word' id='word_1_87' title='bbox 564 1227 722 1299; x_wconf 90' lang='lat' dir='ltr'>crescant,</span> <span class='ocrx_word' id='word_1_88' title='bbox 753 1218 798 1280; x_wconf 89' lang='lat' dir='ltr'>ita</span> <span class='ocrx_word' id='word_1_89' title='bbox 826 1227 861 1280; x_wconf 93' lang='lat' dir='ltr'>ut</span> <span class='ocrx_word' id='word_1_90' title='bbox 891 1239 1032 1280; x_wconf 90' lang='lat' dir='ltr'>summos</span> <span class='ocrx_word' id='word_1_91' title='bbox 1062 1215 1202 1280; x_wconf 88' lang='lat' dir='ltr'>honores</span> <span class='ocrx_word' id='word_1_92' title='bbox 1232 1217 1266 1280; x_wconf 93' lang='lat' dir='ltr'>in</span> <span class='ocrx_word' id='word_1_93' title='bbox 1296 1216 1549 1282; x_wconf 84' lang='lat' dir='ltr'>aecclesiasticis</span> <span class='ocrx_word' id='word_1_94' title='bbox 1579 1217 1736 1304; x_wconf 84' lang='lat' dir='ltr'>gradibus</span> 
     </span>
     <span class='ocr_line' id='line_1_9' title="bbox 79 1323 1834 1414; baseline 0.003 -26"><span class='ocrx_word' id='word_1_95' title='bbox 79 1325 343 1411; x_wconf 87' lang='lat' dir='ltr'>apprehendant:</span> <span class='ocrx_word' id='word_1_96' title='bbox 369 1347 406 1388; x_wconf 90' lang='lat' dir='ltr'>co</span> <span class='ocrx_word' id='word_1_97' title='bbox 431 1323 519 1410; x_wconf 91' lang='lat' dir='ltr'>quod</span> <span class='ocrx_word' id='word_1_98' title='bbox 542 1323 642 1388; x_wconf 92' lang='lat' dir='ltr'>nichil</span> <span class='ocrx_word' id='word_1_99' title='bbox 666 1334 781 1387; x_wconf 90' lang='lat' dir='ltr'>noceat</span> <span class='ocrx_word' id='word_1_100' title='bbox 811 1323 906 1387; x_wconf 89' lang='lat' dir='ltr'>bonis</span> <span class='ocrx_word' id='word_1_101' title='bbox 929 1324 1103 1409; x_wconf 84' lang='lat' dir='ltr'>permixtio</span> <span class='ocrx_word' id='word_1_102' title='bbox 1127 1323 1295 1404; x_wconf 87' lang='lat' dir='ltr'>malorum,</span> <span class='ocrx_word' id='word_1_103' title='bbox 1321 1328 1416 1410; x_wconf 73' lang='lat' dir='ltr'>*quos</span> <span class='ocrx_word' id='word_1_104' title='bbox 1449 1323 1560 1412; x_wconf 81' lang='lat' dir='ltr'>[anteb</span> <span class='ocrx_word' id='word_1_105' title='bbox 1584 1325 1734 1414; x_wconf 82' lang='lat' dir='ltr'>messem]</span> <span class='ocrx_word' id='word_1_106' title='bbox 1755 1351 1834 1394; x_wconf 61' lang='lat' dir='ltr'>aar.</span> 
     </span>
     <span class='ocr_line' id='line_1_10' title="bbox 78 1429 1737 1518; baseline 0.001 -24"><span class='ocrx_word' id='word_1_107' title='bbox 78 1454 137 1517; x_wconf 93' lang='lat' dir='ltr'>pro</span> <span class='ocrx_word' id='word_1_108' title='bbox 162 1442 307 1518; x_wconf 90' lang='lat' dir='ltr'>tompore</span> <span class='ocrx_word' id='word_1_109' title='bbox 331 1432 423 1495; x_wconf 88' lang='lat' dir='ltr'>inviti</span> <span class='ocrx_word' id='word_1_110' title='bbox 449 1431 617 1510; x_wconf 90' lang='lat' dir='ltr'>sustinent,</span> <span class='ocrx_word' id='word_1_111' title='bbox 638 1430 714 1516; x_wconf 90' lang='lat' dir='ltr'>quia</span> <span class='ocrx_word' id='word_1_112' title='bbox 738 1431 900 1516; x_wconf 84' lang='lat' dir='ltr'>corrigere</span> <span class='ocrx_word' id='word_1_113' title='bbox 925 1452 991 1494; x_wconf 91' lang='lat' dir='ltr'>non</span> <span class='ocrx_word' id='word_1_114' title='bbox 1013 1441 1157 1516; x_wconf 88' lang='lat' dir='ltr'>possunt.</span> <span class='ocrx_word' id='word_1_115' title='bbox 1193 1430 1296 1515; x_wconf 84' lang='lat' dir='ltr'>Igitur</span> <span class='ocrx_word' id='word_1_116' title='bbox 1319 1429 1407 1517; x_wconf 90' lang='lat' dir='ltr'>quod</span> <span class='ocrx_word' id='word_1_117' title='bbox 1430 1442 1643 1518; x_wconf 88' lang='lat' dir='ltr'>precepturus</span> <span class='ocrx_word' id='word_1_118' title='bbox 1667 1443 1737 1497; x_wconf 87' lang='lat' dir='ltr'>erat</span> 
     </span>
    </p>

    <p class='ocr_par' dir='ltr' id='par_1_4' title="bbox 38 1535 1903 1944">
     <span class='ocr_line' id='line_1_11' title="bbox 38 1535 1735 1624; baseline 0 -22"><span class='ocrx_word' id='word_1_119' title='bbox 38 1567 61 1602; x_wconf 80' lang='grc' dir='ltr'>ιο</span> <span class='ocrx_word' id='word_1_120' title='bbox 79 1549 167 1602; x_wconf 89' lang='lat' dir='ltr'>recte</span> <span class='ocrx_word' id='word_1_121' title='bbox 193 1551 234 1620; x_wconf 87' lang='lat' dir='ltr'>et,</span> <span class='ocrx_word' id='word_1_122' title='bbox 259 1548 294 1602; x_wconf 92' lang='lat' dir='ltr'>ut</span> <span class='ocrx_word' id='word_1_123' title='bbox 317 1549 542 1624; x_wconf 83' lang='lat' dir='ltr'>preceptorem</span> <span class='ocrx_word' id='word_1_124' title='bbox 566 1535 715 1618; x_wconf 89' lang='lat' dir='ltr'>decebat,</span> <span class='ocrx_word' id='word_1_125' title='bbox 746 1537 834 1622; x_wconf 91' lang='lat' dir='ltr'>prior</span> <span class='ocrx_word' id='word_1_126' title='bbox 857 1538 927 1622; x_wconf 87' lang='lat' dir='ltr'>ipse</span> <span class='ocrx_word' id='word_1_127' title='bbox 951 1536 1039 1618; x_wconf 85' lang='lat' dir='ltr'>fecit,</span> <span class='ocrx_word' id='word_1_128' title='bbox 1072 1535 1246 1600; x_wconf 88' lang='lat' dir='ltr'>admittens</span> <span class='ocrx_word' id='word_1_129' title='bbox 1269 1536 1384 1601; x_wconf 90' lang='lat' dir='ltr'>Iudam</span> <span class='ocrx_word' id='word_1_130' title='bbox 1415 1539 1448 1602; x_wconf 91' lang='lat' dir='ltr'>iu</span> <span class='ocrx_word' id='word_1_131' title='bbox 1472 1537 1526 1602; x_wconf 93' lang='lat' dir='ltr'>illo</span> <span class='ocrx_word' id='word_1_132' title='bbox 1551 1547 1735 1603; x_wconf 89' lang='lat' dir='ltr'>sanctorum</span> 
     </span>
     <span class='ocr_line' id='line_1_12' title="bbox 79 1642 1903 1732; baseline 0.001 -23"><span class='ocrx_word' id='word_1_133' title='bbox 79 1667 225 1725; x_wconf 89' lang='lat' dir='ltr'>numero,</span> <span class='ocrx_word' id='word_1_134' title='bbox 250 1644 367 1732; x_wconf 88' lang='lat' dir='ltr'>quibus</span> <span class='ocrx_word' id='word_1_135' title='bbox 391 1654 584 1731; x_wconf 86' lang='lat' dir='ltr'>potestatem</span> <span class='ocrx_word' id='word_1_136' title='bbox 615 1642 714 1708; x_wconf 90' lang='lat' dir='ltr'>dabat</span> <span class='ocrx_word' id='word_1_137' title='bbox 745 1642 886 1707; x_wconf 90' lang='lat' dir='ltr'>eiciendi</span> <span class='ocrx_word' id='word_1_138' title='bbox 916 1644 1047 1729; x_wconf 91' lang='lat' dir='ltr'>spiritus</span> <span class='ocrx_word' id='word_1_139' title='bbox 1078 1642 1250 1707; x_wconf 89' lang='lat' dir='ltr'>inmundos</span> <span class='ocrx_word' id='word_1_140' title='bbox 1283 1655 1314 1708; x_wconf 90' lang='lat' dir='ltr'>et</span> <span class='ocrx_word' id='word_1_141' title='bbox 1343 1644 1479 1708; x_wconf 90' lang='lat' dir='ltr'>curandi</span> <span class='ocrx_word' id='word_1_142' title='bbox 1510 1668 1637 1710; x_wconf 89' lang='lat' dir='ltr'>omnem</span> <span class='ocrx_word' id='word_1_143' title='bbox 1668 1645 1736 1710; x_wconf 85' lang='lat' dir='ltr'>lan·</span> <span class='ocrx_word' id='word_1_144' title='bbox 1755 1671 1875 1721; x_wconf 67' lang='lat' dir='ltr'>unsara,</span> <span class='ocrx_word' id='word_1_145' title='bbox 1884 1673 1903 1712; x_wconf 84' lang='lat'>1.</span> 
     </span>
     <span class='ocr_line' id='line_1_13' title="bbox 79 1750 1736 1838; baseline 0.001 -23"><span class='ocrx_word' id='word_1_146' title='bbox 79 1773 215 1835; x_wconf 86' lang='lat' dir='ltr'>guorem</span> <span class='ocrx_word' id='word_1_147' title='bbox 247 1773 440 1838; x_wconf 88' lang='lat' dir='ltr'>omnemque</span> <span class='ocrx_word' id='word_1_148' title='bbox 471 1751 706 1833; x_wconf 72' lang='lat' dir='ltr'>infirmitatem,</span> <span class='ocrx_word' id='word_1_149' title='bbox 739 1761 773 1814; x_wconf 90' lang='lat' dir='ltr'>ut</span> <span class='ocrx_word' id='word_1_150' title='bbox 802 1751 886 1814; x_wconf 84' lang='lat' dir='ltr'>scias</span> <span class='ocrx_word' id='word_1_151' title='bbox 917 1750 1003 1813; x_wconf 86' lang='lat' dir='ltr'>dona</span> <span class='ocrx_word' id='word_1_152' title='bbox 1026 1750 1092 1813; x_wconf 89' lang='lat' dir='ltr'>Dei</span> <span class='ocrx_word' id='word_1_153' title='bbox 1122 1752 1294 1836; x_wconf 90' lang='lat' dir='ltr'>pervenire</span> <span class='ocrx_word' id='word_1_154' title='bbox 1325 1750 1368 1814; x_wconf 89' lang='lat' dir='ltr'>ad</span> <span class='ocrx_word' id='word_1_155' title='bbox 1398 1751 1468 1815; x_wconf 93' lang='lat' dir='ltr'>illos</span> <span class='ocrx_word' id='word_1_156' title='bbox 1493 1753 1548 1838; x_wconf 88' lang='lat' dir='ltr'>qui</span> <span class='ocrx_word' id='word_1_157' title='bbox 1574 1775 1647 1816; x_wconf 92' lang='lat' dir='ltr'>cum</span> <span class='ocrx_word' id='word_1_158' title='bbox 1671 1752 1736 1817; x_wconf 90' lang='lat' dir='ltr'>fide</span> 
     </span>
     <span class='ocr_line' id='line_1_14' title="bbox 80 1856 1423 1944; baseline 0.001 -24"><span class='ocrx_word' id='word_1_159' title='bbox 80 1859 256 1944; x_wconf 89' lang='lat' dir='ltr'>accipiunt,</span> <span class='ocrx_word' id='word_1_160' title='bbox 281 1860 408 1922; x_wconf 89' lang='lat' dir='ltr'>etiamsi</span> <span class='ocrx_word' id='word_1_161' title='bbox 432 1858 504 1922; x_wconf 91' lang='lat' dir='ltr'>talis</span> <span class='ocrx_word' id='word_1_162' title='bbox 529 1859 570 1920; x_wconf 92' lang='lat' dir='ltr'>sit</span> <span class='ocrx_word' id='word_1_163' title='bbox 593 1858 620 1920; x_wconf 89' lang='lat' dir='ltr'>is</span> <span class='ocrx_word' id='word_1_164' title='bbox 644 1879 823 1943; x_wconf 88' lang='lat' dir='ltr'>perquem</span> <span class='ocrx_word' id='word_1_165' title='bbox 848 1857 1021 1942; x_wconf 89' lang='lat' dir='ltr'>accipiunt,</span> <span class='ocrx_word' id='word_1_166' title='bbox 1047 1856 1151 1942; x_wconf 88' lang='lat' dir='ltr'>qualis</span> <span class='ocrx_word' id='word_1_167' title='bbox 1176 1857 1236 1920; x_wconf 86' lang='lat' dir='ltr'>fuit</span> <span class='ocrx_word' id='word_1_168' title='bbox 1260 1868 1292 1921; x_wconf 90' lang='lat' dir='ltr'>et</span> <span class='ocrx_word' id='word_1_169' title='bbox 1315 1857 1423 1922; x_wconf 85' lang='lat' dir='ltr'>Iudas.</span> 
     </span>
    </p>

    <p class='ocr_par' dir='ltr' id='par_1_5' title="bbox 36 1955 1886 2585">
     <span class='ocr_line' id='line_1_15' title="bbox 187 1955 1880 2059; baseline 0.002 -31"><span class='ocrx_word' id='word_1_170' title='bbox 187 1964 364 2029; x_wconf 86' lang='lat' dir='ltr'>Sciendum</span> <span class='ocrx_word' id='word_1_171' title='bbox 395 1976 514 2046; x_wconf 90' lang='lat' dir='ltr'>tamen,</span> <span class='ocrx_word' id='word_1_172' title='bbox 544 1965 620 2050; x_wconf 91' lang='lat' dir='ltr'>quia</span> <span class='ocrx_word' id='word_1_173' title='bbox 650 1976 833 2049; x_wconf 83' lang='lat' dir='ltr'>postquam,</span> <span class='ocrx_word' id='word_1_174' title='bbox 858 1975 893 2026; x_wconf 93' lang='lat' dir='ltr'>ut</span> <span class='ocrx_word' id='word_1_175' title='bbox 915 1963 1023 2027; x_wconf 86' lang='lat' dir='ltr'>Lucas</span> <span class='ocrx_word' id='word_1_176' title='bbox 1055 1962 1178 2044; x_wconf 87' lang='lat' dir='ltr'>scribit,</span> <span class='ocrx_word' id='word_1_177' title='bbox 1209 1965 1344 2028; x_wconf 88' lang='lat' dir='ltr'>intravit</span> <span class='ocrx_word' id='word_1_178' title='bbox 1373 1965 1408 2028; x_wconf 91' lang='lat' dir='ltr'>in</span> <span class='ocrx_word' id='word_1_179' title='bbox 1439 1988 1512 2030; x_wconf 88' lang='lat' dir='ltr'>eum</span> <span class='ocrx_word' id='word_1_180' title='bbox 1544 1977 1673 2030; x_wconf 88' lang='lat' dir='ltr'>satanas</span> <span class='ocrx_word' id='word_1_181' title='bbox 1704 1976 1737 2031; x_wconf 92' lang='lat' dir='ltr'>et</span> <span class='ocrx_word' id='word_1_182' title='bbox 1754 1955 1880 2059; x_wconf 58' lang='lat' dir='ltr'>‘ssfissl&#39;m</span> 
     </span>
     <span class='ocr_line' id='line_1_16' title="bbox 36 2068 1736 2158; baseline 0.001 -22"><span class='ocrx_word' id='word_1_183' title='bbox 36 2099 60 2136; x_wconf 81' lang='lat' dir='ltr'>ra</span> <span class='ocrx_word' id='word_1_184' title='bbox 80 2069 161 2135; x_wconf 90' lang='lat' dir='ltr'>abiit</span> <span class='ocrx_word' id='word_1_185' title='bbox 185 2083 217 2134; x_wconf 90' lang='lat' dir='ltr'>et</span> <span class='ocrx_word' id='word_1_186' title='bbox 240 2071 366 2135; x_wconf 89' lang='lat' dir='ltr'>locutus</span> <span class='ocrx_word' id='word_1_187' title='bbox 390 2081 439 2136; x_wconf 89' lang='lat' dir='ltr'>est</span> <span class='ocrx_word' id='word_1_188' title='bbox 467 2094 540 2136; x_wconf 93' lang='lat' dir='ltr'>cum</span> <span class='ocrx_word' id='word_1_189' title='bbox 571 2068 773 2156; x_wconf 88' lang='lat' dir='ltr'>principibus</span> <span class='ocrx_word' id='word_1_190' title='bbox 804 2070 1010 2134; x_wconf 87' lang='lat' dir='ltr'>sacerdotum</span> <span class='ocrx_word' id='word_1_191' title='bbox 1034 2081 1065 2134; x_wconf 92' lang='lat' dir='ltr'>et</span> <span class='ocrx_word' id='word_1_192' title='bbox 1088 2070 1343 2155; x_wconf 87' lang='lat' dir='ltr'>magistratibus,</span> <span class='ocrx_word' id='word_1_193' title='bbox 1365 2071 1638 2158; x_wconf 89' lang='lat' dir='ltr'>quemadmodum</span> <span class='ocrx_word' id='word_1_194' title='bbox 1662 2095 1736 2137; x_wconf 88' lang='lat' dir='ltr'>eum</span> 
     </span>
     <span class='ocr_line' id='line_1_17' title="bbox 79 2176 1735 2265; baseline 0.002 -25"><span class='ocrx_word' id='word_1_195' title='bbox 79 2178 223 2242; x_wconf 87' lang='lat' dir='ltr'>traderet</span> <span class='ocrx_word' id='word_1_196' title='bbox 250 2178 323 2259; x_wconf 92' lang='lat' dir='ltr'>illis,</span> <span class='ocrx_word' id='word_1_197' title='bbox 348 2189 380 2242; x_wconf 91' lang='lat' dir='ltr'>et</span> <span class='ocrx_word' id='word_1_198' title='bbox 404 2180 510 2264; x_wconf 82' lang='lat' dir='ltr'>gavisi</span> <span class='ocrx_word' id='word_1_199' title='bbox 533 2188 608 2241; x_wconf 90' lang='lat' dir='ltr'>suut</span> <span class='ocrx_word' id='word_1_200' title='bbox 631 2189 663 2242; x_wconf 93' lang='lat' dir='ltr'>et</span> <span class='ocrx_word' id='word_1_201' title='bbox 686 2178 774 2263; x_wconf 88' lang='lat' dir='ltr'>pacti</span> <span class='ocrx_word' id='word_1_202' title='bbox 803 2189 877 2241; x_wconf 89' lang='lat' dir='ltr'>sunt</span> <span class='ocrx_word' id='word_1_203' title='bbox 906 2178 1076 2262; x_wconf 86' lang='lat' dir='ltr'>pecunia-m</span> <span class='ocrx_word' id='word_1_204' title='bbox 1109 2177 1156 2240; x_wconf 93' lang='lat' dir='ltr'>illi</span> <span class='ocrx_word' id='word_1_205' title='bbox 1187 2176 1265 2241; x_wconf 91' lang='lat' dir='ltr'>dare</span> <span class='ocrx_word' id='word_1_206' title='bbox 1296 2188 1329 2241; x_wconf 91' lang='lat' dir='ltr'>et</span> <span class='ocrx_word' id='word_1_207' title='bbox 1359 2179 1547 2265; x_wconf 81' lang='lat' dir='ltr'>spopondit3</span> <span class='ocrx_word' id='word_1_208' title='bbox 1579 2181 1644 2243; x_wconf 88' lang='lat' dir='ltr'>iam</span> <span class='ocrx_word' id='word_1_209' title='bbox 1674 2202 1735 2244; x_wconf 88' lang='lat' dir='ltr'>nec</span> 
     </span>
     <span class='ocr_line' id='line_1_18' title="bbox 79 2282 1734 2373; baseline 0.001 -25"><span class='ocrx_word' id='word_1_210' title='bbox 79 2285 236 2349; x_wconf 87' lang='lat' dir='ltr'>eiciendis</span> <span class='ocrx_word' id='word_1_211' title='bbox 260 2284 425 2371; x_wconf 88' lang='lat' dir='ltr'>spiritibus</span> <span class='ocrx_word' id='word_1_212' title='bbox 448 2284 612 2349; x_wconf 88' lang='lat' dir='ltr'>inmundis</span> <span class='ocrx_word' id='word_1_213' title='bbox 642 2306 703 2348; x_wconf 89' lang='lat' dir='ltr'>neo</span> <span class='ocrx_word' id='word_1_214' title='bbox 734 2284 766 2346; x_wconf 91' lang='lat' dir='ltr'>in</span> <span class='ocrx_word' id='word_1_215' title='bbox 790 2282 1000 2368; x_wconf 88' lang='lat' dir='ltr'>languoribus</span> <span class='ocrx_word' id='word_1_216' title='bbox 1025 2295 1079 2348; x_wconf 86' lang='lat' dir='ltr'>aut</span> <span class='ocrx_word' id='word_1_217' title='bbox 1109 2282 1350 2348; x_wconf 85' lang='lat' dir='ltr'>infirmitatibus</span> <span class='ocrx_word' id='word_1_218' title='bbox 1383 2285 1535 2349; x_wconf 89' lang='lat' dir='ltr'>curandis</span> <span class='ocrx_word' id='word_1_219' title='bbox 1566 2285 1734 2373; x_wconf 87' lang='lat' dir='ltr'>illapote-</span> 
     </span>
     <span class='ocr_line' id='line_1_19' title="bbox 79 2389 1886 2478; baseline 0.003 -24"><span class='ocrx_word' id='word_1_220' title='bbox 79 2403 162 2456; x_wconf 87' lang='lat' dir='ltr'>state</span> <span class='ocrx_word' id='word_1_221' title='bbox 187 2391 366 2476; x_wconf 86' lang='lat' dir='ltr'>apostolica</span> <span class='ocrx_word' id='word_1_222' title='bbox 388 2414 465 2455; x_wconf 91' lang='lat' dir='ltr'>usus</span> <span class='ocrx_word' id='word_1_223' title='bbox 491 2401 555 2455; x_wconf 85' lang='lat' dir='ltr'>est:</span> <span class='ocrx_word' id='word_1_224' title='bbox 588 2393 709 2477; x_wconf 89' lang='lat' dir='ltr'>quippe</span> <span class='ocrx_word' id='word_1_225' title='bbox 741 2391 797 2476; x_wconf 93' lang='lat' dir='ltr'>qui</span> <span class='ocrx_word' id='word_1_226' title='bbox 828 2391 977 2476; x_wconf 89' lang='lat' dir='ltr'>sequenti</span> <span class='ocrx_word' id='word_1_227' title='bbox 1001 2389 1053 2454; x_wconf 90' lang='lat' dir='ltr'>die</span> <span class='ocrx_word' id='word_1_228' title='bbox 1084 2391 1169 2454; x_wconf 90' lang='lat' dir='ltr'>inter</span> <span class='ocrx_word' id='word_1_229' title='bbox 1193 2391 1376 2456; x_wconf 89' lang='lat' dir='ltr'>cenandum</span> <span class='ocrx_word' id='word_1_230' title='bbox 1399 2414 1460 2478; x_wconf 91' lang='lat' dir='ltr'>per</span> <span class='ocrx_word' id='word_1_231' title='bbox 1483 2390 1664 2456; x_wconf 84' lang='lat' dir='ltr'>buccellam</span> <span class='ocrx_word' id='word_1_232' title='bbox 1687 2389 1886 2468; x_wconf 72' lang='lat' dir='ltr'>inaurare.</span> 
     </span>
     <span class='ocr_line' id='line_1_20' title="bbox 78 2479 1734 2585; baseline 0.001 -23"><span class='ocrx_word' id='word_1_233' title='bbox 78 2500 212 2562; x_wconf 89' lang='lat' dir='ltr'>tinctam</span> <span class='ocrx_word' id='word_1_234' title='bbox 236 2498 382 2585; x_wconf 86' lang='lat' dir='ltr'>proditor</span> <span class='ocrx_word' id='word_1_235' title='bbox 400 2497 589 2582; x_wconf 88' lang='lat' dir='ltr'>designatus</span> <span class='ocrx_word' id='word_1_236' title='bbox 609 2479 761 2561; x_wconf 74' lang='lat' dir='ltr'>continuo</span> <span class='ocrx_word' id='word_1_237' title='bbox 778 2497 882 2560; x_wconf 73' lang='lat' dir='ltr'>exivit</span> <span class='ocrx_word' id='word_1_238' title='bbox 905 2507 945 2577; x_wconf 88' lang='lat' dir='ltr'>et,</span> <span class='ocrx_word' id='word_1_239' title='bbox 971 2507 1145 2583; x_wconf 89' lang='lat' dir='ltr'>antequam</span> <span class='ocrx_word' id='word_1_240' title='bbox 1170 2519 1254 2579; x_wconf 92' lang='lat' dir='ltr'>eum,</span> <span class='ocrx_word' id='word_1_241' title='bbox 1279 2520 1376 2584; x_wconf 90' lang='lat' dir='ltr'>quem</span> <span class='ocrx_word' id='word_1_242' title='bbox 1400 2497 1589 2580; x_wconf 86' lang='lat' dir='ltr'>tradiderat,</span> <span class='ocrx_word' id='word_1_243' title='bbox 1613 2500 1647 2562; x_wconf 92' lang='lat' dir='ltr'>in</span> <span class='ocrx_word' id='word_1_244' title='bbox 1664 2521 1734 2563; x_wconf 92' lang='lat' dir='ltr'>cru-</span> 
     </span>
    </p>

    <p class='ocr_par' dir='ltr' id='par_1_6' title="bbox 34 2601 1901 3117">
     <span class='ocr_line' id='line_1_21' title="bbox 34 2601 1901 2692; baseline 0.001 -21"><span class='ocrx_word' id='word_1_245' title='bbox 34 2634 60 2671; x_wconf 77' lang='lat' dir='ltr'>ro</span> <span class='ocrx_word' id='word_1_246' title='bbox 79 2628 150 2668; x_wconf 91' lang='lat' dir='ltr'>cem</span> <span class='ocrx_word' id='word_1_247' title='bbox 175 2605 410 2691; x_wconf 87' lang='lat' dir='ltr'>suspenderent</span> <span class='ocrx_word' id='word_1_248' title='bbox 433 2605 536 2682; x_wconf 90' lang='lat' dir='ltr'>ludei,</span> <span class='ocrx_word' id='word_1_249' title='bbox 567 2603 683 2690; x_wconf 91' lang='lat' dir='ltr'>laqueo</span> <span class='ocrx_word' id='word_1_250' title='bbox 708 2626 741 2667; x_wconf 89' lang='lat' dir='ltr'>se</span> <span class='ocrx_word' id='word_1_251' title='bbox 768 2601 882 2691; x_wconf 63' lang='lat' dir='ltr'>[ipsess]</span> <span class='ocrx_word' id='word_1_252' title='bbox 909 2603 1088 2689; x_wconf 89' lang='lat' dir='ltr'>suspendit.</span> <span class='ocrx_word' id='word_1_253' title='bbox 1135 2604 1205 2688; x_wconf 81' lang='lat' dir='ltr'>Ncq</span> <span class='ocrx_word' id='word_1_254' title='bbox 1230 2626 1308 2669; x_wconf 89' lang='lat' dir='ltr'>vero</span> <span class='ocrx_word' id='word_1_255' title='bbox 1332 2614 1399 2669; x_wconf 92' lang='lat' dir='ltr'>tam</span> <span class='ocrx_word' id='word_1_256' title='bbox 1424 2607 1534 2691; x_wconf 88' lang='lat' dir='ltr'>segnis</span> <span class='ocrx_word' id='word_1_257' title='bbox 1558 2607 1734 2692; x_wconf 88' lang='lat' dir='ltr'>patientiae</span> <span class='ocrx_word' id='word_1_258' title='bbox 1753 2631 1901 2681; x_wconf 66' lang='lat' dir='ltr'>narraras.</span> 
     </span>
     <span class='ocr_line' id='line_1_22' title="bbox 78 2708 1734 2797; baseline 0.002 -23"><span class='ocrx_word' id='word_1_259' title='bbox 78 2735 174 2776; x_wconf 84' lang='lat' dir='ltr'>veros</span> <span class='ocrx_word' id='word_1_260' title='bbox 190 2710 311 2776; x_wconf 81' lang='lat' dir='ltr'>Christi</span> <span class='ocrx_word' id='word_1_261' title='bbox 327 2711 489 2796; x_wconf 88' lang='lat' dir='ltr'>apostolos</span> <span class='ocrx_word' id='word_1_262' title='bbox 513 2711 612 2774; x_wconf 86' lang='lat' dir='ltr'>fuisse</span> <span class='ocrx_word' id='word_1_263' title='bbox 634 2708 839 2792; x_wconf 87' lang='lat' dir='ltr'>arbitremur,</span> <span class='ocrx_word' id='word_1_264' title='bbox 860 2721 904 2791; x_wconf 91' lang='lat' dir='ltr'>ut,</span> <span class='ocrx_word' id='word_1_265' title='bbox 928 2724 1100 2796; x_wconf 86' lang='lat' dir='ltr'>postquam</span> <span class='ocrx_word' id='word_1_266' title='bbox 1116 2710 1169 2775; x_wconf 92' lang='lat' dir='ltr'>ille</span> <span class='ocrx_word' id='word_1_267' title='bbox 1187 2710 1376 2797; x_wconf 86' lang='lat' dir='ltr'>designatus</span> <span class='ocrx_word' id='word_1_268' title='bbox 1394 2723 1452 2792; x_wconf 91' lang='lat' dir='ltr'>est,</span> <span class='ocrx_word' id='word_1_269' title='bbox 1478 2714 1504 2776; x_wconf 93' lang='lat' dir='ltr'>si</span> <span class='ocrx_word' id='word_1_270' title='bbox 1521 2735 1586 2776; x_wconf 89' lang='lat' dir='ltr'>non</span> <span class='ocrx_word' id='word_1_271' title='bbox 1602 2714 1734 2795; x_wconf 85' lang='lat' dir='ltr'>exisset,</span> 
     </span>
     <span class='ocr_line' id='line_1_23' title="bbox 78 2816 1735 2905; baseline 0.001 -23"><span class='ocrx_word' id='word_1_272' title='bbox 78 2819 318 2882; x_wconf 90' lang='lat' dir='ltr'>communicare</span> <span class='ocrx_word' id='word_1_273' title='bbox 348 2818 395 2882; x_wconf 92' lang='lat' dir='ltr'>illi</span> <span class='ocrx_word' id='word_1_274' title='bbox 423 2819 605 2903; x_wconf 88' lang='lat' dir='ltr'>potuissent</span> <span class='ocrx_word' id='word_1_275' title='bbox 628 2827 662 2880; x_wconf 90' lang='lat' dir='ltr'>ut</span> <span class='ocrx_word' id='word_1_276' title='bbox 686 2818 785 2902; x_wconf 91' lang='lat' dir='ltr'>prius.</span> <span class='ocrx_word' id='word_1_277' title='bbox 832 2816 904 2880; x_wconf 90' lang='lat' dir='ltr'>Hec</span> <span class='ocrx_word' id='word_1_278' title='bbox 935 2816 1059 2881; x_wconf 89' lang='lat' dir='ltr'>idcirco</span> <span class='ocrx_word' id='word_1_279' title='bbox 1084 2817 1232 2898; x_wconf 90' lang='lat' dir='ltr'>dicimus,</span> <span class='ocrx_word' id='word_1_280' title='bbox 1257 2829 1292 2882; x_wconf 92' lang='lat' dir='ltr'>ut</span> <span class='ocrx_word' id='word_1_281' title='bbox 1315 2819 1452 2899; x_wconf 88' lang='lat' dir='ltr'>zizania,</span> <span class='ocrx_word' id='word_1_282' title='bbox 1477 2841 1560 2905; x_wconf 86' lang='lat' dir='ltr'>quae</span> <span class='ocrx_word' id='word_1_283' title='bbox 1584 2821 1735 2884; x_wconf 90' lang='lat' dir='ltr'>inimicus</span> 
     </span>
     <span class='ocr_line' id='line_1_24' title="bbox 77 2921 1735 3012; baseline 0.001 -23"><span class='ocrx_word' id='word_1_284' title='bbox 77 2925 174 2990; x_wconf 91' lang='lat' dir='ltr'>homo</span> <span class='ocrx_word' id='word_1_285' title='bbox 200 2924 347 3012; x_wconf 79' lang='lat' dir='ltr'>[seminic</span> <span class='ocrx_word' id='word_1_286' title='bbox 372 2924 457 2989; x_wconf 91' lang='lat' dir='ltr'>bono</span> <span class='ocrx_word' id='word_1_287' title='bbox 467 2924 491 3012; x_wconf 72' lang='lat'>⁰]</span> <span class='ocrx_word' id='word_1_288' title='bbox 517 2925 797 3010; x_wconf 77' lang='lat' dir='ltr'>superseminavit,</span> <span class='ocrx_word' id='word_1_289' title='bbox 822 2945 886 2988; x_wconf 90' lang='lat' dir='ltr'>non</span> <span class='ocrx_word' id='word_1_290' title='bbox 903 2922 1026 3009; x_wconf 88' lang='lat' dir='ltr'>absque</span> <span class='ocrx_word' id='word_1_291' title='bbox 1043 2921 1238 2989; x_wconf 82' lang='lat' dir='ltr'>discretione</span> <span class='ocrx_word' id='word_1_292' title='bbox 1260 2948 1368 2990; x_wconf 90' lang='lat' dir='ltr'>rerum</span> <span class='ocrx_word' id='word_1_293' title='bbox 1383 2925 1435 2989; x_wconf 89' lang='lat' dir='ltr'>vel</span> <span class='ocrx_word' id='word_1_294' title='bbox 1452 2937 1634 3012; x_wconf 90' lang='lat' dir='ltr'>temporum</span> <span class='ocrx_word' id='word_1_295' title='bbox 1657 2925 1735 2991; x_wconf 93' lang='lat' dir='ltr'>tole-</span> 
     </span>
     <span class='ocr_line' id='line_1_25' title="bbox 77 3029 1732 3117; baseline 0.001 -22"><span class='ocrx_word' id='word_1_296' title='bbox 77 3031 180 3095; x_wconf 89' lang='lat' dir='ltr'>randa</span> <span class='ocrx_word' id='word_1_297' title='bbox 204 3054 275 3095; x_wconf 87' lang='lat' dir='ltr'>esse</span> <span class='ocrx_word' id='word_1_298' title='bbox 298 3032 350 3096; x_wconf 85' lang='lat' dir='ltr'>vel</span> <span class='ocrx_word' id='word_1_299' title='bbox 375 3032 633 3095; x_wconf 90' lang='lat' dir='ltr'>communionem</span> <span class='ocrx_word' id='word_1_300' title='bbox 656 3030 783 3094; x_wconf 91' lang='lat' dir='ltr'>illorum</span> <span class='ocrx_word' id='word_1_301' title='bbox 807 3030 906 3094; x_wconf 90' lang='lat' dir='ltr'>nichil</span> <span class='ocrx_word' id='word_1_302' title='bbox 930 3029 1044 3094; x_wconf 89' lang='lat' dir='ltr'>obesse</span> <span class='ocrx_word' id='word_1_303' title='bbox 1076 3043 1236 3117; x_wconf 90' lang='lat' dir='ltr'>putemus.</span> <span class='ocrx_word' id='word_1_304' title='bbox 1259 3043 1261 3048; x_wconf 87' lang='grc'><strong>’</strong></span> <span class='ocrx_word' id='word_1_305' title='bbox 1285 3030 1368 3096; x_wconf 81' lang='lat' dir='ltr'>Cum</span> <span class='ocrx_word' id='word_1_306' title='bbox 1392 3032 1498 3097; x_wconf 88' lang='lat' dir='ltr'>adhuc</span> <span class='ocrx_word' id='word_1_307' title='bbox 1523 3043 1609 3098; x_wconf 90' lang='lat' dir='ltr'>esset</span> <span class='ocrx_word' id='word_1_308' title='bbox 1631 3032 1732 3097; x_wconf 88' lang='lat' dir='ltr'>Iudas</span> 
     </span>
    </p>

    <p class='ocr_par' dir='ltr' id='par_1_7' title="bbox 32 3135 1735 3651">
     <span class='ocr_line' id='line_1_26' title="bbox 32 3135 1734 3226; baseline 0 -23"><span class='ocrx_word' id='word_1_309' title='bbox 32 3166 60 3204; x_wconf 75' lang='lat' dir='ltr'>ra</span> <span class='ocrx_word' id='word_1_310' title='bbox 79 3137 224 3202; x_wconf 90' lang='lat' dir='ltr'>occultus</span> <span class='ocrx_word' id='word_1_311' title='bbox 248 3138 309 3220; x_wconf 86' lang='lat' dir='ltr'>fur,</span> <span class='ocrx_word' id='word_1_312' title='bbox 340 3137 437 3224; x_wconf 89' lang='lat' dir='ltr'>idque</span> <span class='ocrx_word' id='word_1_313' title='bbox 469 3136 555 3202; x_wconf 92' lang='lat' dir='ltr'>solus</span> <span class='ocrx_word' id='word_1_314' title='bbox 586 3139 684 3201; x_wconf 88' lang='lat' dir='ltr'>sciret</span> <span class='ocrx_word' id='word_1_315' title='bbox 714 3136 794 3201; x_wconf 92' lang='lat' dir='ltr'>deus</span> <span class='ocrx_word' id='word_1_316' title='bbox 819 3135 978 3216; x_wconf 80' lang='lat' dir='ltr'>Christus,</span> <span class='ocrx_word' id='word_1_317' title='bbox 1009 3137 1109 3201; x_wconf 93' lang='lat' dir='ltr'>nichil</span> <span class='ocrx_word' id='word_1_318' title='bbox 1140 3138 1294 3223; x_wconf 88' lang='lat' dir='ltr'>apostolis</span> <span class='ocrx_word' id='word_1_319' title='bbox 1319 3137 1441 3221; x_wconf 88' lang='lat' dir='ltr'>oberat,</span> <span class='ocrx_word' id='word_1_320' title='bbox 1466 3139 1554 3226; x_wconf 92' lang='lat' dir='ltr'>quod</span> <span class='ocrx_word' id='word_1_321' title='bbox 1577 3141 1624 3203; x_wconf 89' lang='lat' dir='ltr'>cis</span> <span class='ocrx_word' id='word_1_322' title='bbox 1649 3162 1734 3204; x_wconf 89' lang='lat' dir='ltr'>com·</span> 
     </span>
     <span class='ocr_line' id='line_1_27' title="bbox 78 3242 1735 3331; baseline 0.002 -23"><span class='ocrx_word' id='word_1_323' title='bbox 78 3246 231 3310; x_wconf 87' lang='lat' dir='ltr'>munione</span> <span class='ocrx_word' id='word_1_324' title='bbox 251 3245 305 3309; x_wconf 88' lang='lat' dir='ltr'>vel</span> <span class='ocrx_word' id='word_1_325' title='bbox 327 3256 487 3331; x_wconf 89' lang='lat' dir='ltr'>potestate</span> <span class='ocrx_word' id='word_1_326' title='bbox 512 3243 690 3330; x_wconf 89' lang='lat' dir='ltr'>apostolica</span> <span class='ocrx_word' id='word_1_327' title='bbox 714 3242 995 3308; x_wconf 88' lang='lat' dir='ltr'>commiscebatur.</span> <span class='ocrx_word' id='word_1_328' title='bbox 1042 3244 1086 3308; x_wconf 83' lang='lat' dir='ltr'>At</span> <span class='ocrx_word' id='word_1_329' title='bbox 1109 3243 1166 3308; x_wconf 94' lang='lat' dir='ltr'>ubi</span> <span class='ocrx_word' id='word_1_330' title='bbox 1190 3244 1364 3309; x_wconf 89' lang='lat' dir='ltr'>deterrima</span> <span class='ocrx_word' id='word_1_331' title='bbox 1389 3246 1458 3309; x_wconf 89' lang='lat' dir='ltr'>eius</span> <span class='ocrx_word' id='word_1_332' title='bbox 1481 3247 1635 3331; x_wconf 88' lang='lat' dir='ltr'>iniquitas</span> <span class='ocrx_word' id='word_1_333' title='bbox 1659 3257 1735 3311; x_wconf 88' lang='lat' dir='ltr'>actu</span> 
     </span>
     <span class='ocr_line' id='line_1_28' title="bbox 78 3351 1732 3438; baseline 0.001 -23"><span class='ocrx_word' id='word_1_334' title='bbox 78 3352 209 3438; x_wconf 91' lang='lat' dir='ltr'>prodiit,</span> <span class='ocrx_word' id='word_1_335' title='bbox 234 3364 269 3417; x_wconf 94' lang='lat' dir='ltr'>ut</span> <span class='ocrx_word' id='word_1_336' title='bbox 293 3375 366 3416; x_wconf 91' lang='lat' dir='ltr'>cum</span> <span class='ocrx_word' id='word_1_337' title='bbox 390 3353 529 3416; x_wconf 89' lang='lat' dir='ltr'>inimicis</span> <span class='ocrx_word' id='word_1_338' title='bbox 550 3351 682 3415; x_wconf 91' lang='lat' dir='ltr'>Domini</span> <span class='ocrx_word' id='word_1_339' title='bbox 709 3362 741 3414; x_wconf 91' lang='lat' dir='ltr'>et</span> <span class='ocrx_word' id='word_1_340' title='bbox 764 3351 910 3436; x_wconf 89' lang='lat' dir='ltr'>magistri</span> <span class='ocrx_word' id='word_1_341' title='bbox 933 3351 984 3414; x_wconf 92' lang='lat' dir='ltr'>sui</span> <span class='ocrx_word' id='word_1_342' title='bbox 1006 3361 1138 3436; x_wconf 90' lang='lat' dir='ltr'>pactum</span> <span class='ocrx_word' id='word_1_343' title='bbox 1161 3351 1256 3415; x_wconf 91' lang='lat' dir='ltr'>iniret</span> <span class='ocrx_word' id='word_1_344' title='bbox 1280 3351 1477 3436; x_wconf 88' lang='lat' dir='ltr'>prodicionis</span> <span class='ocrx_word' id='word_1_345' title='bbox 1502 3365 1533 3416; x_wconf 93' lang='lat' dir='ltr'>et</span> <span class='ocrx_word' id='word_1_346' title='bbox 1556 3352 1732 3434; x_wconf 91' lang='lat' dir='ltr'>homicidii,</span> 
     </span>
     <span class='ocr_line' id='line_1_29' title="bbox 78 3455 1733 3544; baseline -0.001 -21"><span class='ocrx_word' id='word_1_347' title='bbox 78 3458 136 3523; x_wconf 89' lang='lat' dir='ltr'>ubi</span> <span class='ocrx_word' id='word_1_348' title='bbox 160 3459 221 3523; x_wconf 92' lang='lat' dir='ltr'>hoc</span> <span class='ocrx_word' id='word_1_349' title='bbox 244 3458 429 3524; x_wconf 90' lang='lat' dir='ltr'>hominibus</span> <span class='ocrx_word' id='word_1_350' title='bbox 445 3469 555 3523; x_wconf 88' lang='lat' dir='ltr'>notum</span> <span class='ocrx_word' id='word_1_351' title='bbox 575 3458 652 3522; x_wconf 86' lang='lat' dir='ltr'>fecit</span> <span class='ocrx_word' id='word_1_352' title='bbox 675 3457 771 3520; x_wconf 91' lang='lat' dir='ltr'>homo</span> <span class='ocrx_word' id='word_1_353' title='bbox 789 3455 946 3536; x_wconf 85' lang='lat' dir='ltr'>Christus,</span> <span class='ocrx_word' id='word_1_354' title='bbox 970 3456 1118 3543; x_wconf 88' lang='lat' dir='ltr'>nunquid</span> <span class='ocrx_word' id='word_1_355' title='bbox 1134 3458 1252 3521; x_wconf 91' lang='lat' dir='ltr'>rationi</span> <span class='ocrx_word' id='word_1_356' title='bbox 1268 3457 1376 3543; x_wconf 89' lang='lat' dir='ltr'>placet</span> <span class='ocrx_word' id='word_1_357' title='bbox 1391 3460 1460 3522; x_wconf 89' lang='lat' dir='ltr'>sine</span> <span class='ocrx_word' id='word_1_358' title='bbox 1478 3459 1574 3544; x_wconf 90' lang='lat' dir='ltr'>culpa</span> <span class='ocrx_word' id='word_1_359' title='bbox 1590 3460 1733 3544; x_wconf 89' lang='lat' dir='ltr'>potuisse</span> 
     </span>
     <span class='ocr_line' id='line_1_30' title="bbox 78 3563 1733 3651; baseline 0.001 -23"><span class='ocrx_word' id='word_1_360' title='bbox 78 3565 160 3646; x_wconf 89' lang='lat' dir='ltr'>fieri,</span> <span class='ocrx_word' id='word_1_361' title='bbox 184 3576 219 3630; x_wconf 94' lang='lat' dir='ltr'>ut</span> <span class='ocrx_word' id='word_1_362' title='bbox 242 3566 397 3651; x_wconf 88' lang='lat' dir='ltr'>deinceps</span> <span class='ocrx_word' id='word_1_363' title='bbox 421 3565 467 3628; x_wconf 90' lang='lat' dir='ltr'>illi</span> <span class='ocrx_word' id='word_1_364' title='bbox 491 3563 620 3628; x_wconf 90' lang='lat' dir='ltr'>diabolo</span> <span class='ocrx_word' id='word_1_365' title='bbox 644 3563 754 3650; x_wconf 88' lang='lat' dir='ltr'>aliqua</span> <span class='ocrx_word' id='word_1_366' title='bbox 778 3564 1002 3627; x_wconf 89' lang='lat' dir='ltr'>communione</span> <span class='ocrx_word' id='word_1_367' title='bbox 1027 3564 1173 3628; x_wconf 89' lang='lat' dir='ltr'>homines</span> <span class='ocrx_word' id='word_1_368' title='bbox 1197 3563 1310 3628; x_wconf 90' lang='lat' dir='ltr'>fideles</span> <span class='ocrx_word' id='word_1_369' title='bbox 1328 3565 1638 3631; x_wconf 80' lang='lat' dir='ltr'>commiscerentur?</span> <span class='ocrx_word' id='word_1_370' title='bbox 1678 3565 1733 3631; x_wconf 87' lang='lat' dir='ltr'>Sic</span> 
     </span>
    </p>

    <p class='ocr_par' dir='ltr' id='par_1_8' title="bbox 33 3669 1734 4187">
     <span class='ocr_line' id='line_1_31' title="bbox 33 3669 1734 3758; baseline -0.002 -18"><span class='ocrx_word' id='word_1_371' title='bbox 33 3701 59 3740; x_wconf 84' lang='lat' dir='ltr'>ao</span> <span class='ocrx_word' id='word_1_372' title='bbox 79 3673 230 3736; x_wconf 90' lang='lat' dir='ltr'>nimirum</span> <span class='ocrx_word' id='word_1_373' title='bbox 254 3671 400 3758; x_wconf 89' lang='lat' dir='ltr'>quandiu</span> <span class='ocrx_word' id='word_1_374' title='bbox 423 3669 559 3758; x_wconf 90' lang='lat' dir='ltr'>quilibet</span> <span class='ocrx_word' id='word_1_375' title='bbox 582 3670 640 3734; x_wconf 88' lang='lat' dir='ltr'>filii</span> <span class='ocrx_word' id='word_1_376' title='bbox 662 3693 813 3755; x_wconf 89' lang='lat' dir='ltr'>nequam,</span> <span class='ocrx_word' id='word_1_377' title='bbox 839 3669 1040 3756; x_wconf 92' lang='lat' dir='ltr'>quantalibet</span> <span class='ocrx_word' id='word_1_378' title='bbox 1064 3693 1164 3756; x_wconf 91' lang='lat' dir='ltr'>regno</span> <span class='ocrx_word' id='word_1_379' title='bbox 1190 3670 1310 3735; x_wconf 87' lang='lat' dir='ltr'>Christi</span> <span class='ocrx_word' id='word_1_380' title='bbox 1342 3671 1497 3736; x_wconf 88' lang='lat' dir='ltr'>scandala</span> <span class='ocrx_word' id='word_1_381' title='bbox 1526 3671 1657 3755; x_wconf 88' lang='lat' dir='ltr'>faciant,</span> <span class='ocrx_word' id='word_1_382' title='bbox 1687 3674 1734 3737; x_wconf 91' lang='lat' dir='ltr'>ita</span> 
     </span>
     <span class='ocr_line' id='line_1_32' title="bbox 79 3776 1734 3864; baseline 0.001 -22"><span class='ocrx_word' id='word_1_383' title='bbox 79 3789 190 3864; x_wconf 88' lang='lat' dir='ltr'>agunt,</span> <span class='ocrx_word' id='word_1_384' title='bbox 214 3789 250 3842; x_wconf 93' lang='lat' dir='ltr'>ut</span> <span class='ocrx_word' id='word_1_385' title='bbox 272 3789 380 3843; x_wconf 91' lang='lat' dir='ltr'>tamen</span> <span class='ocrx_word' id='word_1_386' title='bbox 404 3777 464 3842; x_wconf 91' lang='lat' dir='ltr'>sub</span> <span class='ocrx_word' id='word_1_387' title='bbox 489 3779 598 3864; x_wconf 86' lang='lat' dir='ltr'>specie</span> <span class='ocrx_word' id='word_1_388' title='bbox 622 3777 701 3841; x_wconf 90' lang='lat' dir='ltr'>boni</span> <span class='ocrx_word' id='word_1_389' title='bbox 731 3799 769 3841; x_wconf 92' lang='lat' dir='ltr'>ao</span> <span class='ocrx_word' id='word_1_390' title='bbox 800 3777 929 3840; x_wconf 90' lang='lat' dir='ltr'>nomine</span> <span class='ocrx_word' id='word_1_391' title='bbox 958 3776 1133 3841; x_wconf 90' lang='lat' dir='ltr'>christiano</span> <span class='ocrx_word' id='word_1_392' title='bbox 1164 3787 1317 3862; x_wconf 89' lang='lat' dir='ltr'>tegantur</span> <span class='ocrx_word' id='word_1_393' title='bbox 1347 3777 1498 3864; x_wconf 91' lang='lat' dir='ltr'>solusque</span> <span class='ocrx_word' id='word_1_394' title='bbox 1529 3778 1641 3864; x_wconf 89' lang='lat' dir='ltr'>quales</span> <span class='ocrx_word' id='word_1_395' title='bbox 1669 3780 1734 3842; x_wconf 91' lang='lat' dir='ltr'>sint</span> 
     </span>
     <span class='ocr_line' id='line_1_33' title="bbox 80 3882 1733 3970; baseline -0.001 -20"><span class='ocrx_word' id='word_1_396' title='bbox 80 3887 206 3950; x_wconf 88' lang='lat' dir='ltr'>noverit</span> <span class='ocrx_word' id='word_1_397' title='bbox 229 3885 331 3967; x_wconf 91' lang='lat' dir='ltr'>Deus,</span> <span class='ocrx_word' id='word_1_398' title='bbox 363 3884 523 3950; x_wconf 90' lang='lat' dir='ltr'>tolerandi</span> <span class='ocrx_word' id='word_1_399' title='bbox 553 3895 636 3947; x_wconf 90' lang='lat' dir='ltr'>sunt.</span> <span class='ocrx_word' id='word_1_400' title='bbox 683 3884 727 3947; x_wconf 84' lang='lat' dir='ltr'>At</span> <span class='ocrx_word' id='word_1_401' title='bbox 757 3882 813 3946; x_wconf 91' lang='lat' dir='ltr'>ubi</span> <span class='ocrx_word' id='word_1_402' title='bbox 844 3883 1016 3947; x_wconf 86' lang='lat' dir='ltr'>manifesto</span> <span class='ocrx_word' id='word_1_403' title='bbox 1047 3885 1212 3948; x_wconf 81' lang='lat' dir='ltr'>convictos</span> <span class='ocrx_word' id='word_1_404' title='bbox 1244 3895 1319 3948; x_wconf 87' lang='lat' dir='ltr'>actu</span> <span class='ocrx_word' id='word_1_405' title='bbox 1346 3887 1508 3950; x_wconf 82' lang='lat' dir='ltr'>notaverit</span> <span class='ocrx_word' id='word_1_406' title='bbox 1531 3908 1569 3950; x_wconf 88' lang='lat' dir='ltr'>eo</span> <span class='ocrx_word' id='word_1_407' title='bbox 1593 3887 1733 3970; x_wconf 90' lang='lat' dir='ltr'>nomine,</span> 
     </span>
     <span class='ocr_line' id='line_1_34' title="bbox 81 3989 1734 4079; baseline 0.001 -23"><span class='ocrx_word' id='word_1_408' title='bbox 81 4015 145 4079; x_wconf 93' lang='lat' dir='ltr'>quo</span> <span class='ocrx_word' id='word_1_409' title='bbox 170 3991 261 4078; x_wconf 86' lang='lat' dir='ltr'>digni</span> <span class='ocrx_word' id='word_1_410' title='bbox 285 4003 368 4074; x_wconf 87' lang='lat' dir='ltr'>sunt,</span> <span class='ocrx_word' id='word_1_411' title='bbox 394 3990 542 4056; x_wconf 83' lang='lat' dir='ltr'>Christus</span> <span class='ocrx_word' id='word_1_412' title='bbox 567 3992 622 4077; x_wconf 91' lang='lat' dir='ltr'>qui</span> <span class='ocrx_word' id='word_1_413' title='bbox 647 3991 680 4054; x_wconf 92' lang='lat' dir='ltr'>in</span> <span class='ocrx_word' id='word_1_414' title='bbox 703 3990 864 4054; x_wconf 90' lang='lat' dir='ltr'>aecclesia</span> <span class='ocrx_word' id='word_1_415' title='bbox 887 3989 1037 4076; x_wconf 87' lang='lat' dir='ltr'>loquitur,</span> <span class='ocrx_word' id='word_1_416' title='bbox 1069 3991 1135 4054; x_wconf 91' lang='lat' dir='ltr'>iam</span> <span class='ocrx_word' id='word_1_417' title='bbox 1164 4013 1225 4054; x_wconf 88' lang='lat' dir='ltr'>nec</span> <span class='ocrx_word' id='word_1_418' title='bbox 1256 3991 1337 4055; x_wconf 89' lang='lat' dir='ltr'>ratio</span> <span class='ocrx_word' id='word_1_419' title='bbox 1367 4013 1428 4056; x_wconf 87' lang='lat' dir='ltr'>nec</span> <span class='ocrx_word' id='word_1_420' title='bbox 1453 3992 1597 4056; x_wconf 84' lang='lat' dir='ltr'>veritatis</span> <span class='ocrx_word' id='word_1_421' title='bbox 1621 3992 1734 4078; x_wconf 87' lang='lat' dir='ltr'>regula</span> 
     </span>
     <span class='ocr_line' id='line_1_35' title="bbox 79 4096 957 4187; baseline -0.005 -23"><span class='ocrx_word' id='word_1_422' title='bbox 79 4102 210 4187; x_wconf 90' lang='lat' dir='ltr'>patitur,</span> <span class='ocrx_word' id='word_1_423' title='bbox 235 4111 269 4164; x_wconf 92' lang='lat' dir='ltr'>ut</span> <span class='ocrx_word' id='word_1_424' title='bbox 294 4123 367 4164; x_wconf 86' lang='lat' dir='ltr'>curn</span> <span class='ocrx_word' id='word_1_425' title='bbox 391 4098 551 4162; x_wconf 90' lang='lat' dir='ltr'>eiusmodi</span> <span class='ocrx_word' id='word_1_426' title='bbox 573 4098 627 4162; x_wconf 91' lang='lat' dir='ltr'>vel</span> <span class='ocrx_word' id='word_1_427' title='bbox 650 4096 760 4162; x_wconf 89' lang='lat' dir='ltr'>cibum</span> <span class='ocrx_word' id='word_1_428' title='bbox 784 4119 957 4160; x_wconf 89' lang='lat' dir='ltr'>sumamus.</span> 
     </span>
    </p>

    <p class='ocr_par' dir='ltr' id='par_1_9' title="bbox 33 4202 1965 4720">
     <span class='ocr_line' id='line_1_36' title="bbox 33 4202 1818 4292; baseline -0.001 -19"><span class='ocrx_word' id='word_1_429' title='bbox 33 4234 61 4273; x_wconf 80' lang='lat' dir='ltr'>aa</span> <span class='ocrx_word' id='word_1_430' title='bbox 188 4206 243 4271; x_wconf 90' lang='lat' dir='ltr'>Sic</span> <span class='ocrx_word' id='word_1_431' title='bbox 267 4205 422 4270; x_wconf 90' lang='lat' dir='ltr'>toleratus</span> <span class='ocrx_word' id='word_1_432' title='bbox 446 4215 495 4270; x_wconf 88' lang='lat' dir='ltr'>est</span> <span class='ocrx_word' id='word_1_433' title='bbox 518 4205 602 4268; x_wconf 90' lang='lat' dir='ltr'>filius</span> <span class='ocrx_word' id='word_1_434' title='bbox 627 4202 764 4268; x_wconf 88' lang='lat' dir='ltr'>ancillae</span> <span class='ocrx_word' id='word_1_435' title='bbox 788 4205 822 4267; x_wconf 89' lang='lat' dir='ltr'>in</span> <span class='ocrx_word' id='word_1_436' title='bbox 845 4203 941 4267; x_wconf 92' lang='lat' dir='ltr'>domo</span> <span class='ocrx_word' id='word_1_437' title='bbox 964 4202 1097 4268; x_wconf 89' lang='lat' dir='ltr'>Abrahe</span> <span class='ocrx_word' id='word_1_438' title='bbox 1121 4226 1186 4268; x_wconf 90' lang='lat' dir='ltr'>una</span> <span class='ocrx_word' id='word_1_439' title='bbox 1210 4227 1283 4268; x_wconf 91' lang='lat' dir='ltr'>cum</span> <span class='ocrx_word' id='word_1_440' title='bbox 1308 4203 1372 4268; x_wconf 90' lang='lat' dir='ltr'>filio</span> <span class='ocrx_word' id='word_1_441' title='bbox 1396 4203 1508 4286; x_wconf 89' lang='lat' dir='ltr'>libere,</span> <span class='ocrx_word' id='word_1_442' title='bbox 1534 4205 1637 4270; x_wconf 87' lang='lat' dir='ltr'>donec</span> <span class='ocrx_word' id='word_1_443' title='bbox 1661 4228 1734 4292; x_wconf 91' lang='lat' dir='ltr'>pro·</span> <span class='ocrx_word' id='word_1_444' title='bbox 1752 4232 1818 4284; x_wconf 77' lang='lat' dir='ltr'>(rar).</span> 
     </span>
     <span class='ocr_line' id='line_1_37' title="bbox 82 4311 1734 4398; baseline -0.001 -20"><span class='ocrx_word' id='word_1_445' title='bbox 82 4314 149 4378; x_wconf 88' lang='lat' dir='ltr'>dita</span> <span class='ocrx_word' id='word_1_446' title='bbox 179 4325 227 4378; x_wconf 88' lang='lat' dir='ltr'>est</span> <span class='ocrx_word' id='word_1_447' title='bbox 257 4314 327 4377; x_wconf 89' lang='lat' dir='ltr'>eius</span> <span class='ocrx_word' id='word_1_448' title='bbox 357 4313 542 4398; x_wconf 89' lang='lat' dir='ltr'>malignitas</span> <span class='ocrx_word' id='word_1_449' title='bbox 574 4311 719 4375; x_wconf 88' lang='lat' dir='ltr'>evidenti</span> <span class='ocrx_word' id='word_1_450' title='bbox 749 4312 990 4397; x_wconf 90' lang='lat' dir='ltr'>persecutione:</span> <span class='ocrx_word' id='word_1_451' title='bbox 1022 4333 1087 4397; x_wconf 90' lang='lat' dir='ltr'>qua</span> <span class='ocrx_word' id='word_1_452' title='bbox 1118 4322 1289 4397; x_wconf 90' lang='lat' dir='ltr'>perspecta</span> <span class='ocrx_word' id='word_1_453' title='bbox 1320 4311 1442 4375; x_wconf 91' lang='lat' dir='ltr'>dictum</span> <span class='ocrx_word' id='word_1_454' title='bbox 1474 4323 1523 4375; x_wconf 90' lang='lat' dir='ltr'>est</span> <span class='ocrx_word' id='word_1_455' title='bbox 1552 4311 1686 4376; x_wconf 84' lang='lat' dir='ltr'>Abrahe</span> <span class='ocrx_word' id='word_1_456' title='bbox 1715 4335 1734 4377; x_wconf 87' lang='lat' dir='ltr'>a</span> 
     </span>
     <span class='ocr_line' id='line_1_38' title="bbox 81 4411 1923 4533; baseline -0.001 -48"><span class='ocrx_word' id='word_1_457' title='bbox 81 4431 183 4485; x_wconf 87' lang='lat' dir='ltr'>matre</span> <span class='ocrx_word' id='word_1_458' title='bbox 207 4418 326 4484; x_wconf 88' lang='lat' dir='ltr'>libera:</span> <span class='ocrx_word' id='word_1_459' title='bbox 351 4420 429 4484; x_wconf 80' lang='lat' dir='ltr'>Eice</span> <span class='ocrx_word' id='word_1_460' title='bbox 453 4421 604 4483; x_wconf 77' lang='lat' dir='ltr'>ancillam</span> <span class='ocrx_word' id='word_1_461' title='bbox 629 4433 656 4483; x_wconf 86' lang='lat' dir='ltr'>et</span> <span class='ocrx_word' id='word_1_462' title='bbox 671 4419 781 4504; x_wconf 77' lang='lat' dir='ltr'>fllium</span> <span class='ocrx_word' id='word_1_463' title='bbox 805 4421 880 4482; x_wconf 80' lang='lat' dir='ltr'>cius.</span> <span class='ocrx_word' id='word_1_464' title='bbox 921 4417 992 4482; x_wconf 85' lang='lat' dir='ltr'>Non</span> <span class='ocrx_word' id='word_1_465' title='bbox 1011 4421 1092 4482; x_wconf 70' lang='lat' dir='ltr'>catria</span> <span class='ocrx_word' id='word_1_466' title='bbox 1116 4419 1203 4482; x_wconf 74' lang='lat' dir='ltr'>teres</span> <span class='ocrx_word' id='word_1_467' title='bbox 1227 4421 1287 4483; x_wconf 77' lang='lat' dir='ltr'>crit</span> <span class='ocrx_word' id='word_1_468' title='bbox 1301 4420 1396 4506; x_wconf 75' lang='lat' dir='ltr'>filius</span> <span class='ocrx_word' id='word_1_469' title='bbox 1419 4421 1557 4484; x_wconf 78' lang='lat' dir='ltr'>ancillae</span> <span class='ocrx_word' id='word_1_470' title='bbox 1571 4445 1649 4484; x_wconf 76' lang='lat' dir='ltr'>curn</span> <span class='ocrx_word' id='word_1_471' title='bbox 1658 4421 1734 4506; x_wconf 80' lang='lat' dir='ltr'>filio</span> <span class='ocrx_word' id='word_1_472' title='bbox 1754 4411 1852 4533; x_wconf 55' lang='grc' dir='ltr'>Ἣ</span> <span class='ocrx_word' id='word_1_473' title='bbox 1861 4411 1923 4520; x_wconf 54' lang='grc' dir='ltr'>1ἕίίο</span> 
     </span>
     <span class='ocr_line' id='line_1_39' title="bbox 81 4522 1965 4612; baseline 0.001 -22"><span class='ocrx_word' id='word_1_474' title='bbox 81 4553 147 4594; x_wconf 78' lang='lat' dir='ltr'>areo</span> <span class='ocrx_word' id='word_1_475' title='bbox 166 4529 275 4592; x_wconf 83' lang='lat' dir='ltr'>Ysaac.</span> <span class='ocrx_word' id='word_1_476' title='bbox 324 4525 367 4591; x_wconf 84' lang='lat' dir='ltr'>Et</span> <span class='ocrx_word' id='word_1_477' title='bbox 390 4525 551 4612; x_wconf 93' lang='lat' dir='ltr'>quomodo</span> <span class='ocrx_word' id='word_1_478' title='bbox 575 4537 652 4590; x_wconf 89' lang='lat' dir='ltr'>tunc</span> <span class='ocrx_word' id='word_1_479' title='bbox 676 4526 703 4588; x_wconf 91' lang='lat' dir='ltr'>is</span> <span class='ocrx_word' id='word_1_480' title='bbox 728 4526 782 4611; x_wconf 91' lang='lat' dir='ltr'>qui</span> <span class='ocrx_word' id='word_1_481' title='bbox 807 4523 985 4588; x_wconf 89' lang='lat' dir='ltr'>secundum</span> <span class='ocrx_word' id='word_1_482' title='bbox 1006 4546 1137 4589; x_wconf 88' lang='lat' dir='ltr'>carnem</span> <span class='ocrx_word' id='word_1_483' title='bbox 1161 4522 1420 4610; x_wconf 89' lang='lat' dir='ltr'>persequebatur</span> <span class='ocrx_word' id='word_1_484' title='bbox 1443 4547 1516 4589; x_wconf 88' lang='lat' dir='ltr'>eum</span> <span class='ocrx_word' id='word_1_485' title='bbox 1540 4526 1596 4611; x_wconf 94' lang='lat' dir='ltr'>qui</span> <span class='ocrx_word' id='word_1_486' title='bbox 1620 4548 1733 4590; x_wconf 90' lang='lat' dir='ltr'>secun·</span> <span class='ocrx_word' id='word_1_487' title='bbox 1753 4540 1838 4592; x_wconf 84' lang='lat' dir='ltr'>tibere</span> <span class='ocrx_word' id='word_1_488' title='bbox 1858 4558 1890 4591; x_wconf 83' lang='lat' dir='ltr'>ae</span> <span class='ocrx_word' id='word_1_489' title='bbox 1908 4539 1965 4592; x_wconf 83' lang='lat' dir='ltr'>fltio</span> 
     </span>
     <span class='ocr_line' id='line_1_40' title="bbox 81 4607 1918 4720; baseline -0.001 -22"><span class='ocrx_word' id='word_1_490' title='bbox 81 4633 158 4698; x_wconf 92' lang='lat' dir='ltr'>dum</span> <span class='ocrx_word' id='word_1_491' title='bbox 182 4635 346 4720; x_wconf 76' lang='lat' dir='ltr'>spiritum3</span> <span class='ocrx_word' id='word_1_492' title='bbox 375 4634 421 4697; x_wconf 87' lang='lat' dir='ltr'>ita</span> <span class='ocrx_word' id='word_1_493' title='bbox 445 4643 477 4697; x_wconf 89' lang='lat' dir='ltr'>et</span> <span class='ocrx_word' id='word_1_494' title='bbox 499 4656 595 4697; x_wconf 89' lang='lat' dir='ltr'>nunc.</span> <span class='ocrx_word' id='word_1_495' title='bbox 642 4631 831 4718; x_wconf 83' lang='lat' dir='ltr'>Apostolica</span> <span class='ocrx_word' id='word_1_496' title='bbox 855 4632 940 4694; x_wconf 84' lang='lat' dir='ltr'>enirn</span> <span class='ocrx_word' id='word_1_497' title='bbox 965 4631 1144 4694; x_wconf 90' lang='lat' dir='ltr'>communis</span> <span class='ocrx_word' id='word_1_498' title='bbox 1168 4632 1255 4694; x_wconf 87' lang='lat' dir='ltr'>vitae</span> <span class='ocrx_word' id='word_1_499' title='bbox 1279 4631 1393 4716; x_wconf 88' lang='lat' dir='ltr'>regula</span> <span class='ocrx_word' id='word_1_500' title='bbox 1415 4653 1475 4717; x_wconf 91' lang='lat' dir='ltr'>per</span> <span class='ocrx_word' id='word_1_501' title='bbox 1499 4631 1734 4717; x_wconf 84' lang='lat' dir='ltr'>euangelistam</span> <span class='ocrx_word' id='word_1_502' title='bbox 1798 4607 1918 4675; x_wconf 73' lang='lat' dir='ltr'>ancilla]</span> 
     </span>
    </p>

    <p class='ocr_par' dir='ltr' id='par_1_10' title="bbox 32 4735 1911 5252">
     <span class='ocr_line' id='line_1_41' title="bbox 32 4735 1734 4826; baseline -0.003 -19"><span class='ocrx_word' id='word_1_503' title='bbox 32 4768 62 4807; x_wconf 72' lang='lat' dir='ltr'>ao</span> <span class='ocrx_word' id='word_1_504' title='bbox 80 4740 205 4805; x_wconf 89' lang='lat' dir='ltr'>Lucam</span> <span class='ocrx_word' id='word_1_505' title='bbox 229 4741 392 4826; x_wconf 89' lang='lat' dir='ltr'>descripta</span> <span class='ocrx_word' id='word_1_506' title='bbox 415 4741 480 4804; x_wconf 89' lang='lat' dir='ltr'>iam</span> <span class='ocrx_word' id='word_1_507' title='bbox 504 4740 577 4804; x_wconf 90' lang='lat' dir='ltr'>Deo</span> <span class='ocrx_word' id='word_1_508' title='bbox 605 4739 726 4824; x_wconf 81' lang='lat' dir='ltr'>gratias</span> <span class='ocrx_word' id='word_1_509' title='bbox 750 4749 823 4824; x_wconf 90' lang='lat' dir='ltr'>post</span> <span class='ocrx_word' id='word_1_510' title='bbox 846 4737 975 4822; x_wconf 89' lang='lat' dir='ltr'>longam</span> <span class='ocrx_word' id='word_1_511' title='bbox 1000 4735 1201 4800; x_wconf 89' lang='lat' dir='ltr'>sterilitatem</span> <span class='ocrx_word' id='word_1_512' title='bbox 1226 4738 1353 4822; x_wconf 89' lang='lat' dir='ltr'>peperit</span> <span class='ocrx_word' id='word_1_513' title='bbox 1377 4737 1513 4802; x_wconf 89' lang='lat' dir='ltr'>electam</span> <span class='ocrx_word' id='word_1_514' title='bbox 1538 4749 1571 4802; x_wconf 90' lang='lat' dir='ltr'>et</span> <span class='ocrx_word' id='word_1_515' title='bbox 1592 4736 1734 4804; x_wconf 88' lang='lat' dir='ltr'>nobilem</span> 
     </span>
     <span class='ocr_line' id='line_1_42' title="bbox 81 4843 1733 4933; baseline -0.002 -21"><span class='ocrx_word' id='word_1_516' title='bbox 81 4847 220 4933; x_wconf 76' lang='lat' dir='ltr'>prolem3</span> <span class='ocrx_word' id='word_1_517' title='bbox 246 4847 366 4912; x_wconf 91' lang='lat' dir='ltr'>clerum</span> <span class='ocrx_word' id='word_1_518' title='bbox 383 4845 537 4912; x_wconf 86' lang='lat' dir='ltr'>videlicet</span> <span class='ocrx_word' id='word_1_519' title='bbox 560 4845 743 4931; x_wconf 87' lang='lat' dir='ltr'>regularem</span> <span class='ocrx_word' id='word_1_520' title='bbox 766 4843 920 4908; x_wconf 91' lang='lat' dir='ltr'>heredem</span> <span class='ocrx_word' id='word_1_521' title='bbox 936 4843 1161 4907; x_wconf 81' lang='lat' dir='ltr'>universorum</span> <span class='ocrx_word' id='word_1_522' title='bbox 1179 4866 1262 4929; x_wconf 90' lang='lat' dir='ltr'>quae</span> <span class='ocrx_word' id='word_1_523' title='bbox 1286 4843 1385 4908; x_wconf 89' lang='lat' dir='ltr'>habet</span> <span class='ocrx_word' id='word_1_524' title='bbox 1407 4845 1569 4908; x_wconf 90' lang='lat' dir='ltr'>aecclesia</span> <span class='ocrx_word' id='word_1_525' title='bbox 1591 4847 1625 4909; x_wconf 90' lang='lat' dir='ltr'>in</span> <span class='ocrx_word' id='word_1_526' title='bbox 1642 4847 1733 4930; x_wconf 89' lang='lat' dir='ltr'>spiri-</span> 
     </span>
     <span class='ocr_line' id='line_1_43' title="bbox 80 4947 1734 5040; baseline -0.001 -22"><span class='ocrx_word' id='word_1_527' title='bbox 80 4953 153 5018; x_wconf 88' lang='lat' dir='ltr'>talis</span> <span class='ocrx_word' id='word_1_528' title='bbox 176 4953 316 5018; x_wconf 87' lang='lat' dir='ltr'>miliciae</span> <span class='ocrx_word' id='word_1_529' title='bbox 341 4953 537 5040; x_wconf 89' lang='lat' dir='ltr'>stipendium</span> <span class='ocrx_word' id='word_1_530' title='bbox 553 4953 627 5016; x_wconf 89' lang='lat' dir='ltr'>Deo</span> <span class='ocrx_word' id='word_1_531' title='bbox 652 4962 685 5015; x_wconf 92' lang='lat' dir='ltr'>et</span> <span class='ocrx_word' id='word_1_532' title='bbox 707 4952 828 5015; x_wconf 88' lang='lat' dir='ltr'>sanctis</span> <span class='ocrx_word' id='word_1_533' title='bbox 853 4952 922 5014; x_wconf 91' lang='lat' dir='ltr'>eius</span> <span class='ocrx_word' id='word_1_534' title='bbox 947 4947 1066 5014; x_wconf 90' lang='lat' dir='ltr'>oblata.</span> <span class='ocrx_word' id='word_1_535' title='bbox 1104 4949 1202 5014; x_wconf 87' lang='lat' dir='ltr'>Hunc</span> <span class='ocrx_word' id='word_1_536' title='bbox 1219 4949 1367 5014; x_wconf 89' lang='lat' dir='ltr'>videntes</span> <span class='ocrx_word' id='word_1_537' title='bbox 1390 4950 1468 5014; x_wconf 90' lang='lat' dir='ltr'>mali</span> <span class='ocrx_word' id='word_1_538' title='bbox 1492 4950 1598 5015; x_wconf 92' lang='lat' dir='ltr'>coloni</span> <span class='ocrx_word' id='word_1_539' title='bbox 1622 4951 1734 5016; x_wconf 90' lang='lat' dir='ltr'>dicunt</span> 
     </span>
     <span class='ocr_line' id='line_1_44' title="bbox 81 5057 1911 5147; baseline 0.002 -23"><span class='ocrx_word' id='word_1_540' title='bbox 81 5060 168 5147; x_wconf 90' lang='lat' dir='ltr'>apud</span> <span class='ocrx_word' id='word_1_541' title='bbox 191 5084 226 5124; x_wconf 90' lang='lat' dir='ltr'>se</span> <span class='ocrx_word' id='word_1_542' title='bbox 249 5084 314 5125; x_wconf 90' lang='lat' dir='ltr'>non</span> <span class='ocrx_word' id='word_1_543' title='bbox 333 5069 425 5124; x_wconf 78' lang='lat' dir='ltr'>&#39;recte</span> <span class='ocrx_word' id='word_1_544' title='bbox 449 5060 647 5144; x_wconf 86' lang='lat' dir='ltr'>cogitantes:</span> <span class='ocrx_word' id='word_1_545' title='bbox 672 5059 738 5123; x_wconf 80' lang='lat' dir='ltr'>Hic</span> <span class='ocrx_word' id='word_1_546' title='bbox 761 5072 805 5122; x_wconf 85' lang='lat' dir='ltr'>est</span> <span class='ocrx_word' id='word_1_547' title='bbox 826 5059 922 5122; x_wconf 79' lang='lat' dir='ltr'>heres.</span> <span class='ocrx_word' id='word_1_548' title='bbox 961 5057 1075 5136; x_wconf 75' lang='lat' dir='ltr'>Vertite,</span> <span class='ocrx_word' id='word_1_549' title='bbox 1100 5057 1280 5121; x_wconf 74' lang='lat' dir='ltr'>occidamus</span> <span class='ocrx_word' id='word_1_550' title='bbox 1303 5083 1371 5120; x_wconf 79' lang='lat' dir='ltr'>erun</span> <span class='ocrx_word' id='word_1_551' title='bbox 1395 5073 1423 5122; x_wconf 86' lang='lat' dir='ltr'>ct</span> <span class='ocrx_word' id='word_1_552' title='bbox 1445 5059 1625 5122; x_wconf 81' lang='lat' dir='ltr'>habebimus</span> <span class='ocrx_word' id='word_1_553' title='bbox 1648 5059 1732 5124; x_wconf 82' lang='lat' dir='ltr'>lere·</span> <span class='ocrx_word' id='word_1_554' title='bbox 1752 5087 1911 5136; x_wconf 67' lang='lat' dir='ltr'>mitanas.</span> 
     </span>
     <span class='ocr_line' id='line_1_45' title="bbox 81 5164 1911 5252; baseline 0.001 -20"><span class='ocrx_word' id='word_1_555' title='bbox 81 5169 209 5234; x_wconf 75' lang='lat' dir='ltr'>ditatam</span> <span class='ocrx_word' id='word_1_556' title='bbox 232 5171 307 5233; x_wconf 79' lang='lat' dir='ltr'>eiua.</span> <span class='ocrx_word' id='word_1_557' title='bbox 355 5168 453 5232; x_wconf 87' lang='lat' dir='ltr'>Item:</span> <span class='ocrx_word' id='word_1_558' title='bbox 485 5168 566 5232; x_wconf 84' lang='lat' dir='ltr'>Ecce</span> <span class='ocrx_word' id='word_1_559' title='bbox 597 5169 768 5231; x_wconf 76' lang='lat' dir='ltr'>somniator</span> <span class='ocrx_word' id='word_1_560' title='bbox 798 5167 857 5250; x_wconf 74' lang='lat' dir='ltr'>qui</span> <span class='ocrx_word' id='word_1_561' title='bbox 883 5178 1010 5228; x_wconf 75' lang='lat' dir='ltr'>accrrsat</span> <span class='ocrx_word' id='word_1_562' title='bbox 1024 5165 1152 5251; x_wconf 83' lang='lat' dir='ltr'>fratres</span> <span class='ocrx_word' id='word_1_563' title='bbox 1179 5164 1268 5250; x_wconf 81' lang='lat' dir='ltr'>opud</span> <span class='ocrx_word' id='word_1_564' title='bbox 1285 5179 1408 5250; x_wconf 82' lang='lat' dir='ltr'>patrem</span> <span class='ocrx_word' id='word_1_565' title='bbox 1433 5168 1565 5230; x_wconf 70' lang='lat' dir='ltr'>critolae</span> <span class='ocrx_word' id='word_1_566' title='bbox 1581 5169 1731 5252; x_wconf 73' lang='lat' dir='ltr'>passiam.</span> <span class='ocrx_word' id='word_1_567' title='bbox 1750 5191 1911 5242; x_wconf 72' lang='lat' dir='ltr'>aenaarasq.</span> 
     </span>
    </p>

    <p class='ocr_par' dir='ltr' id='par_1_11' title="bbox 33 5268 1822 5586">
     <span class='ocr_line' id='line_1_46' title="bbox 33 5268 1822 5358; baseline -0.002 -18"><span class='ocrx_word' id='word_1_568' title='bbox 33 5299 62 5340; x_wconf 77' lang='lat' dir='ltr'>aa</span> <span class='ocrx_word' id='word_1_569' title='bbox 83 5275 209 5340; x_wconf 73' lang='lat' dir='ltr'>&#39;Vende</span> <span class='ocrx_word' id='word_1_570' title='bbox 225 5275 405 5340; x_wconf 75' lang='lat' dir='ltr'>occidamus</span> <span class='ocrx_word' id='word_1_571' title='bbox 421 5299 488 5339; x_wconf 83' lang='lat' dir='ltr'>caru</span> <span class='ocrx_word' id='word_1_572' title='bbox 513 5289 540 5338; x_wconf 86' lang='lat' dir='ltr'>et</span> <span class='ocrx_word' id='word_1_573' title='bbox 557 5274 719 5338; x_wconf 81' lang='lat' dir='ltr'>rt‘deauurs</span> <span class='ocrx_word' id='word_1_574' title='bbox 738 5271 819 5358; x_wconf 71' lang='lat' dir='ltr'>quid</span> <span class='ocrx_word' id='word_1_575' title='bbox 827 5273 956 5358; x_wconf 74' lang='lat' dir='ltr'>prosi-nt</span> <span class='ocrx_word' id='word_1_576' title='bbox 973 5271 1027 5333; x_wconf 76' lang='lat' dir='ltr'>tlh·</span> <span class='ocrx_word' id='word_1_577' title='bbox 1039 5272 1162 5334; x_wconf 73' lang='lat' dir='ltr'>sonoriu-</span> <span class='ocrx_word' id='word_1_578' title='bbox 1178 5295 1246 5350; x_wconf 78' lang='lat' dir='ltr'>erra,</span> <span class='ocrx_word' id='word_1_579' title='bbox 1271 5268 1388 5356; x_wconf 88' lang='lat' dir='ltr'>quibus</span> <span class='ocrx_word' id='word_1_580' title='bbox 1408 5280 1534 5335; x_wconf 88' lang='lat' dir='ltr'>nostros</span> <span class='ocrx_word' id='word_1_581' title='bbox 1550 5271 1732 5357; x_wconf 85' lang='lat' dir='ltr'>manipulos</span> <span class='ocrx_word' id='word_1_582' title='bbox 1751 5297 1822 5339; x_wconf 71' lang='lat' dir='ltr'>*asu</span> 
     </span>
     <span class='ocr_line' id='line_1_47' title="bbox 81 5374 1733 5468; baseline -0.002 -24"><span class='ocrx_word' id='word_1_583' title='bbox 81 5381 244 5468; x_wconf 88' lang='lat' dir='ltr'>manipulo</span> <span class='ocrx_word' id='word_1_584' title='bbox 261 5404 318 5446; x_wconf 90' lang='lat' dir='ltr'>suo</span> <span class='ocrx_word' id='word_1_585' title='bbox 334 5379 575 5467; x_wconf 90' lang='lat' dir='ltr'>posthabendos</span> <span class='ocrx_word' id='word_1_586' title='bbox 592 5378 755 5465; x_wconf 70' lang='lat' dir='ltr'>predicat,</span> <span class='ocrx_word' id='word_1_587' title='bbox 777 5401 850 5442; x_wconf 88' lang='lat' dir='ltr'>cum</span> <span class='ocrx_word' id='word_1_588' title='bbox 870 5375 982 5440; x_wconf 90' lang='lat' dir='ltr'>divina</span> <span class='ocrx_word' id='word_1_589' title='bbox 998 5375 1106 5439; x_wconf 89' lang='lat' dir='ltr'>officia</span> <span class='ocrx_word' id='word_1_590' title='bbox 1123 5374 1163 5439; x_wconf 94' lang='lat' dir='ltr'>ob</span> <span class='ocrx_word' id='word_1_591' title='bbox 1181 5377 1318 5440; x_wconf 87' lang='lat' dir='ltr'>crimina</span> <span class='ocrx_word' id='word_1_592' title='bbox 1335 5379 1476 5464; x_wconf 88' lang='lat' dir='ltr'>pessima</span> <span class='ocrx_word' id='word_1_593' title='bbox 1494 5380 1660 5464; x_wconf 79' lang='lat' dir='ltr'>symoniae</span> <span class='ocrx_word' id='word_1_594' title='bbox 1679 5378 1733 5442; x_wconf 89' lang='lat' dir='ltr'>vel</span> 
     </span>
     <span class='ocr_line' id='line_1_48' title="bbox 81 5481 1733 5586; baseline -0.001 -36"><span class='ocrx_word' id='word_1_595' title='bbox 81 5498 192 5574; x_wconf 83' lang='lat' dir='ltr'>aperte</span> <span class='ocrx_word' id='word_1_596' title='bbox 216 5488 373 5570; x_wconf 88' lang='lat' dir='ltr'>mechiae,</span> <span class='ocrx_word' id='word_1_597' title='bbox 396 5497 431 5551; x_wconf 91' lang='lat' dir='ltr'>ut</span> <span class='ocrx_word' id='word_1_598' title='bbox 455 5489 579 5586; x_wconf 70' lang='lat' dir='ltr'>asserit,</span> <span class='ocrx_word' id='word_1_599' title='bbox 604 5485 697 5550; x_wconf 89' lang='lat' dir='ltr'>nobis</span> <span class='ocrx_word' id='word_1_600' title='bbox 722 5484 894 5549; x_wconf 87' lang='lat' dir='ltr'>interdicta</span> <span class='ocrx_word' id='word_1_601' title='bbox 917 5481 1088 5568; x_wconf 90' lang='lat' dir='ltr'>vilipendit</span> <span class='ocrx_word' id='word_1_602' title='bbox 1119 5505 1277 5569; x_wconf 90' lang='lat' dir='ltr'>suumque</span> <span class='ocrx_word' id='word_1_603' title='bbox 1308 5505 1347 5548; x_wconf 88' lang='lat' dir='ltr'>ac</span> <span class='ocrx_word' id='word_1_604' title='bbox 1376 5481 1438 5547; x_wconf 90' lang='lat' dir='ltr'>sibi</span> <span class='ocrx_word' id='word_1_605' title='bbox 1462 5484 1625 5566; x_wconf 91' lang='lat' dir='ltr'>similium,</span> <span class='ocrx_word' id='word_1_606' title='bbox 1650 5485 1733 5548; x_wconf 90' lang='lat' dir='ltr'>sicut</span> 
     </span>
    </p>
   </div>
   <div class='ocr_carea' id='block_1_3' title="bbox 79 5665 1733 5820">
    <p class='ocr_par' dir='ltr' id='par_1_12' title="bbox 79 5665 1733 5820">
     <span class='ocr_line' id='line_1_49' title="bbox 187 5665 1733 5734; baseline -0.002 -13"><span class='ocrx_word' id='word_1_607' title='bbox 187 5669 213 5734; x_wconf 89' lang='lat' dir='ltr'>a)</span> <span class='ocrx_word' id='word_1_608' title='bbox 241 5671 319 5722; x_wconf 83' lang='lat' dir='ltr'>simul</span> <span class='ocrx_word' id='word_1_609' title='bbox 339 5687 400 5721; x_wconf 89' lang='lat' dir='ltr'>cum</span> <span class='ocrx_word' id='word_1_610' title='bbox 419 5671 458 5722; x_wconf 84' lang='lat' dir='ltr'>eis</span> <span class='ocrx_word' id='word_1_611' title='bbox 478 5669 510 5721; x_wconf 93' lang='lat' dir='ltr'>B.</span> <span class='ocrx_word' id='word_1_612' title='bbox 602 5665 629 5730; x_wconf 89' lang='lat' dir='ltr'>b)</span> <span class='ocrx_word' id='word_1_613' title='bbox 660 5675 722 5719; x_wconf 89' lang='lat' dir='ltr'>ante</span> <span class='ocrx_word' id='word_1_614' title='bbox 742 5685 856 5718; x_wconf 86' lang='lat' dir='ltr'>messem</span> <span class='ocrx_word' id='word_1_615' title='bbox 875 5665 926 5718; x_wconf 80' lang='lat' dir='ltr'>dea.</span> <span class='ocrx_word' id='word_1_616' title='bbox 946 5665 985 5728; x_wconf 77' lang='grc' dir='ltr'>Α;</span> <span class='ocrx_word' id='word_1_617' title='bbox 1014 5666 1104 5732; x_wconf 63' lang='lat' dir='ltr'>legitur</span> <span class='ocrx_word' id='word_1_618' title='bbox 1122 5666 1265 5717; x_wconf 78' lang='lat' dir='ltr'>etiamnunc</span> <span class='ocrx_word' id='word_1_619' title='bbox 1285 5671 1327 5727; x_wconf 73' lang='lat' dir='ltr'>an,</span> <span class='ocrx_word' id='word_1_620' title='bbox 1353 5668 1395 5718; x_wconf 82' lang='lat' dir='ltr'>sed</span> <span class='ocrx_word' id='word_1_621' title='bbox 1413 5669 1461 5720; x_wconf 78' lang='lat' dir='ltr'>dcl.</span> <span class='ocrx_word' id='word_1_622' title='bbox 1481 5669 1521 5730; x_wconf 73' lang='grc' dir='ltr'>Ας</span> <span class='ocrx_word' id='word_1_623' title='bbox 1550 5677 1635 5720; x_wconf 78' lang='lat' dir='ltr'>messa</span> <span class='ocrx_word' id='word_1_624' title='bbox 1658 5685 1733 5734; x_wconf 79' lang='lat' dir='ltr'>super</span> 
     </span>
     <span class='ocr_line' id='line_1_50' title="bbox 79 5757 416 5820; baseline -0.009 -8"><span class='ocrx_word' id='word_1_625' title='bbox 79 5761 125 5812; x_wconf 82' lang='lat' dir='ltr'>lia.</span> <span class='ocrx_word' id='word_1_626' title='bbox 144 5760 178 5812; x_wconf 90' lang='lat' dir='ltr'>B.</span> <span class='ocrx_word' id='word_1_627' title='bbox 251 5757 277 5820; x_wconf 83' lang='lat' dir='ltr'>c)</span> <span class='ocrx_word' id='word_1_628' title='bbox 298 5761 364 5810; x_wconf 74' lang='lat' dir='ltr'>deest</span> <span class='ocrx_word' id='word_1_629' title='bbox 382 5760 416 5810; x_wconf 77' lang='lat' dir='ltr'>A.</span> 
     </span>
    </p>
   </div>
   <div class='ocr_carea' id='block_1_4' title="bbox 152 5865 1517 5918">
    <p class='ocr_par' dir='ltr' id='par_1_13' title="bbox 152 5865 1517 5918">
     <span class='ocr_line' id='line_1_51' title="bbox 152 5865 1517 5918; baseline -0.002 -1"><span class='ocrx_word' id='word_1_630' title='bbox 152 5866 254 5918; x_wconf 87' lang='lat' dir='ltr'>Libelli</span> <span class='ocrx_word' id='word_1_631' title='bbox 274 5866 307 5918; x_wconf 89' lang='lat' dir='ltr'>de</span> <span class='ocrx_word' id='word_1_632' title='bbox 328 5865 384 5917; x_wconf 89' lang='lat' dir='ltr'>lite.</span> <span class='ocrx_word' id='word_1_633' title='bbox 416 5867 470 5916; x_wconf 90' lang='lat'>111.</span> <span class='ocrx_word' id='word_1_634' title='bbox 1485 5865 1517 5915; x_wconf 80' lang='lat'>62</span> 
     </span>
    </p>
   </div>
   <div class='ocr_carea' id='block_1_5' title="bbox 0 0 2202 6389">
    <p class='ocr_par' dir='ltr' id='par_1_14' title="bbox 0 0 2202 6389">
     <span class='ocr_line' id='line_1_52' title="bbox 0 0 2202 6389; baseline 0 0"><span class='ocrx_word' id='word_1_635' title='bbox 0 0 2202 6389; x_wconf 95' lang='lat' dir='ltr'> </span> 
     </span>
    </p>
   </div>
  </div>
 </body>
</html>
