4386 6390
553 401 605 458 DE
629 402 720 458 FINE
745 400 974 458 SCHISMATIS
997 400 1246 460 VATICINIUM.
1669 397 1733 461 563

76 603 251 652 sanctorum
278 586 489 676 (μὶ-19)1
513 602 542 654 et
563 591 694 674 epitome
717 589 856 654 eiusdem
883 604 1032 654 tractatus
1057 591 1099 678 (f.
1120 593 1283 676 19-21‘)
1308 617 1328 656 a
1352 593 1488 657 librario
1511 592 1614 658 medio
1639 595 1733 660 later-

77 695 167 760 culo²
197 697 415 780 episcoporum
445 710 474 760 et
496 695 759 781 patriarcharum
790 697 1162 784 Hierosolymitanorum,
1194 723 1254 784 quo
1283 698 1439 763 Fretellus
1470 700 1612 763 libellum
1641 725 1731 764 saum

77 803 237 881 conclusit,
260 801 316 864 cub
340 803 546 887 inscriptione
569 801 646 864 item
662 800 704 864 de
720 800 835 865 eodem
851 803 954 867 tercia
974 802 1079 868 edicio
1096 803 1379 868 lherosolimitsna
1402 809 1530 886 inserta,
1555 820 1618 870 tam
1626 831 1732 894 prope

76 907 122 972 od
142 907 229 972 illud
249 907 403 972 Iohannis
426 909 609 994 opusculum
633 909 793 989 accedunt,
817 923 850 973 ut
872 926 927 974 aut
941 909 1112 974 Iohannem
1137 912 1206 976 illis
1229 926 1284 976 ara
1305 913 1437 976 illarum
1461 927 1615 978 auctorem
1632 913 1731 978 Bere-

48 1015 193 1079 slatione
215 1039 288 1079 usos
310 1039 375 1079 esse
390 1029 532 1100 putares.
581 1015 717 1080 Frstelli
744 1019 826 1080 enirn
857 1017 938 1081 liber
968 1020 1002 1080 in
1025 1041 1093 1103 cap.
1115 1020 1141 1080 1.
1168 1019 1197 1081 2.
1224 1021 1334 1081 4-6.
1359 1018 1574 1083 Revelationis
1603 1022 1731 1106 inteqer,

77 1123 111 1184 in
134 1144 203 1207 cap.
229 1123 258 1184 3.
279 1122 380 1185 7-0.
402 1123 451 1184 12.
483 1146 597 1208 maqna
628 1137 777 1208 exparte
799 1125 961 1209 repetitur,
992 1125 1037 1188 ita
1068 1139 1101 1187 ut
1116 1127 1327 1210 paucissimis
1357 1127 1483 1190 omissis
1512 1128 1629 1214 inteqer
1656 1127 1731 1192 inde

77 1229 202 1292 restitui
221 1230 336 1313 possit.
390 1227 492 1307 Unde,
523 1253 590 1292 cura
623 1228 780 1294 Fretellus
809 1255 840 1293 a.
863 1231 941 1316 fere
967 1231 1063 1310 1140,
1094 1230 1250 1295 Iohannes
1280 1257 1308 1294 a.
1334 1232 1413 1318 fere
1438 1233 1533 1294 1170.
1564 1235 1731 1319 scripsisse

77 1333 213 1414 dicatur,
230 1332 402 1398 Fretellum
425 1335 540 1420 ipsum,
564 1337 694 1398 minime
717 1325 945 1421 compendium,
970 1361 1030 1422 quo
1046 1337 1086 1400 A.
1105 1337 1295 1401 Νεανηανινι3
1318 1338 1408 1401 illum
1434 1362 1523 1402 usum
1547 1361 1611 1402 esse
1620 1341 1730 1426 fluuit,

77 1465 97 1504 a
112 1439 252 1504 Iohanne
276 1443 430 1526 inteqrnm
439 1441 517 1528 fere
540 1444 791 1526 transscriptum,
817 1445 850 1506 in
865 1444 1032 1530 archetypo
1056 1458 1156 1508 autem
1180 1446 1395 1508 recensionem
1411 1444 1441 1506 A
1461 1458 1490 1508 et
1508 1443 1536 1508 C
1557 1447 1730 1526 oraculum,

39 1547 115 1610 nde
139 1571 199 1631 quo
222 1549 338 1633 aqitar,
362 1549 428 1611 iam
451 1561 513 1611 tam
537 1561 604 1611 arte
628 1573 695 1611 cnm
722 1548 858 1612 Fretelli
879 1564 1012 1614 tractatu
1035 1553 1231 1613 coniunctum
1255 1575 1319 1614 esse
1342 1552 1467 1638 eolliqo,
1491 1565 1524 1614 ut
1546 1577 1567 1614 a
1590 1550 1731 1617 Iohanne

77 1677 146 1716 crem
170 1653 342 1717 Fretellum
372 1655 566 1732 exscriberet,
596 1643 652 1717 aut
680 1669 759 1718 certe
782 1680 801 1718 a
827 1656 973 1736 librario,
997 1659 1086 1720 cuias
1110 1657 1271 1742 eremplar
1294 1655 1450 1722 Iohannes
1480 1657 1636 1738 adhibuit,
1667 1683 1730 1722 una

77 1784 145 1823 cum
169 1773 302 1823 tractatu
325 1761 608 1824 transscriberetur.
652 1759 762 1845 Neque
786 1785 857 1826 uero
881 1786 918 1826 ea
942 1762 980 1826 a'e
1003 1787 1037 1827 re
1060 1787 1186 1827 carmen
1210 1765 1242 1826 in
1268 1765 1340 1848 ipsa
1363 1763 1547 1828 Palaestina
1572 1764 1729 1829 conditum

76 1890 139 1930 esse
156 1868 349 1951 putaverim,
373 1865 455 1929 unde
477 1867 565 1930 nullo
588 1871 809 1931 commentario
839 1883 961 1932 auctum
994 1869 1081 1955 lonqe
1112 1870 1233 1954 lateque
1264 1869 1431 1956 diuulqari
1448 1893 1544 1956 posse
1575 1895 1663 1935 nemo
1687 1885 1731 1934 est

76 1974 135 2056 qui
154 1986 258 2058 neqet5
281 1974 316 2036 in
338 1974 515 2036 recensione
532 1973 563 2034 B
586 1975 679 2054 enini,
705 1997 798 2058 quarn
823 1999 892 2038 cum
915 1974 946 2037 A
970 1989 998 2038 et
1017 1973 1044 2038 C
1064 2000 1126 2039 non
1149 1975 1313 2040 cohaerere
1336 1978 1464 2062 saepius
1488 1977 1639 2057 donimus,
1664 1979 1730 2043 iam

35 2103 58 2140 ιε
76 2079 114 2143 de
137 2078 302 2142 schismate
325 2080 524 2164 intelleqitur.
572 2080 675 2164 Atqui
696 2080 728 2141 B
751 2079 825 2144 etl)
854 2083 887 2144 in
912 2081 1073 2145 codicibus
1103 2106 1164 2145 nors
1195 2083 1239 2145 ita
1270 2083 1365 2146 multo
1381 2097 1609 2168 postestatem
1632 2083 1679 2146 Al
1718 2121 1729 2132 ·

75 2185 177 2249 andri
196 2184 264 2248 III.
289 2186 451 2273 confectis,
478 2187 576 2250 altero
600 2185 847 2271 Solisburqensi,
872 2201 983 2251 entant.
1030 2187 1118 2273 Erqo
1149 2190 1205 2251 uin
1227 2190 1409 2252 temeritatis
1438 2212 1494 2252 nos
1517 2191 1615 2276 arqui
1637 2213 1731 2276 posse

71 2305 149 2377 puto
180 2294 214 2355 in
244 2290 484 2379 Salisburqensi
503 2295 677 2379 provincio
708 2294 868 2357 oraculum
899 2293 1064 2358 schismate
1095 2295 1299 2358 invalescente
1329 2320 1359 2359 a.
1383 2295 1461 2382 fere
1492 2297 1727 2359 1160-1163.

76 2400 279 2485 compositam
303 2423 367 2462 esse
389 2402 583 2486 suspicantes
592 2403 614 2480 4,
646 2401 704 2464 ubi
721 2414 829 2486 postea
853 2402 892 2464 ab
916 2414 1040 2464 auctore
1065 2403 1255 2464 recensionis
1278 2401 1310 2463 B
1334 2415 1415 2481 ncnc,
1439 2426 1509 2465 cum
1532 2404 1680 2468 ecclesiae
1703 2417 1731 2468 et

75 2505 221 2570 abbatiae
243 2507 283 2570 ab
299 2505 484 2570 Alexandro
507 2521 622 2570 stantes
645 2508 684 2570 ab
708 2509 897 2593 imperatore
920 2509 1048 2591 eiusque
1070 2508 1273 2571 sectatoribus
1296 2509 1554 2593 opprimebantur
1577 2523 1605 2573 et
1626 2523 1729 2574 vasta-

32 2635 58 2673 so
76 2613 200 2692 bantur,
224 2614 245 2676 i.
264 2636 288 2676 e.
306 2637 335 2676 a.
345 2614 424 2699 fere
442 2615 525 2676 1167
538 2617 559 2692 ⁵,
584 2615 674 2677 brevi
687 2615 907 2678 commentario
924 2627 1098 2699 eriperetur.
1138 2612 1224 2690 Quae
1247 2616 1279 2677 si
1300 2629 1379 2678 reate
1395 2617 1593 2695 coniecimus,
1618 2617 1733 2701 quaeri

70 2732 183 2804 potest,
207 2732 308 2782 utrum
334 2721 500 2806 inscriptio
525 2721 665 2783 carmini
685 2721 717 2782 in
744 2719 771 2782 C
794 2719 908 2798 indita,
932 2721 971 2783 ab
996 2722 1065 2804 ipso
1083 2735 1178 2805 poeta
1202 2745 1243 2784 an
1267 2746 1287 2783 a
1312 2721 1448 2784 librario
1468 2719 1496 2784 C
1517 2721 1650 2802 demum,
1674 2724 1734 2807 qui

76 2839 170 2888 totum
200 2825 281 2888 hurso
311 2825 510 2890 diversarum
538 2825 568 2887 T
566 2849 655 2890 errae
680 2824 813 2890 Sanctae
844 2825 1088 2911 descriptionum
1121 2839 1274 2890 centonem
1305 2829 1338 2890 in
1367 2826 1473 2891 codice
1497 2827 1627 2891 Vindob.
1654 2829 1728 2892 609.

77 3107 78 3110 “
187 3079 216 3149 1)
242 3080 288 3137 De
311 3081 404 3138 codice
426 3089 522 3138 nostro
540 3079 566 3139 0
579 3081 678 3152 fusius
701 3082 755 3158 eqit
784 3080 891 3152 Tables,
915 3081 1100 3138 Theodericus
1118 3103 1151 3157 p.
1172 3081 1244 3137 152.
1355 3081 1385 3144 2)
1412 3080 1460 3153 Of.
1488 3082 1605 3140 Fretelli
1626 3083 1731 3140 libellus

78 3182 133 3262 (ed.
160 3187 268 3257 Mansi,
294 3187 393 3264 Miqne
416 3196 435 3244 t.
455 3187 527 3258 155,
553 3190 602 3244 cot.
623 3183 854 3263 1037-1054)
879 3189 930 3244 col.
950 3187 1030 3243 1051
1051 3208 1111 3263 sqq.
1131 3218 1175 3226 -
1199 3187 1234 3244 In
1252 3181 1453 3258 s.18¹-19.
1478 3189 1565 3245 series
1589 3189 1730 3265 episcopo·

32 3309 58 3348 m
77 3313 139 3350 rum
164 3293 482 3366 lherosolqmitanorum
506 3315 592 3371 nsque
622 3297 663 3351 ad
686 3293 820 3369 Cyrillum
845 3290 880 3368 ζ)
897 3315 925 3350 a.
944 3289 1021 3370 366)
1055 3303 1140 3350 estat.
1187 3295 1223 3350 In
1240 3295 1271 3365 f.
1293 3293 1443 3349 19—21.
1467 3295 1592 3369 sequitur
1616 3295 1731 3370 epitome

77 3420 168 3475 supra
198 3401 325 3456 laudata.
372 3400 475 3458 Postea
498 3395 716 3476 (ml—217
747 3401 833 3458 series
851 3400 1089 3475 patriarcharum
1114 3400 1433 3474 Hierosolpmitanorum
1465 3401 1555 3482 inultis
1581 3401 1689 3458 annuisses
1712 3423 1730 3458 a

79 3507 227 3564 Zacharia
252 3501 287 3580 (†
303 3527 332 3563 a.
351 3502 427 3583 631)
451 3509 601 3582 usquead
623 3507 776 3563 Simeonem
802 3501 1232 3586 (Euthpraium?†a.1099?
1257 3507 1297 3577 cf.
1325 3507 1463 3563 Frctellus
1486 3508 1504 3563 l.
1522 3509 1539 3562 l.
1566 3509 1616 3562 col.
1632 3503 1729 3582 1054)

78 3613 185 3670 inserta
210 3621 256 3669 est.
292 3612 405 3669 Deinde
427 3613 518 3670 meeis
541 3613 686 3670 adnotatio
711 3614 745 3669 de
770 3612 910 3669 Fulchero
927 3611 1103 3688 patriarcha
1126 3613 1226 3669 addita
1250 3621 1298 3681 est,
1323 3633 1377 3687 quo
1395 3613 1627 3687 patriarchatum
1649 3614 1730 3670 susti-

78 3728 160 3776 nente
184 3721 306 3776 Ascalon
330 3728 494 3796 eapuqnata
517 3719 552 3776 sit
582 3714 622 3792 (a.
643 3714 749 3793 1153).
797 3719 927 3794 Denique
950 3718 1061 3775 minimo
1084 3718 1177 3794 spatio
1200 3719 1296 3775 relicto
1319 3737 1408 3794 neque
1431 3720 1489 3775 ulla
1513 3719 1605 3775 littera
1629 3719 1732 3776 initiali

33 3841 60 3881 to
79 3828 122 3882 vel
142 3825 241 3895 rubra,
265 3834 296 3882 ut
317 3826 402 3882 raonis
425 3834 472 3894 est,
499 3825 596 3902 posita
625 3825 655 3882 in
679 3826 775 3882 eadem
799 3825 875 3881 linea
898 3825 1032 3882 librarius
1055 3825 1171 3882 libellum
1203 3824 1251 3900 qai
1273 3823 1375 3881 eliciam
1397 3825 1593 3882 Innominatus
1615 3825 1656 3882 ΙΙ.
1682 3845 1730 3883 en-

78 3931 200 3989 scribere
223 3931 319 4007 eoepit.
436 3931 465 4002 3)
491 3931 626 3988 ‘Oestcrn
646 3931 893 4005 Vierteljahrschr.
913 3932 972 4002 fitr
994 3931 1072 3988 tart.
1097 3932 1202 3990 Theol!
1226 3931 1291 3998 VII,
1312 3952 1344 4006 p.
1364 3929 1561 3987 396-404.
1611 3930 1677 3996 Qua
1701 3932 1730 3988 in

80 4039 307 4096 cornnsmtatione
329 4039 494 4108 Iohannem,
520 4038 728 4095 Innominatum.
747 4037 794 4094 VI.
820 4033 875 4112 (ed.
901 4038 1051 4094 Neuroann
1076 4040 1094 4094 l.
1112 4040 1129 4094 l.
1150 4059 1182 4114 p.
1202 4031 1415 4114 tot-438),
1441 4038 1615 4112 Anonpmum
1639 4038 1735 4115 Voqul

79 4141 134 4221 (ed.
155 4145 256 4222 Voqui,
278 4145 346 4202 ‘Les
369 4141 466 4223 e'qlises
490 4147 523 4202 de
546 4147 576 4201 la
599 4145 686 4200 Terre
702 4143 814 4201 Saintc’
834 4139 1481 4220 p.412—433),1PhiliqqmmBrasserium
1506 4140 1561 4219 (ed.
1579 4146 1730 4202 Neumann

79 4254 98 4308 l.
115 4254 133 4308 l.
158 4252 212 4322 XI,
235 4272 268 4327 p.
294 4247 504 4328 390-406),
530 4249 697 4308 Ordoricum
722 4252 756 4306 de
781 4251 858 4308 Foro
882 4250 948 4307 Iulii
977 4245 1032 4325 (ed.
1060 4251 1217 4320 Laurent.;
1248 4251 1288 4321 es.
1313 4250 1453 4307 llb‘hricht
1481 4253 1499 4307 l.
1520 4253 1537 4307 l.
1563 4272 1596 4326 p.
1616 4251 1655 4308 69
1673 4246 1729 4328 sq.)

34 4373 60 4413 st
79 4361 172 4416 eodem
197 4367 287 4416 vetere
311 4358 472 4434 compendio
488 4378 516 4415 a.
527 4358 599 4430 fere
618 4357 711 4413 1140.
729 4357 877 4432 eoorposito
892 4377 957 4414 usos
972 4376 1030 4414 esse
1054 4357 1202 4427 contendit,
1227 4357 1304 4432 quod
1312 4356 1424 4431 primus
1442 4357 1580 4414 Fretellus
1590 4357 1730 4433 paucissi-

78 4465 130 4521 mis
153 4465 264 4521 mntatis
287 4465 460 4522 adverbum
484 4464 730 4539 trarmsempsissct.
767 4465 805 4520 At
827 4483 877 4520 cur
900 4466 956 4520 talc
972 4463 1161 4538 compendium
1179 4464 1326 4541 stupemus
1350 4463 1450 4520 eisdem
1467 4464 1537 4535 sere
1553 4464 1729 4538 temporibus,

20 4573 22 4577 ⁴
78 4571 175 4646 quibua
200 4571 318 4629 Fretelli
339 4573 509 4648 opusarlum,
535 4571 672 4628 conditum
698 4572 867 4646 eundemque
884 4570 955 4640 fere
978 4578 1081 4626 tentum
1105 4569 1257 4640 corstinens,
1284 4589 1342 4625 mern
1369 4570 1520 4626 Fretellum
1544 4570 1621 4627 breui
1649 4572 1731 4646 lonqe
1781 4561 1788 4574 ’

79 4680 189 4753 lateque
204 4678 376 4754 dioulqatum
399 4697 457 4735 esse
475 4677 624 4753 permultis
640 4676 777 4733 codicibus
800 4675 829 4732 in
852 4675 977 4732 ornnibrrs
994 4675 1127 4750 partibus
1146 4675 1283 4750 Europae
1305 4675 1486 4732 occidentalis
1510 4677 1646 4747 confectis
1661 4676 1730 4732 satis

27 4785 29 4790 '
77 4803 218 4860 superque
228 4784 388 4860 probetur!
409 4779 463 4859 (es.
480 4782 621 4841 Riihrieht
635 4785 652 4840 l.
670 4785 688 4840 l.
700 4803 733 4859 p.
753 4777 918 4856 33-35).
955 4781 1070 4839 Accedit
1092 4782 1169 4857 quod
1182 4781 1321 4857 quidquid
1341 4781 1369 4836 in
1389 4781 1506 4838 Fretelli
1528 4781 1597 4839 libro
1620 4781 1729 4859 leqitur,

31 4907 60 4946 io
73 4890 178 4966 paucis
200 4889 308 4948 omissis
329 4893 375 4948 vel
395 4891 508 4947 niutatu
531 4890 560 4946 in
583 4890 766 4946 Revelatione
789 4889 926 4945 Iohannis
949 4887 1122 4945 adverbum
1146 4887 1292 4963 repetitum
1317 4895 1364 4944 est.
1414 4885 1551 4958 Ceterum,
1575 4890 1729 4958 oraculum,

71 4997 155 5072 quod
175 4997 210 5053 in.
229 4997 322 5054 codice
340 4995 366 5055 O
387 4997 539 5053 Fretellum
561 4995 696 5072 sequitur,
720 4996 750 5052 in
774 4994 907 5052 codiceA
931 4994 1086 5051 Iohannem
1109 4993 1237 5069 subsequi
1260 5001 1375 5050 constat.
1413 4992 1496 5057 erae
1519 5013 1577 5049 cum
1602 4993 1642 5050 ita
1664 4994 1728 5062 sint,

78 5103 145 5179 quin
169 5103 312 5160 Iohannes
336 5104 488 5160 Fretcllum
515 5103 605 5178 ipsum
628 5101 796 5172 adhibuerit,
826 5120 884 5157 non
908 5098 1008 5156 dubito.
1056 5100 1090 5157 si
1111 5108 1202 5156 autern
1226 5099 1368 5156 Iohannes
1392 5119 1422 5157 eo
1445 5119 1511 5156 usus
1534 5108 1582 5168 est,
1606 5099 1729 5157 Innonti-

78 5219 174 5266 natum
198 5210 246 5266 VI.
271 5229 387 5285 quoque,
419 5209 468 5285 qui
496 5229 553 5266 non
583 5209 696 5266 multum
726 5207 762 5264 ab
786 5225 816 5264 eo
840 5206 946 5279 differt,
978 5225 1009 5262 eo
1038 5225 1116 5263 usum
1148 5224 1206 5262 esse
1231 5205 1379 5263 verisimile
1402 5214 1449 5262 est.
1499 5204 1583 5263 Ouius
1612 5206 1729 5262 libellum

74 5324 176 5391 postea
191 5317 355 5390 Anonpmus
368 5315 465 5391 Voque'
483 5315 642 5372 adhibuisse
665 5322 692 5372 et
714 5312 896 5388 exscrr‘qssisse
918 5312 1037 5368 ridetur.
1074 5310 1157 5375 Quae
1179 5311 1254 5368 ratio
1269 5311 1343 5368 inter
1359 5311 1510 5369 Fretellum
1528 5322 1553 5368 et
1568 5313 1729 5388 Philippum

30 5438 59 5477 so
78 5430 104 5478 et
128 5420 297 5479 Ordoricum
320 5421 484 5491 intercedat,
516 5421 567 5478 hoc
590 5423 650 5478 loco
672 5421 816 5477 illustrare
839 5420 950 5495 lonqum
976 5426 1023 5474 est.
1066 5419 1167 5476 Verum
1191 5438 1248 5474 non
1273 5418 1396 5475 Fretcllo
1419 5418 1489 5493 ipso,
1519 5420 1571 5475 sed
1585 5420 1672 5491 sonte
1695 5438 1731 5476 ex

80 5529 138 5585 eius
160 5529 322 5603 compendio
346 5528 445 5584 hausto
469 5547 514 5585 eos
537 5526 676 5584 contineri
696 5525 764 5582 mihi
780 5524 925 5600 persuasi
1033 5523 1065 5593 4)
1091 5523 1240 5599 Expositio
1264 5524 1336 5580 enim
1359 5525 1516 5582 recensioni
1537 5525 1564 5580 A
1584 5525 1731 5582 subiurscta

76 5655 106 5691 a.
126 5635 197 5706 sere
223 5633 317 5690 1163.
349 5641 447 5708 coepta
471 5641 526 5704 est;
557 5634 598 5704 cf.
629 5632 714 5704 infra
739 5651 772 5706 p.
791 5630 864 5687 564.
980 5629 1010 5700 5)
1037 5628 1224 5699 Giesebrecht,
1249 5629 1300 5686 ‘D.
1318 5631 1395 5687 KZ!
1419 5631 1450 5700 V,
1476 5651 1510 5706 p.
1536 5630 1728 5688 501-504,

78 5740 141 5796 636
158 5761 200 5816 sq.

1462 5857 1514 5908 71*
1686 5887 1690 5896 =
