4410 6406
593 409 645 463 DE
668 405 1003 496 'INVESTIGATIO'NE
1027 405 1280 464 ANTICHRISTI
1303 409 1337 464 L.
1353 409 1378 464 1.
1755 404 1819 466 315

156 593 404 682 dampnationis
429 605 488 679 est,
513 593 601 682 quod
624 593 869 659 christianitatis
896 592 950 657 vel
977 592 1144 680 religionis
1175 593 1312 658 alicuius
1342 595 1553 681 professionis
1583 598 1713 662 nomine
1745 619 1819 662 cen·

155 713 284 784 santur,
310 725 384 766 cnm
407 724 486 766 vere
511 699 679 765 christiani
702 711 735 765 et
757 699 902 786 religiosi
930 721 997 764 nou
1027 701 1100 782 sint,
1132 701 1191 766 sed
1219 702 1328 788 potius
1357 701 1504 767 membra
1528 704 1592 768 sint
1614 703 1818 769 Antichristi.

155 808 201 872 In
225 832 363 896 qnorum
386 830 522 874 numero
546 819 621 872 sunt
643 811 778 872 omncs¹
801 808 836 871 in
858 806 1052 890 sacerdotio,
1076 818 1163 894 que*
1187 831 1246 872 sna
1269 819 1344 873 sunt
1368 821 1540 895 querentes
1567 833 1633 875 non
1656 833 1719 898 qne
1742 810 1819 876 Iesu
1837 833 1995 884 oncense.

158 914 295 996 Christi,
319 915 489 980 simoniaci
513 915 602 980 etin
625 915 727 979 sacris
751 912 919 979 ordinibus
941 914 1181 979 incontinenter
1199 916 1348 980 viventes
1373 925 1405 980 et
1428 917 1562 1003 insuper
1585 927 1698 982 contra
1720 919 1818 982 inter·

116 1021 287 1087 edictum
317 1021 538 1087 sacrificantes
569 1032 601 1085 et
631 1021 849 1086 ministrantes
880 1030 913 1084 et
942 1019 1139 1106 generaliter
1168 1032 1301 1098 sanctae
1330 1022 1552 1109 professionis,
1584 1025 1637 1088 eui
1668 1026 1818 1111 asscripti

159 1141 248 1212 sunt,
278 1152 426 1194 normam
456 1151 521 1192 non
551 1139 735 1214 sequentes.
781 1127 857 1191 Huc
887 1126 1025 1209 accedit,
1057 1127 1145 1213 qnod
1175 1129 1259 1193 sicut
1288 1129 1322 1192 in
1349 1129 1481 1194 civitate
1512 1130 1678 1217 templum,
1709 1132 1755 1197 ita
1784 1132 1818 1195 in

158 1236 285 1324 populo
307 1237 376 1301 vita
399 1234 498 1300 debet
521 1257 592 1299 esse
620 1234 854 1321 religiosorum.
902 1233 969 1300 Sed
1000 1233 1078 1298 dum
1107 1234 1342 1320 professionem
1373 1234 1544 1301 sublimem
1567 1239 1635 1301 vita
1666 1237 1819 1304 obseurat

159 1355 302 1426 terrena,
334 1342 411 1407 dum
441 1343 498 1430 qui
527 1342 658 1406 nomine
689 1351 722 1405 et
752 1351 889 1427 quaestu
920 1349 994 1405 sunt
1024 1339 1145 1423 clerici,
1176 1340 1289 1406 habitu
1315 1341 1444 1425 milites,
1468 1345 1536 1407 vita
1559 1354 1708 1409 neutrum
1733 1354 1816 1427 sunt,

161 1449 241 1514 dum
264 1472 329 1514 non
353 1448 458 1514 solum
481 1449 565 1513 sicut
586 1447 726 1534 populus
750 1448 798 1511 sic
822 1446 984 1529 sacerdos,
1016 1447 1074 1511 sed
1104 1447 1205 1513 multo
1234 1448 1376 1514 deterior
1400 1471 1419 1512 a
1443 1451 1689 1515 conversatione
1713 1449 1817 1538 plebis
1836 1473 1950 1524 omae.

105 1583 139 1622 ιο
159 1558 233 1620 vita
255 1555 433 1622 sacerdotis
457 1566 516 1637 est,
546 1554 635 1619 haud
658 1553 793 1619 dubium
817 1553 905 1640 quod
929 1553 1042 1618 debuit
1066 1576 1137 1618 esse
1161 1555 1317 1642 templum
1340 1566 1431 1620 extat
1459 1556 1616 1644 spelunca
1645 1557 1816 1640 latronum,

160 1665 317 1728 vanitatis
348 1661 622 1744 conventiculum,
646 1659 851 1726 volutabrum
874 1661 1037 1725 vitiorum.
1083 1660 1169 1724 Nam
1199 1660 1337 1748 quilibet
1367 1685 1410 1726 ex
1436 1662 1556 1750 populo
1579 1687 1644 1729 uno
1672 1664 1816 1751 legitimo

160 1770 256 1835 thoro
280 1779 449 1835 contentus
473 1779 523 1833 cst
546 1779 602 1833 aut
624 1769 659 1832 in
675 1767 819 1833 deterius
837 1789 996 1854 proruens
1019 1768 1082 1830 nisi
1106 1768 1300 1854 resipueritb
1323 1791 1382 1855 pro
1407 1769 1536 1835 ethnico
1560 1770 1765 1858 reputabitur
1786 1782 1818 1836 et
1836 1795 1994 1844 uastarent.

159 1876 354 1964 publicano:
384 1876 447 1941 hoc
469 1897 548 1941 vero
579 1875 772 1940 clericorum
795 1873 933 1939 biforme
964 1896 1067 1960 genus
1090 1876 1322 1960 ypocentaun's
1345 1875 1449 1940 simile
1460 1881 1481 1959 ²,
1506 1878 1600 1964 quasi
1622 1877 1704 1942 latro
1728 1888 1818 1943 certa

160 1984 241 2049 sede
266 2007 381 2049 carens
403 1981 451 2048 de
469 1982 565 2047 domo
588 1983 623 2046 in
638 1981 768 2047 domum
785 1980 980 2063 transiliens,
1000 1979 1077 2046 dum
1100 1980 1280 2066 legitimum
1303 2004 1368 2047 non
1384 1992 1491 2068 potest
1513 1982 1635 2049 habore
1654 1986 1816 2050 matrimo-

110 2117 141 2157 ιε
160 2093 263 2174 nium,
286 2113 459 2155 numerosa
482 2098 626 2154 sectatur
649 2110 733 2175 pene
756 2089 889 2174 impune
914 2085 1129 2152 contubernia
1151 2086 1355 2153 feminarum.

210 2359 212 2362 ,
335 2307 364 2369 5.
399 2304 460 2368 De
483 2301 747 2390 spectaculis
770 2301 999 2366 theatricis
1023 2301 1063 2365 in
1087 2300 1274 2366 ecclesia
1296 2300 1376 2366 Dei
1400 2301 1640 2368 exhibitis³.

268 2429 313 2493 Et
335 2428 533 2510 sacerdotes,
558 2428 614 2515 qui
639 2426 799 2508 dicuntur,
830 2426 896 2490 iam
919 2448 983 2490 non
1007 2425 1146 2491 ecclesie
1170 2425 1223 2490 vel
1247 2425 1357 2490 altaris
1380 2428 1559 2493 ministerio
1583 2428 1707 2493 deditic
1732 2440 1816 2513 sunt,

160 2536 221 2601 sed
245 2537 417 2600 exerciciis
440 2535 616 2617 avariciae,
640 2534 821 2598 vanitatum
845 2543 877 2596 et
900 2532 1171 2618 spectaculorum,
1195 2532 1278 2598 adeo
1301 2544 1337 2597 ut
1360 2533 1517 2598 ecelesias
1540 2535 1639 2622 ipsas,
1663 2536 1817 2601 videlicet

160 2645 345 2709 orationum
361 2643 485 2725 domus,
508 2642 544 2706 in
558 2641 686 2706 theatra
702 2649 900 2705 commutent
923 2662 963 2704 ac
985 2640 1124 2703 mimicis
1147 2638 1296 2704 ludorum
1313 2640 1508 2726 spectaculis
1526 2642 1693 2728 impleant.
1728 2643 1818 2709 Inter

112 2776 141 2815 ao
161 2774 227 2838 que
249 2751 402 2814 nimirum
426 2747 623 2836 spectacula,
648 2744 829 2811 astantibus
853 2768 892 2811 ae
916 2744 1139 2832 spectantibus
1162 2747 1306 2832 ipsorum
1332 2746 1473 2831 feminis,
1497 2749 1660 2813 interdum
1677 2759 1709 2814 et
1724 2749 1817 2814 Anti·

161 2858 285 2940 christi,
309 2856 350 2921 de
374 2878 438 2943 quo
461 2853 556 2920 nobis
579 2873 685 2918 sermo
709 2864 768 2936 est,
791 2876 867 2935 non,
891 2863 927 2917 ut
950 2853 1013 2939 ipsi
1029 2853 1190 2935 estimant,
1214 2854 1441 2939 imaginariam
1465 2855 1711 2921 similitudinem
1727 2857 1818 2922 exhi·

160 2963 251 3046 bent,
276 2963 333 3028 sed
356 2964 391 3027 in
406 2964 554 3044 veritate,
574 2972 610 3025 ut
626 2960 715 3025 credi
738 2969 854 3046 potest,
878 2960 1058 3046 iniquitatis
1082 2960 1184 3046 ipsius
1201 2961 1380 3024 misterium
1395 2982 1455 3047 pro
1472 2972 1566 3048 parte
1589 2986 1648 3027 sua
1670 2964 1816 3051 implent.

163 3070 287 3151 Quidni
317 3071 404 3134 enim
434 3067 583 3134 diabolus
613 3066 767 3132 abutatur
796 3067 831 3130 in
853 3067 974 3130 serium
1000 3064 1099 3130 rebus
1128 3065 1192 3131 sibi
1222 3065 1375 3131 exhibitis
1405 3069 1439 3131 in
1462 3070 1615 3134 vanitatis
1645 3069 1816 3154 ludicrum,

162 3179 247 3242 sicut
270 3176 419 3242 dominus
443 3197 572 3263 quoque
588 3175 681 3239 Iesus
705 3184 900 3239 convertens
923 3173 957 3237 in
981 3173 1066 3237 seria
1088 3171 1241 3256 ludibria,
1265 3173 1382 3261 quibus
1407 3175 1495 3261 apud
1517 3175 1637 3242 Indeos
1656 3177 1709 3242 vel
1731 3178 1817 3242 Pila-

113 3311 143 3350 ιο
161 3295 231 3348 tum
253 3285 288 3348 in
303 3283 456 3370 passione
479 3305 538 3347 sua
561 3281 698 3346 affectus
722 3280 795 3346 est?
830 3279 911 3344 Inde
936 3280 1022 3344 enim
1045 3302 1132 3345 nunc
1156 3281 1266 3366 regius
1281 3280 1394 3362 honor,
1418 3282 1618 3368 prophetalis
1633 3282 1687 3348 vel
1711 3307 1817 3349 sacer·

163 3390 280 3456 dotalis
310 3390 514 3471 reverentia,'
534 3390 669 3474 insuper
698 3399 730 3452 et
760 3387 889 3452 divinus
919 3386 1023 3451 honor
1045 3387 1076 3451 ei
1099 3388 1214 3451 merito
1245 3385 1428 3471 exhibetur,
1458 3411 1532 3453 cnm
1556 3391 1633 3476 quia
1656 3403 1751 3456 natus
1775 3412 1817 3456 ex

162 3499 246 3581 Deo,
274 3498 353 3585 quin
383 3507 416 3561 et
446 3495 625 3561 secundum
655 3517 787 3559 earnem
818 3516 860 3559 ex
890 3493 994 3580 regali
1023 3515 1063 3557 ae
1093 3493 1288 3558 sacerdotali
1322 3496 1476 3581 prosapia
1510 3497 1620 3560 omnia
1654 3497 1715 3562 hec
1745 3498 1816 3562 iure

161 3617 299 3692 paterno
322 3603 534 3686 hereditavit3
559 3612 627 3667 tum
643 3603 742 3666 etiam
759 3602 836 3687 quia
858 3599 974 3665 eadem
997 3622 1057 3686 per
1072 3601 1186 3686 spinee
1210 3622 1349 3665 coronae
1373 3603 1584 3688 sceptrique‘¹
1606 3603 1748 3669 simulati
1763 3603 1817 3669 vel

162 3733 305 3798 purpure
329 3711 544 3797 gestationem
567 3731 627 3796 per
650 3707 848 3773 adorationis
873 3709 903 3771 ei
927 3705 1072 3772 exhibite
1096 3706 1344 3791 simulationem,
1367 3730 1427 3793 per
1450 3707 1524 3773 albe
1540 3711 1641 3774 vestis
1664 3710 1816 3776 induitio-

117 3843 145 3884 so
162 3841 248 3902 nem,
272 3841 332 3905 per
346 3816 563 3904 prophetandi
586 3839 606 3880 a
630 3837 694 3903 quo
709 3836 883 3901 percussus
899 3814 1015 3879 tirisset
1030 3815 1236 3878 exactionem
1252 3813 1318 3879 dici
1343 3825 1375 3879 et
1398 3836 1469 3880 esse
1493 3839 1553 3880 rex
1575 3839 1700 3903 regum,
1724 3818 1817 3882 Deus

163 3948 293 4012 quoque
324 3924 477 3989 sacerdos
508 3933 540 3988 et
569 3922 730 4010 propheta
759 3943 897 4007 magnus
927 3921 1128 3986 commeruit.
1174 3920 1240 3984 Per
1266 3920 1328 3985 hec
1352 3922 1449 4004 enim,
1474 3945 1538 4009 que
1562 3922 1757 4007 dictasunt,
1782 3935 1817 3990 nt

162 4031 272 4120 palam
289 4041 347 4114 est,
371 4031 464 4117 regia
486 4031 521 4095 in
544 4051 583 4094 eo
608 4027 789 4093 sublimitas
807 4026 986 4092 divinitatis
1002 4028 1166 4110 maiestas
1191 4027 1402 4093 sacerdotalis
1425 4051 1465 4094 ac
1488 4029 1696 4116 prophetalis
1711 4030 1816 4118 digni-

161 4149 211 4203 tas
235 4139 331 4204 irrisa
349 4148 434 4220 sunt,
458 4136 518 4202 sed
538 4137 620 4224 ipse,
641 4136 697 4224 qui
719 4144 768 4200 est
782 4135 913 4214 veritas,
938 4131 1142 4198 irrisionibus
1166 4155 1278 4198 eorum
1301 4135 1335 4198 in
1350 4135 1497 4200 veritatis
1520 4137 1639 4201 serium
1662 4159 1740 4202 usus
1757 4147 1815 4202 est.
1836 4161 1956 4210 1011.14,8.

163 4244 253 4328 Quid
269 4267 348 4331 ergo
371 4245 499 4326 mirum,
523 4245 551 4306 si
574 4253 607 4307 et
630 4244 683 4307 isti
707 4238 1336 4306 nuncAntichristum⁴velHerodem⁵
1358 4243 1475 4306 insuia
1498 4241 1583 4307 ludis
1607 4243 1818 4310 simulantes⁶

119 4377 144 4418 u
162 4352 296 4418 eosdem
319 4374 395 4434 non,
419 4361 455 4416 ut
479 4351 526 4414 eis
549 4349 721 4414 intentioni
745 4357 803 4430 est,
834 4345 959 4412 ludicro
982 4347 1191 4429 mentiuntur,
1216 4347 1332 4412 sedin
1354 4349 1491 4412 veritate
1515 4347 1681 4432 exhibent,
1705 4361 1816 4437 utpote

162 4481 301 4547 quorum
324 4459 393 4523 vita
416 4456 459 4522 ab
482 4455 675 4522 Antichristi
698 4454 776 4519 laxa
798 4453 1045 4519 conversatione
1076 4475 1141 4518 non
1164 4453 1261 4540 longe
1285 4453 1403 4519 abest?
1449 4455 1576 4520 Horum
1600 4457 1688 4521 enim
1710 4455 1817 4522 locum

271 4693 639 4763 a)quinacioquadecuuec
648 4690 811 4742 Malathechcr
822 4689 1101 4741 mmdoudumcemet.
1147 4686 1175 4751 b)
1188 4692 1323 4756 respuerit
1335 4708 1356 4741 c.
1400 4687 1426 4751 c)
1440 4692 1525 4742 debiti
1538 4709 1558 4743 c.
1603 4689 1819 4759 dlceptriquee.

275 4909 305 4987 1)
322 4913 444 4970 Eosdem
460 4909 626 4988 aggrediar
642 4929 666 4966 e.
680 4907 731 4964 22.
746 4907 798 4964 43.
813 4906 864 4964 50.
881 4905 973 4964 maha
988 4905 1053 4963 aliis
1067 4904 1151 4976 locis;
1175 4907 1215 4978 cf.
1234 4907 1273 4964 K.
1285 4907 1471 4980 Sturtnhbfel,
1485 4905 1613 4967 ‘Gerftoh
1627 4929 1654 4966 v.
1671 4909 1820 4967 Reiehers·

163 5021 245 5099 herp'
270 5015 401 5097 (Leipzig
425 5012 534 5093 1888),
559 5037 593 5093 p.
611 5016 642 5086 5,
665 5036 694 5073 a.
713 5014 765 5071 27.
858 5012 888 5084 2)
916 5011 964 5085 Cf.
984 5011 1087 5070 Gomon
1111 5012 1141 5070 ia
1158 5033 1206 5089 ps.
1225 5013 1277 5084 64,
1302 5034 1325 5071 c.
1345 5013 1396 5070 29.
1415 5013 1474 5083 44,·
1502 5015 1543 5087 cs.
1567 5014 1670 5073 isidor.
1696 5015 1819 5090 Etymol.

118 5127 190 5198 tel,
215 5147 239 5184 c.
258 5126 309 5198 40,
335 5127 377 5183 cd.
395 5125 535 5182 Arevulus
557 5122 615 5194 III,
633 5143 667 5199 p.
685 5122 736 5178 tl.
807 5119 837 5184 3)
862 5119 909 5176 De
931 5119 983 5176 ltoc
1005 5119 1096 5194 capite
1112 5119 1212 5191 fusius
1235 5119 1291 5197 cpit
1305 5121 1344 5176 K.
1362 5120 1548 5192 Stunnhifel,
1573 5120 1647 5179 ‘Der
1667 5122 1820 5199 geschicht-

165 5235 237 5291 liche
253 5233 351 5291 hahuit
370 5251 426 5290 von
443 5229 574 5290 Gertots
595 5250 622 5288 v.
639 5227 843 5305 Reicherabcrq
865 5226 890 5284 Ι.
906 5225 1020 5282 Buche:
1042 5225 1131 5283 Ueber
1146 5225 1191 5283 die
1208 5226 1413 5304 Ersorschunp
1436 5228 1485 5284 des
1499 5226 1669 5286 Antichristo
1688 5229 1713 5285 I.
1727 5228 1819 5287 their

167 5335 350 5418 (Roqramm
378 5339 430 5395 der
452 5336 666 5395 Therucascfule
691 5335 721 5392 in
749 5333 867 5411 Lepcip
892 5325 999 5407 1887),
1024 5351 1058 5407 p.
1084 5331 1180 5409 llsqq.
1234 5332 1336 5390 Edidit
1363 5333 1420 5391 iam
1452 5333 1530 5391 sauz
1559 5335 1578 5391 l.
1602 5336 1620 5391 l.
1645 5355 1679 5411 p.
1699 5335 1761 5392 130
1777 5357 1819 5413 sq.

167 5445 199 5518 4)
225 5445 389 5522 Mysterium
412 5443 501 5503 ansila
524 5445 558 5501 de
572 5441 753 5512 Antichristo,
777 5440 834 5498 nisi
854 5439 925 5497 idem
949 5438 1026 5515 quod
1040 5435 1157 5497 Gerhof
1179 5439 1209 5497 in
1224 5439 1320 5497 aniano
1342 5439 1432 5512 habet,
1457 5441 1500 5497 ed.
1516 5441 1558 5498 W.
1578 5441 1678 5516 Meyer
1700 5461 1737 5500 ex
1759 5444 1819 5500 cod.

173 5552 378 5632 Teqmeeaai'
400 5551 430 5609 in
458 5549 659 5628 ‘Sitzunqsbea
691 5549 742 5606 der
766 5544 995 5624 philos-philol.
1019 5543 1121 5603 Clusae
1150 5547 1201 5604 der
1230 5546 1408 5604 Mt'taeheaer
1434 5546 1529 5604 Altad.
1561 5549 1613 5605 der
1643 5549 1821 5607 waresch?

121 5677 148 5716 ts
168 5654 185 5736 (
189 5653 288 5737 1882)
313 5658 337 5730 Ι,
361 5657 409 5716 uhi
430 5658 471 5730 cs.
491 5677 524 5733 p.
540 5656 590 5713 15.
661 5653 692 5726 5)
723 5654 818 5712 Talem
841 5653 936 5710 ludum
958 5651 1002 5709 ed.
1026 5651 1076 5709 Th.
1097 5652 1216 5730 Wriplt
1234 5652 1340 5728 ‘Early
1363 5653 1506 5728 mysterius
1528 5656 1592 5712 and
1611 5655 1691 5713 other
1707 5657 1820 5732 pocms'

169 5759 304 5836 (Londou
331 5758 441 5844 1838),
459 5785 494 5841 p.
512 5762 666 5820 23-28.
759 5760 790 5831 6)
817 5759 866 5832 Of.
885 5757 988 5816 Oomm.
1012 5756 1042 5816 ia
1060 5780 1107 5835 ps.
1128 5759 1200 5830 133,
1227 5759 1326 5838 lstqae
1348 5767 1367 5817 t.
1386 5759 1459 5831 194,
1484 5763 1534 5818 eol.
1552 5760 1626 5818 890.

1553 5881 1606 5934 40*
