4568 6428
657 455 710 510 DE
736 452 1023 510 osssNDICULO.
1069 456 1121 510 DE
1145 453 1371 530 APOSTATIS.
1793 449 1834 514 57

192 637 334 704 ficentur
363 662 423 727 per
446 662 518 705 eam
544 640 682 726 plateae.
730 638 896 726 Quicquid
926 639 1047 704 dictum
1079 651 1127 704 est
1157 639 1197 704 de
1228 642 1400 727 magistris,
1431 641 1658 707 sentiendum·
1688 641 1835 708 similiter

191 754 244 809 est
267 744 309 810 de
334 767 445 811 eorum
461 747 601 828 vicariis,
627 747 713 833 quia,
738 768 811 810 oum
835 747 899 810 sint
922 747 1136 810 mercennarii
1144 746 1168 830 ¹³,
1193 769 1258 830 non
1280 748 1443 834 pertinent
1466 747 1508 812 ad
1524 770 1580 813 eos
1597 770 1674 813 oves
1690 748 1833 814 Domini.
1853 771 2010 824 sarasan.

786 879 856 988 aa
880 921 939 986 ne
970 922 1244 988 offendiculo.

301 1045 400 1128 Ecce,
424 1048 500 1134 quia
522 1069 574 1111 me
597 1057 633 1116 ut
656 1069 776 1132 agnum
800 1047 995 1133 exposuistis
1018 1048 1052 1111 in
1075 1046 1181 1111 medio
1200 1045 1358 1133 luporum,
1382 1058 1415 1112 et
1437 1047 1580 1135 undique
1600 1047 1725 1114 laceror
1748 1051 1834 1114 sevis

158 1177 174 1218 s
193 1151 348 1218 dentibus
372 1174 492 1235 eorum,
517 1153 653 1240 opposui
676 1152 755 1218 mihi
778 1151 840 1216 hoc
864 1151 1102 1235 offendiculum,
1128 1174 1191 1240 quo
1214 1154 1248 1218 in
1265 1175 1303 1218 eo
1328 1154 1421 1241 quasi
1443 1153 1585 1220 infirma
1609 1165 1701 1240 petra
1715 1153 1833 1220 lividos

194 1256 310 1322 dentes
334 1257 514 1324 obtundant
537 1269 569 1323 et
592 1259 740 1346 quamvis
765 1259 835 1322 ceci
857 1256 1006 1326 videntes
1030 1268 1063 1324 et
1085 1260 1223 1323 scientes
1254 1261 1288 1323 in
1312 1282 1350 1324 ec
1380 1270 1415 1324 ut
1445 1261 1479 1326 in
1502 1271 1632 1325 monte⁶
1657 1259 1832 1344 offendant,

193 1375 227 1428 et
257 1365 320 1429 nisi
348 1365 550 1451 resipiscant,
581 1367 615 1429 in
645 1365 806 1429 infernum
832 1366 980 1428 viventes
1011 1363 1220 1430 descendant.
1269 1363 1394 1431 Ovibus
1425 1376 1533 1430 autem
1556 1364 1677 1432 Christi
1706 1365 1834 1432 firmum

195 1472 347 1557 *opposui
376 1470 576 1557 repagulum,
607 1493 648 1534 ne
678 1471 848 1557 repentina
878 1468 1025 1556 luporum
1056 1472 1223 1536 invasione
1250 1472 1455 1536 incurrentur
1478 1482 1510 1536 et
1532 1473 1697 1558 inprovise
1721 1471 1762 1537 ab
1786 1474 1833 1537 eis
1852 1497 1942 1538 aiis.

193 1576 466 1663 strangulenturd.
513 1575 730 1666 (laterumque
760 1577 823 1641 iter
852 1576 989 1661 signavi,
1021 1599 1084 1664 quo
1114 1577 1271 1642 inoffenso
1302 1577 1385 1664 pede
1409 1577 1506 1643 liceat
1535 1577 1578 1641 ad
1600 1579 1670 1642 veri
1694 1579 1832 1664 pastoris
1852 1585 1979 1680 ⁰¹¹2}⁰‘;,¹⁰'

147 1681 328 1749 retutelam
357 1683 534 1769 properari,
564 1682 622 1747 ubi
645 1705 664 1746 a
687 1683 815 1747 nemine
838 1683 942 1768 possit
964 1683 1050 1745 iam⁸
1075 1683 1114 1748 de
1139 1706 1236 1748 manu
1259 1684 1328 1748 eius
1352 1685 1433 1771 rapi.
1457 1722 1501 1732 -
1531 1683 1597 1764 Qui
1626 1683 1676 1748 his
1707 1693 1832 1749 conus·
1905 1666 1911 1680 ⁸
1947 1665 1953 1679 ⁸

194 1788 326 1871 dixerit,
350 1811 384 1853 se
409 1811 479 1854 esse
504 1788 545 1854 de
568 1811 701 1854 numero
726 1788 852 1853 illorum
876 1785 1037 1853 clamabit.

728 2100 780 2184 Il.
831 2101 909 2184 DE
941 2098 1294 2187 APOSTATIS‘.

301 2285 611 2373 ‘Scrupulosissima
634 2287 802 2374 questione
824 2285 863 2350 de
880 2287 1012 2350 incestis
1028 2284 1262 2368 sacerdotibus,
1286 2284 1393 2350 multis
1411 2285 1661 2351 obscuritatibus
1677 2286 1832 2370 involuta,

194 2391 326 2458 tandem
350 2391 524 2479 aliquando
554 2391 748 2478 adplenum
772 2402 885 2478 perte
910 2391 1023 2475 soluta,
1046 2393 1147 2456 veluti
1170 2393 1251 2456 tuni
1274 2392 1481 2475 fortissimah,
1512 2392 1620 2456 multis
1651 2415 1833 2480 propugna-

150 2523 178 2563 u
196 2498 318 2564 toribus
342 2509 420 2581 tuta,
444 2498 542 2584 longa
566 2498 695 2562 demum
718 2497 886 2563 obsidione
910 2521 949 2563 ac
972 2497 1071 2564 multo
1095 2497 1212 2563 sudore
1237 2498 1353 2580 diruta,
1378 2509 1475 2584 atque
1498 2498 1585 2563 mille
1609 2498 1833 2565 defensoribus

197 2607 266 2670 eius
289 2606 484 2692 expugnatis
508 2615 540 2668 et
563 2627 636 2668 cum
652 2601 749 2669 Golia
771 2605 901 2691 proprio
918 2627 1070 2670 mucrone
1087 2606 1286 2692 prostratis1,
1310 2605 1371 2685 eia,
1396 2601 1531 2669 bellator
1553 2605 1743 2688 aecclesiae,
1767 2604 1834 2692 gla-

197 2711 284 2776 dium
308 2710 401 2776 verbi
424 2711 543 2776 Dei¹·²
572 2711 684 2796 accipe
715 2723 748 2775 et
777 2710 872 2798 lupis,
903 2712 958 2798 qui
989 2733 1066 2775 oves
1089 2711 1224 2775 Domini
1255 2709 1429 2775 crudeliter
1458 2710 1668 2797 strangulant,
1700 2733 1833 2777 occurre

197 2829 293 2905 atque
316 2819 409 2904 gregi
433 2817 498 2882 Dei
520 2815 681 2882 laboranti
705 2819 889 2904 quantotius
898 2817 922 2898 ¹,
953 2816 1037 2882 bone
1068 2818 1162 2898 aries,
1194 2838 1356 2881 succurre.
1406 2816 1507 2882 Suntl
1533 2816 1675 2904 quidam,
1706 2819 1763 2905 qui
1786 2829 1835 2882 a¹²²

197 2926 359 3011 proposito
392 2924 590 2988 monasticae
625 2922 834 3010 professionis
865 2922 1033 3005 deficiunt,
1068 2922 1214 2988 habitum
1249 2921 1426 3004 abiciunt¹¹,
1462 2923 1638 2988 aecclesias
1673 2923 1834 3011 regendas

152 3056 180 3095 ao
197 3032 376 3118 suscipiunt
384 3041 407 3112 ⁰,
431 3052 550 3095 uxores
574 3029 697 3094 ducunt
720 3040 753 3095 et
775 3028 924 3094 omnibus
948 3028 1147 3095 secularibus
1170 3029 1309 3115 negotiis
1325 3027 1397 3116 plus
1414 3052 1511 3117 quam
1525 3029 1691 3095 seculares
1708 3053 1742 3095 se
1760 3028 1833 3096 sub-

197 3136 285 3202 dunt.
324 3137 492 3202 Poscimus
514 3147 546 3201 te
569 3137 744 3218 insinuare,
769 3136 908 3222 qualiter
930 3137 964 3199 in
980 3133 1107 3200 Christo
1131 3147 1298 3200 manentes
1322 3145 1379 3200 sep
1395 3134 1437 3200 ab
1454 3135 1678 3201 huiusoemodi
1693 3135 1834 3202 debeant

197 3241 405 3309 observare¹.

782 3370 809 3431 1.
851 3365 910 3431 De
941 3367 1087 3453 paucis
1116 3363 1248 3430 bonis.

301 3491 409 3557 Nolite
432 3492 543 3556 mirari
568 3495 642 3556 'nec
665 3512 723 3556 vos
748 3489 954 3571 scandalizet,
979 3490 1145 3575 numquis
1169 3512 1188 3553 a
1210 3490 1375 3576 proposito
1399 3512 1457 3554 suo
1474 3489 1640 3571 defecerit,
1665 3489 1723 3554 sed
1737 3489 1833 3554 valde
1853 3506 1939 3548 uuas.

154 3622 180 3662 rs
197 3598 368 3679 miramini,
397 3608 429 3662 et
451 3596 586 3662 multum
609 3619 667 3661 vos
691 3595 851 3678 aedificet,
882 3597 909 3660 si
933 3597 1028 3684 quisq
1057 3597 1090 3660 in
1119 3597 1249 3682 incepto
1273 3594 1358 3659 bono
1387 3596 1421 3659 in
1444 3594 1541 3659 finem
1563 3597 1832 3682 perseveraverit.

197 3703 290 3769 Multi
315 3705 401 3768 enim
424 3705 591 3790 incipiunt,
616 3703 674 3768 sed
697 3704 794 3791 pauci
818 3702 860 3768 ad
882 3725 1024 3788 unguem
1043 3701 1224 3789 perficiunt.
1259 3700 1374 3766 Multir
1398 3703 1433 3765 in
1456 3700 1559 3766 stadio
1576 3711 1718 3786 currunt,
1738 3700 1833 3766 valde

197 3811 292 3896 pauci
315 3807 464 3874 bravium
486 3810 731 3897 percipiunt¹·⁸.
767 3808 863 3874 Unde
882 3808 1042 3873 Dominus
1066 3807 1181 3872 dicit':
1206 3807 1348 3895 Asparata
1372 3822 1416 3874 eat
1436 3811 1556 3889 semita,
1580 3833 1659 3894 quoa
1682 3807 1770 3873 ducit
1790 3807 1837 3873 ad
1851 3806 1997 3901 dmi-⁷2

198 3919 303 3997 riwin,
334 3930 363 3982 et
383 3919 489 4004 pauci
516 3919 678 3982 iaoeriiunt
703 3941 780 3982 eom.
826 3915 910 3981 Lato
933 3929 962 3980 ei
982 3917 1127 4002 spaciosa
1151 3929 1195 3980 eat
1217 3917 1302 3995 viae,
1334 3939 1413 4000 quae
1437 3914 1523 3978 ducit
1551 3914 1596 3978 ud
1617 3917 1776 3996 morienti,
1807 3928 1836 3980 ei

197 4025 289 4088 mebi
309 4024 470 4088 ambulant
485 4047 548 4110 per
571 4048 647 4087 eam.
694 4019 769 4087 Non
791 4031 840 4086 est
863 4022 1005 4085 omnium
1030 4019 1148 4084 donum
1171 4019 1328 4107 perficere
1351 4017 1481 4102 bonum,
1510 4019 1598 4106 quod
1620 4020 1832 4106 incepennte,

155 4153 181 4194 ao
198 4127 255 4193 sed
278 4150 389 4193 eorum
411 4139 546 4210 tantum,
571 4128 650 4214 quiv
673 4125 715 4192 ab
739 4138 871 4192 aeterno
895 4125 938 4190 ad
960 4127 1061 4191 vitam
1083 4124 1295 4214 predestinati
1319 4135 1402 4190 sunt.

755 4306 785 4368 2.
826 4303 885 4368 De
917 4304 1053 4368 servis
1084 4312 1123 4368 et
1152 4303 1273 4368 filiis.

303 4427 370 4494 Cur
396 4439 505 4494 autem
535 4427 577 4493 ad
600 4429 845 4493 conversionem
866 4429 1009 4509 veniant,
1040 4428 1095 4514 qui
1126 4427 1159 4491 in
1189 4449 1229 4491 ea
1257 4428 1496 4514 perseveraturi
1525 4449 1591 4491 non
1620 4437 1703 4508 sunt,
1735 4448 1833 4491 causa

197 4535 368 4600 manifesta
398 4545 461 4616 est,
493 4535 569 4622 quia
598 4533 752 4598 videlicet
780 4559 888 4600 servus
916 4543 1006 4599 ποκ’
1035 4549 1138 4599 maaet
1166 4538 1200 4600 ia
1230 4535 1320 4599 domo
1350 4537 1385 4599 ia
1414 4549 1586 4614 ueternum,
1609 4535 1703 4622 filias
1732 4547 1833 4599 camai
1852 4550 1900 4591 10h·
1908 4551 1928 4602 8.
1937 4551 1971 4592 ³⁶.

197 4656 299 4707 maaet
327 4645 361 4707 in
383 4649 571 4708 aeteracm¹.
620 4639 705 4727 Sepe
735 4661 875 4727 peccans
905 4639 989 4704 lilius
1014 4662 1034 4703 a
1057 4661 1150 4705 servo
1181 4639 1225 4706 ad
1254 4651 1379 4727 patrem
1408 4639 1554 4722 trahitur,
1584 4649 1620 4703 ut
1643 4641 1851 4726 corrigatur,-

154 4771 180 4815 a
197 4758 253 4812 aut
280 4744 365 4812 bene
395 4769 495 4834 agens
526 4769 546 4811 a
575 4767 670 4810 servo
699 4755 844 4827 vocatur,
875 4757 911 4809 ut
940 4767 960 4810 a
988 4755 1080 4831 patre
1109 4757 1341 4811 remuneretur.
1392 4745 1447 4811 Sic
1477 4746 1531 4810 isti
1560 4767 1620 4833 per
1650 4744 1834 4832 exemplum

303 4962 330 5028 a)
352 4965 492 5016 sciendum
514 4963 541 5015 0.
621 4961 650 5024 b)
671 4979 684 5014 c
702 4981 764 5014 corr.
784 4963 817 5014 A.
897 4959 923 5026 c)
945 4965 973 5014 in
992 4969 1083 5014 moute
1103 4969 1133 5014 ut
1152 4980 1214 5014 corr.
1233 4981 1300 5014 maa.
1319 4963 1434 5025 arcuada,
1455 4963 1542 5014 littei-is
1561 4980 1577 5014 a
1596 4965 1612 5014 b
1632 4979 1647 5013 e
1665 4961 1833 5027 superpositis,

198 5054 275 5105 utin
293 5061 384 5105 monte
403 5054 437 5104 Δ.
501 5049 531 5114 d)
553 5059 580 5104 et
597 5053 615 5103 i.
635 5053 669 5104 ab
689 5069 712 5103 e.
732 5051 936 5118 strangulentur
953 5052 1050 5103 dea-A.
1063 5051 1089 5103 0.
1148 5049 1174 5114 e)
1195 5053 1249 5103 iam
1268 5053 1374 5119 possint
1392 5051 1425 5103 Β.
1488 5049 1596 5114 Ddecrt
1612 5051 1742 5116 inscriptio
1759 5050 1833 5101 LO.

197 5141 226 5208 g)
246 5141 406 5208 Discipulus
424 5140 484 5192 add.
503 5140 536 5192 B.
620 5139 648 5202 h)
669 5140 821 5192 firmissima
840 5139 872 5191 B.
957 5139 977 5202 i)
998 5141 1070 5202 derat,
1089 5141 1131 5192 ieci
1148 5141 1325 5207 suprascripsit
1342 5158 1431 5192 matu
1448 5141 1528 5191 altera
1546 5141 1586 5204 A;
1609 5141 1662 5191 Dei
1681 5140 1757 5191 verbi
1776 5139 1833 5205 gla-

198 5231 272 5281 dium
287 5229 314 5282 0.
375 5227 404 5294 k)
418 5230 484 5282 deut
496 5230 530 5281 D.
591 5227 611 5292 l)
627 5229 696 5282 Sunt
709 5229 867 5296 quidam-
881 5231 1026 5280 observare
1038 5228 1088 5280 des.
1102 5229 1134 5291 B,
1151 5229 1194 5280 aad
1205 5230 1265 5280 add.
1278 5247 1345 5281 ama.
1358 5237 1451 5295 poster.
1464 5229 1492 5280 ia
1504 5246 1583 5296 marp.
1643 5225 1680 5292 m)
1697 5230 1792 5295 quiaa
1806 5227 1833 5279 0.

152 5315 226 5381 ton)
247 5319 272 5370 h.
292 5336 316 5370 a.
334 5318 384 5370 des.
402 5318 435 5370 Β.
517 5316 545 5380 ο)
566 5335 588 5370 s.
608 5335 628 5369 r.
648 5317 681 5369 Β.
762 5315 790 5384 p)
813 5318 847 5368 ab
866 5317 891 5367 h.
912 5334 940 5368 se
960 5317 993 5368 B.
1011 5317 1037 5368 0.
1116 5314 1145 5384 q)
1165 5318 1231 5369 deest
1251 5318 1277 5369 0.
1357 5315 1380 5380 r)
1401 5316 1483 5368 Multi
1504 5342 1535 5352 -
1556 5318 1711 5384 percipiunt
1729 5317 1779 5369 des.
1798 5317 1833 5368 D.

189 5405 222 5482 s)
243 5407 268 5458 d.
286 5407 321 5459 D.
340 5406 374 5458 B.
453 5403 475 5469 t)
496 5408 635 5458 interitum
655 5406 687 5458 Β.
768 5403 798 5466 u)
819 5407 954 5472 incipiunt
973 5405 1007 5456 D.
1088 5404 1117 5469 v)
1139 5423 1208 5472 quae
1227 5407 1261 5458 D.
1343 5404 1377 5470 v)
1398 5406 1464 5458 meat
1481 5407 1523 5469 A‚·
1547 5405 1724 5472 sumpsit
1744 5422 1834 5456 manua

196 5496 284 5547 clm.
356 5493 384 5558 x)
405 5495 477 5547 filius
497 5520 530 5530 -
550 5503 689 5546 aeternum
706 5494 757 5546 dea
776 5494 810 5545 D.

308 5673 336 5747 1)
363 5675 611 5754 1.Rep.1v,51.
704 5675 734 5746 2)
761 5675 809 5748 Cf.
835 5676 941 5752 pres.
960 5675 1053 5748 alt.
1147 5675 1176 5746 3)
1204 5677 1230 5732 1.
1249 5674 1313 5734 Cor.
1332 5675 1361 5745 9,
1375 5674 1433 5732 24:
1460 5675 1565 5732 Omnes
1588 5682 1684 5731 autem
1706 5682 1832 5743 currunt,

198 5783 343 5838 sedunus
366 5785 487 5857 accipiet
509 5785 644 5840 bravium.

270 5902 368 5954 Libelli
388 5903 421 5954 de
441 5903 497 5954 lite.
529 5903 583 5954 111.
1606 5901 1622 5952 8
