4410 6406
458 377 522 440 286
749 381 930 438 GERHOHI
952 381 1185 438 PRAEPOSI'I'I
1208 379 1616 437 REICHERSBERGENSIS
1639 380 1806 435 LIBELLI.

458 574 610 658 baptismi
636 585 863 634 sacramentum
893 595 954 633 non
985 570 1031 634 ad
1058 571 1246 648 remedium,
1276 570 1333 634 sed
1361 569 1406 634 ed
1435 569 1609 649 iudicium5
1644 592 1705 632 nou
1735 568 1781 632 ad
1809 569 1952 648 calmem,
1983 566 2039 631 sed
2064 568 2102 632 ud

459 679 711 764 dampnationem
743 691 852 740 manet.
900 676 976 740 Ideo
1008 676 1144 741 dicimus
1175 677 1323 758 dominis,
1354 679 1441 761 qnia,
1473 701 1542 740 cum
1572 677 1742 762 resipiscit,
1766 700 1830 761 per
1853 675 2039 738 aecclesiam
2061 699 2102 738 re·

458 785 655 864 conciliatur,
686 807 746 848 non
778 784 998 870 rebaptizatur.
1047 781 1088 846 Si
1108 785 1191 848 enim
1213 797 1443 847 sacromentum
1460 783 1623 868 peccando
1647 784 1808 860 amitteret,
1833 807 1903 846 cum
1927 780 1974 844 ad
1996 781 2103 844 eeccl-

457 894 539 955 sium
550 890 720 976 penitendo
744 889 872 970 rediret,
896 914 964 953 eum
974 891 1094 976 procul
1108 890 1203 954 dubio
1227 892 1422 976 rebaptimri
1443 903 1603 975 oporteret.
1641 887 1846 953 Sacramenta
1862 891 1982 974 quippe
2000 887 2105 951 diuino.

456 1011 537 1076 sunt,
562 997 643 1060 unde
667 1010 695 1061 et
717 997 845 1060 lubenti
865 1021 901 1060 ea
917 1021 982 1082 per
1005 996 1159 1060 bominem
1189 997 1322 1084 defferri
1348 1021 1410 1060 non
1427 1010 1568 1082 possunt.
1617 995 1748 1060 Manent
1774 998 1878 1081 itaque
1902 1009 2106 1074 sacramenta,
2122 1018 2195 1060 ’ἐι-

457 1104 514 1169 sed
535 1105 629 1190 culpa
653 1106 790 1190 eciqente
820 1116 1086 1167 sacramentorum
1109 1127 1180 1188 sepe
1203 1104 1353 1167 tolluntur
1377 1104 1501 1191 officia.
1550 1103 1719 1166 Sciendum¹
1750 1127 1880 1188 quoqne,
1913 1105 1992 1186 quio
2024 1102 2108 1189 lonqe

458 1226 502 1275 εει
523 1211 625 1290 eliud,
657 1210 742 1295 quod
764 1210 955 1274 christianae
977 1233 1039 1295 per
1062 1212 1408 1274 excommunicationem
1439 1212 1478 1274 ab
1508 1211 1660 1274 aecclesie
1692 1209 1869 1295 deponitur,
1901 1234 1996 1294 quam
2029 1209 2110 1293 quod

458 1321 600 1383 minister
630 1318 750 1402 aliquis
780 1318 819 1380 ab
851 1317 962 1404 officio
993 1330 1183 1397 removetur,
1217 1316 1303 1381 illud
1332 1317 1460 1381 assidue
1492 1330 1620 1403 qreoat,
1656 1317 1712 1380 boc
1741 1339 1812 1402 sepe
1842 1316 1993 1396 allecium
2030 1316 2111 1378 illud

458 1425 620 1511 dampnat,
650 1425 706 1488 boc
736 1426 875 1510 casttqat.
924 1423 1073 1487 Minister
1102 1425 1135 1486 si
1163 1423 1293 1510 indique
1316 1426 1392 1510 epit,
1423 1425 1498 1487 rctile
1529 1437 1582 1502 est,
1613 1422 1699 1509 quod
1728 1422 1906 1509 deponitur,
1937 1423 2109 1486 christiano

458 1545 559 1595 autem
589 1531 790 1618 rnortiferum
821 1543 874 1609 est,
905 1529 990 1615 quod
1018 1531 1058 1593 ab
1081 1530 1233 1594 aecclesia
1263 1544 1438 1616 separetur.
1488 1529 1572 1592 Dum
1597 1532 1679 1594 enirn
1703 1530 1742 1592 ab
1766 1529 1918 1594 aecclesie
1941 1528 2109 1610 scinditur,
2128 1555 2163 1592 ιι

302 1637 600 1723 uu0.1o,1s.infldelis
623 1640 739 1723 utiquc,
765 1639 858 1700 immo
883 1636 1011 1723 infideli
1032 1636 1168 1700 deterior
1187 1636 1357 1701 iudicetur.
1395 1637 1552 1701 Dominus
1568 1635 1695 1722 quidem
1712 1636 1808 1700 dicit:
1830 1635 1911 1713 ‘Qui
1931 1660 1987 1699 cos
2010 1635 2108 1714 ondit,

459 1768 506 1810 nte
529 1744 629 1823 audit,
661 1745 770 1828 etqui
790 1766 844 1806 cos
866 1745 996 1828 apernit,
1027 1767 1074 1807 me
1104 1743 1251 1828 spernit'.
1299 1743 1349 1808 Ab
1380 1745 1531 1808 aecclesia
1562 1768 1633 1830 erqo
1665 1743 1840 1823 dissentire,
1871 1768 1891 1806 a
1920 1741 2046 1806 Obristo
2069 1757 2111 1806 est

459 1851 580 1914 cadere.
633 1849 662 1912 Α
691 1849 815 1914 Christo
845 1863 947 1913 autem
977 1863 1022 1913 est
1050 1849 1176 1928 cadere,
1204 1849 1304 1936 fidem
1335 1875 1396 1914 non
1427 1850 1547 1914 babere.
1603 1847 1668 1914 Sed
1697 1852 1756 1935 qui
1775 1849 1845 1936 fide
1875 1863 1961 1913 caret
1990 1850 2108 1912 nullum

290 1985 440 2032 Romame.
459 1959 570 2022 bonum
595 1981 673 2043 opus
695 1957 793 2020 babet.
834 1955 927 2019 Audi
939 1957 1132 2041 apostolum:
1155 1955 1292 2038 ‘Omne’,
1317 1959 1429 2043 inquit,
1453 1957 1550 2043 ‘quod
1572 1957 1687 2044 enfide
1710 1971 1840 2036 nonest,
1857 1971 2024 2042 peccatum
2041 1955 2106 2020 est'.

463 2063 663 2128 Obristianus
686 2065 794 2150 iqitur,
819 2063 891 2126 licet
912 2061 1025 2126 babeat
1046 2063 1199 2148 baptismi
1217 2078 1456 2144 sacramentum,
1480 2064 1554 2127 dum
1571 2065 1699 2128 aberret
1720 2089 1739 2126 a
1748 2063 1829 2150 side,
1852 2064 1976 2126 nullum
2001 2065 2132 2127 bonum·

451 2172 549 2257 fucit.
597 2170 670 2234 Non
694 2171 795 2233 omnis
819 2171 923 2254 itaque
946 2168 1062 2232 babens
1083 2183 1312 2234 sacramentum
1336 2171 1427 2234 babet
1449 2184 1477 2234 et
1497 2172 1690 2234 sacramenti
1710 2171 1865 2258 officium.
1908 2169 1997 2234 Unde
2015 2173 2107 2233 miro·

458 2303 529 2340 mur
552 2276 705 2363 quosdam
728 2275 833 2340 dicere
857 2275 895 2339 de
918 2278 1181 2340 encommunicato
1211 2301 1264 2340 sen
1296 2277 1434 2363 deposito
1462 2276 1631 2356 sacerdote,
1660 2276 1754 2362 quod,
1785 2279 1861 2362 quia
1885 2278 1998 2340 retinet
2019 2277 2110 2340 senzel

458 2399 616 2470 acceptum
640 2383 854 2447 ordinationis
882 2407 936 2447 sue
958 2397 1197 2463 sacromentum,
1228 2383 1348 2463 babeat,
1380 2383 1454 2446 dum
1471 2387 1639 2469 presumit,
1668 2385 1701 2447 in
1725 2382 1935 2447 consecrando
1960 2383 2106 2468 effectum.

461 2491 659 2578 Quapropter
689 2493 865 2576 quicunque
895 2490 1025 2570 accedit,
1055 2503 1089 2553 ut
1111 2491 1193 2554 alios
1217 2489 1255 2554 ds
1278 2493 1483 2555 sacramentis
1510 2493 1725 2555 ministrorum
1749 2490 1884 2570 edoceat,
1913 2492 1950 2554 in
1973 2489 2106 2554 docendo

459 2597 638 2662 discernens
662 2597 874 2661 ordinationis
896 2611 1124 2661 sacramentum
1148 2611 1176 2660 et
1198 2597 1343 2662 ordinati
1363 2598 1519 2685 officium,
1544 2597 1639 2677 dicut,
1664 2597 1749 2682 quod
1767 2611 1996 2661 sacramentum
2019 2597 2109 2660 semel
2124 2623 2149 2662 ευ

458 2719 632 2790 susceptum
656 2707 690 2767 in
706 2717 881 2789 susceptore
896 2717 1008 2783 manet,
1031 2704 1088 2768 sed
1108 2706 1297 2790 susceptoris
1321 2705 1466 2791 officium
1489 2707 1596 2790 sepius
1619 2705 1788 2767 aecclesiae
1812 2728 1944 2767 censura
1968 2717 2104 2767 removet.

459 2811 557 2875 Dicet
579 2813 683 2890 etiarn,
714 2811 800 2896 quod
822 2825 885 2874 tam
908 2835 982 2874 uera
1006 2825 1050 2874 εει
1065 2825 1215 2897 potestas,
1247 2835 1315 2874 cum
1346 2811 1385 2874 ab
1410 2812 1521 2898 officio
1546 2813 1723 2874 *ulinastrum
1749 2809 1886 2896 deponit,
1917 2833 2014 2894 quam
2038 2835 2105 2873 cera

458 2931 510 2996 est,
535 2941 604 2980 cum
628 2942 696 2981 eum
720 2920 754 2982 in
771 2918 882 3005 officio
904 2919 964 2982 rite
988 2916 1136 3002 disponit.
1174 2917 1351 3002 Doceatque
1375 2917 1461 3003 quod
1482 2919 1678 2981 scismaticae
1700 2919 1751 2996 sit,
1776 2918 1835 3002 qui
1855 2917 2026 2981 aecclesiae
2050 2941 2106 2980 non

458 3026 616 3103 consentit,
641 3023 679 3088 de
702 3049 762 3110 quo
786 3027 957 3088 auctoritas
982 3027 1026 3088 ita
1043 3023 1139 3088 dicit:
1162 3023 1268 3101 ‘Quod
1282 3026 1408 3110 conticit
1428 3026 1634 3104 scismaticus,
1659 3048 1774 3110 cerpus
1793 3023 1916 3088 Christi
1936 3048 1998 3087 non
2018 3023 2076 3088 est'
2087 3027 2104 3085 ¹.

458 3131 502 3194 Et
523 3131 644 3195 atttt2:
668 3131 782 3196 ‘Ecetra
805 3131 992 3195 catholicam
1014 3132 1198 3194 aecclesiam
1221 3154 1283 3194 non
1306 3145 1351 3194 est
1372 3133 1442 3194 ceri
1462 3133 1622 3218 sacrijicii
1643 3130 1752 3194 locus'.
1795 3129 1883 3194 Ibide
1907 3145 1934 3194 et
1954 3130 2107 3194 Dominus
2123 3155 2143 3192 u

279 3237 496 3315 nx.1s,ee.es.de
519 3261 599 3324 uqno
615 3262 680 3324 per
695 3237 826 3326 Moysen
849 3241 894 3301 ita
911 3240 1074 3324 precepit:
1096 3236 1147 3300 ‘In
1170 3236 1259 3317 esseo’,
1283 3239 1397 3322 inquit,
1421 3237 1523 3302 ‘domo
1547 3237 1708 3302 comeditis
1732 3261 1811 3318 eum,
1834 3261 1890 3301 nec
1913 3238 2049 3323 efferetis
2072 3237 2107 3300 de

458 3346 607 3408 carnibus
630 3346 697 3408 eius
713 3345 824 3432 seras,
848 3357 876 3408 et
899 3346 1138 3408 incircumcisus
1160 3369 1221 3407 non
1245 3344 1380 3407 comedet
1403 3369 1441 3408 es
1464 3344 1520 3408 eo'.
1570 3342 1610 3407 In
1634 3345 1750 3408 unitate
1773 3367 1856 3431 erqo,
1886 3368 1948 3420 non
1977 3346 2011 3408 in
2034 3346 2106 3408 scis-

458 3465 537 3515 mate
567 3454 711 3531 sumitur,
741 3476 796 3515 nec
824 3453 907 3515 enim
930 3465 1018 3515 estre
1042 3451 1227 3515 catholicam
1257 3474 1312 3514 nec
1341 3452 1380 3514 ab
1404 3452 1597 3537 allieniqena
1620 3451 1780 3514 obtinetur.
1829 3450 1879 3516 Ne
1902 3474 1975 3537 erqo
1999 3450 2108 3514 credas

458 3559 650 3644 vaniloquis,
678 3582 715 3622 ne
738 3560 920 3643 acquiescas
944 3559 1045 3636 elatis,
1070 3557 1160 3621 crede
1183 3557 1355 3622 bumilibus
1377 3572 1405 3621 et
1426 3557 1572 3636 subditis,
1596 3559 1655 3642 qui
1675 3560 1787 3622 matris
1810 3558 1980 3622 aecclesiae
2003 3582 2107 3622 sacra-

457 3679 558 3729 mente
583 3665 759 3728 venerando
782 3666 968 3751 suscipiunt,
998 3686 1060 3727 non
1083 3663 1226 3750 equidem
1251 3663 1453 3750 disputando,
1480 3665 1537 3728 sed
1559 3667 1772 3728 auctoritatem
1797 3667 1986 3728 institutoris
2009 3665 2107 3728 bumi-
2126 3688 2148 3727 n

459 3772 531 3836 liter
554 3771 741 3852 uenerande,
765 3795 804 3834 ecc
826 3795 886 3856 quo
910 3785 1008 3834 mater
1031 3771 1183 3834 aecclesia
1199 3785 1343 3857 potenter
1365 3772 1468 3851 soluit,
1492 3785 1520 3834 ει
1543 3772 1622 3858 liqut
1644 3772 1819 3859 efficatiam
1844 3773 1879 3834 in
1894 3774 2108 3849 sacramentis,

459 3878 604 3942 ordinato
628 3877 823 3942 commendat
844 3877 1029 3963 aliquando,
1054 3891 1082 3940 et
1104 3876 1235 3964 deneqat
1253 3891 1400 3962 potestate
1424 3892 1505 3958 rota,
1529 3903 1590 3941 non
1606 3879 1789 3942 verbositate
1797 3879 1938 3966 friuola.
1979 3877 2110 3943 Neue-rit

458 3999 559 4048 numm
583 3999 635 4048 tuo
656 3983 839 4070 prudentia,
870 3987 957 4069 quia,
988 3985 1020 4047 si
1041 3997 1139 4047 essent
1168 3984 1311 4069 efficatia
1335 4009 1414 4069 qnae
1437 4010 1457 4048 a
1480 3987 1669 4050 scismaticis
1684 3987 1771 4072 ,dunt
1793 3986 1843 4049 cel
1865 3985 2017 4070 depositis
2040 4009 2108 4049 con-

458 4094 666 4156 secrationum
697 4091 821 4179 officia,
853 4092 993 4177 infinitos
1022 4091 1148 4154 baberet
1175 4090 1269 4154 bodie
1292 4093 1438 4176 presules
1468 4116 1672 4177 unaquaeque
1701 4092 1800 4170 sedes,
1830 4105 1858 4156 et
1880 4117 1975 4177 qsuem
1998 4093 2110 4155 multos

460 4198 562 4262 Roma
579 4199 756 4284 pontifices,
788 4200 847 4283 qui
874 4198 1059 4284 confusione
1082 4197 1236 4260 borribili
1256 4211 1284 4260 et
1307 4198 1419 4284 liqotos
1449 4199 1488 4262 ab
1512 4199 1589 4262 aliis
1611 4200 1765 4262 solverent
1787 4212 1815 4262 et
1835 4198 1951 4262 solutos
1976 4199 2110 4262 indebite
2127 4222 2152 4261 n

461 4306 603 4390 liqurent.
646 4302 701 4368 Sic
723 4307 780 4382 sic,
804 4305 836 4367 si
857 4305 930 4367 bene
946 4303 1133 4389 perpendis,
1158 4317 1186 4367 et
1207 4317 1278 4366 ruta
1301 4319 1500 4368 cassarentur
1524 4319 1552 4369 et
1575 4308 1667 4369 irrita
1685 4305 1902 4393 proferentur.
1943 4304 1998 4369 Sic
2022 4306 2110 4368 nulla

461 4411 498 4475 de
519 4412 614 4497 pestis
636 4410 878 4474 aecclesiasticis
901 4423 999 4473 essent
1021 4423 1114 4488 certa,
1137 4409 1195 4473 sed
1209 4435 1326 4495 queque
1335 4412 1466 4497 srioolu
1490 4425 1526 4492 et,
1552 4413 1706 4498 utfatear
1721 4436 1838 4490 uerrcrn,
1862 4412 1965 4476 nicbil
1986 4414 2110 4476 omnino

460 4531 537 4581 esset
558 4517 719 4581 aecclesie.
769 4515 834 4580 Sed
849 4516 887 4580 de
903 4517 952 4580 bis
968 4517 1115 4580 bactenus
1137 4541 1194 4579 nos
1217 4517 1358 4602 equidem
1384 4519 1445 4581 ista
1468 4519 1524 4581 sub
1549 4519 1695 4582 breuitate
1719 4520 1780 4582 tibi
1799 4521 2032 4604 rescripsimus,
2056 4521 2114 4603 qni

453 4625 550 4712 factu
574 4626 686 4687 matris
709 4624 878 4687 aecclesiae
901 4647 962 4686 non
972 4623 1113 4710 friuola,
1136 4622 1194 4686 sed
1215 4637 1286 4687 rata
1309 4638 1454 4702 tenemus,
1478 4627 1537 4710 qui
1556 4639 1731 4688 sanctornm
1757 4628 1956 4690 auctorimtes
1968 4640 2111 4712 patrum

461 4755 555 4816 quom
586 4744 693 4794 nostro
716 4754 807 4794 sense
829 4731 922 4815 sequi
941 4729 1120 4793 maluimus.
1168 4728 1313 4814 Explicit
1337 4728 1473 4815 epistole
1496 4729 1656 4814 HugoniS,
1681 4751 1744 4816 que
1769 4729 1942 4816 diligenter
1965 4729 2110 4795 conside·
2129 4757 2155 4795 eo

461 4845 531 4900 rats
555 4835 750 4917 manifestat,
775 4834 845 4898 illos
861 4834 1032 4920 predicere
1052 4832 1269 4918 mendacium,
1294 4836 1350 4922 qui
1373 4835 1529 4922 depositis
1554 4858 1637 4922 eque
1661 4847 1696 4900 ut
1720 4836 1887 4901 catholicis
1910 4835 2110 4924 presbyteris

461 4941 641 5018 etttibuunt
671 4941 846 5005 efficatiam
869 4963 982 5027 parem
1012 4942 1046 5004 in
1070 4943 1292 5023 sacrementis
1324 4943 1370 5007 sic
1395 4953 1427 5006 et
1450 4942 1496 5005 illi
1519 4941 1720 5007 mendatium
1743 4943 1862 5008 docent
1891 4966 1950 5029 pro
1974 4946 2111 5008 veritate

378 5078 380 5082 ⁴
462 5047 715 5134 suscipiendum,
741 5049 797 5134 qui
820 5048 983 5112 hominem
1007 5047 1047 5112 de
1073 5047 1196 5135 Spiritu
1220 5061 1331 5113 sancto
1356 5061 1549 5135 conceptum
1573 5059 1694 5134 nogant
1718 5050 1919 5114 altissimum.

384 5275 442 5314 «nr.
570 5244 672 5308 *Num
696 5244 776 5330 ipse,
801 5254 836 5307 ut
859 5255 1065 5331 pretaxatam
1082 5254 1140 5324 est,
1158 5255 1297 5330 quatuor
1312 5243 1366 5308 ille
1386 5245 1565 5325 coniunxit,
1590 5244 1729 5309 scilicet:
1755 5247 1908 5332 speciem,
1926 5248 2111 5328 essentiam,
2130 5271 2156 5312 cs

461 5372 530 5414 rem
555 5361 586 5414 et
610 5351 761 5416 effectum
793 5351 1004 5415 sacrementi:
1036 5352 1180 5436 speciem
1210 5351 1371 5436 infigura
1393 5351 1531 5415 visibilis
1563 5351 1848 5434 demonstratione,
1879 5354 2055 5418 essentiam
2078 5355 2112 5417 in

572 5519 600 5590 1)
626 5519 760 5597 Pclaqius
782 5520 825 5576 ad
845 5519 985 5576 Victorem
1009 5527 1035 5575 ct
1058 5517 1253 5588 Pancratium,
1280 5517 1348 5576 Call.
1374 5519 1448 5577 Brit.
1474 5539 1519 5575 nr.
1538 5519 1589 5589 22,
1615 5519 1662 5576 ίΝ.
1681 5520 1778 5577 Arcb!
1801 5521 1834 5591 V,
1854 5541 1886 5596 p.
1908 5521 1989 5589 545,·
2015 5521 2115 5579 Mansi

462 5626 556 5696 I,col.
572 5626 653 5698 731,·
678 5625 764 5685 Grat.
784 5624 814 5684 0.
833 5625 947 5694 XXIV,
971 5625 1065 5700 qul,
1091 5644 1113 5681 c.
1133 5625 1185 5681 34.
1278 5622 1309 5698 2)
1332 5625 1471 5700 Prosperi
1492 5625 1553 5681 Lib.
1572 5626 1779 5683 Sententiarum
1804 5627 2009 5705 cudtequstino
2033 5648 2056 5685 c.
2074 5628 2111 5684 15

463 5728 580 5809 (Prosp.
600 5732 673 5810 opp.
694 5734 788 5802 1711,
815 5735 865 5790 col.
892 5727 986 5806 545);
1010 5731 1052 5802 cf.
1076 5731 1184 5788 Deusd.
1210 5732 1275 5794 Lib.
1298 5732 1338 5801 II,
1363 5752 1386 5789 c.
1413 5733 1441 5802 5,
1466 5734 1484 5788 l.
1502 5734 1519 5788 l.
1540 5752 1573 5807 p.
1600 5732 1672 5788 323.
1699 5733 1774 5790 325.
