4386 6390
455 338 520 402 522
750 343 930 402 GERHOHI
952 343 1188 402 PRAEPOSITI
1208 341 1616 400 REICHERSBERGENSIS
1639 342 1807 398 LIBELLI.

937 532 1106 620 Dignam·
1124 547 1290 620 promptus
1313 530 1440 619 inperil'

937 639 1076 704 Nostro⁰
1100 639 1230 728 refusus
1247 640 1380 726 pectori.

941 762 985 828 Os
1008 765 1129 852 linqua,
1152 787 1248 844 mens,
1271 761 1401 828 scissusl
1424 764 1514 850 otyor·

942 869 1178 959 Confessionem
1195 883 1375 956 personent,

939 976 1151 1042 Flammesoat
1171 979 1243 1064 igne
1266 978 1394 1057 caritas,

938 1081 1101 1148 Accendat
1122 1081 1223 1148 ardor
1236 1084 1414 1170 prosimos.

938 1207 1104 1288 Praesta⁶,
1127 1205 1223 1272 Pater
1238 1207 1400 1294 ps'a'ssime,

938 1313 1091 1400 Patrique
1113 1337 1243 1400 compar
1265 1315 1366 1394 unice,

944 1419 1021 1486 Cum
1046 1418 1173 1508 Spiritu
1192 1420 1355 1506 paraclito

938 1527 1088 1614 Regnans
1106 1551 1167 1613 per
1190 1551 1277 1591 omne
1299 1527 1468 1591 saeculum.
1502 1526 1614 1592 Amen.
2115 1549 2171 1589 rr

568 1655 619 1718 19.
654 1651 697 1717 Ι).
728 1651 774 1717 Ut
788 1651 928 1734 videtur,
951 1661 987 1716 tu
1002 1651 1052 1716 vis
1076 1651 1110 1714 in
1133 1649 1195 1714 hac
1219 1649 1364 1715 oratione
1388 1651 1599 1714 assertionem
1623 1649 1664 1715 de
1681 1659 1797 1738 quarta
1811 1649 1928 1736 vigilia
1951 1648 2102 1732 claudere,

459 1757 518 1824 sed
541 1781 630 1846 rogo,
659 1769 695 1824 ut
724 1757 830 1823 adhuc
861 1756 1028 1846 paululum
1058 1756 1134 1821 inde
1164 1755 1307 1844 loquaris
1337 1753 1543 1840 insinuando,
1572 1757 1643 1844 quis
1675 1759 1881 1845 antiquorum
1913 1757 2105 1821 tirannorum

459 1863 557 1931 fuerit
578 1866 680 1952 ipsius
705 1866 812 1952 quarti
830 1863 1023 1929 Antichristi
1045 1861 1266 1950 preambulus,
1290 1873 1326 1927 ut
1347 1861 1476 1928 Pharao
1500 1863 1650 1950 primum,
1673 1861 1979 1928 Nabuchodonosor
2002 1885 2107 1928 secun-

461 1970 547 2056 dum,
571 1971 744 2038 Balthasar
767 1971 904 2038 tercium
927 1968 1238 2058 preambulavernnt
1259 1968 1506 2035 Antichristum.

566 2079 610 2144 M.
645 2078 699 2142 De
722 2076 820 2142 rebus
843 2099 882 2142 ac
906 2074 1107 2164 temporibus
1130 2077 1196 2142 iam
1215 2077 1378 2164 preteritis
1400 2099 1461 2164 per
1476 2087 1583 2142 certas
1605 2075 1767 2164 hystorias
1790 2076 1966 2142 notificatis
1991 2087 2111 2142 certum
2127 2100 2148 2139 a

460 2184 540 2274 quid
562 2184 652 2272 loqui
673 2185 847 2271 potuimus,
866 2205 981 2248 verum
1004 2181 1046 2247 de
1069 2182 1185 2248 futuris
1209 2184 1314 2269 magis
1338 2181 1552 2248 coniectando
1569 2206 1667 2271 quam
1690 2182 1866 2249 asserendo
1889 2182 1980 2271 loqni
2003 2206 2111 2270 possu-

460 2315 542 2375 mus,
571 2301 607 2356 ut
630 2300 705 2355 ante
729 2312 787 2354 nos
810 2288 947 2377 legimus
971 2288 1198 2354 coniectatum.
1240 2288 1335 2354 Multi
1358 2289 1479 2378 quippe
1502 2289 1701 2374 autumant‘,
1732 2287 1818 2378 quod
1840 2289 2025 2356 Antiochus
2040 2291 2113 2377 Epi·

294 2473 318 2518 d
333 2479 342 2515 ¹
358 2475 444 2519 mm
461 2398 553 2463 fanes
582 2397 687 2462 ultimi
709 2395 902 2462 Antichristi
931 2394 1141 2483 preambulus
1168 2395 1276 2478 fuerit,
1305 2395 1393 2485 qnod
1420 2394 1557 2484 perinde
1588 2398 1666 2461 satis
1691 2407 1740 2461 est
1769 2396 1938 2481 credibile,
1963 2399 2042 2484 quia
2063 2396 2114 2462 ille

321 2529 422 2580 nasas.
461 2505 546 2570 ultra
568 2503 701 2569 modum
717 2501 855 2591 cupidus
879 2513 911 2568 et
934 2525 1053 2568 avarus
1076 2502 1233 2590 templum
1248 2503 1393 2586 Domini,
1410 2502 1506 2591 quod,
1524 2525 1599 2568 cum
1615 2503 1723 2568 adhuc
1746 2515 1861 2568 sancta
1884 2505 2003 2569 civitas
2026 2503 2114 2568 habi·

461 2621 586 2677 taretur
615 2613 649 2675 in
672 2611 759 2675 omni
782 2631 865 2697 pace
888 2631 909 2673 a
932 2609 1070 2676 Seleuco
1093 2633 1171 2696 rege
1193 2610 1293 2676 Asiae
1323 2609 1460 2698 aliisque
1490 2608 1625 2698 regibus
1648 2609 1785 2674 ditamm
1809 2621 1841 2675 at
1864 2620 2016 2676 ornatum
2046 2609 2113 2692 fuit,
2131 2633 2155 2673 n

463 2719 511 2784 sic
546 2717 698 2804 spoliavit
727 2739 766 2781 ac
794 2715 994 2803 profanavit,
1025 2725 1061 2782 ut
1089 2739 1150 2805 per
1179 2739 1253 2782 enm
1283 2714 1500 2804 compleretur
1533 2715 1753 2804 hystorialiter
1787 2715 1875 2803 quod
1908 2717 2116 2804 precinuerat

340 2834 595 2898 r·.rs‚1.sanctus
618 2821 730 2888 David
754 2822 883 2888 dicens:
914 2823 1013 2905 Deus,
1043 2837 1191 2889 venerunt
1209 2837 1313 2912 penae
1339 2827 1374 2888 in
1397 2824 1595 2890 heriditatem
1619 2833 1737 2906 tuam,
1760 2825 1948 2912 polluerunt
1969 2827 2115 2912 templum

463 2946 602 2997 sanctum
632 2945 729 3012 mum,
755 2943 929 3018 posuerunt
950 2929 1124 2995 Ierusalem
1153 2933 1185 2995 in
1208 2954 1376 3016 pomorum
1407 2931 1581 2996 custodiam
1612 2939 1645 2995 et
1667 2939 1778 2994 cetera
1806 2929 2046 3014 lamentabilia,
2077 2929 2115 2994 de

299 3036 445 3141 ‘sffffffb
464 3036 581 3126 quibus
611 3059 677 3102 non
707 3046 756 3101 cst
791 3034 887 3101 modo
919 3034 1094 3101 dicendum
1124 3058 1183 3123 per
1213 3035 1353 3122 singula,
1385 3058 1459 3101 curn
1489 3037 1524 3100 in
1553 3035 1645 3101 libris
1675 3035 1930 3102 Machabeorum
1961 3037 2042 3102 satis
2071 3037 2116 3100 in-

283 2583 445 2633 {Maeliani

464 3144 623 3227 veniatur,
639 3143 769 3231 ¹quanta
786 3144 821 3207 in
839 3142 911 3208 loco
931 3155 1043 3208 sancto
1062 3143 1187 3206 steterit
1210 3140 1428 3207 abhominatio
1448 3141 1666 3226 desolationis,
1689 3166 1764 3208 cum
1776 3153 1809 3208 et
1830 3145 1938 3230 ipsum
1961 3143 2116 3230 templum
2134 3167 2157 3206 a

464 3249 595 3338 plenum
618 3249 716 3315 fuerit
740 3250 951 3315 scortantium
975 3248 1130 3314 etaltera
1155 3257 1301 3313 sanonum
1324 3271 1384 3336 per
1399 3247 1513 3314 illicita
1536 3249 1698 3315 sacrificia
1713 3249 1969 3338 coinquinatum,
1987 3249 2116 3336 quando

466 3367 498 3422 et
529 3367 660 3422 sanctus
689 3357 775 3444 ignis
804 3355 942 3442 legitimi
972 3365 1048 3421 tunc
1077 3355 1239 3438 sacrificii,
1264 3355 1319 3442 qui
1341 3377 1402 3442 per
1423 3355 1521 3420 LXX
1545 3379 1647 3421 annos
1669 3355 1892 3444 Babylonicae
1918 3357 2117 3444 captivitatis

466 3462 526 3528 sub
550 3486 636 3551 aqna
650 3465 788 3546 vixerat,
813 3472 863 3527 est
885 3463 1048 3526 extinctus
1063 3460 1225 3527 Antiocho
1248 3484 1325 3548 rege
1342 3461 1451 3526 Iasoni
1474 3462 1636 3527 vendente
1660 3462 1889 3529 sacerdotium.
1927 3463 2003 3528 Hoc
2020 3465 2117 3549 signi·

465 3569 542 3635 ficat
556 3570 740 3656 Augustino
756 3578 921 3634 asserente
945 3569 1052 3654 ignem
1076 3569 1181 3633 sancti
1198 3568 1337 3655 Spiritus
1361 3570 1557 3656 symoniacis
1574 3591 1639 3634 non
1654 3567 1763 3636 lucere
1780 3572 2003 3635 sacramentis.
2037 3569 2117 3635 Item

466 3675 554 3741 idem
576 3675 692 3740 beatus
715 3676 797 3740 ait1:
825 3675 892 3754 Qui
911 3675 1023 3762 Ioseph
1047 3689 1164 3740 emerat
1189 3677 1345 3741 eunrrchus
1360 3677 1442 3766 fuit.
1490 3676 1541 3742 Ita
1564 3679 1594 3742 is
1616 3679 1676 3764 qui
1692 3680 1831 3764 qratiam
1853 3681 1959 3742 sancti
1976 3677 2119 3764 Spiritus
2134 3701 2174 3741 n«

467 3775 623 3848 mercatur
645 3786 752 3849 uiuum
774 3807 874 3847 semen
898 3806 960 3847 nou
984 3783 1074 3847 habet
1094 3785 1189 3848 siccis
1209 3785 1408 3869 genitalibus.
1446 3781 1555 3847 Idem:
1581 3782 1623 3849 Si
1641 3808 1703 3848 non
1726 3786 1775 3848 vis
1797 3786 1927 3871 corripi,
1950 3784 2010 3848 sed
2031 3808 2119 3848 amaa

468 3905 497 3956 et
514 3891 711 3978 amplecteris
726 3904 856 3978 peccata
875 3903 929 3954 tua
948 3891 1125 3953 contrarius
1144 3914 1175 3953 es
1198 3887 1331 3954 Chresto.
1374 3888 1464 3954 Intres
1482 3892 1528 3954 aie
1539 3891 1633 3978 fores
1651 3892 1707 3972 aaa,
1732 3892 1910 3955 conuarius
1929 3915 1960 3955 es
1982 3889 2117 3955 Christo.

468 3997 626 4062 Intrasses
642 3997 735 4083 forie
757 3999 813 4078 sis,
836 3995 1051 4060 Antichristus
1074 4020 1114 4059 es.
1162 3994 1251 4059 Intus
1273 3999 1318 4060 sis
1334 3997 1428 4085 for-sir
1449 3999 1506 4078 sis,
1523 3997 1624 4082 palea
1647 4021 1687 4062 es.
1738 3996 1851 4062 Omnes
1873 3999 1956 4062 enim
1978 3997 2119 4078 heretici,

363 4129 392 4172 u.
401 4132 447 4170 111.
469 4128 572 4169 omnes
594 4105 770 4168 seminatici
791 4105 844 4167 'eso
865 4103 955 4167 nobu‘e
978 4104 1129 4183 em'erunt,
1154 4101 1249 4166 idest
1266 4127 1305 4166 ec
1320 4103 1450 4167 ecclesia
1466 4117 1585 4185 exerent,
1608 4103 1665 4168 sed
1682 4127 1744 4168 non
1762 4105 1892 4184 enitent,
1915 4106 1949 4168 si
1968 4127 2008 4168 ea
2029 4104 2119 4168 nobis

468 4225 567 4276 essent
588 4224 752 4296 numquam
769 4211 897 4274 unirent.
933 4207 986 4271 Ex
1009 4206 1121 4271 talium
1143 4209 1373 4272 numerositate
1396 4209 1492 4272 nimis
1516 4206 1703 4273 abundante
1727 4209 1761 4272 in
1775 4208 1897 4274 ultimis
1916 4206 2117 4295 temporibus
2135 4231 2174 4273 ss-

467 4316 599 4381 ultimus
626 4314 857 4397 Antichristus,
885 4315 980 4400 quasi
1007 4312 1088 4378 alter
1109 4312 1291 4378 Antiochus
1313 4313 1492 4379 invalescet
1516 4325 1628 4380 contra
1654 4337 1778 4402 paucos
1808 4315 1939 4380 electos.
1985 4314 2118 4380 Macha-

363 4495 366 4502 ,
467 4422 602 4488 beorum
626 4421 757 4504 similes,
789 4419 846 4486 sed
876 4419 963 4484 idem
993 4421 1056 4506 ipsi
1085 4419 1162 4485 licet
1184 4421 1282 4506 pauci
1305 4418 1460 4485 adversus
1484 4422 1591 4508 ipsum
1613 4420 1830 4508 prevalebunt
1852 4422 2032 4486 auxiliante
2057 4421 2118 4486 illis

469 4528 609 4612 Christo,
634 4529 689 4616 qui
712 4528 798 4592 hunc
814 4525 1050 4592 Antichristum
1074 4527 1143 4590 sine
1167 4549 1266 4590 manu
1289 4536 1444 4609 conteret,
1473 4529 1557 4592 sicut
1580 4529 1678 4592 etiam
1700 4527 1882 4593 Antiochus
1904 4551 1965 4615 per
1987 4529 2119 4594 Macha-

291 4641 451 4711 nnaeinsa.
469 4634 549 4700 beos
572 4635 808 4722 aliquantulum
831 4632 1017 4698 humiliatus
1041 4633 1173 4697 tandem
1195 4633 1293 4719 plaga
1319 4632 1492 4698 insanabili
1516 4657 1536 4698 a
1559 4634 1632 4700 Deo
1656 4634 1774 4721 legitur
1801 4657 1986 4721 percussus,
2016 4637 2064 4700 ita
2085 4644 2120 4700 ut

470 4765 529 4830 per
553 4741 680 4828 singula
702 4751 865 4805 momenta
888 4737 1054 4804 doloribus
1069 4741 1231 4804 viscerum
1255 4741 1324 4803 eius
1348 4751 1557 4826 augmentum
1580 4740 1784 4828 capientibus
1800 4749 1876 4806 voto
1900 4763 1935 4806 sc
1959 4740 2120 4828 obligaret
2136 4766 2174 4805 n»

382 4875 453 4917 mn.
471 4873 503 4914 se
525 4849 659 4913 Iudeum
674 4849 827 4936 futurum
850 4861 879 4912 et
899 4861 1000 4912 terras
1016 4861 1263 4935 peragraturum
1286 4871 1324 4911 ac
1346 4871 1457 4912 nomen
1480 4848 1547 4913 Dei
1563 4849 1812 4934 predicatur-um.
1851 4847 1973 4913 Iratum
1996 4864 2050 4931 est,
2073 4849 2119 4912 in-

384 4980 454 5024 nn.
472 4955 552 5041 quit,
575 4956 736 5020 mortalem
759 4978 821 5019 non
836 4956 940 5041 paria
957 4953 1024 5017 Deo
1040 4957 1162 5018 sentire.
1200 4951 1254 5018 Sic
1270 4951 1420 5038 plagatus
1444 4963 1477 5018 et
1500 4952 1685 5018 humiliatus
1708 4953 1762 5019 ille
1785 4955 1905 5041 impius
1919 4954 2122 5041 preostsndit

472 5062 505 5124 in
529 5062 702 5147 semetipso
725 5059 861 5124 formam
886 5059 1013 5146 plagae,
1037 5081 1102 5145 qua
1125 5058 1342 5123 hmniliandus
1367 5069 1416 5124 cst
1441 5059 1572 5125 ultimus
1596 5060 1825 5145 Antichristus,
1850 5083 1946 5148 quem
1971 5059 2120 5126 dominns

294 5195 453 5244 armans.
471 5167 563 5232 lesus
587 5167 758 5233 interficiet
781 5167 896 5253 spiritu
920 5166 984 5229 oris
1008 5165 1059 5229 sui
1082 5174 1115 5229 et
1137 5165 1282 5230 destruet
1304 5165 1516 5232 illustratione
1540 5164 1698 5232 adventus
1723 5169 1783 5232 sui.
1819 5167 1912 5233 Sicut
1933 5169 2022 5233 enim
2045 5178 2120 5232 tunc

472 5275 754 5362 appropinquante
782 5274 886 5359 primo
914 5270 1057 5336 adventu
1081 5270 1202 5336 Christi
1231 5273 1266 5336 in
1288 5271 1343 5337 illo
1366 5272 1558 5360 preambnlo
1581 5273 1774 5338 Antichristi
1804 5297 1939 5362 serpens
1970 5276 2120 5362 antiquus
2136 5296 2164 5338 sa

580 5455 606 5520 a)
627 5458 661 5508 D.
680 5474 701 5507 c.
773 5452 802 5520 b)
823 5456 879 5521 ing.
897 5473 918 5507 c.
990 5451 1016 5517 c)
1038 5455 1072 5506 N.
1090 5471 1112 5506 r.
1130 5454 1148 5504 f.
1168 5472 1194 5520 p.
1213 5471 1234 5505 a.
1316 5453 1343 5518 d)
1365 5472 1386 5507 s.
1405 5473 1432 5507 u.
1452 5456 1581 5526 conips.
1600 5457 1618 5507 l.
1637 5458 1655 5507 i.
1675 5473 1699 5506 c.
1719 5473 1743 5507 a.
1762 5475 1782 5508 c.
1865 5453 1891 5518 e)
1912 5459 1967 5509 Pra
1985 5455 2033 5525 pat
2050 5477 2076 5526 p.
2093 5474 2118 5524 p.

473 5565 525 5614 qua
545 5565 568 5598 c.
589 5563 615 5596 ιι.
635 5563 695 5596 cum
715 5561 735 5595 s.
755 5562 781 5611 p.
801 5561 821 5595 r.
841 5561 866 5610 p.
886 5559 950 5595 o.s.
969 5561 990 5595 c.
1062 5541 1304 5606 llantumnanta.
1377 5543 1406 5610 g)
1428 5551 1446 5596 t.
1465 5563 1492 5612 p.
1511 5551 1530 5595 t.
1550 5561 1571 5596 s.
1590 5551 1609 5597 t..
1628 5563 1654 5612 p.
1673 5547 1691 5596 i.
1711 5547 1739 5596 in
1758 5564 1784 5614 p.
1805 5547 1942 5598 cabiren
1961 5565 1982 5598 c.

583 5691 611 5762 1)
638 5690 730 5766 Epist.
747 5689 820 5746 185.
844 5691 885 5746 ad
906 5689 1089 5762 Bonifacium
1113 5686 1202 5762 §50,
1228 5689 1301 5766 Opp.
1326 5689 1366 5760 II,
1392 5691 1441 5747 col.
1461 5689 1534 5748 663.
