4544 6420
470 424 532 485 138
723 475 724 480 ,
761 429 939 485 GERHOHI
962 419 1188 485 PRAEPOSITI
1211 389 1628 485 RsslQHnRssnRGEnsls
1652 427 1817 483 LIBELLI.

470 615 664 702 Oalumpnia
688 639 744 680 seu
768 615 974 698 Inimicitiae,
1005 616 1159 701 deinceps
1184 621 1322 682 vocetur
1344 617 1505 682 Latitudo.
1554 615 1796 696 Quodnomen
1826 614 1888 678 fuit
1910 615 2000 700 putei
2029 615 2120 677 tercii

471 724 619 810 superius
643 724 754 805 notati,
780 746 877 810 quem
901 722 984 788 fodit
1006 725 1192 809 patriarcha
1214 720 1335 806 Ysaac,
1359 747 1418 810 pro
1443 748 1505 812 quo
1530 723 1618 788 nulla
1641 723 1703 786 fuit
1726 722 1899 785 contentio.

577 830 622 893 Et
644 829 718 894 ideo
743 853 762 894 a
786 829 879 894 nobis
896 853 1025 917 quoque
1043 829 1128 893 absit
1144 833 1248 894 omnis
1266 833 1440 912 contentio,
1465 833 1570 916 sitque
1587 852 1645 916 pro
1662 829 1722 910 his,
1748 829 1803 914 qui
1827 827 1985 893 hactenus
2010 840 2121 892 contra

470 960 529 1002 nos
554 935 800 1016 contenderunt,
833 936 901 1000 sola
931 936 1025 1001 nobis
1056 937 1099 1000 ad
1122 937 1229 1002 Deum
1254 939 1458 1024 supplicatio,
1490 949 1650 1024 quatenus
1680 937 1750 1022 ipse
1774 947 1839 999 tam
1863 935 1896 998 in
1921 937 2000 1020 ipsis
2025 957 2121 1020 quam

471 1045 505 1108 in
529 1043 624 1108 nobis
648 1055 759 1126 mutet,
785 1043 872 1130 quod
897 1065 974 1108 suae
991 1045 1153 1108 maiestati
1170 1044 1336 1131 displicet,
1362 1045 1566 1126 confirmans,
1592 1043 1679 1130 quod
1702 1041 1943 1128 beneplacitum
1959 1041 2068 1123 habet,
2090 1052 2123 1104 ut
2148 1067 2162 1104 s

472 1151 602 1215 tandem
626 1152 750 1236 pariter
772 1149 922 1214 bibamus
947 1150 987 1214 de
1010 1161 1107 1237 puteo
1133 1163 1257 1237 quarta,
1283 1154 1338 1238 qni
1363 1151 1482 1216 dicitur
1497 1150 1741 1232 Habundantia,
1766 1161 1921 1234 tanquam
1944 1147 2045 1212 nichil
2068 1147 2123 1211 ha·

472 1257 586 1322 bentes
611 1269 643 1320 et
667 1259 774 1322 omnia
798 1257 1013 1343 possidentes,
1038 1259 1121 1322 sicut
1146 1269 1289 1343 egentes,
1314 1257 1431 1324 multos
1455 1271 1563 1322 autem
1587 1256 1838 1342 locupletantem
1863 1278 1927 1319 non
1952 1255 2123 1318 deficiente

473 1365 603 1429 divinae
628 1363 788 1450 largitatis
812 1377 920 1450 puteo,
952 1365 1007 1450 qui
1031 1364 1097 1429 dici
1121 1376 1227 1450 potest
1251 1364 1494 1429 Habundantia.
1544 1364 1706 1444 Quoniam
1737 1364 1809 1449 ipsa
1832 1362 1897 1426 Dei
1927 1361 2055 1426 bonitas
2087 1385 2125 1424 ac

473 1471 696 1535 misericordia
720 1471 840 1534 electos
864 1494 884 1534 a
908 1493 942 1533 se
959 1482 1133 1557 preventus
1157 1470 1421 1536 habundantibus
1446 1470 1576 1534 auxiliis
1601 1479 1633 1533 et
1654 1470 1831 1554 gratiarum
1848 1468 1941 1534 donis
1965 1470 2010 1532 ita
2027 1469 2125 1532 comi·

474 1589 570 1658 tatur,
602 1589 635 1641 et
666 1576 906 1664 subsequitum,
938 1591 973 1642 ut
996 1580 1110 1642 merito
1135 1601 1155 1642 a
1179 1578 1323 1664 quolibet
1347 1578 1523 1641 electorum
1554 1578 1587 1640 in
1611 1576 1689 1640 talia
1711 1575 1935 1640 habundantia
1959 1587 2124 1639 cantetur:
2149 1601 2173 1638 ιο

318 1685 631 1758 retransmisimus
654 1689 735 1772 repit
757 1711 814 1766 ore,
839 1701 866 1749 et
890 1687 991 1750 nr'clu'l
1012 1687 1113 1750 rru'clri
1134 1686 1233 1750 deerit
1261 1708 1364 1771 usque
1396 1701 1424 1752 et
1447 1685 1667 1750 rrrr'sericordia
1691 1699 1744 1748 tuo.
1767 1685 1967 1768 subsequetur
1988 1709 2036 1746 ‘me
2063 1709 2125 1745 orra-

474 1794 566 1856 ru'bns
590 1793 699 1857 diebus
725 1795 804 1857 re'tue
828 1817 923 1872 rrreue,
948 1808 981 1857 ut
1005 1794 1172 1858 inhabitem
1197 1797 1230 1856 iu
1254 1794 1344 1856 domo
1370 1793 1505 1856 Domini
1526 1795 1559 1856 iu
1584 1791 1808 1878 lonpr'turlineru
1833 1791 1965 1854 dierum.

581 1898 675 1980 Puto,
707 1898 794 1985 quod
825 1899 911 1962 istud
942 1921 1074 1962 carmen
1097 1900 1260 1962 veraciter
1283 1898 1474 1963 canentibus
1506 1909 1616 1984 pateat
1645 1897 1824 1962 latitudinis
1850 1908 1882 1960 et
1904 1895 2126 1982 habundantie

475 2004 701 2069 desiderabilis
726 2017 851 2091 puteus,
876 2006 973 2069 immo
998 2005 1069 2069 fons
1093 2006 1317 2070 inexhaustus.
1352 2005 1491 2091 Propter
1514 2027 1610 2090 quem
1635 2003 1898 2090 consequendum
1915 2002 2046 2066 diversa
2061 2004 2125 2066 iam

476 2111 633 2197 opuscula
657 2112 868 2198 scriptitando
881 2117 901 2193 ¹,
927 2113 1020 2197 quasi
1044 2111 1198 2176 fodiendo
1222 2111 1450 2176 laboravimus.
1493 2111 1638 2192 Quorum
1662 2109 1890 2197 opusculorum
1915 2111 1975 2174 iste
1999 2108 2126 2173 libellus
2149 2134 2173 2172 ts

476 2219 598 2304 primus
623 2218 684 2281 fuit
708 2219 798 2281 iussu
822 2231 854 2282 ct
877 2230 993 2304 rogatu
1017 2219 1091 2284 Deo
1116 2219 1226 2282 dilecti
1250 2219 1496 2304 llatisponensis
1521 2219 1666 2304 episcopi
1691 2211 1880 2304 Clhbnonis]
1907 2217 2125 2301 conscriptum

359 2349 456 2388 ansa.
477 2347 573 2410 quem
598 2323 652 2388 illo
678 2323 830 2388 defunctu
855 2325 943 2410 apud
967 2348 1026 2388 nos
1051 2326 1267 2389 continuimus
1292 2339 1324 2389 ct
1347 2327 1459 2412 paucis
1483 2325 1656 2388 lectionem
1680 2325 1749 2387 eius
1773 2322 1975 2386 indulsimus.
2004 2323 2127 2385 Verum

477 2433 554 2517 quia
581 2442 626 2512 tu,
658 2431 760 2494 frater
789 2433 821 2494 in
846 2431 988 2496 Domino
1013 2431 1195 2513 karissime,
1221 2433 1313 2496 cuius
1338 2433 1462 2496 caritati
1493 2432 1600 2495 omnia
1631 2429 1735 2494 debeo
1767 2453 1829 2515 que
1854 2429 2030 2492 adiuvante
2054 2429 2127 2492 Deo

477 2561 619 2624 possum,
651 2537 795 2623 postulas
820 2539 915 2600 istum
940 2536 1083 2602 libellum
1109 2537 1166 2601 tibi
1199 2539 1371 2622 legendum
1396 2551 1428 2602 ct
1452 2539 1597 2602 fortassis
1621 2536 1930 2616 transscribendum,
1962 2547 2058 2621 atque
2083 2537 2128 2599 ita

392 2668 457 2708 ur.
476 2656 584 2730 potest
607 2645 807 2729 contingere,
832 2654 867 2707 ut
891 2644 990 2707 semel
1015 2646 1167 2708 emissum
1192 2645 1278 2708 volet
1302 2643 1514 2708 irrevocabile
1537 2643 1713 2708 verbuml:
1745 2667 1823 2728 rogo
1848 2655 1890 2723 te,
1915 2655 1950 2706 ut
1975 2643 2128 2706 'attctori
2147 2669 2172 2706 so

477 2763 570 2832 tates,
596 2774 677 2837 quas
701 2773 742 2813 ex
767 2750 866 2814 latere
891 2751 1038 2836 apposui,
1062 2764 1097 2814 tu
1114 2775 1242 2836 quoque
1267 2774 1361 2815 cures
1385 2775 1567 2838 apponere,
1592 2764 1626 2815 ut
1650 2774 1691 2814 cx
1715 2751 1765 2814 bis
1790 2752 1884 2836 quasi
1906 2749 2059 2814 tabulatis
2076 2749 2128 2812 vel

477 2859 577 2922 muris
602 2858 703 2922 firmis
728 2859 891 2920 munimur
914 2868 1059 2920 nostrum
1083 2857 1257 2938 editicium,
1282 2859 1374 2922 iuxta
1398 2858 1478 2943 legis
1502 2858 1689 2922 mandatum
1714 2857 1851 2922 dicentis
1876 2858 1908 2920 in
1925 2856 2128 2921 Deuterono-

320 2989 458 3038 nous.sa,s.
477 2966 558 3028 mio:
588 2965 666 3028 (lunt
690 2965 889 3051 edifices-cris
914 2965 1036 3028 domurn
1062 2991 1184 3045 ιιιιιιιιιιι,
1208 2968 1318 3054 furies
1349 2992 1471 3029 rrurrurn
1502 2969 1574 3030 tecti
1587 2991 1651 3052 per
1674 2969 1850 3045 rireuitrun,
1882 2991 1918 3028 rre
1948 2965 2130 3050 effrcndutur

477 3075 607 3158 scripura
640 3075 672 3136 iu
704 3073 794 3136 dorric
825 3087 895 3152 trau·
930 3086 957 3135 et
985 3075 1031 3136 sis
1060 3099 1132 3136 reus
1163 3074 1280 3136 lubente
1307 3073 1437 3157 aliquot
1469 3088 1497 3136 et
1527 3076 1558 3135 in
1581 3097 1716 3158 preceps
1746 3087 1869 3152 ruente,
1903 3072 1980 3134 item
2011 3071 2065 3134 lex
2096 3072 2128 3133 in

342 3185 458 3279 llffi‘lfflr
475 3177 595 3244 Exodo
621 3177 714 3242 dicit:
747 3177 880 3264 Siquis
903 3181 1063 3264 operuerit
1086 3183 1252 3243 ‹a'sternara
1276 3195 1304 3242 et
1318 3179 1456 3266 j'oderit,
1487 3193 1515 3242 et
1545 3204 1603 3242 rroa
1635 3182 1792 3264 operuerit
1814 3205 1892 3258 eura,
1924 3179 2130 3263 cecideritque
2149 3203 2174 3240 rs

478 3289 531 3351 bos
558 3287 606 3350 cel
627 3289 736 3348 asinus
761 3288 794 3348 in
817 3311 895 3364 eune.
921 3286 1065 3349 derisimus
1089 3290 1240 3350 cisternae
1263 3287 1373 3349 reddet
1387 3289 1532 3371 precium
1560 3289 1772 3349 elimatorum.
1810 3285 1902 3362 erod
1923 3300 2022 3348 nutem
2050 3309 2130 3348 mor·

479 3408 562 3456 tuma
594 3407 651 3471 est,
685 3395 786 3478 ipsius
816 3395 883 3456 erit.
938 3391 1096 3476 Apposite
1128 3393 1227 3476 igitur
1257 3415 1299 3454 ex
1329 3391 1429 3455 latere
1461 3392 1513 3455 vel
1545 3393 1641 3454 ctiam
1673 3391 1841 3455 dictamini
1871 3403 1981 3454 nostro
2009 3391 2130 3454 inserte

479 3510 665 3562 sanctorum
681 3499 901 3574 auctoritates,
921 3511 956 3562 ut
972 3498 1100 3562 edificio
1124 3510 1233 3562 nostro
1259 3499 1322 3562 sint
1346 3500 1580 3562 munimentum
1598 3511 1630 3562 et
1646 3500 1786 3586 cisteme
1810 3510 1920 3586 nostre
1944 3499 2007 3560 sint
2024 3498 2129 3583 operi-

478 3617 633 3686 mentum,
664 3629 716 3686 ne,
745 3627 803 3690 per
827 3605 928 3668 nostri
953 3606 1156 3668 ‹rccasionem
1182 3606 1291 3691 aliquo
1315 3605 1348 3668 in
1372 3627 1509 3691 preceps
1534 3619 1657 3682 nterrte,
1689 3629 1747 3668 nes
1770 3607 1933 3691 patiamur
1956 3604 2129 3668 detrimen-

479 3723 556 3776 tum.
605 3711 697 3778 Sicut
720 3734 802 3798 pene
827 3711 965 3776 antchac
990 3711 1083 3775 nobis
1107 3712 1237 3792 accidit,
1268 3712 1398 3796 quando
1430 3713 1510 3775 exiit
1541 3735 1646 3775 sermo
1670 3713 1754 3774 inter
1777 3712 1892 3774 fratres
1918 3711 2131 3776 claustrorum
2150 3738 2176 3776 so

479 3818 642 3899 barbatos,
675 3818 761 3904 quod
793 3817 833 3880 ab
866 3817 995 3882 edificio
1027 3819 1099 3898 isto,
1131 3818 1171 3880 dc
1196 3841 1260 3903 qno
1285 3818 1336 3882 hic
1361 3819 1476 3902 agitur,
1508 3817 1742 3882 excluserimus
1766 3818 1847 3898 illos,
1879 3841 1953 3882 cum
1976 3818 2131 3882 videlic-et

479 3927 611 3990 mininie
636 3924 851 4003 attenderent,
877 3948 911 3988 sc
936 3927 969 3987 in
992 3919 1126 3988 nurnero
1151 3926 1384 4010 paenitentiam
1410 3925 1660 4010 comprehensos
1685 3947 1767 4009 eque
1792 3936 1826 3988 ut
1849 3925 2042 4006 monachos3
2068 3927 2129 3988 nisi

480 4033 562 4096 forte
580 4033 692 4095 vivant
715 4033 760 4094 ita
784 4030 948 4110 dissolute,
973 4043 1008 4094 ut
1032 4054 1096 4093 non
1120 4043 1251 4094 servent
1274 4032 1363 4116 leges
1388 4033 1594 4117 penitentiae.
1636 4032 1760 4096 Offensi
1785 4045 1859 4095 sunt
1882 4033 1980 4096 ctiam
1997 4031 2130 4118 quidam

479 4138 599 4202 literati
624 4137 822 4212 claustrales,
854 4149 919 4201 tarn
944 4137 1093 4201 monachi
1118 4161 1216 4223 quarn
1241 4139 1390 4201 canonici
1414 4138 1589 4222 regulares,
1621 4161 1679 4224 pro
1704 4161 1742 4202 eo
1767 4138 1853 4224 quod
1876 4136 2050 4224 publicatis
2075 4161 2130 4224 pa-

481 4255 564 4308 trum
589 4245 717 4329 scriptis
741 4244 782 4308 de
807 4243 997 4329 quartandis
1022 4243 1156 4308 decimis
1183 4255 1214 4307 et
1238 4243 1454 4308 oblationibus
1486 4247 1547 4330 ipsi
1572 4245 1761 4308 riderentur
1784 4246 1877 4330 argui
1902 4247 2130 4330 transgressio·
2151 4273 2177 4312 as

481 4353 541 4432 nis,
567 4373 604 4414 eo
629 4351 717 4436 quod
740 4374 800 4414 nec
825 4350 972 4414 decimae
997 4373 1057 4414 nec
1082 4349 1261 4414 oblationes
1281 4363 1472 4436 ‹prartantur
1495 4353 1527 4415 in
1545 4353 1758 4416 communiter
1774 4353 1953 4414 viventium
1971 4351 2129 4416 claustris.

480 4459 605 4522 Harum
632 4469 663 4520 ct
687 4457 838 4520 similium
864 4457 1078 4520 offensionum
1103 4471 1177 4520 ante
1203 4470 1348 4521 actarum
1373 4481 1436 4522 non
1461 4460 1653 4522 inmemores
1678 4469 1710 4522 et
1734 4457 1773 4522 de
1798 4459 1913 4521 futuris
1938 4481 2056 4522 cavere
2076 4482 2131 4519 vo-

481 4565 584 4629 lentes
608 4565 747 4649 quedam
772 4563 988 4649 decerpendo,
1020 4564 1161 4649 quedam
1192 4564 1375 4645 addend00,
1407 4564 1569 4628 dictamen
1600 4577 1744 4628 nostrum
1769 4566 1959 4649 castigatius
1982 4565 2130 4628 fecimus.

482 4671 702 4736 Auctoritatcs
727 4693 804 4734 vero
829 4681 967 4757 patrum,
993 4669 1110 4756 quibus
1136 4693 1195 4734 nec
1220 4670 1296 4734 addi
1319 4695 1380 4734 nec
1405 4671 1537 4757 decerpi
1562 4674 1737 4758 quicquam
1761 4672 1861 4752 licuit,
1885 4674 2003 4757 partim
2026 4673 2132 4735 textui

483 4779 639 4842 sermonis
663 4779 764 4840 nostri
781 4789 1003 4863 competenter
1025 4778 1232 4858 inseruimus,
1257 4779 1373 4863 partim
1390 4779 1422 4841 in
1439 4778 1539 4841 latere
1557 4779 1776 4863 apposuimus.
1814 4778 1940 4858 Quibus
1957 4778 2132 4863 diligenter
2151 4805 2177 4844 so

482 4885 637 4970 inspectis
661 4907 719 4947 nos
743 4885 892 4947 imnunes
916 4884 984 4947 fore
1010 4883 1171 4947 credimus
1196 4895 1228 4946 et
1252 4907 1360 4948 coram
1378 4885 1451 4948 Deo
1475 4884 1697 4966 excusabiles3
1723 4887 1849 4949 etiamsi
1871 4885 1995 4971 aliquos
2012 4885 2053 4948 de
2070 4885 2129 4966 his,

316 4990 600 5078 1.r0a.a,e.quibus
625 4992 694 5076 ipse
720 4989 866 5054 Christus
892 5001 939 5052 est
971 4993 1055 5076 lapis
1080 4994 1262 5077 ‹gfferssiouis
1290 5005 1318 5055 et
1335 5007 1427 5077 petra
1456 4993 1612 5070 serurrduli,
1644 4993 1810 5076 continget
1839 4993 1872 5055 in
1897 4991 1991 5056 dictis
2015 4993 2131 5054 nostris

330 5126 378 5165 ros.
388 5126 420 5174 rs,
430 5124 463 5164 as.
483 5097 604 5162 offendi
628 5107 660 5160 et
684 5097 909 5160 scandalizari.
946 5095 1028 5160 Cum
1047 5098 1131 5160 enim
1156 5097 1225 5182 ipse
1251 5097 1419 5182 discipulis
1444 5099 1509 5160 suis
1527 5097 1631 5162 dicat:
1658 5099 1878 5162 Sisernrouenr
1905 5124 2004 5162 eirea-m
2027 5123 2131 5161 serra-

485 5219 601 5284 reruut,
632 5219 659 5268 et
690 5220 820 5268 reanum
852 5206 1029 5284 servabunt,
1059 5207 1092 5268 si
1119 5229 1165 5266 rue
1189 5207 1352 5289 persecuti
1378 5220 1459 5282 srrrrt,
1490 5220 1518 5268 et
1546 5231 1597 5268 ros
1614 5220 1850 5290 persequentur,
1882 5227 1945 5266 non
1976 5201 2131 5267 debemus

483 5311 658 5390 ammirari,
683 5311 709 5372 si
734 5311 802 5372 eius
826 5311 975 5373 inimicos
1000 5311 1165 5394 continget
1187 5307 1281 5372 nobis
1306 5321 1439 5395 propter
1462 5311 1643 5390 veritatem,
1673 5333 1756 5394 quae
1781 5309 1893 5373 inillis
1910 5309 2019 5372 odium
2036 5311 2130 5394 parit,
2152 5337 2179 5374 ss

482 5417 646 5481 inimicari
670 5429 702 5480 et
725 5428 897 5502 propterca
921 5417 954 5482 in
978 5416 1072 5480 dictis
1097 5415 1269 5480 veracibus
1293 5415 1413 5480 offendi
1438 5427 1469 5480 et
1494 5416 1718 5480 scandalizari.

591 5565 617 5624 a)
639 5565 820 5626 subsequetur
838 5581 858 5612 c.
932 5561 960 5624 b)
983 5561 1037 5612 alio
1058 5562 1128 5628 Vulp
1202 5559 1227 5622 c)
1250 5563 1361 5612 attendo
1380 5580 1400 5612 c.

594 5691 623 5760 1)
649 5691 715 5747 Scil.
728 5699 795 5764 post
805 5690 932 5764 priorem
957 5690 1143 5746 recensionem
1168 5689 1247 5745 lartius
1270 5689 1353 5745 libelli
1370 5689 1518 5765 Dialopurn
1537 5698 1562 5745 et
1584 5690 1745 5746 Tractatum
1762 5693 1796 5747 ele
1811 5690 1939 5747 sinantia.
2011 5690 2040 5761 2)
2059 5691 2132 5748 Hor.

486 5800 542 5874 Ep.
568 5798 592 5868 J,
617 5798 665 5866 18,
682 5798 731 5852 71.
