4386 6390
493 359 687 434 narnuslo
711 378 788 435 nno
814 379 926 435 rmus
949 379 1302 436 Pansarrnnonuu.
1398 383 1400 388 ·

395 563 455 628 Est
478 585 601 629 vacuus
624 587 732 648 sensu,
757 567 903 653 quisquis
927 576 1020 650 rogat
1041 564 1099 630 hos
1124 566 1193 630 sine
1217 587 1327 630 censu.

394 669 483 734 Dum
506 693 604 756 prece
628 681 847 758 temptantur*
871 671 950 754 sola,
973 693 1035 736 nec
1059 694 1194 736 munera
1218 671 1344 756 dantur,

395 775 492 857 Quod
515 788 667 861 statuere,
691 789 796 843 ratum
820 789 969 843 servatur
991 789 1024 844 et
1046 777 1246 843 inviolatum.

315 898 365 948 110
394 882 505 948 Turba
528 895 713 950 senatorum
736 925 779 933 —
803 907 909 950 mores
932 883 1016 950 bene
1040 887 1189 950 novimus
1212 885 1326 950 horum
1350 925 1393 934 -

394 990 498 1055 Omne
523 991 610 1078 quod
635 1003 683 1056 est
705 993 861 1075 vendens,
887 1003 919 1057 et
941 995 975 1057 in
999 991 1148 1057 omnibus
1171 991 1213 1056 ad
1237 991 1327 1057 lucra
1349 992 1497 1077 tendens,

392 1096 560 1162 Divitibus
583 1097 674 1182 lenis,
699 1101 844 1164 misereri
868 1101 972 1165 nescit
995 1101 1117 1185 egenis.

392 1204 523 1291 Pauper
545 1217 708 1291 peccator,
731 1206 893 1271 Dominus
915 1205 976 1271 tibi
1000 1208 1041 1271 111
1063 1207 1248 1271 miserator!

385 1303 520 1376 'Cotidie
544 1313 663 1377 crescit
685 1311 825 1395 fallacia,
850 1335 970 1400 ponere
994 1315 1099 1378 nescit

314 1433 364 1482 115
391 1417 549 1504 Nequicie
574 1429 676 1484 metas
700 1419 761 1484 hec
785 1418 985 1484 detestabilis
1010 1429 1089 1484 etas.

391 1524 511 1589 Paucis
535 1548 614 1590 cura
635 1525 723 1608 boni,
747 1526 856 1613 plures
880 1527 922 1592 ad
946 1528 1083 1592 crimina
1106 1529 1209 1614 proni,

391 1631 563 1696 Proximus
587 1643 636 1697 est
658 1633 732 1697 finis
755 1634 878 1716 mundi,
902 1634 974 1698 fera
996 1643 1111 1720 regnat
1133 1634 1276 1699 Herinis.

391 1737 487 1802 Unde
511 1741 626 1826 uigorb
649 1740 780 1823 mundo,
805 1752 899 1805 cumc
925 1742 966 1805 sit
989 1751 1087 1827 caput
1110 1742 1179 1805 eius
1202 1741 1375 1807 harundo?

391 1844 486 1910 Unde
510 1845 597 1911 salus
622 1846 701 1930 orbi,
725 1857 897 1934 postquam
921 1847 1150 1912 vehementiad
1172 1846 1277 1912 morbi

311 1967 362 2017 120
389 1951 443 2016 Ad
467 1964 565 2040 caput
588 1952 761 2018 ascendit?
785 1953 872 2042 quod
895 1956 1046 2040 nequiter
1069 1955 1177 2019 omnia
1200 1954 1322 2039 vendit,

389 2059 443 2124 Nil
465 2059 579 2125 tribuit
601 2062 712 2146 gratis.
758 2061 812 2125 De
834 2061 981 2125 Romane
1004 2062 1134 2148 pietatis

389 2165 500 2232 Ubere
523 2166 569 2231 nil
592 2167 709 2250 hausit,
734 2190 793 2233 sua
816 2168 872 2255 qui
894 2169 1059 2255 marsupia
1084 2167 1210 2233 clausit.

388 2274 452 2339 Hic
477 2273 569 2339 dolor
591 2285 640 2339 est
663 2297 823 2340 summus:
849 2274 958 2362 quod⁰
981 2276 1116 2340 vincens
1141 2275 1250 2339 omnia
1271 2279 1444 2340 nummus¹

386 2380 447 2446 Est
470 2381 571 2446 Rome
594 2381 695 2468 pluris
719 2403 816 2468 quam
841 2381 926 2446 sacri
948 2381 1062 2467 regula
1084 2381 1174 2445 iuris.

308 2503 357 2552 125
386 2488 564 2575 Postquam
588 2489 693 2552 Roma
715 2488 813 2571 cadit,
837 2487 921 2552 male
945 2509 997 2552 res
1022 2486 1084 2552 sibi
1108 2487 1239 2552 subdita
1259 2487 1389 2572 vadit‘3

385 2593 463 2658 Iura
485 2595 686 2682 reliquerunt
709 2616 820 2659 omnes
845 2605 877 2659 et
900 2616 1035 2660 munera
1058 2605 1207 2682 querunt.

387 2700 476 2766 Ordo
501 2724 593 2767 sacer
616 2713 718 2785 nutat,
743 2714 823 2766 suass
847 2701 924 2766 dum
948 2703 1109 2766 sententia
1132 2712 1235 2766 mutat

387 2807 554 2873 Pontificis
579 2810 705 2892 summi,
730 2808 889 2874 subversa
911 2809 1064 2896 cupidine
1088 2810 1221 2874 nmnmi.

385 2914 459 2980 Non
482 2917 559 3003 quia
581 2939 669 3003 papa
691 2926 785 3003 gerat
808 2918 982 3004 quicquam
1006 2915 1089 2980 male
1112 2915 1166 2980 vel
1189 2915 1281 2981 lucra
1303 2927 1428 3003 querat,

306 3038 357 3088 130
386 3021 451 3087 sed
476 3023 697 3088 circumstanti
720 3022 838 3088 turbeh
861 3033 936 3086 sunt
958 3045 1093 3087 munera
1116 3024 1208 3105 tanti,
1258 3013 1260 3018 ⁵

385 3127 518 3194 Crimen
540 3142 575 3194 ut
599 3129 715 3194 evitet¹
740 3129 873 3211 nullum,
898 3130 974 3193 dum
998 3130 1055 3193 se¹1
1078 3129 1174 3194 modo
1199 3129 1287 3194 ditet.

385 3236 447 3300 Vel
470 3236 564 3302 nobis
588 3247 733 3324 parcent,
758 3238 814 3324 qui
836 3247 904 3301 tam
927 3237 1123 3301 mordaciter
1145 3247 1258 3302 arcent

383 3332 413 3406 'A
437 3366 537 3430 grege
561 3365 620 3408 nos
644 3343 732 3426 oleri,
757 3341 810 3408 vel
832 3343 889 3407 fiet
913 3343 1053 3408 mentiol
1080 3345 1159 3426 veri,

384 3447 500 3514 Gentis
523 3451 667 3514 Romane
692 3448 862 3515 declarans
885 3451 1022 3515 crimina
1043 3450 1150 3536 plane.

305 3572 355 3621 135
383 3557 587 3644 Accipiant1¹¹
610 3558 748 3639 frenum,
772 3579 904 3644 precor3
929 3557 1039 3644 etqui
1063 3558 1110 3621 sic
1133 3557 1274 3621 alienum

384 3663 625 3751 Obprobrium¹¹
649 3676 808 3752 spectant,
832 3665 866 3728 in
889 3687 923 3728 se
949 3687 1008 3729 sua
1030 3664 1153 3728 lumina
1175 3663 1316 3746 flectant,

381 3771 525 3835 Massam
548 3771 717 3859 culparum
742 3773 798 3860 qui
820 3794 885 3837 non
908 3772 1089 3859 reputando
1113 3793 1254 3852 suarum,

382 3877 472 3942 1161ο
496 3877 612 3963 dignos
634 3901 720 3965 pena
744 3901 802 3966 pro
826 3877 900 3943 labe
924 3889 1037 3943 notant
1060 3879 1181 3943 aliena!

381 3984 448 4049 Utr
472 4007 570 4071 supra
594 3986 719 4072 scripsi,
744 3987 791 4050 sic
815 4007 873 4050 nos
897 4007 1051 4068 erramus,
1076 3996 1108 4050 et
1131 3986 1193 4072 ipsi

303 4107 352 4156 140
381 4090 520 4178 Quoque
544 4091 640 4156 modo
664 4094 815 4168 seimusc,
840 4093 867 4156 si
890 4103 966 4157 nota
989 4093 1111 4157 referre
1135 4091 1282 4157 velimus.

167 4304 194 4370 a)
215 4315 356 4360 tentantur
376 4309 403 4360 V.
482 4307 510 4372 b)
532 4309 606 4361 salus
626 4311 652 4360 V.
672 4311 707 4361 D.
784 4307 811 4373 o)
833 4317 917 4376 caput
936 4313 995 4362 eius
1014 4327 1077 4361 cum
1095 4313 1131 4361 sit
1149 4311 1253 4361 arundo
1275 4307 1343 4371 (bar.
1363 4307 1400 4373 D)
1422 4309 1449 4359 V.
1469 4309 1504 4360 D.
1581 4304 1608 4370 d)
1629 4310 1709 4360 vabe-

60 4398 166 4448 mencia
184 4396 216 4464 L,
290 4394 316 4459 6)
338 4401 404 4463 quia
423 4398 454 4449 L.
526 4395 548 4462 1)
570 4401 654 4452 stabit
671 4396 706 4451 D.
779 4399 808 4466 g)
830 4401 936 4451 dumse
951 4417 1001 4465 pro
1019 4401 1146 4450 suadum
1164 4398 1197 4449 L.
1269 4395 1297 4460 h)
1319 4398 1393 4465 plebi
1411 4397 1444 4450 L.
1516 4393 1536 4459 1)
1559 4399 1663 4449 evitent
1681 4397 1709 4448 V.

59 4481 90 4548 11)
111 4502 140 4536 so
160 4486 223 4536 dum
242 4489 324 4537 modo
344 4487 371 4538 V.
448 4486 467 4550 Ι)
489 4490 595 4540 mencio
615 4488 646 4539 L.
720 4485 756 4552 m)
778 4490 925 4555 Accipiunt
944 4488 979 4538 D.
1058 4485 1087 4551 n)
1109 4487 1236 4555 Oppr.V.
1309 4485 1337 4550 ο)
1360 4488 1422 4539 Nou
1441 4484 1522 4550 V(?).
1593 4484 1622 4553 p)
1644 4487 1711 4538 deest

60 4573 87 4623 in
106 4574 133 4624 V.
206 4571 234 4640 q)
256 4577 340 4626 simus
360 4575 387 4627 V.

169 4751 199 4829 1)
224 4754 274 4828 Os.
298 4754 430 4828 Carmen,
454 4759 531 4834 quod
551 4758 594 4816 W.
615 4757 823 4836 Wackernagel
845 4779 859 4816 e
882 4759 975 4817 codice
997 4757 1142 4816 ibrrcensi
1164 4758 1265 4815 edidit:
1288 4759 1321 4813 In
1344 4764 1422 4816 terra
1444 4777 1566 4814 summus
1589 4777 1639 4815 rex
1663 4767 1709 4816 est

58 4862 111 4918 hoc
134 4870 263 4936 tempore
286 4883 414 4920 nummus
445 4873 512 4934 etc.,·
542 4865 656 4941 Haupt,
682 4865 861 4938 ‘Zeitrchrift
876 4866 937 4937 sib·
959 4865 1113 4922 Deutsclzce
1136 4865 1265 4922 alteru!
1288 4863 1336 4936 VI,
1362 4886 1396 4942 p.
1422 4864 1503 4937 304,·
1534 4864 1656 4923 ‘Notices
1684 4874 1710 4922 et

60 4969 143 5025 extr!
167 4969 282 5040 XXXI,
298 4969 325 5040 1,
345 4990 378 5046 p.
394 4969 466 5028 124.
