4396 6390
478 385 542 447 498
769 388 949 445 GERHOHI
971 387 1208 444 PRAEPOSITI
1231 386 1639 442 REICHERSBERGENSIS
1663 385 1830 441 LIBELLI.

479 599 543 663 qua
565 577 741 662 imperator
763 573 849 638 idem
867 573 1075 638 coartabatur
1097 575 1305 638 investituras
1330 573 1626 637 ecclesiasticarum
1642 571 1837 658 dignitatum
1861 571 1928 634 iam
1947 568 2033 632 dieto
2047 593 2113 657 pape

478 684 656 768 resignare.
711 679 808 761 Quod
839 678 893 744 ille
925 679 981 743 diu
1016 679 1182 744 renuendo
1214 678 1256 743 ab
1286 680 1357 764 ipso
1389 677 1518 744 Oalixto
1549 681 1684 765 eiusque
1715 676 1842 742 duobus
1874 675 2115 741 antecessoribus

477 786 722 852 Pascha1e1a0
747 785 903 850 Gelasioss'
932 785 1039 849 iuerat
1069 786 1369 849 excommunicatus
1400 808 1474 850 cum
1505 787 1571 849 suis
1602 783 1784 849 fautoribus
1813 795 1845 848 et
1876 785 1911 846 in
1935 783 1999 846 hac
2023 805 2054 845 re
2076 783 2118 847 ud·

373 895 376 902 ’
478 892 647 974 interibus,
664 915 799 978 quorum
816 914 899 956 unus
915 890 1021 955 suerat
1036 891 1253 976 Augustensis
1277 891 1457 956 aecclesiae
1474 885 1647 978 episcopus
1657 897 1679 973 ³,
1704 892 1806 972 euius,
1831 891 1911 977 quia
1934 899 2014 953 tune
2030 911 2119 953 sacra·

479 1000 596 1063 mentis
620 999 859 1063 communicare
882 997 981 1078 nolui,
1005 1019 1079 1060 cum
1103 1019 1208 1060 essem
1238 1020 1297 1083 per
1318 997 1406 1062 idem
1430 1007 1557 1083 tempus
1588 997 1744 1083 magister
1774 996 1951 1077 scolarum,
1982 1017 2043 1058 nec
2064 997 2141 1063 sines

479 1128 552 1170 meo
576 1102 783 1168 amminiculo
807 1105 988 1190 potuissent
1011 1103 1154 1168 ordinari
1177 1102 1377 1189 episcopalia
1399 1103 1507 1167 officia
1529 1104 1563 1167 in
1579 1102 1779 1188 Augustensi
1803 1100 1956 1183 ecelesia,
1981 1111 2122 1186 tanquan

449 1281 464 1306 ,
480 1211 610 1276 rebellis
634 1211 788 1296 episeopo
812 1209 998 1296 compulsus
1022 1233 1042 1273 a
1065 1211 1197 1273 civitate
1221 1209 1335 1295 fugere
1359 1233 1378 1274 a
1401 1209 1485 1273 facie
1505 1211 1768 1295 persequentium
1793 1231 1845 1274 me
1869 1207 2013 1272 filiorum
2030 1205 2123 1272 Oedar

481 1318 598 1382 diverti
622 1317 665 1380 ad
688 1316 859 1381 cenobium
882 1315 1168 1401 Rettinbogenset
1198 1315 1310 1402 ibique
1341 1315 1530 1403 aliquandiu
1553 1315 1642 1396 latui,
1667 1315 1771 1379 donee
1795 1326 1947 1379 cessante
1972 1312 2028 1376 illa
2050 1336 2123 1377 com-

302 1423 461 1527 {fflfflrgj
481 1425 632 1506 motione,
663 1425 697 1486 in
725 1446 790 1510 qua
818 1445 884 1487 non
914 1433 984 1486 erat
1014 1421 1185 1502 Dominus,
1209 1423 1300 1485 venit
1330 1420 1442 1486 sibilus
1473 1444 1551 1486 aure
1581 1421 1673 1504 lenis,
1705 1423 1739 1485 in
1767 1443 1832 1508 qua
1863 1431 1934 1484 erat
1963 1420 2122 1502 Dominus,

329 1557 461 1607 apaan.
480 1531 604 1595 faciens
627 1539 764 1614 utraque
788 1552 887 1592 unum
911 1527 1087 1592 eoncordia
1110 1538 1261 1614 reparata
1289 1529 1374 1592 inter
1397 1527 1614 1593 sacerdotium
1639 1539 1671 1592 et
1694 1529 1867 1614 imperium
1891 1525 1998 1591 tribus
2021 1525 2152 1612 legatisn

383 1637 461 1731 ,2¹32
480 1635 678 1722 apostolicae
709 1634 806 1716 sedis,
837 1633 1012 1699 Lamberto
1038 1632 1209 1698 ‘videlicet
1232 1635 1406 1699 Hostiense
1437 1645 1513 1699 tunc
1545 1637 1709 1720 episeopo,
1738 1635 1794 1720 qui
1817 1643 1933 1720 postea
1957 1633 2063 1696 saetam
2086 1645 2124 1696 est

480 1765 566 1829 papa
589 1742 694 1806 dietus
718 1741 892 1822 Honorius,
918 1751 950 1804 et
973 1739 1133 1825 Gregorio
1164 1739 1302 1805 diacono
1334 1740 1491 1805 cardinali
1523 1741 1627 1806 sancti
1649 1739 1779 1826 Angeli,
1804 1741 1861 1826 qui
1884 1750 2002 1826 postea
2031 1738 2124 1802 factus

481 1859 530 1912 est
552 1871 639 1934 papa
662 1847 767 1912 dietus
783 1847 1003 1928 Innocentius,
1021 1858 1053 1910 et
1070 1847 1200 1911 Saxone
1224 1845 1415 1933 presbytero
1440 1846 1636 1930 cardinali⁵;
1661 1845 1775 1928 tribus,
1799 1848 1945 1933 inquam,
1971 1844 2036 1908 illis
2059 1855 2125 1909 tunc

480 1955 642 2040 legatione
670 1952 881 2039 fungentibus
910 1953 1203 2017 excommunicatio
1227 1954 1430 2039 imperatoris
1455 1965 1487 2018 et
1510 1955 1694 2040 prineipum
1718 1953 1812 2018 simul
1836 1952 2126 2017 excommunicato

481 2085 552 2126 rum
568 2060 608 2124 de
629 2059 734 2124 medio
759 2058 887 2124 sublata
910 2071 967 2141 est,
993 2071 1025 2124 et
1048 2059 1209 2124 simultate
1233 2061 1317 2124 inter
1340 2060 1556 2124 sacerdotium
1581 2071 1614 2124 et
1637 2082 1773 2145 regnum
1796 2069 1963 2144 utcunque
1988 2059 2127 2144 mitigata
2141 2084 2160 2122 a

480 2189 547 2254 pax
569 2169 653 2231 inter
676 2165 841 2230 dominum
864 2168 1093 2251 imperatorem
1116 2165 1309 2230 Heinrioum
1333 2177 1366 2230 et
1389 2189 1508 2253 papam
1533 2165 1697 2231 Oalixtum
1721 2165 1849 2230 linnata
1873 2175 1932 2229 est.
1983 2163 2038 2229 Sic
2062 2179 2129 2251 post

479 2283 705 2358 tempestatem
728 2295 881 2356 magnam
902 2271 1120 2358 subsequente
1137 2295 1256 2358 magna
1270 2272 1513 2359 tranquillitate,
1538 2295 1653 2336 revera
1668 2273 1774 2336 ventis
1799 2283 1831 2336 et
1853 2273 1938 2335 mari
1962 2273 2128 2336 saevienti-

480 2377 573 2462 bus⁵,
602 2380 773 2465 imperium
802 2379 919 2442 summi
942 2378 1102 2465 pontificis
1128 2390 1160 2442 et
1182 2380 1386 2465 imperatoris
1410 2390 1442 2442 et
1466 2376 1693 2443 obedientibus
1716 2379 1747 2442 ei
1770 2401 1837 2464 pax
1859 2378 1949 2442 faeta
1973 2389 2031 2442 est.
2079 2377 2130 2460 Sic

480 2487 699 2572 pergratiam
723 2484 787 2548 Dei
817 2484 960 2548 adunata
987 2485 1157 2567 aeeclesia,
1182 2508 1245 2571 que
1270 2507 1289 2548 a
1311 2497 1457 2571 tempore
1482 2483 1634 2570 Gregorii
1658 2483 1734 2548 Vll.
1766 2507 1825 2570 pro
1849 2485 2059 2548 contentione
2087 2487 2130 2548 in-

481 2592 636 2655 vestitura
661 2592 764 2654 scissa
778 2589 961 2672 videbatur,
987 2613 1047 2676 ego
1064 2613 1084 2654 a
1106 2593 1171 2655 iam
1188 2591 1275 2656 dicto
1291 2590 1407 2656 beatae
1431 2594 1607 2656 memoriae
1623 2591 1825 2656 Herimanno
1849 2593 2006 2678 episeopo
2023 2591 2131 2677 Augu·
2147 2617 2169 2654 a

480 2707 587 2761 stense
609 2697 791 2782 Augustam
821 2719 893 2760 sum
923 2707 1095 2760 revocatus
1119 2707 1151 2762 et
1175 2697 1216 2761 ab
1241 2700 1311 2783 ipso
1336 2709 1465 2762 etcum
1489 2698 1559 2784 ipso
1583 2698 1719 2762 Romam
1744 2695 1861 2762 ductus
1892 2697 1934 2762 ad
1960 2697 2130 2762 concilium

480 2803 665 2890 presidente
692 2825 779 2889 papa
802 2801 931 2867 Oalixto
963 2802 1160 2867 celebratum
1172 2809 1194 2886 ὅ,
1226 2805 1259 2867 in
1283 2827 1346 2890 quo
1378 2805 1475 2868 etiam
1507 2804 1548 2868 de
1579 2804 1753 2868 concordia
1783 2805 1876 2889 regni
1901 2814 1933 2868 et
1958 2804 2132 2869 sacerdotii

480 2932 589 2974 coram
619 2909 734 2995 legatis
765 2907 986 2994 imperialibus
1017 2919 1190 2974 tractatum
1222 2921 1280 2992 est,
1311 2920 1406 2996 prout
1436 2909 1638 2996 sapientibus
1668 2909 1735 2974 illie
1766 2909 1917 2975 adunatis
1941 2913 2052 2975 visum
2075 2923 2131 2976 est.

479 3015 533 3079 Ex
556 3027 633 3080 tuno
656 3015 735 3080 mihi
758 3014 927 3079 habitandi
951 3017 984 3078 in
1009 3016 1140 3080 civitate
1163 3016 1313 3102 Augusta
1336 3039 1410 3080 eum
1433 3015 1655 3081 habitantibus
1680 3015 1790 3081 Cedar
1811 3016 1872 3081 fuit
1895 3040 1964 3103 pax
1987 3017 2133 3103 aliquan-

480 3121 548 3185 tula
578 3123 675 3186 etiam
705 3144 779 3186 eum
808 3121 857 3185 his
888 3122 943 3206 qui
975 3121 1113 3186 oderunt
1142 3144 1268 3209 paoem,
1293 3146 1366 3187 curn
1390 3122 1470 3187 nihil
1493 3134 1606 3187 contra
1637 3145 1671 3186 se
1702 3123 1846 3209 loquenti
1871 3123 2132 3210 qualemcunque
2149 3147 2171 3186 a

481 3227 656 3291 servabant
678 3229 871 3292 amiciciam.
908 3226 973 3290 Sed
997 3250 1072 3292 eum
1095 3227 1254 3314 loquebar
1276 3229 1339 3293 illis
1363 3229 1403 3293 de
1427 3227 1584 3315 religione
1608 3229 1769 3293 clericalis
1793 3221 2063 3310 conversationis,
2087 3231 2131 3295 in-

480 3332 671 3420 pugnabant
694 3357 744 3398 me
768 3335 878 3420 gratis,
909 3343 1107 3398 nontamen
1130 3346 1244 3421 aperta
1266 3336 1503 3421 perseeutione,
1534 3334 1593 3399 sed
1614 3336 1822 3400 infestatione
1847 3335 2054 3400 clandestina
2075 3360 2133 3423 per

479 3463 604 3504 morum
634 3439 927 3504 dissimilitudinem
958 3452 1132 3525 gravantes
1161 3464 1223 3524 me,
1247 3441 1409 3507 volentem
1439 3443 1493 3527 pie
1516 3443 1629 3506 vivere
1659 3443 1744 3505 inter
1773 3442 1900 3528 impios,
1931 3444 2017 3508 iuste
2050 3445 2133 3508 inter

479 3547 625 3626 iniustos,
656 3545 806 3631 religiose
836 3547 921 3609 inter
950 3545 1161 3631 irreligiosos,
1194 3547 1306 3634 quales
1336 3559 1429 3611 erant
1458 3547 1505 3611 illi
1536 3558 1612 3611 tune
1643 3549 1708 3611 mei
1738 3550 1952 3612 concanonici
1983 3553 2130 3636 exceptis

478 3652 603 3738 paucis,
633 3652 717 3715 iusto
741 3651 824 3716 Loth
849 3651 1080 3734 consimilibus,
1111 3675 1176 3717 non
1207 3667 1316 3717 tamen
1346 3655 1546 3739 peremnia,
1571 3655 1649 3739 quia
1674 3676 1746 3717 non·
1763 3677 1836 3718 curn
1860 3653 1914 3718 illo
1939 3655 2078 3720 exibant
2100 3669 2130 3720 et
2147 3680 2169 3718 ao

318 3786 460 3836 esaiam.
479 3756 701 3821 ascendebant
724 3757 765 3821 ad
789 3760 905 3822 montis
930 3757 1053 3841 altiora,
1078 3758 1135 3824 sed
1152 3761 1247 3845 quasi
1268 3770 1471 3824 remanentes
1494 3762 1529 3824 in
1547 3761 1650 3846 Segor
1664 3759 1801 3846 parvula
1817 3771 2010 3846 gemuerunt
2034 3781 2130 3849 super

480 3865 620 3928 civitatis
649 3885 787 3948 magnae
818 3886 937 3948 magna
967 3865 1061 3928 ruina
1090 3866 1124 3928 in
1149 3865 1367 3930 destructione
1397 3889 1523 3930 morum
1545 3867 1669 3952 pocius,
1694 3888 1792 3951 quam
1823 3889 1999 3932 murorum.
2047 3869 2128 3932 Nam

479 3981 635 4056 quantum
659 3969 701 4034 ad
724 3993 831 4034 muros
856 3993 974 4055 magna
1005 3982 1074 4035 erat
1103 3971 1272 4054 aecclesia,
1304 3971 1362 4036 sed
1391 3973 1480 4036 nulla
1510 3995 1568 4036 seu
1597 3995 1700 4058 parva
1730 3984 1801 4036 erat
1829 3973 1863 4036 in
1887 3995 1926 4038 ea
1956 3974 2128 4063 disciplina

478 4077 730 4141 aecclesiastica.
778 4073 962 4140 Ceherebat
993 4078 1055 4162 ipsi
1085 4077 1265 4142 aecclesiae
1297 4078 1472 4142 claustrum
1503 4080 1581 4142 satis
1612 4079 1793 4162 honesturn,
1825 4079 1883 4143 sed
1913 4103 1933 4144 a
1964 4080 2126 4146 claustrali

477 4181 633 4268 religione
664 4183 794 4246 omnino
817 4205 971 4264 vacuum,
1003 4205 1077 4248 cum
1107 4181 1213 4270 neque
1244 4186 1277 4247 in
1308 4183 1493 4249 dormitorio
1523 4185 1640 4249 fratres
1671 4185 1849 4250 dormirent
1877 4207 1985 4272 neque
2015 4189 2050 4250 in
2079 4211 2126 4252 re·
2143 4209 2166 4248 a

477 4288 611 4352 fectorio
637 4288 854 4370 comederent,
879 4290 1025 4374 exeeptis
1049 4291 1221 4354 rarissimis
1245 4290 1346 4372 festis,
1370 4292 1512 4355 maxime
1534 4293 1568 4354 in
1593 4291 1711 4377 quibus
1735 4291 1901 4356 Herodem
1925 4305 2126 4379 representa·

477 4399 571 4458 rent⁷
595 4393 715 4458 Christi
744 4405 1001 4480 persecutorem,
1028 4395 1238 4481 parvulorum
1261 4397 1511 4479 interfectorem,
1543 4421 1601 4462 seu
1630 4397 1715 4462 ludis
1746 4397 1817 4462 aliis
1848 4409 1904 4462 aut
1933 4400 2125 4485 spectaculis

478 4501 570 4585 quasi
593 4499 805 4564 theatralibus
830 4499 1024 4565 exhibendis
1049 4513 1305 4587 comportaretur
1328 4503 1510 4590 symbolum
1534 4504 1577 4568 ad
1600 4503 1787 4569 faciendum
1811 4506 1997 4569 convivium
2021 4507 2056 4570 in
2078 4530 2125 4570 re-

477 4606 611 4670 fectorio
635 4606 706 4670 aliis
729 4629 813 4692 pene
838 4606 987 4670 omnibus
1011 4607 1211 4693 temporibus
1235 4631 1350 4674 vacuo.

584 4801 610 4865 a)
632 4807 812 4856 sentientibus
831 4823 851 4856 e.
2142 4821 2165 4859 to

587 4963 616 5040 1)
638 4966 704 5023 Noa
727 4987 849 5042 upupa
871 4968 940 5043 ipso,
964 4971 1016 5026 sed
1036 4989 1055 5026 e
1073 4969 1203 5028 [luidone
1217 4971 1342 5046 archiep.
1358 4971 1455 5029 Viena.
1481 4981 1508 5029 et
1529 4993 1548 5029 α
1566 4972 1680 5031 &raone
1704 4975 1855 5032 cardinali.
1926 4973 1957 5049 2)
1974 4977 2009 5032 Α.
2027 4977 2125 5046 1119;

477 5073 516 5144 es.
534 5073 670 5130 Hessonis
684 5073 784 5130 relatio
799 5094 889 5149 supra
910 5095 940 5149 p.
960 5075 998 5130 28
1005 5097 1016 5144 ,·
1040 5075 1086 5133 De
1101 5076 1311 5153 investigatione
1326 5077 1530 5149 Antichristil,
1555 5099 1578 5136 c.
1599 5079 1649 5150 28,
1668 5101 1702 5155 p.
1722 5081 1795 5137 338.
1866 5079 1896 5150 3)
1913 5082 2125 5152 Herimennw

476 5179 516 5249 cf.
544 5178 648 5254 Mopsi
670 5176 775 5236 Clarae.
801 5180 1022 5258 Reielzersbcrp,
1056 5181 1109 5238 SS.
1134 5182 1236 5253 XVII,
1255 5203 1288 5259 p.
1307 5183 1381 5239 490.
1486 5181 1516 5257 4)
1539 5185 1725 5242 Raitenbucb.
1818 5187 1848 5257 5)
1876 5186 1924 5259 Gs.
1949 5188 2020 5244 Ane.
2045 5189 2124 5245 Auct.

477 5283 613 5360 Sipeberti
634 5303 663 5340 α.
680 5284 773 5354 1122,
800 5285 853 5342 SS.
874 5285 921 5355 VI,
941 5306 974 5361 p.
994 5287 1075 5356 378;
1099 5287 1270 5345 Eli-tetardi
1293 5287 1398 5346 Cicron.
1424 5289 1478 5346 SS.
1499 5290 1546 5360 VI,
1566 5311 1599 5365 p.
1619 5290 1700 5361 259,Ι
1724 5292 1817 5367 Epist.
1842 5295 2008 5369 legatorum,
2031 5295 2124 5368 Jaffe',

476 5390 549 5445 Bibt.
570 5390 600 5460 V,
619 5410 652 5464 p.
671 5390 750 5460 385;
776 5391 807 5447 V.
823 5390 929 5449 Catari
951 5391 992 5462 II,
1018 5394 1060 5448 ed.
1085 5393 1235 5450 Durbeaae
1259 5394 1298 5464 II,
1320 5415 1351 5470 p.
1370 5395 1450 5465 378;
1475 5396 1597 5454 Libellus
1620 5398 1655 5454 de
1677 5398 1777 5455 ordine
1799 5401 1936 5456 donorum
1953 5399 1985 5456 S.
2003 5399 2126 5475 Spiritus
2141 5417 2165 5456 a

474 5513 564 5570 supra
581 5515 614 5570 p.
633 5495 695 5551 279
705 5518 715 5566 ,·
739 5498 779 5568 ef.
803 5518 893 5574 supra
910 5519 943 5573 p.
963 5499 1035 5554 338.
1128 5498 1158 5569 6)
1184 5500 1218 5556 A.
1239 5500 1333 5570 1123,
1360 5501 1449 5557 Mmt
1470 5502 1623 5559 18-27,
1716 5501 1747 5579 7)
1772 5502 1820 5577 C's.
1845 5505 1892 5562 De
1914 5506 2125 5583 investipetione

474 5600 602 5658 Antichr.
627 5601 651 5671 I,
677 5621 699 5658 e.
719 5602 747 5659 5.
