4568 6428
485 314 556 370 VIII

488 500 532 573 de
541 497 768 599 pontificatu
785 499 1015 574 Alexandri*
1031 501 1150 574 nescio
1177 526 1228 573 an
1254 525 1278 573 a
1296 498 1493 574 dobenina
1521 502 1746 598 compositus,
1774 501 1846 576 duo
1873 502 2011 601 scn'pta
2036 503 2132 577 iuter

487 662 523 710 se
548 637 739 710 contraria
764 635 809 710 de
836 636 1049 710 clericorum
1075 637 1239 728 conubia,
1273 636 1487 710 vaticinium
1522 637 1711 712 obscurum
1746 637 1791 711 de
1807 635 1891 736 fine
1921 639 2129 730 schismatis,

488 785 662 847 tractatus
687 771 933 847 Eboracenses
959 772 1004 847 de
1022 785 1198 871 potestate
1228 773 1357 846 summi
1379 772 1571 872 pontificis
1604 773 1800 848 admodum
1836 775 1931 867 miri,
1966 777 2131 850 usateriss

365 920 366 924 ’
488 935 629 1007 quoque
655 911 992 983 commentationum
1021 907 1184 983 nondum
1210 907 1479 983 elaboratorum
1506 935 1549 983 eu
1575 909 1835 1010 Bamberpensi
1860 909 2129 1009 conceperim,

488 1045 654 1145 Huponis
679 1044 816 1120 Metelli
848 1058 1027 1119 certarnen
1058 1045 1153 1145 repis
1186 1057 1221 1118 et
1248 1070 1374 1143 papae
1407 1046 1555 1144 aliaque
1590 1047 1768 1120 carmina.
1821 1045 1870 1120 In
1895 1047 2024 1145 quibus
2049 1048 2128 1122 seti-

484 1180 612 1282 pendis
644 1182 790 1279 imperii
814 1181 976 1255 Romani
1009 1181 1179 1255 limitibus
1213 1181 1358 1256 mimimo
1389 1207 1455 1256 nos
1488 1184 1739 1274 continuimus,
1774 1207 1854 1257 cum
1884 1185 2131 1257 connvversia

487 1321 579 1417 ipsa,
613 1317 658 1391 de
691 1344 764 1416 qua
791 1317 975 1418 apebutur,
1009 1330 1120 1392 totum
1154 1329 1239 1390 tunc
1274 1317 1446 1392 muudum
1485 1318 1660 1393 turbasset
1684 1332 1719 1394 et
1742 1320 1990 1394 commentarii
2016 1319 2060 1394 de
2087 1345 2130 1393 ea

374 1551 375 1554 Ἴ
485 1457 613 1553 scripti
629 1457 770 1553 passim
797 1453 1082 1554 divulparentur,
1108 1466 1149 1528 ut
1173 1453 1217 1528 de
1242 1455 1382 1554 oripine
1409 1479 1530 1528 eorum
1556 1454 1738 1529 interdum
1764 1454 1866 1529 dubii
1891 1456 2128 1530 haereremus.

487 1591 548 1664 En
576 1589 735 1668 Goriobi
760 1589 1110 1692 Reicbersberpensis
1145 1591 1312 1688 operibus
1344 1591 1501 1664 verbosis
1527 1603 1561 1664 et
1584 1591 1691 1666 valde
1725 1592 1866 1692 mapnis
1899 1617 1960 1666 eas
1991 1604 2130 1666 tantum

484 1741 609 1825 partes
633 1728 690 1802 bic
715 1729 881 1819 inserere,
915 1728 1022 1802 inviti
1047 1726 1201 1826 quidem,
1226 1728 1314 1800 satis
1338 1726 1537 1819 babuimus,
1570 1727 1611 1801 in
1638 1728 1766 1826 quibus
1792 1727 1837 1802 dc
1862 1728 2131 1826 quaestionibus

488 1864 541 1938 ad
564 1863 659 1939 banc
684 1866 809 1938 seriem
828 1864 1095 1962 pertinentibus
1121 1876 1392 1964 arpummtams
1418 1875 1477 1936 est.

587 2000 645 2075 De
662 2000 728 2076 boc
745 2001 837 2076 libro
848 2000 1079 2099 perficiendo
1097 2000 1144 2074 E.
1159 1997 1312 2092 Sackur,
1338 2001 1455 2074 socius
1473 1997 1659 2098 quandam
1684 2013 1813 2092 noster,
1840 2001 1982 2076 iamdiu
2008 2027 2130 2074 unan-

488 2139 638 2236 cipatus,
665 2139 797 2236 optime
821 2138 960 2228 meruit,
988 2139 1089 2236 eique
1116 2139 1180 2236 qui
1197 2149 1286 2235 post
1301 2153 1381 2211 eum
1399 2136 1520 2212 eodem
1544 2162 1614 2236 quo
1631 2136 1692 2210 itte
1719 2137 1856 2236 collepii
1880 2138 1997 2209 nostri
2021 2135 2129 2210 soda-

487 2273 574 2348 lium
599 2299 748 2348 munere
763 2271 893 2371 functi
917 2287 1008 2364 sunt,
1035 2272 1105 2347 Iut.
1125 2272 1319 2366 Dietericli
1345 2300 1444 2347 nuuc
1469 2273 1698 2347 universitati
1723 2270 1902 2348 Giessertsi
1928 2271 2128 2345 litterarum

484 2410 660 2502 addictus,
687 2422 721 2483 et
743 2408 793 2484 H.
813 2409 989 2484 Boettmer
1022 2409 1212 2510 tieoiopus,
1246 2411 1305 2484 cui
1337 2410 1475 2484 indices
1510 2435 1651 2508 quoque
1686 2421 1760 2482 tam
1794 2409 1982 2482 nominum
2019 2433 2127 2506 quam

484 2548 736 2622 oucmritatum
756 2545 930 2620 amenus.
969 2546 1099 2646 Neque
1114 2547 1191 2645 ipse
1208 2548 1249 2620 in
1259 2547 1423 2647 plapulis
1435 2545 1705 2644 perlustrandis
1729 2545 1787 2620 Itis
1812 2543 1888 2620 illic
1914 2545 2113 2642 corruptel'

481 2683 650 2758 medendi
675 2696 782 2782 atque
808 2696 971 2758 auctores
996 2684 1140 2758 omissos
1165 2683 1360 2782 supplendi
1385 2683 1504 2781 officio
1531 2680 1645 2780 defui.
1685 2681 1837 2755 Praeter
1863 2681 2014 2756 editores
2041 2693 2128 2754 cete-

482 2846 612 2920 rosque
644 2822 757 2895 socios
790 2834 929 2894 nostros
964 2819 1017 2894 ad
1040 2846 1131 2919 opus
1156 2819 1422 2919 conficiendum
1448 2819 1550 2894 libris
1575 2819 1833 2916 manuscriptis
1859 2817 2000 2892 collatis
2025 2842 2128 2915 apem

482 2958 628 3032 comiter
650 2955 828 3055 ferebant
860 2955 937 3031 Fet.
961 2957 1206 3030 Lieberrnanu
1241 2957 1328 3030 civis
1361 2969 1490 3046 noster,
1523 2955 1619 3030 ma.
1641 2953 1784 3029 Traube
1816 2968 1849 3029 et
1879 2954 1984 3028 Frid.
2011 2953 2128 3026 Keiuz

483 3093 734 3186 Mammenses,
773 3092 843 3168 Iul.
878 3093 971 3168 Petit
1002 3093 1264 3184 Bruvetlemsis,
1304 3092 1353 3166 H.
1387 3092 1552 3192 Lebepue
1586 3092 1817 3182 Parisieusis‚
1856 3090 1957 3165 Fort.
1984 3089 2128 3164 Donati

481 3228 656 3323 Senensis,
683 3230 774 3304 Rob.
794 3230 941 3304 Arnoid
963 3230 1161 3321 Romanus,
1188 3229 1316 3303 Maria
1338 3228 1496 3303 Bateson
1523 3242 1557 3303 et
1580 3230 1625 3301 A.
1645 3228 1784 3328 Ropers
1803 3223 2126 3327 Cantabripienses,

481 3367 570 3468 Rep.
598 3367 706 3441 Pooie
735 3365 958 3458 Ouaniensis,
985 3367 1113 3466 quibus
1139 3368 1302 3440 omnibus
1325 3367 1468 3466 pretias
1494 3367 1634 3466 aqimus
1661 3391 1770 3463 quam
1797 3365 1984 3438 maximas.

631 3519 842 3596 Scribebam
867 3519 1110 3614 Berolini,
1136 3547 1254 3595 mense
1279 3520 1382 3594 Maio
1413 3523 1519 3593 1897.

1406 3724 1686 3802 nsvssros
1709 3725 2023 3800 saevusne.

592 3972 619 4052 *)
648 3979 739 4037 Verba
763 3981 807 4036 De
835 4012 871 4020 —
897 3982 996 4049 asturi,
1026 3999 1098 4056 quae
1127 3979 1213 4038 rubra
1236 3982 1327 4037 cotors
1356 3977 1386 4036 in
1410 3978 1502 4036 codice
1531 3977 1639 4054 scripta
1664 3996 1696 4052 p.
1716 3977 1788 4046 537,
1814 3978 1832 4032 l.
1850 3975 1879 4030 8.
1913 3974 1984 4030 nuti
2005 3973 2123 4048 maciem

640 4085 755 4156 babent,
787 4106 846 4144 cum
877 4085 1064 4162 dispumtiane
1092 4087 1155 4163 ipsa
1180 4086 1275 4163 potius
1305 4085 1540 4162 coniunqerentur
1569 4082 1704 4158 oportuit,
1735 4089 1765 4138 ut
1788 4081 1882 4138 Victor
1906 4099 1990 4155 papa
2020 4078 2056 4136 ab
2086 4079 2124 4136 eis

640 4191 747 4250 initium
772 4192 883 4250 dicendi
904 4191 1008 4268 capiat.
