4568 6428
287 1458 475 1593 noo
514 1459 1006 1594 vononrnn
1056 1460 1726 1598 CONTINENTUR.
1809 1403 1813 1408 '

180 1792 345 1858 Praefatio
369 1803 500 1858 auctore
523 1791 562 1856 E.
582 1792 773 1857 Duemmlcr
818 1843 1598 1860 ...............
1646 1713 1821 1860 Vffiglllll

181 1899 329 1986 Epistola
352 1898 392 1963 de
415 1898 551 1964 vitanda
572 1899 672 1964 nrissa
694 1911 903 1964 uxoratorum
927 1902 1130 1966 sacerdotum
1154 1900 1205 1965 ed.
1229 1901 1268 1966 E.
1286 1901 1414 1967 Sackur
1481 1951 1488 1966 .
1536 1951 1544 1966 .
1592 1952 1599 1966 .
1693 1905 1795 1967 1-11

182 2005 330 2092 Epistola
353 2005 392 2070 de
417 2007 627 2071 sacramentis
650 2006 887 2071 haereticorum
912 2007 962 2071 ed.
986 2008 1025 2073 E.
1044 2007 1171 2073 Sackur
1207 2055 1599 2073 ........
1671 2011 1800 2074 12-20

182 2114 339 2178 Hessonis
363 2112 548 2178 scholastici
571 2112 684 2177 relatio
709 2112 750 2177 de
774 2113 910 2178 concilio
934 2114 1087 2178 Remensi
1111 2114 1162 2178 ed.
1180 2114 1233 2178 W.
1246 2113 1489 2180 Wattenbach.
1538 2162 1545 2178 .
1593 2163 1600 2177 .
1669 2116 1800 2179 21-28

181 2218 300 2284 Libelli
322 2219 460 2286 Honorii
481 2219 787 2305 Augustodnnensis
810 2219 994 2307 presbyteri
1017 2233 1050 2285 et
1073 2220 1257 2286 scholastici
1281 2221 1331 2285 ed.
1356 2221 1382 2284 I.
1399 2219 1569 2285 Dieterich
1593 2269 1600 2285 .
1670 2223 1801 2286 29—80

227 2326 358 2413 (Utinm
380 2327 422 2390 sit
444 2337 615 2413 peccatum
638 2315 760 2392 nubere
784 2326 837 2390 vel
861 2349 975 2392 carnes
1000 2327 1185 2414 comedere)
1205 2375 1600 2391 ........
1669 2331 1799 2393 34-35

261 2432 288 2498 Ι.
322 2432 375 2496 De
399 2432 593 2498 offendiculo
655 2482 1601 2498 ..................
1670 2437 1800 2498 38-57

242 2539 286 2604 Π.
320 2539 373 2602 De
397 2541 553 2626 apostatis
600 2588 938 2604 .......
956 2537 963 2548 ’
986 2589 1600 2604 ............
1670 2543 1800 2606 57-63

225 2646 285 2710 ΙΠ.
321 2644 455 2710 Summa
477 2645 581 2732 gloria
598 2695 1600 2712 ...................
1670 2649 1801 2712 63-80

179 2751 308 2816 Amulli
338 2751 503 2837 Sagiensis
534 2754 766 2836 archidiaconi,
796 2769 910 2840 postea
940 2756 1084 2842 episcopi
1113 2754 1343 2836 Lexoviensis‚
1374 2754 1539 2819 invectiva
1568 2755 1602 2818 in

288 2857 464 2923 Girardum
485 2859 767 2946 Engolismensem
791 2862 980 2948 episcopum
1004 2861 1055 2925 ed.
1079 2861 1105 2925 Ι.
1122 2860 1291 2926 Dieterich
1315 2909 1600 2924 ......
1669 2863 1822 2926 81-108

179 2963 354 3031 Tractatus
376 2966 418 3031 de
442 2967 634 3032 scismaticis
658 2967 731 3032 edd.
756 2969 781 3033 I.
799 2967 967 3033 Dieterich
991 2979 1024 3032 ct
1045 2967 1088 3031 H.
1104 2966 1267 3030 Boehmer
1317 3015 1599 3030 ......
1649 2969 1822 3033 109-130

225 3072 383 3158 (Pascalis
406 3097 511 3160 papae
536 3073 673 3161 epistola
695 3075 738 3139 ad
761 3076 949 3161 episcopum
973 3072 1267 3161 Constantiensem)
1316 3123 1599 3138 ......
1650 3076 1710 3138 129

177 3175 325 3242 Gerhohi
348 3181 524 3266 praepositi
547 3179 874 3267 Reichersbergensis
897 3180 998 3245 libelli
1022 3179 1133 3244 selecti
1157 3179 1207 3244 ed.
1232 3179 1271 3243 E.
1290 3179 1431 3266 Sackur)
1482 3230 1489 3243 .
1538 3229 1545 3244 .
1593 3229 1599 3244 .
1650 3183 1821 3246 131-525

279 3285 305 3348 Ι.
339 3284 393 3349 Ex
415 3285 498 3350 libro
522 3287 562 3350 de
586 3286 714 3352 edificio
737 3287 802 3352 Dei
820 3335 1599 3352 ...............
1649 3289 1821 3353 136-202

261 3391 304 3456 Π.
339 3391 487 3479 Epistola
509 3391 552 3456 ad
574 3393 801 3458 Innocentium
829 3416 949 3481 papam
978 3394 1087 3476 missa,
1118 3393 1197 3479 quid
1227 3394 1325 3457 distet
1353 3395 1437 3457 inter
1466 3393 1601 3459 clericos

339 3498 502 3563 seculares
526 3511 559 3563 et
581 3499 748 3585 regulares
819 3549 1599 3564 ...............
1647 3503 1821 3566 202-239

244 3604 304 3668 ΙΠ.
338 3603 484 3669 Libellus
501 3604 541 3669 de
557 3629 607 3689 eo,
631 3606 719 3693 quod
741 3607 892 3694 princeps
915 3606 1027 3671 mundi
1050 3606 1144 3670 huius
1167 3607 1231 3669 iam
1255 3605 1415 3671 iudicatus
1440 3607 1482 3670 sit
1505 3605 1602 3694 (liber

340 3711 380 3775 de
404 3713 602 3800 simoniacis)
653 3762 1598 3778 ..................
1646 3716 1821 3779 239-272

245 3816 303 3880 IV.
338 3816 392 3881 Ex
414 3817 523 3882 libello
547 3819 587 3883 de
612 3819 724 3884 ordine
748 3819 905 3885 donorum
929 3821 1032 3884 sancti
1056 3819 1196 3906 Spiritus
1258 3868 1598 3884 .......
1646 3823 1821 3885 273-283

262 3923 303 3988 V.
338 3923 392 3987 Ex
414 3923 496 3989 libro
520 3937 633 3991 contra
656 3925 736 3990 duas
760 3927 911 3991 haereses
928 3975 1598 3990 .............
1646 3930 1821 3992 284-288

390 4031 554 4118 (Ilugonis
577 4031 706 4097 abbatis
728 4033 944 4119 Radingensis
969 4032 1118 4121 epistola)
1147 4082 1596 4097 .........
1644 4037 1819 4098 285-286

244 4135 302 4200 VI.
337 4137 391 4201 Ex
414 4137 495 4204 libro
520 4139 560 4203 dc
584 4139 782 4204 novitatibus
805 4141 900 4205 huius
922 4141 1076 4226 temporis
1147 4145 1178 4202 .'
1202 4188 1595 4204 ........
1644 4143 1818 4206 288τ-304

391 4243 551 4330 (Gerbohi
574 4247 711 4333 epistola
734 4248 776 4311 ad
799 4247 1024 4313 Innocentium
1047 4245 1181 4334 papam)
1204 4295 1597 4310 ........
1645 4250 1709 4312 292

230 4349 303 4414 VII.
339 4350 391 4414 De
414 4351 663 4437 investigatione
686 4353 876 4418 Antichristi
900 4353 1021 4418 liberI
1036 4401 1596 4417 ...........
1644 4356 1818 4419 304-395

391 4456 559 4544 (Gregorii
580 4458 657 4523 VII.
682 4460 818 4546 epistola
841 4459 883 4523 ad
907 4481 1018 4524 omues
1041 4458 1153 4524 fideles
1177 4461 1210 4523 in
1233 4481 1334 4546 regno
1351 4458 1547 4547 Teutonico)
1590 4510 1597 4523 .
1645 4463 1819 4525 326-328

211 4562 302 4627 VIII.
336 4563 390 4627 Ex
414 4564 568 4649 opusculo
592 4565 632 4630 de
656 4565 759 4652 gloria
783 4576 814 4629 et
837 4567 957 4630 honore
980 4565 1039 4629 filii
1062 4566 1200 4630 hominis
1258 4615 1596 4631 .......
1644 4569 1817 4632 396--399

390 4669 545 4757 (Eugenii
568 4695 674 4759 papae
699 4672 834 4758 epistola
857 4671 900 4735 ad
924 4670 1125 4760 Gerhohum)
1147 4722 1596 4738 .........
1644 4676 1708 4738 396

391 4775 566 4864 (Brunonis
590 4780 736 4865 episcopi
759 4778 896 4865 epistola
918 4778 960 4843 ad
985 4777 1187 4868 Gerhohum)
1203 4829 1596 4844 ........
1644 4783 1707 4845 398

242 4882 301 4947 ΙΧ.
338 4883 539 4970 Opusculum'
562 4884 605 4948 ad
628 4884 808 4949 cardinales
870 4935 1595 4951 ..............
1644 4889 1814 4952 399-411

259 4989 301 5054 Χ.
335 4985 390 5054 En
414 4992 643 5056 commentario
666 4992 700 5054 in
722 4991 863 5077 psalmos
925 5041 1596 5057 .............
1642 4995 1818 5058 411-502

390 5096 443 5183 (In
465 5097 624 5183 psalmum
648 5097 794 5184 LXIIH)
815 5148 1596 5164 ...............
1643 5102 1818 5164 439-492

390 5203 586 5288 (Innocentii
619 5204 662 5268 Π.
701 5227 807 5290 papae
847 5204 983 5291 epistola
1021 5205 1062 5270 ad
1102 5206 1285 5272 Oonradum
1326 5205 1597 5293 salzburgensem

442 5311 734 5398 archiepiscopum)
760 5359 1595 5377 ................
1643 5316 1816 5378 456-457

390 5417 548 5503 (Pascalis
571 5417 614 5481 Π.
638 5441 743 5505 papae
768 5417 960 5506 capitulum)
978 5467 1594 5485 ............
1642 5423 1817 5485 475-478

242 5521 301 5586 XI.
337 5522 389 5588 De
414 5534 529 5610 quarta
550 5525 663 5610 vigilia
685 5527 789 5590 noctis
814 5541 826 5590 .·
870 5573 1595 5591 ..............
1643 5529 1817 5592 ooo-525

178 5627 335 5714 Dialogus
359 5628 400 5694 de
423 5630 611 5717 pontificatu
635 5642 766 5697 sanctae
790 5633 956 5698 Romanae
980 5632 1138 5697 ecclesiae
1163 5632 1213 5697 ed.
1237 5632 1280 5697 H.
1297 5633 1483 5698 Boehmer.
1531 5684 1538 5698 .
1587 5684 1593 5697 .
1642 5635 1816 5699 526-546

179 5734 332 5801 Carmina
355 5735 397 5800 ad
420 5736 560 5802 schisma
581 5737 838 5804 Alexandrinum
861 5740 1057 5826 pertinentia
1080 5739 1130 5804 cd.
1153 5739 1196 5804 H.
1213 5740 1374 5805 Boehmer
1420 5790 1427 5804 .
1475 5790 1482 5804 .
1531 5791 1537 5804 .
1585 5789 1593 5805 .
1641 5743 1816 5806 547-554
