4478 6442
658 401 708 455 DE
734 398 867 456 ANULO
893 400 943 455 ET
967 398 1124 456 BACULO
1150 398 1307 455 VERSUS.

473 587 518 653 Ut
541 611 621 674 quos
645 589 779 652 antistes
802 599 944 674 nequeat
967 609 1173 673 compescere
1198 585 1307 666 verbo,

526 695 633 781 Ipsius
657 697 835 758 ammonitu
858 716 916 758 rex
940 693 1035 758 feriat
1058 693 1177 779 gladio.

472 801 616 867 Presulis
641 813 690 866 est
713 802 889 888 proprium,
914 798 1001 887 quod
1025 802 1127 886 possit
1150 801 1307 886 inungere
1330 821 1452 884 regem,

527 908 608 974 Cum
633 931 692 972 rex
717 930 781 972 non
804 906 912 971 valeat
935 929 1057 993 ungere
1081 906 1276 993 pontificem.

412 1033 443 1080 15
472 1016 638 1081 Posterius
662 1015 822 1102 siquidem
846 1014 965 1079 donum
990 1013 1084 1078 decet
1108 1015 1261 1078 anteriori
1325 1069 1326 1072 ,

528 1122 663 1204 Cedere,
689 1121 740 1186 vel
764 1123 866 1186 virtus
891 1120 1054 1185 claudicat
1077 1120 1186 1185 oflicii.

473 1229 611 1294 Fallitur
633 1251 710 1314 ergo
734 1229 840 1308 nimis,
865 1229 920 1314 qui
944 1228 1014 1291 vult
1036 1225 1217 1292 asscribere
1241 1228 1311 1312 regi

526 1336 671 1400 Tradere
696 1358 754 1422 per
778 1334 929 1399 baculum
954 1357 1070 1398 nomen
1096 1335 1263 1421 episcopii.

471 1443 585 1508 Iudico
610 1441 823 1508 concludens:
850 1452 935 1528 quea
960 1453 1034 1505 sunt
1057 1463 1126 1522 sua,
1151 1441 1272 1504 cesaris
1296 1451 1375 1522 esto,

411 1567 445 1614 20
527 1549 664 1636 Quaque
689 1548 783 1613 decet
807 1548 935 1613 studeat
958 1547 1095 1613 reddere
1119 1569 1206 1634 papa
1228 1547 1312 1612 Deo.

472 1657 601 1722 Federa
625 1657 672 1720 sic
696 1657 782 1742 regis
806 1665 921 1720 ornent
944 1655 1166 1720 moderamina
1189 1655 1281 1741 legis,

527 1764 571 1829 Ut
593 1787 660 1850 pax
685 1762 816 1827 alternis
840 1773 998 1849 congruat
1021 1760 1195 1848 obsequiis.

472 1870 611 1952 Federa,
636 1892 717 1957 pura
739 1869 831 1950 fides,
856 1869 960 1954 pudor
983 1880 1015 1933 et
1038 1869 1260 1932 moderamina
1284 1868 1402 1956 legum,

526 1977 597 2062 Que
621 1977 749 2042 fuerant
773 1976 946 2064 quondam,
971 1976 1139 2062 deperiere
1163 1976 1268 2040 simul.

411 2101 443 2149 25
471 2084 593 2149 Palluit
615 2085 745 2170 imperii
768 2082 858 2148 color
881 2095 912 2148 et
935 2081 1123 2147 veneranda
1147 2092 1301 2169 potestas,

524 2191 694 2278 Aecclesie
718 2213 795 2256 ceco
820 2189 924 2254 tendit
946 2190 979 2254 in
1002 2213 1067 2254 una
1090 2189 1203 2276 gradu.

472 2298 605 2384 Iusticie
629 2299 731 2362 virtus
756 2299 839 2383 perit
863 2309 894 2362 et
918 2296 1013 2361 simul
1037 2297 1140 2361 omnis
1164 2296 1325 2378 honestas,

525 2404 624 2468 Falsa
647 2406 759 2468 iuvant
782 2426 929 2490 pravum,
953 2417 1069 2489 regnat
1091 2401 1212 2489 ubique
1237 2402 1351 2467 scelus.

471 2511 616 2597 Legibus
640 2512 788 2597 impietas
812 2509 907 2574 nullis
931 2509 1078 2574 tardatur
1101 2522 1133 2574 et
1155 2509 1264 2574 hostes

412 2635 446 2682 30
527 2617 655 2683 Iudicat
678 2641 749 2682 esse
774 2641 848 2682 suos
873 2640 953 2704 quos
977 2616 1063 2682 bona
1085 2617 1168 2681 velle
1192 2616 1291 2681 videt.

472 2725 593 2789 Nititur
617 2738 650 2789 et
673 2727 779 2811 querit
802 2747 904 2810 pravo
928 2735 1114 2810 pervertere
1139 2734 1273 2804 rectum,

525 2831 668 2918 Vultque
692 2833 785 2896 novis
808 2831 897 2918 leges
922 2831 1105 2896 evacuareb
1130 2841 1268 2917 patrum.

473 2938 639 3024 Quicquid
662 2941 695 3002 in
720 2938 858 3003 eeclesia
883 2937 1024 3002 violenta
1047 2939 1191 3024 potentia
1214 2960 1326 3024 regum

528 3044 685 3124 Obtinuit‚
710 3047 792 3110 iuste
817 3044 964 3131 predicat
987 3067 1058 3108 esse
1083 3067 1184 3108 suum.

412 3169 445 3218 35
474 3153 571 3217 Dona
595 3153 660 3216 Dei
684 3153 800 3216 summi
823 3151 892 3217 vult
916 3151 1035 3216 donum
1059 3153 1179 3216 cesaris
1204 3173 1274 3216 esse
1288 3158 1307 3230 ¹,

526 3259 595 3323 Nec
619 3270 711 3345 putat
735 3257 891 3338 illicitum,
916 3257 992 3322 dum
1016 3258 1179 3323 fecithoc
1203 3258 1300 3322 licite.

472 3366 640 3430 Pontificis
664 3364 727 3429 duo
752 3375 827 3428 sunt
849 3365 989 3450 insignia
1014 3377 1097 3452 que⁰
1122 3365 1207 3449 gerit
1229 3367 1309 3451 ipse,

525 3473 597 3558 Hee
621 3471 719 3536 habet
742 3484 777 3535 ut
801 3494 938 3557 sponsus
961 3482 1072 3557 pastor
1095 3485 1127 3536 et
1151 3471 1298 3556 ecclesie.

472 3581 639 3645 Pastorem
665 3577 810 3657 baculus,
835 3601 988 3664 sponsum
1012 3587 1102 3642 notat
1125 3578 1240 3644 anulus
1265 3585 1357 3642 esse?

411 3703 444 3752 40
526 3686 609 3751 Cum
633 3709 727 3750 sacra
750 3687 824 3767 sint,
849 3707 942 3749 cesar
964 3707 1029 3749 non
1052 3684 1140 3749 valet
1162 3686 1218 3749 illa
1242 3685 1329 3750 dare.

474 3792 589 3857 Gratia
613 3792 681 3857 sola
704 3792 769 3856 Dei
793 3791 872 3856 facit
894 3791 955 3856 hec
979 3791 1042 3855 duo
1067 3790 1154 3855 dona
1176 3793 1304 3878 vigere:

525 3901 597 3964 Rex
622 3923 661 3964 ea
685 3901 711 3963 si
735 3898 872 3978 dederit,
895 3921 960 3962 non
985 3919 1078 3961 sacra
1101 3920 1230 3984 semper
1252 3898 1347 3963 habe.

472 4007 560 4092 Ergo
585 4007 808 4092 relinquantur
832 4007 932 4069 sacris
956 4027 995 4068 ea
1019 4025 1113 4068 sacra
1136 4005 1305 4069 ministris:

527 4114 598 4177 Rex
622 4112 781 4199 siquidem
806 4110 902 4176 rebus
927 4110 1073 4175 consulat
1097 4112 1236 4198 imperii.

412 4236 445 4283 45
475 4218 632 4284 Consulat
655 4219 793 4304 ecclesie
817 4241 912 4304 quem
937 4219 1104 4305 preposuit
1126 4217 1220 4283 Deus
1243 4217 1299 4298 illi,

466 4327 468 4332 ’
527 4326 622 4390 Utilis
647 4347 718 4388 esse
743 4347 800 4388 suo
823 4326 925 4410 possit
947 4336 983 4389 ut
1006 4327 1075 4410 ipse
1099 4327 1202 4410 gregi.

472 4433 602 4519 Scripta
624 4443 751 4518 patrum
776 4430 923 4516 relegens
947 4431 1107 4496 servanda
1130 4454 1189 4519 per
1212 4433 1319 4496 omnia
1344 4435 1483 4514 servem,

526 4540 568 4603 Et
592 4561 676 4602 nova
701 4538 727 4602 si
751 4548 900 4618 noceant,
924 4539 1069 4624 protinus
1094 4551 1240 4604 evacuet.

473 4645 626 4732 Qualibet
650 4644 729 4710 orba
753 4667 810 4709 suo
834 4645 932 4709 fuerit
955 4667 1028 4709 eum
1052 4645 1180 4732 presule
1205 4645 1310 4727 sedes,

412 4770 446 4818 50
529 4752 586 4818 Sie
610 4750 672 4816 sibi
696 4751 881 4838 pontificem
906 4750 1011 4816 clerus
1034 4750 1155 4816 habere
1180 4752 1276 4832 volet,

473 4859 597 4941 Querat
620 4870 652 4923 et
676 4858 774 4944 eligat
797 4857 893 4938 hunc,
918 4881 1013 4944 quem
1038 4860 1140 4923 uirtus
1164 4882 1228 4924 non
1252 4859 1344 4924 favor
1368 4871 1468 4941 ornet,

526 4964 669 5030 Auribus
694 4975 725 5029 et
749 4967 864 5029 summi
888 4964 1025 5050 presulis
1049 4966 1199 5030 insinuet.

472 5074 545 5137 Hoc
570 5074 666 5136 etiam
691 5072 820 5158 scriptis
844 5071 897 5135 vel
920 5073 997 5134 viva
1021 5093 1101 5135 voce
1125 5073 1270 5158 requirat
1280 5073 1301 5152 s,

526 5179 654 5243 Laudet
676 5189 711 5243 ut
734 5178 872 5242 electum
897 5199 992 5264 quem
1017 5175 1134 5263 probat
1158 5179 1236 5243 ordo
1260 5202 1361 5244 sacer.

108 5406 135 5445 lt
260 5379 287 5442 a)
310 5397 388 5445 quam
411 5383 440 5442 13
460 5397 510 5448 que
531 5383 555 5430 2.
629 5381 656 5440 b)
678 5395 811 5430 enecuere
834 5381 856 5429 1.
931 5375 956 5438 c)
979 5394 1059 5444 quani
1080 5381 1103 5428 1.
1184 5377 1211 5439 d)
1233 5388 1323 5430 seruet
1344 5384 1366 5431 l.
1444 5380 1469 5443 e)
1489 5385 1626 5433 rersua'lll.
1645 5384 1756 5449 requitur
1775 5384 1802 5433 in

152 5470 232 5521 codice
253 5473 262 5519 1
287 5487 381 5520 amarat
400 5471 442 5529 71,
462 5469 527 5535 quod
546 5471 562 5519 ‘2
580 5470 693 5519 coma-ir.
783 5465 804 5530 f)
826 5471 945 5534 requiret
966 5470 1038 5528 1.2;
1066 5485 1129 5518 corr.
1151 5467 1180 5518 P.
1193 5469 1223 5518 de
1240 5469 1275 5518 ll'.

264 5633 292 5703 l)
319 5631 366 5705 Cf.
392 5633 533 5710 Ranperii
555 5632 652 5689 librum
678 5627 752 5702 (Lib.
778 5633 812 5688 de
835 5633 881 5688 lite
905 5631 946 5701 II,
966 5651 997 5707 p.
1017 5627 1093 5706 510)
1117 5651 1142 5689 v.
1163 5631 1219 5688 66:
1254 5633 1313 5690 Neo
1338 5633 1442 5690 Christi
1466 5638 1568 5691 domun
1592 5638 1713 5692 caesaris
1738 5656 1801 5694 esse

155 5750 251 5813 queat.
344 5739 374 5807 2)
401 5737 448 5810 Cs.
472 5738 602 5814 soprul,
626 5759 651 5796 υ.
672 5739 700 5794 3.
