4386 6390
203 431 205 434 Ι
281 365 443 421 PELAGII
465 363 743 420 EPISTOLARUM
765 363 1019 421 FRAGMENTA.
1066 364 1268 420 BERNALDI
1289 365 1489 422 LIBELLUS.
1661 353 1724 420 599

73 551 184 634 malos,
209 551 269 616 sed
291 562 400 616 utrum
424 550 599 616 debeamus
623 551 814 615 scismaticis
838 552 987 616 sociari⁸·
999 554 1019 615 ¹.
1056 550 1142 616 Sed²
1163 553 1241 638 quia
1263 573 1297 615 se
1322 550 1363 616 ab
1386 551 1563 616 universali
1587 550 1726 641 ecclesia

74 659 264 741 diviserunt,
295 659 380 723 sicut
408 657 523 722 beatus
546 656 749 743 Augustinus
781 658 863 722 ait³:
896 659 1010 723 Omnis
1041 658 1218 723 catholicus
1250 681 1383 723 securus
1414 681 1487 722 eam
1518 669 1643 744 partem
1670 657 1724 722 de-

73 775 219 848 testatur,
251 765 304 830 cui
334 764 552 830 universalem
583 764 756 853 ecclesiam
789 763 976 850 apostolicis
1009 765 1140 830 sedibus
1174 763 1360 830 roboratam
1390 787 1456 830 non
1486 765 1724 830 communicare

75 873 251 959 cognoscit.
287 872 356 938 Nec
380 873 466 936 euim
489 870 612 957 levigat
630 894 743 935 eorum
759 873 891 954 crimen,
917 873 1020 957 magis
1045 883 1152 936 autem
1176 881 1283 957 auget,
1308 871 1395 958 quod
1411 893 1467 937 eos
1490 871 1546 936 diu
1568 873 1724 936 restitisse

44 978 213 1060 edixistis,
238 1002 279 1043 ne
302 977 488 1065 apostolicis
512 977 643 1042 sedibus
667 979 942 1042 communicantes
966 979 1000 1042 in
1023 1001 1082 1043 sua
1106 979 1330 1043 communione
1354 979 1565 1065 susciperent.
1600 978 1640 1043 In
1663 977 1724 1044 hoe

75 1087 161 1150 enim
185 1085 262 1151 dum
287 1096 319 1150 et
340 1084 387 1149 illi
411 1083 564 1172 culpandi
588 1085 661 1166 sint,
686 1085 742 1171 qni
766 1085 1004 1149 communicare
1029 1084 1147 1150 talibus
1171 1084 1351 1168 voluerunt,
1375 1084 1596 1170 multomagis
1615 1095 1724 1150 tamen

74 1191 121 1256 illi
144 1192 322 1258 execrandi
345 1201 428 1273 sunt,
453 1193 509 1277 qui
531 1191 725 1257 non'solum
748 1192 782 1254 in
798 1190 1022 1256 sacerdotibus
1039 1193 1300 1256 communionem
1316 1193 1566 1277 apostolicarum
1587 1190 1723 1274 sedium,

74 1321 188 1362 verum
211 1300 245 1362 in
269 1299 347 1384 ipsis
372 1299 470 1364 etiam
492 1297 584 1362 laicis
608 1307 811 1384 spreverunt.
847 1297 914 1363 Sed
929 1320 990 1363 nec
1014 1297 1095 1362 illud
1118 1299 1164 1362 eis
1187 1297 1329 1384 prodest,
1354 1297 1441 1384 quod
1465 1319 1520 1362 eos
1544 1299 1577 1362 in
1601 1297 1725 1362 eisdem

73 1405 189 1470 litteris
213 1404 266 1468 vel
289 1405 472 1491 ignorantia
494 1405 628 1469 rationis
652 1404 706 1468 vel
729 1405 935 1490 simplicitate
959 1404 1142 1469 intellectus
1172 1406 1222 1468 sui
1252 1427 1272 1468 a
1301 1415 1412 1469 nostra
1439 1427 1473 1469 se
1499 1406 1723 1470 communione

34 1539 58 1578 ro
74 1511 285 1597 suspendisse
308 1510 496 1598 perhibetis.
542 1510 582 1576 Id
605 1512 711 1598 ipsum
735 1522 843 1576 autem
867 1513 969 1596 magis
995 1521 1043 1575 est
1065 1521 1198 1597 propter
1226 1510 1314 1597 quod
1339 1512 1515 1576 scismatici
1538 1521 1622 1593 sunt,
1648 1511 1724 1596 quia
1778 1532 1780 1534 ·

73 1641 140 1682 non
164 1640 219 1683 eos
243 1617 375 1682 diversa
398 1617 560 1682 sentiendi
581 1617 748 1700 iudicium,
772 1617 831 1682 sed
854 1617 994 1706 quedam
1018 1617 1105 1704 apud
1129 1641 1163 1682 se
1187 1617 1305 1700 delata,
1330 1616 1392 1682 sibi
1415 1628 1525 1682 tamen
1547 1619 1722 1703 incognita,

74 1735 265 1808 metuentes,
297 1734 330 1789 et
359 1735 471 1790 contra
500 1724 695 1810 apostolicas
726 1724 820 1789 sedes
844 1735 965 1790 temere
991 1725 1160 1790 credentes
1183 1725 1326 1810 pessima
1347 1724 1460 1789 divisit
1483 1725 1592 1810 opinio
1601 1729 1623 1788 ⁴.
1669 1723 1724 1789 Ad
1788 1777 1789 1782 1

74 1853 234 1896 summam
264 1843 371 1896 autem
401 1831 473 1895 illos
505 1830 677 1918 ecclesiam
707 1854 778 1896 esse
810 1830 952 1912 creditis,
984 1841 1016 1896 et
1046 1854 1119 1896 cum
1144 1831 1207 1920 due
1232 1831 1369 1920 ecclesie
1398 1853 1469 1896 esse
1499 1833 1722 1917 nonpossint,

75 1959 134 2002 nos
159 1937 245 2024 quod
269 1935 356 2002 absit
378 1939 579 2002 scismaticos
602 1937 821 2020 iudicabitisb,
846 1949 902 2002 aut
924 1939 951 2001 si
974 1961 1087 2002 veram
1108 1939 1140 2002 in
1157 1938 1343 2025 apostolicis
1360 1937 1491 2002 sedibus
1509 1959 1580 2002 esse
1597 1948 1723 2002 constat

34 2070 57 2110 u
77 2044 259 2131 ecclesiam,
284 2040 317 2108 et
339 2045 410 2110 illos
434 2043 475 2109 ab
499 2047 622 2110 unitate
647 2045 768 2110 divisos
793 2045 986 2130 cognoscitis
1011 2055 1043 2109 et
1059 2046 1293 2110 communionis
1309 2047 1513 2131 questionem
1528 2067 1599 2108 esse
1616 2042 1721 2108 subla·

75 2163 151 2234 tam,
176 2174 410 2238 quamverum
433 2153 496 2216 nisi
518 2153 552 2216 in
576 2153 698 2216 unitate
723 2162 849 2216 constat
872 2173 943 2216 esse
966 2175 1032 2216 non
1050 2174 1157 2238 posse.
1192 2151 1267 2216 Noli
1284 2174 1360 2237 ergo
1378 2153 1471 2238 qussi
1486 2151 1575 2216 nulla
1590 2152 1721 2216 scisma·

74 2259 213 2322 ticorum
237 2267 334 2344 atque
359 2257 496 2346 ecclesie
520 2258 704 2323 differentia
727 2259 778 2341 sit,
808 2258 892 2322 velle
922 2257 1145 2324 indifferenter
1167 2268 1375 2344 utrorumque
1400 2258 1568 2322 sacrificiis
1592 2259 1720 2322 sociari.

75 2364 172 2429 Non5
194 2376 244 2429 est
268 2365 353 2429 enim
377 2363 519 2430 Christis
544 2387 671 2451 corpus,
696 2365 783 2451 quod
806 2367 1007 2430 scismaticus
1039 2365 1178 2447 conficit,
1210 2365 1237 2428 si
1260 2367 1396 2430 veritate
1427 2364 1510 2430 duce
1541 2365 1719 2450 dirigimur.

74 2471 144 2536 Nec
169 2473 254 2535 enim
274 2471 414 2537 divisum
431 2495 502 2536 esse
520 2470 685 2537 Christum
707 2473 826 2557 poterit
849 2473 1020 2558 quisquam
1043 2473 1112 2536 sine
1129 2471 1266 2557 apostoli
1281 2471 1508 2559 reprobatione
1525 2472 1720 2556 confingere.

32 2604 58 2643 so
76 2576 193 2660 Unam,
217 2589 253 2643 ut
275 2578 490 2665 sepedictum
508 2589 566 2660 est,
591 2601 654 2668 que
679 2590 727 2642 est
744 2577 865 2643 Christi
881 2601 1008 2664 eorpus,
1034 2589 1159 2643 constat
1183 2601 1253 2643 esse
1279 2578 1461 2668 eeclesiam,
1485 2580 1518 2642 in
1535 2578 1599 2643 dno
1616 2578 1668 2642 vel
1687 2579 1722 2641 in

74 2684 168 2772 plura
185 2684 288 2749 dividi
303 2708 367 2751 non
383 2695 498 2772 potest.
530 2685 633 2750 Simul
650 2686 736 2749 enim
754 2708 827 2750 cum
843 2683 885 2749 ab
899 2708 938 2750 ea
951 2687 1087 2771 quisque
1106 2684 1325 2773 [discesserit]‚
1342 2707 1413 2749 esse
1430 2685 1556 2750 desistit
1572 2685 1722 2774 ecclesia.

182 2791 331 2879 Sequitur
361 2793 474 2858 deiude
498 2797 533 2858 iu
556 2793 661 2858 codice
691 2808 795 2858 aostm
812 2795 878 2882 fol.
899 2793 989 2857 105‘:
1015 2791 1198 2856 Dcusdedit
1221 2815 1308 2879 papa
1332 2791 1499 2856 Gordiano
1523 2791 1723 2878 Hispaneusi

76 2899 239 2984 episcopo.
285 2899 440 2963 Pervenit
463 2898 505 2963 ad
528 2921 587 2963 nos
612 2897 768 2963 diaconus
792 2939 836 2946 —
860 2899 1015 2964 Similiter
1038 2900 1089 2962 vir
1111 2921 1247 2963 uxorem
1279 2899 1381 2986 (Juffe‘
1403 2924 1450 2964 ur.
1470 2900 1567 2979 2003,
1591 2901 1723 2986 epistola

75 3009 212 3092 spu-ria).
259 3006 468 3071 Innocentius
484 3006 642 3072 Victricio
667 3008 832 3092 episcopa.
876 3007 929 3095 He
951 3028 1029 3070 vero
1054 3027 1117 3094 que
1140 3005 1280 3070 necdum
1302 3045 1347 3053 -
1363 3007 1397 3094 f.
1419 3007 1491 3070 106.
1516 3004 1614 3070 fidem
1637 3004 1723 3070 fran-

32 3139 58 3177 as
74 3134 152 3198 gere
177 3122 293 3202 conato
317 3123 392 3178 sunt
422 3115 525 3201 (Jaffi
546 3139 595 3178 ur.
613 3115 702 3196 286).
749 3113 926 3178 Zacharias
954 3113 1126 3199 episcopus
1155 3134 1269 3176 servus
1293 3134 1460 3176 servorum
1483 3111 1549 3175 Dei
1571 3133 1722 3176 reveren-

75 3220 198 3283 tissimo
215 3230 247 3283 et
263 3221 466 3284 sanctissimo
482 3219 573 3284 fratri
591 3221 743 3306 episcopo
757 3219 929 3285 Theodoro
942 3219 1147 3284 Thioineusis
1165 3217 1312 3306 ecclesie.
1348 3219 1509 3282 Pitacium
1526 3216 1612 3304 quod
1628 3217 1722 3282 nobis

75 3365 119 3372 —
142 3336 306 3412 prestante
331 3326 460 3392 domino
477 3337 586 3392 nostro
603 3327 678 3390 Iesu
695 3325 824 3391 Christo
849 3328 952 3414 (Juffe'
973 3352 1021 3390 ur.
1039 3327 1142 3408 2306,·
1164 3326 1237 3389 ΕΕ.
1255 3326 1323 3406 ΙΙΙ,
1339 3327 1480 3414 p.110).
1517 3324 1613 3388 Ηοο6
1636 3325 1722 3388 enim

76 3433 261 3498 censuimus
291 3443 387 3520 atque
415 3435 624 3520 precipimus,
648 3443 684 3496 ut
706 3431 812 3496 nullus
839 3441 1004 3519 presumat
1027 3442 1236 3496 commatrem
1260 3455 1352 3496 suam
1375 3454 1510 3497 uxorem
1534 3430 1655 3494 ducere
1678 3469 1721 3480 —

77 3541 175 3604 curtis
199 3541 291 3625 regia
314 3540 478 3605 succedat.
523 3539 672 3604 Exordia
693 3539 790 3603 ΠΙΙ(Π
812 3538 1055 3628 euangeliorum
1078 3560 1121 3602 ex
1145 3538 1281 3625 epistola
1304 3540 1409 3602 sancti
1431 3539 1587 3604 leronimi
1610 3547 1722 3603 contra

32 3672 58 3712 so
75 3646 264 3712 Helvidium
276 3651 296 3711 ².
344 3646 465 3712 Sancta
486 3647 592 3711 Maria
621 3657 725 3711 mater
747 3646 882 3711 Domini
904 3683 947 3694 --
971 3645 1052 3708 Tres
1082 3646 1182 3730 igitur
1204 3647 1292 3709 viros
1315 3644 1414 3710 Anna
1440 3643 1553 3709 habuit
1575 3644 1719 3709 Ioaehim

76 3751 232 3840 Cleopam
256 3753 396 3842 Salome.
1000 3739 1003 3744 Δ

181 3861 314 3927 Accedit
336 3862 468 3946 deui'que
492 3863 627 3942 libellus,
651 3885 711 3947 quo
736 3861 906 3926 quiberuus
928 3861 1083 3946 uutupopa
1106 3873 1135 3923 et
1148 3860 1257 3947 factio
1280 3862 1348 3924 eius
1369 3862 1485 3924 acriter
1508 3862 1719 3946 impugnatur.

78 3967 144 4045 Qui
160 3982 233 4055 post
256 3967 410 4056 Gregorii
431 3967 501 4032 VII.
534 3983 660 4032 morum
690 3994 719 4032 o.
745 3993 769 4031 c.
790 3969 884 4032 1086.
917 3967 1060 4031 conditus
1090 3991 1159 4030 cum
1188 3967 1317 4052 scriptis
1339 3965 1502 4031 Berauldi
1522 3981 1551 4031 et
1572 3980 1721 4052 superte

74 4075 264 4140 Bernhardi
287 4074 569 4140 Constantieasium
600 4089 661 4139 tum
692 4089 764 4139 urta
793 4073 1019 4140 necessitudine
1045 4075 1225 4137 coniunctus
1247 4086 1301 4152 est,
1323 4075 1531 4159 metipsum
1556 4073 1720 4138 Beroaldo

31 4205 56 4244 as
75 4184 200 4246 auctori
219 4184 434 4246 aueauussimo
458 4180 657 4246 tribuendum
680 4205 744 4245 ease
766 4204 828 4245 noa
852 4180 996 4246 dubitem.

203 4305 403 4370 Beroliui
429 4331 457 4369 u.
479 4306 573 4368 1896.
599 4303 776 4391 Septembri
796 4329 906 4370 meuse.
1318 4304 1359 4368 Ε.
1384 4291 1629 4368 DUMMLER.

180 4499 341 4564 Dominus
364 4509 475 4564 noster
489 4500 581 4563 Iesus
598 4497 745 4564 Christus
768 4500 803 4562 in
818 4499 989 4585 euangelio
1013 4498 1191 4564 secundum
1206 4499 1372 4563 Matheum
1389 4497 1567 4585 quemlibet
1587 4498 1719 4563 catholi-
1739 4524 1810 4565 aros.

75 4629 147 4672 cum
175 4629 195 4670 a
223 4607 448 4671 communione
477 4606 830 4671 excommunicatorum
861 4607 938 4670 satis
969 4605 1113 4670 evidenti
1142 4607 1351 4692 preceptione
1382 4605 1538 4670 deterruit
1568 4606 1718 4671 dicens⁸:

77 4714 143 4792 Qui
168 4715 331 4801 ecelesiam
360 4738 422 4779 uoa
452 4714 601 4794 audierit,
631 4716 674 4778 sit
702 4715 763 4778 tibi
789 4717 870 4778 sieut
896 4715 1035 4779 ethnicus
1058 4729 1086 4778 et
1100 4715 1303 4800 publicanus.
1351 4713 1434 4778 Item
1456 4712 1619 4778 Iohannes
1642 4735 1719 4800 apo·
1739 4737 1897 4787 narniam.

29 4843 56 4883 so
72 4820 174 4886 'stolus
198 4830 230 4883 et
254 4819 469 4910 euangelista:
501 4819 645 4906 Siquis,
672 4819 787 4905 inquit,
812 4822 896 4884 uenit
917 4820 964 4884 od
984 4845 1038 4885 uos
1061 4835 1089 4885 et
1111 4821 1191 4886 huuc
1215 4821 1389 4886 doctrinam
1413 4846 1475 4886 uon
1498 4822 1602 4908 affert,
1625 4822 1858 4886 solimanum.

181 5017 207 5084 a)
228 5021 334 5072 sociare
352 5037 416 5071 corr.
434 5020 463 5069 ia
481 5020 581 5071 sociari
599 5037 620 5070 c.
692 5014 721 5080 b)
742 5019 907 5070 iudicabatis
926 5037 989 5070 coir.
1008 5019 1036 5070 ia
1055 5021 1212 5071 iudicabitis
1230 5038 1251 5071 c.
1324 5017 1349 5084 c)
1372 5021 1494 5073 Christus
1513 5039 1533 5072 e.

182 5182 211 5254 1)
242 5185 300 5241 ffic
327 5185 466 5242 nonnulla
495 5183 715 5252 desiderantur.
824 5181 855 5252 2)
879 5183 937 5240 Sed
961 5185 1080 5255 quisse
1108 5214 1145 5222 —
1171 5186 1313 5257 cognoscit
1344 5204 1393 5260 up.
1418 5183 1575 5242 Derisdedit
1602 5204 1626 5241 c.
1645 5183 1717 5240 142.

74 5290 105 5362 3)
128 5290 230 5349 Nescio
252 5290 306 5348 uhi.
391 5289 422 5360 4)
446 5290 504 5347 Hic
527 5290 628 5348 desunt
648 5291 795 5346 nonnulla.
881 5289 911 5358 5)
935 5291 999 5346 Non
1016 5297 1061 5346 est
1076 5321 1120 5330 -
1137 5291 1258 5347 ecclesia
1280 5309 1328 5366 ap.
1346 5290 1503 5348 Duadedit
1524 5292 1542 5347 l.
1560 5292 1578 5348 l.
1603 5311 1626 5347 c.
1646 5290 1718 5361 143,

67 5417 100 5474 p.
116 5396 188 5469 104,
211 5398 258 5456 udi
277 5399 417 5456 nonnulla
439 5397 594 5455 adduntur.
663 5394 694 5466 6)
713 5395 806 5453 Edict.
825 5396 1010 5473 Lanpobard.
1029 5397 1205 5472 Liatprundi
1220 5398 1289 5474 Lep.
1307 5416 1330 5454 c.
1350 5397 1390 5453 34
1415 5394 1492 5474 (Lu.
1509 5397 1565 5469 IV,
1583 5392 1718 5474 p.124)‚

27 5521 54 5561 is
71 5513 102 5562 ut
121 5505 212 5564 socius
234 5513 329 5564 noster
352 5505 537 5572 Zamarme
560 5503 660 5562 docuit.
746 5500 777 5574 7)
800 5502 856 5560 Ubi
878 5503 947 5560 haec
969 5503 1081 5561 minime
1103 5503 1291 5562 inueniuntur.
1329 5504 1440 5562 Endera
1463 5513 1563 5562 estam
1583 5503 1720 5580 ampliore

65 5612 222 5683 seruicia
245 5611 338 5670 codice
355 5610 560 5688 Bumberqensi
581 5609 616 5666 P.
633 5609 657 5666 1.
675 5608 705 5679 9,
723 5609 783 5680 sol.
803 5607 875 5666 100.
946 5608 977 5680 8)
1001 5609 1088 5667 Hunc
1110 5612 1198 5668 locum
1222 5618 1248 5667 et
1269 5610 1318 5686 qui
1339 5619 1492 5687 sequautur
1515 5613 1616 5668 laudat
1637 5611 1719 5668 etium

70 5718 261 5776 Bernhardus
283 5718 313 5775 in
335 5717 406 5776 libro
430 5737 531 5775 coam.
556 5717 613 5773 c.1
641 5709 716 5791 (Lib.
742 5715 777 5772 de
800 5715 846 5773 lite
869 5715 894 5788 Ι,
912 5735 947 5792 p.
965 5711 1053 5792 477).
