4568 6428
380 385 576 442 EPISTOLA
599 388 652 442 DE
675 387 855 442 VITANDA
878 386 993 442 iussn
1016 386 1296 443 UXORATORUM
1320 385 1599 444 SACERDOTUM.
1801 381 1817 442 7

165 588 296 638 tuentem.
351 573 558 638 Meminimus
588 588 616 638 et
645 588 779 638 tenemus
808 575 1074 638 succumbentibus
1105 575 1177 638 licet
1205 588 1233 638 et
1262 574 1439 639 cedentibus
1469 559 1579 638 ceteris
1609 573 1819 639 Matbatbiam

168 681 265 767 leqem
288 679 356 744 Dei
384 679 563 744 uindicasse
585 681 721 768 fortiter
751 695 779 744 et
807 680 938 745 Helium
969 679 1183 766 deficientibus
1212 679 1322 744 Iudeis
1352 695 1444 766 atque
1474 705 1494 744 α
1524 682 1677 769 relipione
1708 681 1819 746 diuina

169 786 381 851 recedentibus
403 787 521 850 stetisse
545 800 573 850 et
590 800 722 850 certasse
744 788 921 851 sublimiter
927 811 938 868 ,·
961 786 1129 851 Danielem
1154 812 1225 852 uero
1248 811 1303 860 nec
1325 787 1495 852 solitudine
1518 790 1678 873 reqionis⁸
1696 789 1820 852 alienae

167 917 224 956 nec
248 895 479 978 persecutionis
502 892 629 958 assidue
659 895 862 981 infestatione
886 893 1065 957 deterritum
1090 895 1278 981 frequenter
1301 919 1339 958 ao
1366 895 1497 981 fortiter
1516 895 1658 982 qlcriosa
1683 895 1821 959 edidisse

129 1030 144 1072 a
170 1001 319 1062 martirio
326 1023 337 1081 ,·
367 1013 429 1062 tres
452 1001 524 1063 item
548 1023 668 1086 pueros
690 1023 745 1064 nec
768 1001 862 1062 annis
885 1024 940 1063 nec
963 1002 1060 1064 minis
1075 1000 1204 1087 fractos
1228 1015 1334 1064 cantra
1358 1003 1445 1088 iqnes
1469 1000 1659 1066 Babilonios
1678 1001 1821 1088 fideliter

169 1107 323 1170 obstitisse
347 1119 375 1169 et
398 1107 543 1169 uictorem
566 1095 668 1192 repom
692 1108 726 1170 in
749 1130 807 1168 sua
830 1108 1010 1192 captivitate
1034 1108 1154 1170 uicisse.
1209 1107 1356 1170 Videmus
1379 1122 1407 1171 et
1429 1131 1521 1187 nunc,
1545 1109 1622 1192 qnia
1646 1109 1728 1172 inter
1743 1132 1819 1194 pre-

172 1214 384 1276 varicator-um
407 1197 569 1276 numerum
592 1235 630 1276 ac
645 1211 861 1296 proditorum,
886 1214 945 1296 qui
965 1215 999 1276 in
1018 1209 1169 1276 ecolesiab
1189 1227 1297 1276 contra
1320 1213 1504 1278 aecclesiam
1527 1237 1654 1300 surpere
1677 1227 1705 1278 et
1727 1214 1821 1294 fidem

54 1327 55 1332 ’
162 1321 292 1403 pariter
322 1342 360 1382 oc
392 1320 551 1382 vceritatem
584 1319 797 1405 labefactore⁰
834 1333 991 1403 ceperunt,
1020 1334 1187 1404 purrinnet
1215 1320 1305 1405 apud
1328 1321 1491 1405 plurimos
1521 1323 1646 1384 sincera
1678 1345 1764 1384 mens
1795 1335 1823 1384 et

170 1426 285 1511 reliqio
309 1427 430 1512 inteqra
454 1439 482 1488 et
503 1449 564 1488 non
588 1427 656 1489 nisi
679 1424 806 1488 domino
827 1439 855 1489 et
873 1425 941 1488 Deo
963 1449 1020 1489 suo
1042 1428 1152 1489 anima
1176 1426 1294 1489 deuota.
1337 1424 1574 1490 Cleristvianam‘l
1590 1426 1692 1512 fldem
1715 1428 1821 1491 aliena

123 1562 152 1602 10
164 1531 311 1618 perfidio
341 1555 396 1596 nec
419 1531 571 1617 deprimit
599 1531 644 1594 ad
671 1533 810 1610 ruinam,
841 1531 898 1594 sed
926 1534 1028 1618 maqis
1057 1534 1188 1596 eacitute
1218 1546 1246 1595 et
1275 1533 1392 1596 enaltat
1420 1533 1466 1596 ud
1485 1533 1624 1620 qloriam
1653 1532 1821 1596 seeundum

171 1637 259 1722 quad
279 1639 386 1702 beatus
407 1639 567 1723 apostolus
590 1638 731 1701 bortatur
754 1651 782 1702 et
805 1638 901 1702 dicit:
925 1637 1026 1714 ‘Quid
1047 1641 1130 1701 enim
1153 1641 1185 1702 si
1206 1638 1389 1702 ecciderunt
1410 1664 1430 1702 a
1446 1639 1517 1725 fide
1540 1639 1671 1724 quidam
1693 1640 1823 1703 eorum?
1839 1663 1960 1712 nonas.

170 1743 340 1830 Numquid
365 1744 539 1828 infidelitas
561 1740 687 1807 eorums
706 1743 808 1830 fidem
831 1743 899 1808 Dei
918 1745 1104 1808 euacua-ait?
1140 1745 1241 1808 Absit.
1288 1745 1349 1808 Est
1370 1747 1453 1810 enim
1476 1744 1565 1809 Deus
1587 1770 1694 1825 uerna,
1721 1749 1823 1810 omnis
1839 1768 1899 1810 um.

170 1865 273 1914 autem
297 1851 386 1914 bomo
405 1850 561 1915 mentor.
598 1849 639 1913 Si
658 1864 760 1914 autern
784 1853 885 1914 omnis
907 1851 996 1914 bomo
1018 1851 1154 1914 mendace
1176 1865 1204 1914 et
1225 1851 1311 1914 solus
1330 1850 1417 1914 Deus
1440 1866 1609 1931 cerame,
1633 1851 1715 1936 quid
1730 1852 1825 1916 aliud

171 1959 261 2021 ser-ui
280 1960 347 2022 eius
376 1971 405 2021 et
433 1959 569 2021 monim
596 1956 771 2022 sacerdotes
794 1955 909 2043 facere
940 1956 1094 2037 debemus,
1124 1960 1193 2022 nesi
1220 1972 1253 2021 ut
1281 1958 1433 2021 humanos
1461 1981 1583 2022 errores
1607 1972 1635 2022 et
1657 1959 1822 2024 utendacia

127 2093 153 2133 n
172 2065 390 2148 relinquamus
420 2078 448 2127 et
469 2078 622 2149 precepta
646 2063 806 2127 dominica
837 2063 1040 2127 custodientes
1070 2067 1104 2127 in
1129 2064 1195 2128 Dei
1223 2066 1351 2128 ueritate
1380 2065 1586 2128 moneamus?
1634 2063 1739 2142 Quare
1766 2068 1826 2128 etsi
1866 2120 1869 2126 .

171 2171 281 2255 aliqui
301 2157 340 2234 en
355 2171 482 2258 colleqis
504 2172 621 2234 nostris
644 2173 818 2250 sustiterunt,
835 2171 964 2257 fratres
987 2168 1197 2249 dilectissimi,
1228 2172 1287 2255 qui
1310 2170 1457 2258 deificam
1480 2167 1701 2256 ‘disciplinam
1724 2172 1822 2259 nepli-
1841 2201 1914 2243 ms,

168 2277 306 2364 pendi-m
334 2291 451 2362 putant
484 2290 512 2340 et
546 2301 615 2340 cum
649 2276 800 2340 Basilide
834 2291 863 2339 et
895 2276 1054 2340 Marciale
1088 2291 1198 2341 temere
1233 2279 1475 2357 communicant,
1511 2279 1694 2342 conturbare
1721 2277 1823 2364 fidem

172 2398 311 2447 nostram
334 2407 384 2446 res
407 2385 468 2446 esta
492 2407 554 2446 non
573 2383 660 2447 debet
682 2396 711 2447 et
732 2407 801 2446 cum
824 2385 959 2468 spiritus
980 2397 1105 2446 satietas
1128 2383 1244 2447 talibus
1266 2385 1302 2446 in
1318 2383 1459 2468 psalmis
1477 2385 1680 2447 comminetur
1698 2383 1823 2448 dican:

172 2489 262 2552 (Ταῦ
296 2513 367 2553 uero
399 2489 497 2554 odisti
525 2489 732 2575 disciplinam
759 2504 788 2553 et
816 2491 963 2554 abiecisti
988 2513 1143 2553 sermones
1167 2513 1249 2553 meos
1273 2485 1367 2576 posth
1395 2503 1422 2554 te
1429 2514 1440 2570 ,·
1469 2491 1502 2553 si
1529 2485 1674 2554 videbas¹
1702 2491 1822 2577 furem,
1841 2513 1999 2562 racanas.

125 2625 152 2664 so
171 2593 400 2660 concurrebask
426 2621 495 2660 cum
520 2621 553 2660 eo
577 2610 605 2660 et
628 2620 697 2659 cum
727 2595 882 2659 adulteris
904 2597 1084 2681 portionem
1108 2609 1193 2658 tuam
1216 2595 1380 2681 ponebas’,
1412 2610 1566 2659 consortes
1593 2610 1622 2660 et
1643 2597 1823 2682 participes

171 2702 305 2767 ostendit
337 2726 386 2767 eos
418 2704 595 2767 alienorum
627 2702 812 2766 delictorum
836 2703 931 2788 fleri,
967 2703 1026 2786 qai
1050 2703 1182 2789 fuerint
1212 2702 1464 2787 delinquentibus
1496 2685 1644 2788 copubzti.
1699 2701 1766 2767 Sed
1796 2717 1824 2766 et

170 2808 293 2872 Paulus
323 2810 481 2895 apostolas
512 2809 568 2873 boc
598 2809 683 2873 idem
702 2811 824 2890 ,scribit
854 2809 979 2872 dicens:
1009 2806 1254 2888 ‘Susurratorea
1286 2807 1483 2889 detractores,
1514 2810 1714 2874 abhorrentes
1743 2805 1952 2909 D⁶⁰›1,iii¹.'},'q,

172 2918 335 2996 iniuriosi,
365 2917 504 3001 superbi,
528 2918 678 2981 iactantes
700 2919 762 2994 snei,
786 2914 1005 2979 adinventores
1028 2915 1194 2995 malorum,
1219 2917 1278 3000 qui
1298 2939 1367 2978 cnm
1392 2917 1551 2980 iusticiam
1575 2914 1642 2979 Dei
1662 2918 1821 3002 capuanis-

170 3037 247 3102 sent,
278 3047 340 3086 non
370 3037 487 3087 tantum
517 3023 604 3086 mala
626 3023 762 3110 faciunt
790 3021 896 3086 sedet
918 3023 1111 3086 consentiunt
1136 3024 1192 3102 eis,
1222 3023 1281 3106 qui
1308 3021 1365 3085 boc
1387 3035 1491 3109 aqunt.
1543 3020 1608 3099 Qut
1613 3019 1622 3060 ¹
1653 3023 1743 3102 talia,
1774 3025 1822 3086 in-

126 3154 152 3195 ιι
172 3131 250 3213 quit,
274 3143 379 3216 ayant,
403 3143 499 3193 morte
521 3143 593 3192 sum
616 3129 730 3215 diqni’.
771 3128 964 3215 Manifestat
985 3141 1014 3192 et
1035 3129 1216 3213 comprobat
1237 3143 1333 3192 morte
1356 3151 1420 3192 esse
1440 3128 1552 3215 diqnos
1575 3142 1603 3192 et
1624 3127 1670 3192 ad
1684 3151 1823 3214 poariam

174 3238 279 3299 uenire
302 3260 363 3299 non
393 3249 511 3299 tannim
534 3236 618 3315 illos,
649 3237 708 3320 qui
733 3235 820 3298 mala
848 3241 985 3322 aquaem,
1015 3234 1073 3298 sed
1101 3236 1195 3298 etiam
1224 3258 1285 3315 eos,
1316 3236 1375 3319 qui
1402 3235 1482 3299 talia
1510 3235 1725 3321 facientibustl
1752 3259 1822 3300 con·

171 3344 314 3406 sentiunt
362 3341 430 3419 Qui
447 3341 522 3405 dum
545 3342 641 3406 malis
657 3343 897 3428 peccatoribus⁰
926 3355 954 3404 et
969 3342 1178 3426 penitentiam
1201 3364 1263 3404 non
1285 3342 1447 3428 apsntibus
1470 3341 1587 3406 illicita
1610 3344 1823 3408 communione
1913 3405 1915 3411 .
1970 3399 1975 3410 .

173 3450 350 3529 miscentur,
374 3450 548 3512 nocentium
572 3450 723 3512 tactibusl’
739 3448 939 3533 polluuntur,
963 3461 991 3510 et
1014 3447 1088 3510 dum
1113 3449 1284 3534 ianquntur
1307 3449 1341 3510 in
1364 3448 1470 3533 culpa,
1493 3449 1540 3512 sic
1562 3471 1618 3512 nec
1641 3450 1676 3512 in
1691 3457 1819 3534 poena‘l

172 3567 370 3640 separantur.
416 3553 551 3640 Propter
574 3555 660 3639 qaod
685 3555 874 3641 inteqritatis
897 3568 925 3618 et
947 3553 1034 3639 fidei
1062 3567 1179 3618 uestrae
1209 3554 1395 3640 reliqiosam·
1415 3553 1672 3635 sollicitudinem,
1700 3556 1824 3642 fratres
1923 3541 1928 3554 ⁸

126 3685 155 3726 ιο
174 3661 388 3741 dilectissimi,
422 3660 591 3725 laudamus
615 3663 744 3747 pariter
776 3675 804 3724 et
827 3662 1004 3746 probamus
1036 3675 1064 3723 et
1095 3673 1245 3744 quantum
1269 3683 1440 3746 possumus
1471 3659 1678 3724 adhortamur
1711 3661 1824 3724 litteris

174 3769 299 3847 nostris,
329 3793 366 3832 ne
397 3791 452 3832 vos
482 3792 551 3831 cum
574 3768 733 3855 profanis
760 3781 788 3830 et
816 3767 983 3830 maculatis
1013 3766 1226 3830 sacerdotibus
1249 3768 1526 3830 communicatione
1554 3766 1712 3854 sacrileqa
1742 3791 1822 3831 corn-

174 3876 365 3955 muceamr,
388 3874 446 3939 sed
467 3876 621 3961 inteqram
644 3887 673 3937 et
694 3875 849 3937 sinceram
866 3873 953 3959 fidei
973 3886 1092 3936 vestrm
1107 3874 1294 3959 firmitatem
1317 3872 1466 3959 reliqiaso
1490 3873 1599 3936 timore
1621 3874 1758 3937 sanetis.

279 3979 436 4044 Preterea
457 3978 636 4043 notandum
660 3989 709 4043 est
732 3979 765 4040 in
788 3977 851 4042 hac
876 3977 1022 4063 epistola,
1054 3977 1141 4064 quod
1165 3977 1293 4041 etiamsi
1316 3977 1462 4041 Romana
1485 3977 1662 4041 auctoritas
1686 3978 1823 4043 circum-

174 4086 324 4149 veniatur
348 4085 458 4172 aliqua
480 4085 698 4149 hereticorum
721 4082 940 4148 fraudulentia
963 4084 1075 4169 eisque
1099 4082 1193 4148 reddi
1220 4081 1333 4147 iubeat
1359 4082 1540 4147 indebitam
1563 4085 1823 4148 communionem

127 4215 156 4259 ιι
175 4192 229 4256 vel
252 4191 452 4278 dignitatem,
483 4192 587 4278 magis
617 4213 676 4255 nos
707 4191 799 4276 sequi
822 4189 943 4254 debere
967 4191 1131 4276 cognitam
1154 4189 1336 4272 veritatem,
1368 4212 1466 4276 quum
1490 4189 1662 4276 deceptam
1685 4191 1823 4255 auctori-

174 4300 284 4362 tatem.
331 4297 387 4363 sic
417 4299 505 4362 enim
536 4297 575 4362 de
606 4297 753 4384 predicto
777 4296 921 4361 Basilide
951 4297 1036 4360 inter
1066 4307 1176 4360 cetera
1206 4296 1361 4382 legitur¹z
1393 4297 1559 4362 Basilides
1582 4312 1659 4383 post
1687 4300 1824 4363 crimina

174 4431 233 4470 sua
257 4407 372 4471 detecta
395 4420 423 4470 et
445 4408 651 4470 conscientiae
674 4408 768 4469 etiam
784 4407 942 4491 propriae
966 4406 1162 4492 confessione
1185 4404 1304 4469 nudata
1320 4403 1455 4468 Romam
1471 4428 1609 4491 perperis
1632 4403 1824 4490 Stephanum

175 4513 324 4600 colleqam
347 4526 487 4577 noenum
511 4513 599 4599 lonqe
615 4514 757 4598 positum
780 4526 808 4576 et
827 4526 930 4598 qestae
952 4512 1004 4574 rei
1024 4535 1062 4574 ac
1092 4513 1234 4575 veritatis
1264 4512 1411 4598 iqnarnm
1427 4511 1568 4598 fefellit,
1599 4523 1633 4574 ut
1654 4511 1826 4576 enambiret

174 4643 207 4684 se
236 4621 350 4705 reponi
376 4621 491 4684 iniuste
521 4621 556 4682 in
584 4621 807 4704 episcopatum,
839 4617 877 4681 de
906 4641 967 4702 quo
990 4617 1107 4704 fuerat
1135 4619 1204 4681 inre
1235 4617 1403 4703 depositus.
1450 4617 1521 4680 Hoc
1551 4640 1585 4681 eo
1609 4619 1762 4702 pertinet,
1793 4631 1826 4680 nt

127 4745 157 4786 ιο
175 4725 338 4790 Basilidis
367 4749 430 4790 non
460 4739 523 4789 tam
553 4725 672 4789 abolita
702 4748 796 4808 qnam
826 4723 984 4787 curnulata
1007 4721 1085 4787 'sint
1114 4722 1239 4804 delicta,
1269 4737 1304 4787 ut
1331 4723 1377 4786 ad
1404 4725 1571 4808 superiora
1594 4737 1727 4809 peccata
1757 4724 1825 4787 eius
1842 4747 1920 4786 *ιιαι

175 4834 268 4896 etiam
291 4832 456 4919 fallaciae
485 4839 530 4895 et⁸
560 4833 833 4896 circumventionis
863 4832 982 4894 crimen
1011 4831 1183 4893 accesserit.
1230 4829 1340 4914 Neque
1369 4832 1452 4893 enim
1482 4842 1545 4892 tam
1575 4828 1753 4914 culpandus
1782 4843 1826 4894 est

282 5027 309 5091 a)
331 5029 486 5080 solitudinis
506 5029 647 5096 religionis
666 5046 687 5079 c.
759 5024 789 5090 b)
811 5029 919 5079 Viderit
938 5026 982 5078 vel
1002 5029 1253 5094 praevaricatorum
1272 5043 1401 5078 numerus
1419 5025 1464 5078 vel
1483 5027 1670 5093 proditorum„
1685 5028 1732 5092 qui
1751 5043 1824 5078 nunc

174 5120 203 5168 in
223 5117 342 5169 ecclesis
362 5118 437 5185 ΟΨ.
511 5115 537 5180 c)
560 5117 720 5169 labefactari
738 5135 759 5168 c.
832 5113 861 5178 d)
881 5133 932 5167 nec
953 5117 1043 5168 christ.
1065 5116 1141 5183 Cypr.
1209 5113 1235 5177 e)
1258 5131 1316 5167 exc.
1336 5122 1363 5167 et
1380 5133 1428 5167 orn.
1448 5115 1510 5167 sor.
1575 5112 1597 5178 f)
1618 5114 1729 5166 illorum
1748 5115 1825 5182 Oppr.

175 5203 204 5272 g)
233 5206 283 5258 Hic
307 5207 373 5258 locus
396 5207 484 5258 bibliae
508 5223 593 5258 meroe
613 5207 761 5272 plemmqm
785 5205 939 5256 abbrevians
956 5213 1006 5256 aa
1032 5206 1159 5255 abiecisti
1182 5222 1203 5256 s.
1229 5222 1263 5255 m.
1289 5211 1353 5270 post
1377 5210 1405 5255 te
1424 5207 1448 5255 si
1463 5203 1578 5254 videbas
1603 5205 1691 5255 furem
1716 5220 1740 5256 c.
1763 5221 1824 5254 cum

127 5309 156 5350 ιι
175 5313 199 5348 e.
220 5302 248 5347 et
266 5313 290 5346 c.
309 5313 334 5347 a.
353 5313 379 5362 p.
398 5302 417 5346 t.
437 5313 463 5362 p.
554 5291 582 5358 h)
607 5300 679 5346 retro
702 5297 726 5345 si
747 5294 823 5361 Cypr.
914 5291 935 5356 i)
956 5294 1065 5345 videras
1087 5293 1180 5360 ὔμμι,Ι
1205 5293 1312 5344 videbis
1332 5293 1403 5359 Vsdq.
1493 5288 1523 5354 k)
1546 5309 1569 5344 c.
1586 5309 1616 5355 c,·
1641 5294 1825 5345 concurrebas

176 5385 270 5452 bppm
297 5386 426 5436 currebas
450 5385 530 5451 Vulp„
556 5402 606 5450 qao
623 5383 654 5434 de
671 5401 747 5434 causa
766 5382 827 5434 Sdr.
842 5398 977 5448 perperam
993 5381 1058 5433 banc
1076 5383 1202 5434 tetdonem
1224 5381 1366 5446 asmmprit.
1464 5379 1484 5443 Ι)
1514 5383 1643 5446 quoniam
1671 5383 1719 5446 qni
1749 5381 1825 5448 Cypr.

88 5469 89 5472 ’
111 5503 114 5512 ·
174 5470 212 5534 m)
232 5474 339 5524 fuciunt
358 5473 434 5540 lbpr.
506 5469 535 5534 n)
555 5489 619 5522 corr.
638 5480 667 5522 ut
684 5472 783 5522 ridetur
799 5488 829 5521 ec
846 5467 942 5521 ιἰιαίιιι9
959 5487 980 5521 c.
1053 5467 1081 5532 ο)
1103 5477 1131 5522 et
1148 5471 1340 5537 peccatoribus
1361 5469 1437 5536 Oppi.
1503 5465 1533 5536 p)
1555 5471 1727 5520 contactibus
1749 5470 1825 5536 qur.
1899 5495 1902 5502 .

174 5559 203 5628 q)
224 5562 308 5629 culpe
325 5580 345 5613 c.
419 5560 443 5624 r)
463 5563 602 5612 misceatis
624 5560 700 5627 Cppr.
772 5557 797 5621 s)
819 5565 847 5611 et
865 5561 906 5610 cir
923 5559 951 5610 in
968 5577 1047 5625 marq.
1066 5577 1086 5610 c.

285 5742 314 5813 1)
340 5740 481 5819 Cypriani
503 5741 581 5818 epist.
603 5741 654 5814 67,
679 5761 702 5798 c.
724 5741 754 5812 5,
780 5739 853 5816 Opp.
879 5741 921 5798 ed.
946 5740 1059 5811 Hartel,
1079 5760 1111 5816 p.
1131 5739 1193 5797 739
1210 5760 1252 5817 sq.
