4418 6412
625 372 677 426 DE
700 370 1032 428 INVES'I'IGATIONE
1056 370 1308 429 Anrlcrffllsrr
1329 373 1364 426 L.
1379 372 1404 427 1.
1779 363 1843 427 387

186 558 335 622 rentium
359 569 391 622 et
415 579 531 622 causas
559 557 850 645 utriusquepartis
875 556 1127 623 defendentium.
1175 557 1321 639 Quorum
1344 559 1439 622 unius
1462 566 1636 644 argenteus
1661 556 1749 622 color
1772 579 1844 643 spe-

189 665 303 729 cimen
325 664 447 751 prefert
469 665 583 729 nitoris
606 662 658 728 vel
681 665 829 729 iusticias
852 675 980 751 patrum
1003 665 1139 751 eloquiis
1163 665 1362 751 conscripta,
1394 664 1526 729 alterius
1549 686 1627 728 vero
1659 663 1747 728 color
1769 686 1843 749 pur-

190 793 315 857 pureus
338 769 458 857 regalis
481 771 655 858 potentiae,
680 792 745 856 qua
768 772 888 852 nititur,
913 772 1121 836 eminentiam
1143 769 1362 857 presignabat.
1398 771 1523 857 Nempe
1540 769 1721 835 Alexandri
1743 791 1843 856 papa·

192 886 247 940 tus
277 877 414 942 fonnem
442 876 622 964 legitimam
650 877 743 941 iuxta
773 899 914 942 canones
944 876 1084 958 obtinet,
1116 877 1198 941 alter
1219 899 1307 958 vero,
1339 876 1373 942 id
1400 887 1449 942 est
1472 877 1595 958 Victor,
1625 877 1722 941 etiarn
1745 876 1843 962 vulgo

154 1006 283 1070 spapa
312 985 515 1069 imperatoris
545 985 737 1048 nominatur.
788 984 1022 1048 Verumtamen
1051 996 1187 1070 uterque
1219 1006 1351 1048 causam
1382 1006 1474 1048 suam
1504 983 1607 1048 nitore
1639 984 1843 1069 conscriptae

194 1091 343 1155 iusticias
359 1089 411 1154 vel
434 1099 543 1154 tuetur
564 1089 618 1154 vel
640 1088 761 1176 palliat,
785 1100 922 1176 uterque
946 1090 1134 1155 defensione
1158 1090 1260 1177 regali
1283 1092 1389 1156 nitens
1413 1091 1506 1176 quasi
1529 1112 1728 1177 purpureum
1750 1090 1784 1152 in
1807 1111 1842 1153 se

195 1197 336 1262 colorem
360 1205 509 1261 ostentat.
556 1196 640 1260 Nam
654 1196 769 1261 Victor
791 1197 968 1282 augustalis
992 1198 1169 1262 maiestatis
1193 1197 1382 1262 defensione
1405 1198 1527 1279 nititur,
1551 1194 1742 1261 Alexander
1764 1218 1842 1260 vero

195 1305 293 1367 etism
317 1304 447 1390 tyranni
470 1301 572 1368 Siculi
595 1325 629 1366 se
653 1313 812 1390 potestate
836 1315 953 1384 tuetur,
979 1305 1070 1368 cuius
1094 1305 1192 1368 etiam
1214 1304 1316 1368 fretus
1339 1303 1461 1368 milicia
1485 1303 1618 1368 castella
1647 1325 1705 1366 seu
1728 1301 1843 1389 predia

194 1408 282 1474 beati
307 1410 393 1474 Petri
418 1409 636 1495 expugnando
660 1431 717 1473 sue
741 1408 860 1474 subicit
882 1409 1006 1475 ditioni.
1041 1411 1111 1475 Nec
1128 1433 1205 1475 vero
1229 1411 1397 1476 aratione
1421 1409 1561 1475 alienum
1584 1420 1633 1475 est
1656 1419 1842 1495 serpentum

147 1541 176 1579 10
193 1517 388 1602 imaginaria
402 1517 528 1580 visione
552 1515 737 1580 sacerdotes
761 1538 819 1580 seu
836 1514 937 1580 bonos
954 1540 1011 1581 seu
1027 1516 1128 1582 malos
1146 1518 1379 1603 ‘interpretari
1416 1516 1585 1604 Siquidem
1602 1515 1688 1602 apud
1705 1516 1842 1602 Moysen
1860 1503 1962 1606 {iffi
1973 1557 2007 1598 η,

195 1623 229 1686 in
253 1621 458 1709 serpentibus
482 1645 524 1686 ex
548 1623 647 1708 virgis
678 1645 846 1708 magorum
876 1622 1091 1688 hereticorum
1121 1625 1262 1688 astutia·
1293 1625 1426 1710 insuper
1448 1633 1481 1687 et
1503 1624 1633 1709 gemina
1663 1645 1749 1687 mors
1773 1645 1842 1687 eor·

194 1729 283 1815 poris
307 1740 339 1792 et
361 1729 478 1811 anime,
509 1730 542 1792 in
570 1739 719 1815 serpente
743 1751 821 1794 vero
852 1752 894 1794 ex
917 1731 1011 1816 virga
1033 1731 1140 1817 Moysi
1171 1732 1268 1794 etiam
1292 1729 1413 1795 Christi
1443 1752 1528 1795 mors
1559 1751 1617 1794 seu
1647 1729 1841 1816 prudentiab
1861 1753 1916 1794 aa.

195 1834 372 1900 christiana
394 1837 580 1922 presignato
603 1844 662 1900 est.
708 1835 804 1900 Unde
829 1847 861 1900 et
884 1836 1051 1922 discipulis
1075 1839 1141 1901 suis
1164 1836 1325 1902 Dominus
1349 1838 1410 1901 ait:
1435 1837 1540 1902 Estote
1557 1837 1739 1924 prudentes,
1762 1839 2019 1908 siracusanum.

193 1957 359 2028 serpentes,
383 1954 419 2006 ut
441 1965 505 2007 non
529 1939 687 2006 absonum
711 1943 751 2007 sit
778 1943 812 2005 in
836 1955 1022 2028 serpentum
1044 1944 1148 2028 figura
1171 1942 1356 2008 sacerdotes
1381 1965 1439 2007 seu
1461 1941 1564 2007 bonos
1588 1965 1646 2006 seu
1668 1942 1770 2007 malos
1794 1943 1841 2005 in·

150 2075 175 2113 u
195 2046 306 2133 telligi.
341 2048 385 2112 Et
399 2048 615 2112 Mardocheus
639 2050 819 2112 somnium⁰
844 2049 1077 2136 interpretans:
1102 2051 1175 2115 Duo
1199 2051 1360 2130 dracones,
1384 2051 1498 2135 inquit,
1522 2073 1576 2138 epo
1598 2074 1665 2114 sum
1683 2065 1711 2114 et
1725 2049 1839 2114 Amen.
1861 2070 1991 2120 mamus.

193 2155 238 2218 At
262 2177 320 2219 nos
335 2156 494 2219 visionem
518 2153 602 2220 hanc
625 2167 758 2242 propter
781 2155 925 2220 trifariae
949 2157 1114 2220 scissionis
1138 2156 1257 2221 malum
1281 2156 1529 2242 significandum
1554 2153 1729 2238 intulimus,
1754 2155 1841 2242 quod

192 2283 259 2326 non
282 2263 347 2325 iam
371 2263 404 2325 in
428 2263 558 2342 somnis,
583 2261 696 2326 sedin
720 2272 833 2348 aperta
856 2263 980 2327 visione
1005 2263 1198 2328 declaratur.
1238 2263 1355 2327 Tereia
1378 2284 1519 2349 namque
1543 2263 1643 2349 partis
1667 2260 1752 2325 illius
1775 2283 1840 2326 me·
1953 2308 1956 2314 ,

194 2366 258 2448 die,
275 2378 310 2432 ut
325 2367 464 2450 videtur,
488 2368 704 2454 significativa
719 2368 827 2433 media
850 2368 905 2434 illa
929 2368 1025 2434 arbor
1048 2371 1164 2451 extitit,
1190 2392 1253 2456 que
1276 2371 1361 2433 inter
1376 2369 1456 2434 duos
1478 2368 1551 2433 illos
1575 2380 1741 2455 serpentes
1765 2367 1840 2432 hinc

193 2474 270 2538 inde
293 2487 461 2561 porrectos
491 2473 632 2538 medium
661 2476 774 2539 tenuit.
821 2474 893 2556 Qus
923 2476 1054 2540 tandem
1078 2497 1207 2563 quoque
1230 2476 1303 2541 Deo
1333 2476 1464 2540 favente
1495 2485 1645 2561 superato
1677 2473 1840 2539 dualitatis

148 2609 174 2648 ro
193 2583 345 2646 scismate
369 2583 519 2668 spaciosa
540 2583 681 2668 potietur
703 2583 836 2646 unitatis
858 2580 1052 2647 libertatern.
1910 2583 1911 2586 ’

300 2689 373 2753 Non
397 2688 499 2752 solum
523 2689 643 2752 sanctis
668 2687 920 2753 revelationibus
944 2689 1051 2754 trifida
1075 2688 1135 2753 hec
1167 2690 1280 2754 scissio
1310 2699 1500 2775 preostensa
1531 2699 1594 2771 est,
1626 2688 1684 2753 sed
1712 2697 1744 2752 et
1773 2687 1840 2751 dia·
1858 2711 1911 2762 (a).

192 2794 286 2860 bolus
311 2794 456 2860 eiusdem
480 2795 644 2859 scissionis
668 2794 870 2860 machinator
893 2817 965 2859 eam
988 2797 1054 2860 suis
1078 2795 1317 2861 ostensionibus
1348 2819 1387 2860 ac
1411 2793 1521 2860 verbis
1548 2794 1719 2882 preludere
1742 2817 1840 2859 ausus

193 2913 253 2966 est.
296 2900 435 2966 Ouidam
459 2922 599 2986 namque
622 2923 723 2987 puero
748 2924 846 2988 super
869 2902 1044 2966 dictamine
1068 2925 1126 2967 suo
1150 2901 1286 2967 sollicito
1309 2903 1437 2989 ipsein
1460 2903 1569 2989 specie
1594 2902 1656 2966 viri
1679 2923 1840 2988 apparens

192 3009 253 3073 hec
270 3006 372 3072 verba
395 3006 568 3071 scribenda
591 3017 623 3071 et
646 3007 679 3072 in
695 3009 790 3073 scolis
814 3011 967 3094 magistro
992 3031 1049 3074 suo
1072 3009 1239 3074 reddenda
1263 3009 1460 3074 commisitd:

147 3140 174 3180 ss
726 3115 829 3202 Super
851 3131 951 3180 rotam
974 3117 1151 3182 molendini
1194 3144 1196 3148 ·

726 3222 798 3286 Duo
820 3223 927 3288 sedeat
941 3225 1096 3310 palatini,

729 3327 856 3394 Cadmea
881 3345 980 3394 tenent
1002 3345 1063 3394 tres
1085 3333 1216 3394 attrahi

725 3435 923 3501 Laudatores
945 3439 1100 3500 matutini.

301 3559 343 3624 Et
371 3558 431 3624 hec
454 3557 556 3623 verba
579 3558 667 3623 idem
690 3581 771 3645 puer
795 3582 868 3624 cum
891 3561 926 3623 in
949 3559 1044 3624 scolis
1067 3559 1138 3624 loco
1162 3559 1357 3642 dictaminis,
1388 3570 1484 3647 prout
1513 3570 1583 3625 erat
1614 3559 1738 3641 doctus,
1768 3582 1840 3645 pro-

148 3692 176 3732 so
193 3666 329 3748 tulisset,
360 3666 467 3730 multis
498 3664 654 3730 miraculo
685 3667 862 3730 extiterunt
891 3664 1052 3751 hodieque
1083 3666 1238 3731 miraculo
1269 3678 1343 3730 sunt
1373 3667 1429 3748 eis,
1461 3666 1504 3731 ad
1527 3689 1607 3753 quos
1631 3666 1713 3730 forte
1737 3664 1842 3730 relatu

194 3774 396 3860 perveniunt.
433 3772 533 3837 Michi
557 3795 645 3854 vero,
669 3773 752 3837 sicut
775 3771 884 3836 dicere
904 3773 986 3858 cepi,
1011 3771 1075 3836 duo
1099 3771 1144 3835 illi
1168 3771 1302 3859 palatini
1319 3771 1483 3838 dualitatis
1507 3772 1568 3838 hoc
1592 3772 1712 3837 malurn
1728 3772 1840 3837 viden-

194 3891 247 3944 tur
275 3879 486 3966 portendere;
516 3889 587 3943 rota
618 3878 793 3943 molendini
816 3877 868 3943 vel
892 3877 979 3942 orbis
1003 3878 1055 3942 vel
1083 3879 1261 3943 aecclesiae
1290 3880 1484 3944 universitas
1515 3889 1573 3962 est,
1605 3880 1658 3943 cui
1688 3879 1842 3966 competit

194 3985 288 4050 verbi
309 3986 375 4051 Dei
397 3986 536 4050 farinam
559 3983 690 4066 molere,
714 4007 800 4048 nunc
819 4007 896 4048 vero
920 3995 986 4049 tam
1010 3986 1043 4048 in
1067 3984 1156 4067 orbe,
1181 4008 1278 4072 quam
1301 3986 1334 4049 in
1351 3984 1441 4050 Urbe
1465 3985 1560 4050 simul
1584 3987 1672 4051 etin
1688 3986 1842 4050 universa

194 4093 263 4158 fere
287 4092 426 4157 ecclesia
449 4092 490 4156 de
515 4090 641 4157 duobus
665 4091 760 4156 dictis
784 4091 937 4156 Romanis
960 4091 1166 4177 pontificibus
1191 4091 1322 4156 diversa
1345 4091 1510 4157 molimina
1533 4103 1616 4158 sunt.
1664 4091 1730 4157 Sed
1757 4092 1842 4156 inter

149 4225 176 4266 ss
195 4200 266 4280 hec,
297 4183 380 4264 sicut
403 4221 532 4285 semper
554 4200 599 4263 ita
629 4208 661 4263 et
684 4221 770 4262 nune
797 4208 872 4280 tres,
900 4198 934 4262 id
957 4209 1006 4263 est
1028 4199 1126 4262 Pater
1149 4210 1181 4263 et
1203 4197 1306 4263 Filius
1330 4210 1362 4263 et
1386 4198 1524 4285 Spiritus
1548 4210 1689 4280 sanctus,
1714 4198 1841 4264 culmen

195 4316 306 4371 tenent
329 4316 361 4371 et
384 4329 458 4370 eum
475 4306 521 4369 eis
544 4305 621 4369 trini
643 4304 826 4368 laudatores
845 4305 1004 4385 matutini,
1025 4304 1178 4369 videlicet
1197 4317 1247 4369 ter
1265 4307 1347 4369 temi
1364 4305 1494 4370 ordines
1514 4305 1653 4392 angelici
1673 4305 1727 4369 vel
1744 4307 1841 4369 etiam

195 4412 340 4477 homines
363 4413 433 4476 veri
456 4411 625 4476 Trinitatis
648 4410 843 4492 laudatores,
867 4433 932 4475 non
955 4420 1075 4474 temere
1099 4422 1155 4475 aut
1178 4409 1337 4476 obstinate
1361 4413 1395 4475 in
1417 4412 1501 4477 hanc
1524 4411 1577 4476 vel
1601 4413 1634 4476 in
1657 4411 1745 4476 illam
1769 4435 1841 4500 par·

195 4529 260 4582 tem
284 4519 494 4600 declinantes,
526 4518 585 4583 sed
607 4517 790 4604 utrobique,
814 4517 901 4604 quod
923 4539 1095 4604 perperam
1118 4517 1225 4603 agitur
1247 4517 1299 4580 vel
1323 4511 1377 4603 agi
1400 4518 1529 4600 dicitur,
1557 4518 1778 4605 improbantes
1803 4541 1841 4583 ae

194 4625 366 4713 superbis
390 4623 527 4690 ecclesie
550 4623 734 4689 universale
759 4622 930 4688 concilium
954 4633 1176 4710 expectantes,
1200 4625 1330 4688 interim
1353 4647 1430 4689 vero
1455 4624 1496 4689 ab
1519 4624 1769 4711 apostolicarum
1792 4648 1841 4690 sc-

148 4759 177 4798 so
194 4731 284 4796 dium
308 4731 532 4797 communione
556 4753 621 4796 non
643 4728 844 4794 recedentes.
891 4729 933 4794 Et
956 4730 1016 4796 hec
1039 4731 1141 4795 tercia
1163 4753 1239 4817 pars
1264 4730 1391 4796 culmen
1415 4743 1539 4814 tenens,
1561 4732 1665 4796 idest
1688 4733 1840 4814 medium,

194 4840 228 4903 in
244 4837 367 4903 diaboli
389 4838 614 4925 phantasmate
639 4838 722 4901 sicut
745 4835 842 4901 arbor
864 4837 897 4900 in
913 4848 1149 4924 prememorata
1172 4837 1226 4901 illa
1241 4838 1367 4902 visione
1391 4837 1513 4924 absque
1538 4836 1637 4902 dubio
1659 4840 1767 4925 potior
1782 4849 1840 4920 est,

194 4945 329 5032 reliquis
351 4943 479 5009 duabus
502 4965 562 5029 per
584 4942 665 5009 duos
688 4953 854 5029 serpentes
870 4941 923 5008 vel
947 4943 1027 5008 duos
1050 4943 1209 5030 palatinos
1234 4944 1434 5030 significatis.
1473 4945 1512 5008 In
1535 4967 1600 5031 qua
1623 4944 1717 5009 simul
1740 4946 1842 5009 tercia

193 5063 286 5138 parte
310 5063 343 5116 et
369 5073 429 5114 nos
458 5050 587 5114 interim
618 5071 689 5113 esse
721 5051 888 5135 cupientes
919 5049 1063 5114 divinam
1093 5052 1127 5115 in
1152 5073 1190 5114 ea
1214 5061 1343 5115 etcum
1367 5073 1601 5116 eaexoramus
1626 5051 1841 5132 clementiam,

195 5167 354 5244 quatenus
377 5156 431 5221 vel
454 5154 568 5221 ambos
591 5155 645 5219 vel
666 5179 765 5220 unum
790 5154 904 5220 saltem
928 5178 946 5220 e
970 5155 1097 5221 duobus
1127 5159 1196 5222 istis
1228 5154 1433 5243 serpentibus
1457 5169 1489 5221 et
1512 5156 1663 5245 palatinis
1687 5156 1786 5238 tollat,
1811 5157 1841 5222 ei

149 5291 177 5330 ss
194 5287 283 5346 vero,
308 5286 405 5351 quem
433 5285 564 5327 manere
594 5264 700 5349 ipsum
731 5261 865 5348 dignum
896 5261 1027 5327 duxerit
1056 5273 1202 5328 tantum⁴³
1227 5261 1410 5327 columbine
1442 5263 1656 5350 simplicitatis
1680 5275 1713 5328 et
1736 5285 1841 5328 sacer·
1861 5255 2019 5356 „„„,⁶,‘·,„„·

195 5370 311 5436 dotalis
335 5371 464 5458 pietatis
487 5368 646 5450 infundat,
670 5370 718 5433 uti
740 5391 781 5432 ne
806 5366 892 5433 solus
916 5391 1050 5456 serpens
1074 5370 1127 5434 vel
1149 5368 1284 5456 palatini
1314 5369 1416 5433 fastus
1446 5370 1573 5455 inipso
1602 5368 1696 5434 bonis
1727 5371 1841 5435 terrori

195 5479 246 5560 sit,
277 5477 392 5542 sedet
416 5473 566 5567 columba
589 5485 622 5540 et
644 5474 791 5562 pontifex
815 5474 1036 5540 consolationi.
1082 5476 1125 5541 Et
1147 5477 1232 5541 sicut
1253 5475 1294 5540 de
1317 5473 1503 5562 palmitibus
1533 5478 1567 5541 in
1590 5475 1759 5562 euangelio
1783 5499 1841 5542 suo
1862 5504 1977 5555 asnaa

304 5729 331 5794 a)
353 5733 453 5785 astutio
472 5749 493 5783 e.
566 5728 594 5792 b)
615 5731 764 5798 prudentes
782 5747 803 5781 e.
875 5727 901 5792 c)
923 5746 1047 5782 somnum
1065 5747 1086 5781 e.
1158 5727 1186 5791 d)
1208 5731 1316 5782 comisit
1333 5747 1354 5781 e.
1426 5726 1452 5792 e)
1474 5737 1502 5781 tn
1520 5748 1540 5782 c.

1576 5837 1628 5887 49*
