4478 6396
659 369 853 426 EPISTOLA
875 372 930 425 AD
955 368 1231 426 INNOCENTIUM
1255 371 1398 425 PAPAM.
1798 364 1862 428 215

207 559 291 621 tavit
314 559 436 644 spinas.
483 557 576 622 Idem
599 580 678 622 vero
702 580 846 642 serpens,
878 559 934 644 qui
964 569 1040 620 tunc
1070 556 1168 620 dixit:
1201 557 1410 643 Nequaquam
1442 573 1537 622 inerte
1567 561 1758 639 moriemini,
1790 581 1862 624 cum
1883 588 1997 637 rsonae.

208 663 302 728 Deus
327 664 481 729 dixisset:
506 665 608 730 Morte
631 667 822 746 moriemini,
846 663 942 751 plane
967 664 1053 728 idem
1078 685 1212 749 serpens
1236 663 1399 749 antiquus,
1424 665 1479 749 qui
1501 675 1636 728 vocatur
1659 664 1807 730 diabolus
1832 679 1864 732 et

210 769 362 852 Satanas,
390 794 477 835 nunc
501 771 658 836 seducere
683 767 796 835 nititur
819 772 1007 835 universum
1038 769 1204 852 mundum,
1236 769 1376 834 suadens
1400 768 1585 837 horninibus
1609 770 1804 856 carnalibus,
1829 785 1864 838 ut

210 887 444 964 contempnent
467 879 533 942 iam
556 878 677 942 factam
701 878 742 942 de
763 877 957 965 quibusdam
974 875 1164 940 criminibus
1181 876 1455 962 dampnationem.
1492 875 1640 963 Cumque
1665 879 1729 942 sint
1752 902 1864 944 eorum

177 985 297 1049 efacta
319 1007 385 1049 non
408 986 629 1072 procedentia,
654 984 713 1049 sed
736 983 968 1070 subsequentia
991 983 1157 1066 iudicium,
1183 981 1228 1046 illi
1253 984 1359 1047 securi
1383 995 1467 1066 sunt,
1492 985 1555 1047 nisi
1571 984 1678 1049 denuo
1702 984 1759 1050 fiat
1781 986 1863 1051 iudi-

210 1093 296 1156 cium
326 1091 585 1178 darnpneturque
610 1091 644 1156 id
667 1092 755 1179 qnod
780 1093 980 1178 'agnoscitur
1008 1091 1219 1176 dampnatum
1251 1101 1282 1154 et
1313 1090 1630 1172 anathematizatum,
1662 1113 1720 1155 seu
1743 1093 1862 1157 mitiori
1883 1123 1954 1163 aa,

209 1197 319 1284 aliqua
344 1201 506 1263 sententia
528 1199 647 1264 mitiori
670 1221 775 1285 penae
800 1197 1032 1262 adiudicatum.

318 1305 352 1371 S.
389 1305 487 1386 Quod
510 1329 596 1370 nunc
620 1305 713 1387 dicis,
742 1328 806 1370 non
831 1304 975 1390 intelligo
1000 1303 1040 1368 de
1066 1305 1201 1368 niitioris
1225 1326 1329 1389 penae
1354 1304 1460 1386 modo,
1492 1305 1555 1368 nisi
1579 1305 1766 1392 exemplum
1789 1305 1863 1372 sub-

209 1423 333 1494 nectas,
359 1435 423 1499 quo
446 1412 482 1476 id
504 1412 648 1476 lucidum
671 1411 784 1476 facias.

164 1545 191 1582 ιο
317 1519 355 1582 R.
391 1519 467 1583 Fiat
490 1518 577 1605 quod
599 1519 754 1605 postidas,
785 1519 862 1582 licet
891 1519 1037 1602 ignorem
1069 1529 1176 1580 utrum
1206 1516 1344 1580 fideliter
1373 1540 1414 1581 an
1445 1517 1618 1583 infideliter
1647 1521 1711 1584 ista
1734 1544 1862 1607 queres.

209 1626 294 1690 Nam
319 1636 351 1690 et
375 1626 515 1690 antehac
539 1625 656 1690 similia
680 1636 755 1690 sunt
778 1648 798 1688 a
820 1647 872 1688 me
897 1625 1025 1709 quesita
1048 1646 1122 1688 cam
1145 1623 1246 1687 multa
1261 1623 1501 1712 malevolentia,
1518 1636 1554 1690 ut
1568 1625 1726 1692 videlicet·
1745 1628 1778 1691 in
1799 1651 1862 1694 scr-

212 1755 305 1797 mone
330 1755 468 1819 caperer
491 1743 523 1796 et
546 1756 565 1796 a
588 1733 672 1796 iuste
704 1731 888 1818 dampnatis
919 1753 980 1816 ego
1010 1732 1129 1794 iniuste
1160 1730 1365 1817 dampnarer.
1412 1731 1533 1796 Dicam
1562 1742 1682 1816 tamem
1714 1734 1801 1820 quod
1832 1748 1865 1800 et

211 1853 307 1904 antea
330 1839 411 1904 dixi.
458 1839 649 1904 Alexander
667 1862 755 1926 papa
770 1839 813 1902 II.
838 1839 872 1902 in
896 1837 1057 1902 aecclesia
1074 1835 1343 1902 Constantiniana
1367 1837 1393 1902 O
1418 1840 1612 1926 etamplius
1636 1843 1862 1928 episcoporum

212 1945 372 2033 synodum
397 1946 568 2011 celebrans
592 1948 677 2010 inter
692 1957 801 2011 cetera
825 1945 945 2009 dixit1:
970 1945 1181 2031 Procopio-nido
1198 1945 1395 2026 rrraridmnus,
1420 1961 1453 2010 ut
1474 1948 1581 2011 rudius
1603 1951 1733 2012 mnsam
1752 1951 1866 2016 audiat

167 2077 193 2115 rs
206 2056 395 2142 presbyteri,
424 2080 514 2140 qu-em
537 2057 596 2119 scit
618 2055 832 2118 indubitanter
855 2054 1059 2116 conc-ubinam
1083 2052 1195 2115 babere
1219 2052 1269 2115 uel
1289 2053 1556 2117 subintroductam
1580 2055 1760 2139 acclinem,
1790 2083 1864 2122 turin

212 2161 332 2224 diadum
367 2161 551 2226 larriusrnodi
570 2162 802 2248 presbyterum·
824 2162 890 2223 siue
926 2159 1092 2222 diacomrm
1127 2173 1235 2223 sarecto
1269 2159 1408 2246 synodus
1441 2161 1552 2248 officio
1579 2164 1735 2248 priuauit.
1790 2164 1863 2229 Hac

212 2267 404 2332 auctoritate
429 2268 571 2331 munitus
596 2289 670 2330 cum
686 2265 811 2330 diceret
830 2264 962 2351 quidam
979 2265 1165 2346 canonicus,
1190 2263 1231 2328 de
1255 2264 1317 2329 hac
1341 2288 1376 2328 re
1400 2267 1626 2352 interrogatus,
1651 2269 1739 2354 quod
1762 2272 1863 2334 mani-

212 2374 294 2439 feste
318 2375 557 2438 incontinentes
581 2373 691 2438 clerici
715 2395 781 2437 non
805 2371 909 2436 adhuc
934 2370 1085 2458 privandi
1113 2371 1231 2453 officio,
1262 2371 1320 2436 sed
1350 2373 1414 2435 iam
1447 2383 1555 2438 essent
1585 2375 1720 2460 privati:
1751 2375 1865 2441 talium

212 2480 412 2563 defensores,
442 2481 553 2545 nescio
577 2503 618 2544 eir
643 2480 705 2565 ipsi
728 2479 849 2543 fuerint
871 2477 962 2559 tales,
995 2477 1119 2542 scilicet
1149 2480 1397 2562 incontinentes,
1428 2479 1642 2545 frenduerunt
1669 2505 1767 2569 super
1790 2506 1864 2549 eum

168 2612 194 2651 so
212 2586 365 2652 dentibus
388 2589 466 2670 suis,
490 2587 637 2651 dicentes
661 2608 735 2650 curn
759 2584 1036 2650 annumerandum
1062 2587 1202 2668 creticis,
1227 2586 1283 2671 qui
1307 2586 1450 2650 auferret
1473 2597 1666 2672 potestatem
1691 2591 1863 2678 episcopis.

211 2693 257 2758 At
279 2694 334 2758 ille
357 2705 530 2782 postquam
554 2716 618 2757 nan
635 2693 766 2757 tolerari
789 2701 936 2756 senserat
958 2693 1119 2755 mitiorem
1142 2691 1232 2756 illurn
1248 2691 1487 2778 dampnationis
1511 2694 1654 2778 modum,
1679 2719 1743 2782 quo
1768 2699 1863 2762 inter-

212 2801 334 2866 dicitur
356 2801 510 2882 officium,
535 2799 655 2864 adiecit
677 2800 843 2880 maiorem,
869 2821 932 2884 quo
949 2797 1044 2862 Vssr
1070 2797 1261 2883 Gregorius,
1285 2822 1362 2862 vere
1387 2800 1567 2886 septiformi
1591 2801 1716 2889 Spiritu
1738 2803 1863 2891 plenus,

212 2907 383 2972 interdixit
407 2909 452 2972 eis
477 2908 575 2971 etiam
599 2905 779 2972 aecclesiae
811 2905 976 2969 introitum
1008 2905 1158 2968 dicens²z
1193 2905 1248 2970 ‘Si
1275 2909 1335 2992 qui
1360 2922 1433 2972 satu
1447 2910 1630 2996 presbyteri
1658 2912 1708 2974 'nel
1736 2912 1868 2978 droconi
1882 2939 1961 2982 une.

214 3017 265 3080 oei
284 3016 482 3094 subdiaconi,
507 3019 566 3101 qui
586 3019 619 3079 in
643 3017 775 3078 crirrzine
789 3015 1023 3100 fornicationes
1047 3016 1179 3093 iaceant,
1204 3013 1421 3077 interdicimus
1445 3017 1490 3078 eis
1513 3041 1552 3079 ea
1567 3015 1634 3081 Dei
1646 3033 1743 3103 parte
1766 3022 1864 3084 orani-

167 3145 194 3185 ιι
205 3126 346 3209 potentis
369 3138 397 3186 et
417 3125 522 3186 carnoti
541 3121 632 3186 Petri
652 3123 835 3186 avuotoritate
858 3121 1027 3184 aecclesiae
1051 3123 1223 3199 introitum,
1249 3145 1345 3205 risque
1369 3122 1444 3185 dum
1459 3124 1625 3208 peniteant
1646 3139 1674 3189 et
1696 3126 1863 3191 emendent.

214 3229 256 3294 Si
276 3233 335 3315 qui
356 3255 427 3294 ‘uero
453 3233 485 3293 in
503 3243 633 3315 peccato
656 3252 711 3291 suo
729 3252 935 3314 perseverare
964 3227 1143 3306 rnaluorint,
1174 3228 1281 3290 cirillus
1313 3242 1445 3291 tresorum
1475 3253 1579 3292 eorum
1597 3247 1764 3316 presumat
1785 3236 1864 3298 reci·

206 3363 287 3424 pere
311 3338 467 3424 officium,
491 3338 568 3421 quia
592 3335 763 3398 benedictio
787 3359 893 3398 corant
916 3336 1104 3398 correertitur
1130 3335 1162 3396 in
1185 3333 1446 3415 nsaiedicticuem,
1470 3350 1498 3399 et
1521 3340 1621 3400 oratio
1645 3340 1679 3401 in
1689 3355 1864 3423 peccatum,

213 3445 352 3510 Domino
375 3457 500 3507 testanda
517 3467 580 3528 per
600 3442 804 3528 proplietam:
827 3439 1058 3518 ‘Maledicarn’,
1084 3442 1195 3524 inquit,
1220 3440 1496 3506 ‘benedictionibus
1519 3444 1655 3507 cestr-is’.
1707 3444 1773 3522 Qroi
1792 3471 1864 3511 nero

213 3553 287 3616 duic
309 3553 518 3615 saluberrimo
528 3563 677 3635 precepto
701 3549 826 3612 obedire
850 3549 994 3626 noluerit,
1020 3547 1189 3611 idolatriae
1207 3561 1370 3632 peccatam
1396 3550 1540 3630 incurrit,
1565 3549 1710 3615 Samuele
1733 3566 1813 3632 teste,
1838 3569 1866 3618 et

168 3681 195 3721 so
213 3660 300 3722 beato
326 3657 481 3744 Gregorio
508 3659 682 3720 instruente.
730 3654 893 3718 Peccatum
918 3653 1086 3717 ariolandi
1107 3669 1150 3718 est
1171 3678 1233 3716 non
1257 3654 1393 3735 obedire,
1417 3667 1445 3718 et
1466 3657 1566 3720 scelus
1589 3657 1759 3723 idolatriae
1782 3661 1866 3724 nolle

213 3767 418 3850 acquiescere.
465 3762 628 3828 Peccatum
658 3764 756 3848 ipitar
773 3763 973 3847 paparritatis
1001 3763 1137 3824 incurrit
1166 3763 1320 3846 quisquis,
1352 3762 1425 3824 diem
1457 3763 1663 3827 christianum
1687 3790 1719 3830 se
1742 3770 1864 3848 asserit,

212 3873 286 3936 sedi
306 3872 496 3957 apostolicae
520 3869 645 3933 obedire
669 3871 863 3954 corrternpnit.

322 3976 354 4042 S.
392 3976 465 4057 Quo
489 3974 595 4040 tendis
619 3998 678 4060 per
700 3974 782 4038 haec
806 3973 940 4037 omnia?

321 4085 358 4148 R.
393 4083 554 4148 Nimirum
578 4103 637 4168 per
661 4103 700 4145 ea
724 4103 807 4168 quae
825 4080 895 4144 dixi
919 4079 1092 4165 expeditur
1108 4081 1317 4165 interrogatio
1334 4091 1389 4144 tua
1407 4081 1447 4146 de
1464 4083 1580 4146 minori
1596 4083 1692 4148 modo
1709 4084 1865 4172 dampna-

168 4216 195 4256 ιι
213 4193 321 4272 tionis,
335 4213 432 4277 quem
445 4188 615 4255 ostendere
631 4211 696 4252 non
709 4188 800 4274 potui
815 4188 885 4250 sine
899 4185 1070 4251 collatione
1083 4188 1223 4251 maioris.
1255 4186 1469 4253 Fornicantes
1486 4190 1573 4252 enim
1589 4188 1698 4255 altaris
1714 4193 1863 4276 ministri,

214 4299 272 4364 sed
294 4309 466 4385 postquam
483 4297 634 4361 fornicati
657 4295 787 4374 fuerint,
812 4293 920 4358 officia
943 4316 1008 4356 non
1024 4295 1289 4380 presumpserint,
1315 4305 1409 4360 crunt
1431 4297 1464 4358 in
1480 4298 1598 4361 minori
1622 4297 1863 4385 dampnatione,

214 4405 367 4470 videlicet
390 4406 423 4469 in
448 4403 628 4469 officIorum
651 4401 874 4466 tantummodo
897 4401 1090 4486 privatione.
1137 4400 1182 4464 At
1205 4401 1231 4463 si
1257 4411 1368 4465 contra
1392 4402 1601 4468 interdictum
1625 4404 1712 4469 sedis
1737 4417 1863 4492 aposto-

212 4512 295 4578 licae
319 4522 520 4598 presumunt,
550 4519 723 4596 peccatum
753 4509 951 4594 paganitatis
975 4509 1153 4588 incurrunt,
1178 4518 1211 4570 et
1232 4508 1305 4593 ipsi,
1331 4510 1441 4594 etqui
1466 4510 1607 4574 scienter
1630 4534 1742 4576 eorum
1767 4515 1864 4578 inter-

213 4619 311 4702 dicta,
335 4620 433 4682 immo
459 4628 491 4682 et
514 4616 795 4681 excommunicata
820 4614 927 4679 officia
951 4612 1096 4677 audiunt.

166 4753 195 4789 eo
321 4725 354 4790 S.
389 4726 433 4790 Et
456 4725 537 4789 haec
562 4735 611 4788 est
633 4724 761 4786 novitas
784 4721 942 4802 inaudita,
967 4743 1032 4806 qua
1055 4719 1163 4784 officia
1192 4743 1303 4784 eorum
1334 4720 1415 4786 dicis
1447 4725 1738 4790 excommunicata.
1786 4726 1862 4808 Ubi,

215 4841 340 4920 queso,
372 4845 421 4896 est
451 4831 532 4896 hacc
563 4829 856 4894 excommunicatio
887 4827 983 4910 facta,
1015 4826 1067 4890 vel
1091 4825 1147 4890 ubi
1175 4826 1288 4892 saltem
1320 4827 1379 4892 sub
1405 4832 1741 4896 excommunicatione
1766 4834 1863 4898 inter·
1883 4861 1955 4903 rtro.

213 4940 327 5006 dicta?

320 5047 358 5110 R.
393 5046 564 5129 Interroga
593 5066 713 5130 papam
739 5041 964 5106 Alexandrum
996 5052 1027 5103 et
1057 5063 1177 5126 papam
1207 5040 1388 5122 Nicolaum,
1420 5065 1557 5129 quorum
1588 5067 1671 5130 pene
1704 5049 1864 5112 sententia

214 5166 263 5218 est
287 5153 401 5218 cadem
426 5149 549 5216 babens
565 5150 651 5215 hunc
668 5141 830 5214 tenorem:
855 5149 985 5229 Nullus,
1009 5147 1190 5232 inquiunt³,
1214 5149 1328 5212 erudiat
1344 5153 1470 5214 rm'ssarn
1481 5153 1670 5240 presbyteri,
1695 5179 1782 5238 quem
1806 5158 1865 5219 scit

169 5287 195 5324 es
216 5262 428 5326 indubitanter
444 5261 646 5324 corrcabinam
668 5259 779 5322 babere
802 5271 857 5322 urit
878 5255 1144 5320 subintroductam
1169 5257 1338 5319 risulierem.
1376 5257 1463 5321 Unde
1487 5260 1580 5322 etiarn
1595 5275 1703 5323 saracin
1726 5262 1863 5347 synodos

326 5519 354 5586 1)
373 5515 404 5574 C.
424 5517 452 5586 3,
476 5516 528 5572 sed
548 5523 653 5572 mutum
677 5534 764 5589 usque
787 5515 931 5568 mulierem
955 5531 1003 5586 ap.
1022 5511 1122 5568 Iliensi
1137 5512 1220 5582 XIX,
1246 5515 1295 5569 col.
1314 5513 1406 5570 1025.
1431 5535 1459 5570 a.
1477 5515 1570 5572 1063.
1642 5516 1672 5587 2)
1700 5517 1756 5592 Ep.
1773 5516 1861 5594 Grep.

215 5646 243 5683 a.
260 5625 361 5692 1079,
384 5622 471 5695 Jaffe'
490 5621 531 5690 II,
550 5643 583 5696 p.
602 5621 675 5677 554.
750 5619 780 5674 3l
800 5618 904 5676 Concil.
921 5619 1003 5674 liora
1028 5639 1055 5673 a.
1074 5619 1167 5688 liras,
1193 5639 1215 5675 e.
1235 5620 1263 5689 3,
1291 5619 1404 5677 Constit.
1430 5621 1528 5696 inprer.
1554 5623 1577 5692 I,
1597 5643 1630 5698 p.
1650 5623 1730 5693 54t,·
1757 5623 1861 5681 bbruil.

216 5733 297 5789 liora.
322 5751 350 5787 a.
371 5729 464 5798 1063,
490 5749 512 5785 c..
540 5729 567 5798 3,
594 5727 694 5784 Iliensi
716 5727 799 5796 XIX,
824 5727 874 5783 col.
895 5725 987 5780 1025.
