4568 6428
401 399 595 456 EPISTOLA
619 400 671 455 DE
696 399 875 454 VITANDA
899 397 1013 454 MISSA
1037 396 1319 455 UXORATORUM
1343 395 1645 454 SACERDOTUM.·
1820 396 1837 451 3

184 613 255 652 rum
288 589 434 652 catonus·
460 588 611 675 fecerunt
646 588 712 651 sibi
743 587 887 666 heresim,
920 601 953 650 ut
982 587 1187 650 deliberatum
1219 585 1305 650 idolo
1335 586 1562 648 exacerbaretur
1592 599 1620 648 et
1649 583 1843 648 manducari

183 709 288 782 posset
309 709 338 759 et
361 709 393 758 ut
416 696 592 780 quicunque
608 694 796 781 fornicatus
819 707 904 772 esset,
930 692 1020 755 VIII.
1043 692 1094 756 die
1111 716 1230 778 panem
1254 693 1417 777 acciperet.
1457 689 1581 753 Verum
1605 689 1666 755 hoc
1690 712 1756 754 non
1774 689 1838 753 dis-

184 800 311 887 plicet*
345 799 510 863 modernis
541 797 722 879 Nicolaitis,
756 799 813 884 qui
844 807 875 863 et
905 799 977 884 ipsa
1007 797 1071 879 die,
1103 819 1169 884 qua
1199 819 1234 860 se
1265 819 1339 860 cum
1369 795 1559 860 mulieribus
1590 795 1837 878 commaculant,

186 929 305 993 panem
336 905 491 970 dominici
522 905 666 991 corporis
698 905 849 990 accipere
879 927 944 969 non
974 903 1160 968 formidant.
1209 902 1360 989 Synodus
1392 925 1521 989 quoque
1552 901 1687 968 secundi
1710 902 1838 967 Nicolai

152 1035 273 1100 spape
297 1012 338 1076 de
362 1010 534 1076 Nicolaitis
557 1011 604 1074 ita
634 1032 668 1074 se
700 1008 836 1074 habet1:
861 1011 1017 1076 Nicotaus
1040 1035 1132 1097 papa
1157 1012 1299 1075 erunibus
1326 1009 1449 1074 Christi
1462 1010 1616 1098 fidelibus
1631 1034 1714 1074 anino
1738 1011 1837 1074 dorni·

186 1125 277 1186 nicae
308 1121 539 1184 iucarnationis
562 1117 629 1180 ML
639 1116 752 1198 VIIII,
776 1120 982 1204 pontificatus
1011 1120 1114 1182 nostri
1135 1120 1256 1203 primo,
1287 1117 1459 1181 indictione
1482 1115 1564 1196 XII,
1595 1117 1669 1180 urbe
1692 1116 1838 1180 Romana

186 1230 222 1292 in
245 1227 396 1290 aecclesia
421 1224 609 1305 Sal-autoris,
638 1247 697 1308 que
725 1223 986 1288 Constantiniana
1010 1224 1139 1304 dicitur,
1166 1237 1306 1288 sanctam
1329 1223 1482 1310 synodum
1505 1248 1574 1287 cum
1598 1225 1715 1287 sanctus
1731 1225 1837 1308 patri-

186 1335 254 1414 bus,
285 1331 430 1396 videlicet
456 1329 579 1395 CXIII
602 1332 760 1416 episeopis
790 1333 925 1416 exceptis
954 1330 1119 1394 abbatibus
1149 1344 1177 1393 et
1206 1330 1331 1394 clericis
1361 1344 1390 1393 et
1417 1331 1510 1394 laicis
1539 1329 1577 1393 de
1606 1343 1688 1393 statu
1714 1343 1838 1394 sanctae
1912 1309 1915 1316 ¹

186 1441 355 1504 aecclesiae
386 1438 432 1502 ad
460 1461 649 1501 comnrunem
681 1437 844 1500 militatem
870 1435 938 1500 Deo
962 1439 1114 1521 propicio
1143 1439 1290 1500 canonice
1314 1436 1546 1500 celebravimus.
1595 1434 1685 1498 Inter
1708 1446 1838 1499 caetera

138 1575 166 1613 ιο
186 1545 228 1610 de
244 1543 478 1609 Nicolaitarum
498 1540 675 1622 heresi5'id
691 1552 740 1605 est
756 1541 796 1605 de
813 1542 995 1627 coniugatis
1018 1539 1218 1627 presbiteris,
1243 1539 1435 1605 diaconibus
1460 1540 1674 1627 omnibusque
1698 1542 1732 1604 in
1752 1541 1839 1606 clero

186 1651 369 1716 constitutis
400 1648 441 1713 ab
466 1649 553 1712 omni
577 1647 715 1712 concilio
747 1657 902 1711 statutum
926 1659 958 1711 et
981 1645 1225 1712 corroboratum
1256 1649 1339 1712 ita²:
1366 1648 1549 1734 Quicunque
1579 1649 1736 1730 sacerdos,
1768 1649 1838 1714 dia-

186 1783 282 1823 conus
313 1759 362 1822 cel
390 1752 624 1820 subdiaconusb
646 1769 723 1841 post
751 1757 947 1820 institutumo
976 1753 1094 1819 bornaed
1122 1756 1289 1819 memoriae
1315 1756 1549 1841 predecessoris
1578 1758 1681 1820 stasmi
1707 1759 1837 1821 sanctis

185 1867 265 1928 simi
278 1889 367 1950 pape
386 1863 503 1928 Leones
527 1862 565 1926 de
589 1865 728 1926 cassina
752 1863 937 1926 clericorum
961 1863 1165 1925 concubinam
1185 1863 1296 1946 palam
1321 1861 1430 1924 duxit⁰
1459 1863 1510 1925 vei
1531 1860 1656 1925 ductam
1678 1886 1741 1926 non
1763 1863 1837 1926 reli·

185 1970 269 2057 quid
282 1967 308 2052 ¹,
339 1995 379 2034 ec
398 1982 492 2055 parte
517 1970 735 2054 omnipotentis
758 1967 832 2048 Dei,
862 1970 1045 2032 auctoritate
1068 1968 1226 2030 beatorum
1249 1969 1459 2054 apostolorum
1483 1967 1574 2032 Petri
1594 1982 1623 2032 et
1643 1967 1744 2032 Pauli
1760 1993 1837 2055 pre·

137 2105 166 2144 rs
186 2080 324 2162 cipimus
353 2091 382 2140 et
411 2077 536 2138 orrsnino
567 2073 822 2154 contradicimus,
853 2088 887 2138 ut
915 2076 1044 2138 missam
1075 2097 1136 2136 non
1164 2087 1285 2137 cantent
1313 2099 1368 2138 nec
1397 2075 1593 2161 ercanqelium
1616 2077 1839 2160 pronuncient,

186 2208 242 2248 nec
266 2169 428 2269 epistolam
454 2181 500 2244 ad
522 2182 651 2244 musam
676 2181 804 2266 leqantss
831 2183 944 2245 necin
960 2180 1152 2266 presbiterio
1177 2179 1223 2244 ad
1244 2180 1356 2244 divina
1380 2181 1492 2268 officia
1517 2205 1586 2244 cum
1609 2181 1660 2244 bis
1683 2183 1742 2265 qui
1761 2205 1839 2267 pre·

178 2291 276 2376 satae
308 2282 525 2352 institutionih
563 2287 736 2350 obedientes
764 2287 895 2374 fuerint
926 2301 1073 2350 metuant
1104 2311 1201 2370 neque
1227 2301 1354 2371 partem
1386 2288 1426 2351 ab
1463 2287 1615 2350 aecclesia
1648 2284 1837 2373 recipiantl.

187 2393 339 2480 Synodus
364 2394 462 2457 etism
485 2391 668 2456 Alexandri
698 2415 794 2478 pape,
827 2393 879 2456 cui
903 2393 974 2478 ipse
997 2389 1195 2477 presidebat,
1226 2414 1300 2455 cum
1323 2390 1351 2456 C
1375 2391 1567 2478 etamplius
1592 2392 1754 2478 episcopis
1777 2391 1839 2458 hcc

186 2499 286 2565 habet
315 2501 400 2564 inter
424 2502 592 2563 caeteraiz
621 2499 832 2592 Precqriendo
856 2499 1054 2579 mandamus,
1077 2514 1111 2564 ut
1132 2500 1238 2562 nuilus
1261 2489 1528 2564 misscmaudiat
1543 2502 1726 2586 presbiteri,
1750 2526 1837 2587 quem

138 2637 166 2676 so
185 2610 245 2672 scit
274 2607 488 2672 indubitanter
514 2607 626 2671 babere
650 2607 852 2670 concubinam
884 2606 935 2670 uel
961 2605 1227 2670 subintroductum
1259 2597 1430 2670 nsulr'erem.
1477 2605 1561 2669 Nam
1586 2604 1708 2671 dudum
1730 2606 1839 2670 huius-

186 2712 274 2777 modi
304 2710 531 2799 presbiterum,
563 2713 631 2776 sive
656 2710 830 2775 diaconum
861 2711 930 2774 sive
962 2708 1198 2775 subdiaconum
1230 2720 1344 2774 sancta
1374 2710 1517 2796 synodus
1548 2711 1656 2777 officio
1686 2712 1838 2798 privavit.

182 2819 268 2883 Item
298 2819 506 2883 Pictaviense
538 2817 711 2882 concilium
742 2816 922 2903 apostolica
954 2817 1147 2882 auctoritate
1179 2816 1341 2880 firmatum
1374 2817 1420 2880 ita
1450 2816 1634 2882 decer-nim:
1670 2819 1709 2883 Ut
1733 2820 1841 2884 nullus

179 2928 349 3012 presbiter,
374 2925 536 3004 diaconus,
560 2925 771 2989 subdebconus
794 2925 998 2988 concubinam
1021 2925 1141 3004 babeat,
1171 2924 1229 2988 sed
1250 2949 1304 2988 nec
1327 2925 1428 2988 aliam
1444 2927 1617 3013 feminam,
1649 2925 1731 2990 unde
1753 2927 1840 2990 maia

185 3035 326 3118 conspicio
349 3033 509 3111 habeatur,
540 3034 574 3095 in
598 3055 662 3094 una
686 3030 776 3094 domo
799 3055 902 3094 secum
926 3027 1058 3094 babeatk
1084 3033 1311 3116 etquicunque
1334 3031 1429 3095 buius
1452 3031 1542 3094 modi
1560 3031 1745 3096 ‘sacerdotis
1774 3035 1840 3098 siue
1859 3049 1892 3092 ἰ.
1901 3051 1942 3091 11¹.

138 3167 167 3208 so
182 3164 244 3225 per
261 3141 431 3225 pecuniam
456 3137 601 3202 ordinati
620 3140 749 3201 musam
771 3139 904 3201 scienter
927 3134 1112 3201 audierint¹
1144 3139 1460 3202 encommunicationi
1480 3139 1701 3202 subiaceantm.

295 3264 325 3325 2.
364 3261 488 3325 Dicant
512 3269 586 3346 post
609 3260 669 3324 hec
693 3259 840 3346 pestiferi
865 3259 1024 3341 doctores,
1049 3261 1105 3345 qui
1129 3281 1257 3345 semper
1281 3261 1487 3325 occasionem
1512 3271 1732 3347 quaerentes¹¹
1764 3284 1840 3326 ava-

187 3370 287 3433 riciae
312 3389 441 3454 semper
464 3366 578 3431 volunt
601 3388 659 3429 nos
684 3365 810 3430 discere
835 3375 867 3430 et
890 3388 1057 3451 nunquam
1081 3364 1125 3429 ad
1148 3367 1317 3430 scientiam
1341 3367 1487 3431 veritatis
1511 3369 1694 3453 pervenire,
1719 3368 1839 3450 dicant,

188 3496 288 3560 quare
319 3474 379 3538 hec
411 3473 541 3559 scriptis
573 3473 637 3536 sint
666 3471 872 3557 promulgata
902 3483 934 3536 et
956 3473 1040 3535 vivis
1072 3470 1209 3537 vocibus
1239 3471 1361 3559 ubique
1391 3473 1570 3561 predicata,
1603 3476 1630 3538 si
1660 3473 1766 3540 adhuc
1798 3474 1840 3539 ad

188 3580 338 3647 vitandos
362 3579 552 3644 manifestos
577 3577 755 3643 Nicolaitae
779 3578 844 3642 alia
867 3588 942 3642 sunt
964 3577 1172 3664 expectanda
1194 3578 1327 3643 indicia.
1373 3579 1448 3644 Non
1470 3579 1555 3644 hanc
1579 3582 1840 3667 expectationem

141 3709 170 3749 so
189 3687 299 3752 docuit
322 3710 380 3752 nos
405 3687 514 3751 senior
536 3683 699 3750 Iohannes
722 3683 836 3749 Eleate
860 3683 990 3748 domine
1015 3695 1047 3747 et
1070 3685 1154 3748 natis
1179 3686 1248 3748 eius
1272 3686 1317 3749 ita
1341 3683 1502 3750 scribens:
1535 3686 1576 3752 si
1597 3690 1669 3772 quis
1691 3689 1776 3752 venit
1796 3687 1843 3751 ad
1858 3706 2010 3755 aaaron.

188 3819 243 3860 cos
265 3809 292 3859 et
315 3796 396 3859 banc
415 3793 591 3858 doctrinam
615 3815 676 3856 non
699 3793 802 3878 affert,
826 3792 921 3855 nolite
945 3793 1085 3876 recr'pere
1107 3816 1176 3855 curn
1201 3794 1235 3856 in
1254 3793 1380 3857 domum
1404 3818 1458 3857 nec
1481 3818 1538 3858 aue
1561 3796 1595 3858 ei
1615 3793 1738 3858 dicatis.
1778 3792 1844 3870 Qui

189 3905 271 3966 enim
295 3901 375 3965 dicit
397 3901 453 3964 iili
473 3923 530 3964 aue
554 3900 762 3962 communicat
784 3899 930 3984 operibus
954 3898 1045 3962 illius
1067 3899 1226 3984 mciiqnis.
1274 3896 1359 3962 Item
1382 3920 1447 3961 non
1470 3898 1554 3962 hanc
1580 3899 1839 3986 expectationem

190 4006 300 4070 docuit
330 4028 388 4070 nos
411 4004 540 4070 Paulus
564 4003 738 4091 apostolus,
770 4003 827 4089 qui
851 4001 1028 4067 Corinthiis
1059 4002 1160 4066 iratus
1191 4013 1249 4084 cst,
1281 4003 1369 4089 quod
1399 4006 1469 4068 eius
1498 4004 1657 4069 iudicium
1687 4015 1840 4091 expecta-

190 4123 305 4176 verant
333 4113 368 4175 in
391 4103 727 4175 excommunicatione
758 4109 921 4174 manifesti
951 4109 1167 4173 fornicatoris.
1215 4107 1269 4174 sie
1301 4109 1386 4173 enim
1417 4109 1545 4175 scribit:
1575 4111 1749 4198 Tamquam
1779 4137 1840 4176 non
1862 4113 2011 4217 ”Cgfflssm‘

144 4241 172 4280 ss
191 4234 337 4283 veantrus
359 4221 420 4283 sim
451 4218 497 4282 ad
519 4241 582 4297 vos,
613 4219 660 4282 sic
691 4217 800 4304 inflati
826 4231 897 4280 sunt
920 4216 1061 4302 quidam.
1110 4216 1239 4280 Veniam
1262 4230 1363 4281 autem
1387 4219 1447 4282 cito
1471 4217 1517 4282 ad
1537 4243 1602 4299 uos,
1631 4221 1664 4284 si
1684 4219 1841 4283 Dominus
2022 4224 2026 4234 “

193 4327 332 4405 calamit,
364 4339 393 4390 et
414 4348 596 4412 coquoscam
626 4348 689 4388 non
717 4346 888 4388 sermonem
911 4347 1028 4403 eorum,
1060 4325 1118 4409 qui
1146 4323 1255 4410 inflati
1273 4338 1354 4403 sunt,
1383 4323 1441 4388 sed
1463 4327 1614 4389 vii-nnn.
1662 4325 1735 4389 Non
1759 4327 1839 4388 enim

192 4435 225 4495 in
248 4455 387 4496 sermone
411 4445 455 4495 est
477 4455 606 4518 reqnum
629 4429 704 4510 Dei,
733 4429 791 4493 sed
820 4432 855 4494 in
885 4431 1005 4493 uirtute.
1056 4428 1145 4506 Quid
1166 4430 1285 4494 uultis?
1330 4429 1370 4492 In
1394 4433 1486 4517 uirqa
1509 4433 1632 4495 veniam
1656 4431 1702 4495 ad
1723 4455 1776 4495 aas
1799 4456 1840 4494 an

191 4541 225 4602 in
241 4541 370 4602 caritate
390 4551 418 4601 et
439 4539 558 4622 spiritu
581 4535 855 4600 marmuetadinis?
896 4533 1030 4598 Omnino
1054 4535 1185 4600 auditur
1208 4538 1289 4600 inter
1312 4559 1366 4599 aas
1382 4537 1564 4623 fornicatio
1587 4551 1616 4601 et
1637 4539 1712 4602 talis
1728 4538 1840 4625 forni-

191 4647 283 4724 cati0,
312 4645 420 4730 qualis
442 4666 498 4707 nec
522 4645 602 4708 inter
623 4657 737 4730 pentes,
768 4643 813 4706 ita
837 4655 870 4704 ut
891 4665 1020 4706 umorem
1036 4643 1147 4727 patris
1170 4643 1291 4726 aliquis
1314 4623 1435 4721 babeat,
1462 4656 1491 4706 et
1512 4666 1566 4706 uos
1589 4645 1698 4731 inflati
1719 4647 1792 4709 estiis
1815 4658 1843 4708 et

144 4773 173 4812 so
191 4775 252 4815 non
283 4752 386 4838 maqis
417 4751 531 4814 lucucm
564 4750 729 4827 habuistis,
760 4761 794 4812 ut
822 4747 981 4811 tolleretur
1005 4747 1042 4811 de
1066 4746 1169 4812 medio
1193 4763 1337 4827 cestrum,
1367 4751 1427 4834 qui
1447 4749 1503 4812 boc
1530 4772 1608 4834 opus
1631 4751 1725 4838 fecit.
1771 4750 1841 4837 qu

297 4963 324 5027 s)
346 4965 525 5032 disciplicst'?
544 4975 563 5009 c·
643 4961 672 5026 b)
694 4963 876 5022 sacerdotum,
903 4963 1090 5022 diaconorum,
1116 4965 1349 5016 subdiaconorum
1369 4964 1433 5031 Syn.
1518 4961 1544 5026 c)
1573 4966 1753 5016 constitutum
1776 4965 1840 5032 Syn.

192 5055 219 5114 d)
235 5056 333 5106 beatae
353 5053 418 5121 Syn.
480 5051 506 5114 e)
528 5054 637 5104 duxerit
657 5051 721 5118 Syn.
775 5049 961 5117 Orsliqnerit
980 5050 1045 5118 Spu.
1099 5049 1128 5118 g)
1150 5069 1239 5117 neque
1258 5053 1432 5119 evangelium
1450 5052 1494 5104 vsi
1514 5052 1659 5120 epistolam
1678 5053 1713 5105 sd
1731 5056 1841 5106 missam

103 5205 108 5214 ¹
192 5143 266 5210 legat
285 5143 349 5210 Syri.
417 5139 445 5204 h)
468 5142 659 5193 constitutioni
679 5140 743 5207 Syn.
810 5137 830 5200 i)
852 5142 994 5207 suscipiat,
1013 5156 1156 5206 quousque
1176 5141 1255 5192 nobis
1274 5143 1410 5192 sententia
1428 5158 1510 5209 super
1528 5143 1685 5194 huiusmodi
1698 5144 1758 5194 Deo
1777 5160 1841 5195 con·

192 5234 306 5284 cedente
325 5232 457 5299 procedat
476 5229 541 5297 Syn
600 5227 629 5290 k)
651 5236 744 5280 tenent
763 5228 829 5296 Syri.
890 5225 910 5290 1)
932 5223 1051 5280 audierit
1068 5246 1089 5280 c.
1149 5225 1185 5290 m)
1207 5231 1349 5280 subiacere
1369 5231 1487 5282 debeant
1506 5231 1571 5299 Syn.
1625 5231 1654 5296 n)
1674 5236 1691 5301 q
1708 5249 1803 5298 suuper
1820 5251 1840 5284 c.

146 5445 174 5484 cs
302 5428 331 5498 1)
357 5427 462 5488 ancil.
487 5429 570 5485 Rom.
594 5427 737 5498 a.1059,
765 5427 864 5484 Menai
886 5426 970 5497 XIX,
995 5429 1045 5484 col.
1064 5427 1138 5484 897.
1237 5429 1267 5498 2)
1292 5428 1335 5485 lb.
1360 5449 1383 5485 c.
1403 5429 1431 5500 3,
1457 5432 1506 5487 col.
1525 5429 1599 5487 891.
1699 5431 1729 5501 3)
1756 5430 1840 5490 Cone.

192 5536 275 5594 Rom.
306 5556 334 5592 a.
355 5535 449 5605 1063,
482 5555 504 5591 c.
527 5534 556 5604 3,
590 5534 689 5591 Mansi
712 5534 796 5604 XIX,
829 5535 878 5590 col.
900 5531 1002 5602 1025,·
1037 5535 1078 5605 cs.
1104 5531 1232 5592 Gerbobi
1261 5535 1475 5612 Reicbcrsperq.
1500 5535 1640 5615 Dialcqus
1671 5539 1705 5594 de
1735 5538 1842 5596 clericis

193 5641 370 5719 requbrribns
393 5649 419 5698 et
440 5639 619 5710 secumribus,
645 5639 710 5710 Pes,
743 5639 903 5696 Thesaurus
926 5639 966 5708 ΙΙ,
986 5639 1014 5708 2,
1040 5641 1090 5697 col.
1110 5639 1182 5696 461.
1287 5640 1317 5708 4)
1343 5639 1450 5714 Synod.
1468 5641 1577 5700 Pictau.
1600 5643 1744 5701 alors.
1769 5665 1792 5703 c.
1811 5644 1840 5716 9,

195 5747 295 5805 Mauri
317 5747 385 5817 XX,
409 5749 460 5805 ool.
478 5746 552 5802 499.

1596 5871 1628 5922 1*
