4410 6406
436 403 500 467 300
727 408 906 465 GERHOHI
928 407 1162 464 PRAEPOSI'I'I
1184 405 1591 466 REICHERSBERGENSIS
1614 409 1780 466 LIBELLI.

435 596 628 661 omnimodis
652 595 864 661 eeclesiarum
888 594 1069 660 substantia
1091 595 1125 658 in
1141 617 1202 659 usu
1225 594 1447 661 ecclesiastico
1464 596 1516 660 vel
1539 597 1684 683 ipsorum
1706 594 1923 683 plebanorum
1940 592 1996 658 vel
2014 591 2091 656 alio-

435 726 505 767 rum
522 725 702 789 pauperum
717 702 769 766 vel
793 712 880 767 certe
904 701 1018 766 saltem
1041 700 1143 788 ipsius
1167 703 1313 788 episcopi
1336 703 1540 788 procurantis
1564 701 1730 784 ecclesias,
1754 701 1965 783 monasteria,
1990 721 2093 763 xeno-

436 809 553 875 dochia
576 831 801 896 pauperesque
825 807 915 890 alios,
939 817 975 871 ut
997 808 1076 894 ipsis
1100 806 1370 873 distribuerentur
1392 831 1555 896 pereum,
1579 819 1675 896 prout
1697 809 1815 895 cuique
1839 830 1922 894 opus
1947 817 2049 871 esset

843 1003 893 1066 19.
928 1001 1011 1066 De·
1034 1002 1286 1066 vestimento
1308 1003 1438 1068 mixto
1462 1004 1678 1090 sanguine.

542 1127 625 1192 Nam
656 1127 696 1192 de
727 1125 850 1207 militia,
882 1147 980 1211 quam
1011 1125 1130 1190 exinde
1162 1136 1282 1212 augent
1312 1128 1458 1214 episcopi
1481 1127 1533 1192 vel
1557 1149 1668 1192 eorum
1700 1127 1809 1192 clerici
1839 1126 1926 1190 ultra
1956 1125 2125 1190 modums

436 1235 539 1316 ditati,
564 1233 643 1320 quid
667 1232 800 1298 dicam‘l
846 1231 932 1297 Num
956 1231 1111 1318 quidnam
1140 1232 1259 1318 regalis
1291 1254 1402 1298 eorum
1432 1257 1551 1321 pompa
1573 1233 1739 1299 censenda
1762 1245 1811 1298 est
1841 1255 1913 1298 esse
1943 1254 2095 1319 purpura

435 1343 522 1429 regis
546 1342 657 1405 iuncta
680 1337 873 1404 canalibus?
919 1338 992 1404 Hoc
1015 1338 1153 1403 fortasse
1169 1339 1232 1425 ipsi
1248 1349 1371 1425 putant,
1396 1340 1454 1405 sed
1469 1341 1578 1405 verius
1595 1342 1764 1405 estimatur
1779 1362 1851 1405 esse
1876 1343 2094 1406 uestimentum

329 1470 417 1521 aas.
437 1453 566 1514 meatum
590 1449 742 1536 scopatae
769 1445 857 1532 quod
884 1443 1049 1510 iudicante
1073 1445 1230 1532 propheta
1257 1450 1318 1511 erit
1340 1449 1374 1512 ia
1397 1450 1633 1513 comitatiorem
1658 1450 1794 1513 ateihas
1817 1451 1913 1535 tyaris,
1938 1469 1978 1510 eo
2005 1445 2094 1532 quod

437 1577 501 1619 non
531 1553 627 1619 facile
658 1563 764 1640 potest
794 1551 962 1616 emundari
993 1575 1012 1615 a
1042 1553 1184 1616 mixtura
1214 1553 1390 1638 sanguinis.
1437 1553 1633 1618 Huiusmodi
1656 1555 1756 1618 vestis
1786 1554 1929 1618 maxime
1960 1551 2021 1617 ubi
2053 1554 2094 1616 sit

266 1685 417 1736 spaeram.
437 1661 524 1749 quod
541 1660 663 1725 dietum
680 1669 730 1724 est
752 1660 786 1723 in
801 1658 1001 1745 Apocalipsi,
1026 1674 1060 1724 at
1082 1662 1141 1745 qui
1162 1662 1194 1724 in
1210 1660 1357 1724 sordibus
1373 1675 1417 1726 est
1433 1661 1592 1726 sordescat
1606 1662 1709 1726 adduc
1733 1675 1760 1726 ct
1782 1663 1841 1748 qui
1861 1674 1959 1740 uocet,
1983 1675 2095 1725 noceat
2112 1682 2137 1721 ιι

437 1769 549 1834 adduc.
596 1767 726 1831 Etenim
750 1767 777 1829 si
800 1765 828 1828 is
852 1766 907 1852 qui
938 1767 972 1828 in
996 1763 1145 1829 sordibus
1170 1775 1227 1847 est,
1251 1788 1329 1830 vere
1353 1767 1501 1853 penitens
1532 1766 1632 1832 nollet
1654 1767 1739 1832 ultra
1762 1767 1951 1832 sordescere
1977 1768 2093 1852 etqui

326 1871 418 1973 ,ζζξχξζ
437 1884 533 1940 nocet
556 1873 694 1959 amplius
717 1893 835 1936 nocere
860 1881 1001 1953 caveret,
1024 1873 1252 1936 vestimentum
1276 1872 1353 1937 lieet
1375 1874 1510 1938 mixmm
1534 1874 1692 1959 sanguine
1716 1873 1808 1938 cibus
1830 1875 1916 1959 ignis
1941 1872 2092 1937 'minime

261 2005 419 2054 ιιιιιιιιιι.
438 1981 538 2062 fieret,
556 1979 615 2044 sed
630 1980 723 2044 iuxta
739 1977 919 2043 doctrinam
935 1977 1113 2064 prophetae
1130 1977 1341 2064 querentibus
1364 1978 1530 2062 iudicium,
1555 1977 1822 2044 subvenientibus
1846 2002 2016 2066 oppresso,
2037 1978 2091 2044 de·

438 2085 645 2151 fendentibus
669 2084 811 2166 viduam,
836 2083 1077 2171 quiescentibus
1101 2107 1199 2171 agere
1223 2106 1386 2172 perverse,
1411 2085 1611 2151 discentibus
1635 2085 1838 2168 benefacere,
1866 2085 2092 2151 auferentibus

439 2193 558 2258 malurn
587 2193 816 2279 cogitationum
847 2213 977 2256 suarum
1005 2189 1047 2256 ab
1072 2190 1174 2260 oculis
1196 2191 1340 2273 Domini,
1371 2192 1399 2255 si
1423 2203 1531 2257 essent
1553 2203 1690 2278 peccata
1712 2215 1834 2275 eorum,
1857 2203 1895 2256 ut
1917 2195 2091 2258 coccinum
2110 2217 2136 2254 rs

439 2301 495 2387 qui
518 2300 607 2364 color
630 2309 678 2362 est
700 2296 820 2362 rubeus
844 2298 1051 2383 sanguineus,
1075 2298 1170 2384 quasi
1196 2299 1254 2362 nix
1278 2297 1515 2363 dealbarentur.
1562 2299 1634 2364 Hes
1664 2309 1772 2364 autem
1803 2299 1984 2386 sacrilegiis
2008 2302 2089 2364 anti-

439 2409 511 2494 quis
541 2407 574 2471 in
598 2405 797 2470 decimarum
828 2403 1022 2468 alienatione
1047 2405 1227 2468 commissis
1250 2403 1428 2469 adicientes
1459 2428 1544 2470 nova
1568 2405 1749 2492 sacrilegia,
1779 2408 1863 2471 sicut
1892 2406 1991 2493 longe
2016 2419 2091 2472 sunt

439 2512 571 2600 quidam
596 2534 706 2577 eorum
730 2533 750 2575 a
773 2532 852 2574 vera
875 2511 1064 2596 penitentia,
1095 2511 1142 2574 sic
1173 2511 1268 2596 longe
1299 2521 1373 2576 sunt
1390 2532 1421 2602 a
1443 2534 1523 2576 vera
1544 2512 1757 2598 indulgentia.
1804 2513 1949 2594 Quidam
1978 2525 2089 2578 tanmn

439 2620 654 2706 pergratiam
670 2618 746 2699 Dei,
763 2618 937 2681 vexatione
961 2616 1085 2681 auditui
1109 2639 1220 2682 eorum
1243 2617 1340 2682 dante
1364 2617 1572 2700 intellectum,
1597 2618 1726 2684 discunt
1749 2629 1782 2684 et
1804 2621 1957 2702 sentiunt,
1974 2643 2090 2685 vemm

331 2751 420 2800 rasa.
439 2749 510 2791 esse
535 2725 622 2813 quod
644 2723 802 2811 propheta
824 2723 925 2788 dixit:
956 2724 1186 2811 Muttr'plt‘costi
1202 2739 1306 2812 pentes
1328 2739 1356 2790 et
1378 2751 1438 2790 noa
1461 2729 1676 2814 muprrificostr'
1696 2729 1842 2808 leticiam,
1867 2727 1955 2813 quia,
1983 2727 2089 2791 multi·
2108 2750 2135 2790 ιο

439 2833 559 2920 plicata
580 2831 643 2896 illis
667 2830 804 2895 militum
828 2831 923 2918 eopia
945 2851 1127 2912 numerosa,
1157 2831 1272 2916 incipit
1301 2832 1374 2917 ipsa
1403 2831 1518 2896 militia
1548 2832 1642 2897 simul
1673 2855 1747 2898 cum
1776 2833 1907 2898 malicia
1933 2855 1993 2898 sua
2018 2856 2089 2898 esse

439 2961 584 3004 onerosa.
630 2938 674 3002 Et
704 2948 811 3002 tamen
841 2946 949 3001 tantm
980 2947 1029 3001 est
1058 2936 1156 3001 ardor
1184 2938 1341 3020 insaniae,
1370 2960 1435 3024 qua
1462 2961 1514 3002 res
1546 2938 1682 3004 ecclesie
1714 2939 1845 3004 student
1874 2939 2030 3022 alienare,
2054 2951 2090 3005 ut

439 3045 571 3132 quidam
594 3044 671 3110 licet
692 3042 904 3108 formidantes
927 3043 1095 3108 infeodare
1111 3043 1265 3125 decimas,
1289 3055 1398 3108 tamen
1421 3067 1487 3110 non
1502 3045 1677 3110 formident
1693 3045 1764 3110 aliis
1780 3045 1885 3111 modis
1909 3046 2088 3134 illaqueare

438 3152 510 3217 illas
540 3151 665 3216 scilicet
690 3149 744 3214 vel
773 3150 1021 3236 impignorando
1044 3149 1097 3214 vel
1120 3150 1178 3233 sie,
1210 3151 1319 3214 nescio
1344 3150 1462 3237 quibus
1486 3151 1640 3236 artificiis,
1671 3152 1850 3236 tolerando,
1874 3163 1910 3218 ut
1933 3153 2009 3218 laici
2033 3177 2088 3218 eas

438 3258 636 3346 possideant,
660 3256 871 3344 quoadusque
896 3255 938 3320 ab
963 3256 1109 3322 ecclesiis
1133 3255 1270 3320 alienate
1297 3258 1331 3321 in
1353 3257 1456 3322 laicas
1480 3256 1652 3323 abusiones
1676 3269 1850 3325 transeant.
2108 3281 2134 3322 ss

544 3364 667 3429 Audivi
690 3385 794 3450 nuper
817 3362 858 3427 de
875 3363 1014 3450 quodam
1032 3364 1185 3450 episeopo
1197 3367 1218 3446 ¹,
1243 3365 1335 3428 cuius
1357 3387 1477 3430 nornen
1500 3364 1541 3429 ad
1558 3387 1713 3451 praesens
1729 3377 1831 3451 taceo,
1849 3367 1937 3454 quod
1953 3367 2089 3454 praedia

439 3472 580 3537 ecclesie
604 3470 666 3536 sibi
690 3470 882 3535 commissae
905 3470 997 3534 laicis
1021 3469 1210 3552 infeodavit,
1239 3492 1337 3556 super
1360 3469 1478 3557 quibus
1500 3493 1567 3536 non
1589 3471 1795 3537 infeodandis
1819 3475 1993 3538 anathema
2016 3497 2088 3560 pro·

440 3579 617 3664 mulgetum
633 3576 715 3641 fuit²
740 3580 804 3640 “me
822 3585 972 3662 presente
996 3575 1146 3662 alegate
1170 3575 1256 3641 sedis
1280 3576 1478 3664 apostolicae
1502 3577 1661 3643 cardinali
1677 3579 1869 3660 Octaviano,
1893 3579 1997 3645 tribus
2022 3581 2088 3666 epi-

441 3687 568 3772 seopis⁸
590 3693 622 3748 et
645 3681 753 3747 multis
769 3683 848 3746 viris
871 3683 1030 3769 religiosis
1053 3681 1100 3746 illi
1124 3683 1372 3769 cooperantibus
1396 3693 1429 3748 et
1451 3706 1632 3748 sermonem
1656 3685 1750 3749 huius
1774 3686 1989 3751 anathematis
2013 3711 2087 3752 con·

439 3789 642 3856 firmantibus
670 3789 822 3853 extinctis
851 3787 995 3853 candelis
1025 3789 1058 3853 in
1083 3790 1211 3873 signum
1234 3789 1397 3872 videlicet,
1422 3790 1510 3876 quod
1532 3803 1617 3856 esset
1641 3791 1881 3878 extinguendus
1905 3794 2087 3880 episcopus,
2107 3815 2134 3856 ιο

442 3899 497 3986 qui
528 3907 640 3962 contra
669 3894 747 3959 illud
778 3894 950 3959 anathema
978 3894 1103 3959 faciens
1132 3895 1225 3959 laicis
1256 3907 1414 3983 prestaret
1444 3897 1558 3982 predia
1589 3899 1817 3963 ecelesiasticis
1846 3898 1959 3964 usibus
1986 3923 2007 3964 a
2031 3923 2088 3965 suo

441 4003 692 4092 predecessore⁴
715 4001 843 4084 collata,
868 4002 964 4066 etiam
989 4024 1029 4066 ea
1052 4023 1115 4087 que
1138 4013 1215 4066 tunc
1240 4003 1411 4088 episcopus
1434 4001 1548 4067 habuit
1570 4003 1613 4068 ad
1629 4026 1773 4068 mensam
1797 4028 1898 4070 suam.
1933 4005 1978 4070 Et
2000 4029 2088 4090 eece,

441 4123 477 4176 ut
499 4110 597 4197 vulgo
621 4109 741 4174 dicitur
763 4119 796 4173 et
818 4109 866 4172 rei
890 4107 1054 4172 evidentia
1077 4106 1315 4194 comprobatur,
1345 4108 1401 4172 illa
1430 4109 1545 4195 predia
1575 4110 1797 4175 ecelesiastica
1826 4114 1898 4176 usui
1929 4113 2088 4178 ecclesiae

442 4216 607 4282 subtracta
630 4228 664 4281 et
685 4215 777 4280 laicis
801 4213 966 4279 infeodata
990 4224 1073 4278 sunt.

815 4322 935 4386 Mundi
955 4322 1057 4386 Romu
1081 4337 1175 4408 caput
1195 4324 1229 4386 εἰ
1249 4345 1308 4386 nou
1333 4323 1495 4388 ulciscitur
1517 4325 1612 4405 ittud,
2108 4347 2133 4388 aa

886 4428 951 4506 Qua
973 4443 1068 4515 caput
1089 4430 1174 4493 orbis
1197 4443 1265 4493 erat
1287 4453 1382 4493 causo
1398 4431 1441 4516 fit
1463 4445 1496 4493 ut
1510 4444 1633 4516 pereat,

351 4577 352 4580 =
444 4538 489 4601 ait
505 4536 660 4623 quidsm⁵
675 4534 889 4599 versificando
906 4544 1039 4620 propter
1061 4532 1310 4620 improbandum
1327 4534 1489 4621 quoddam
1515 4536 1661 4601 similiter
1682 4537 1860 4603 nefandum
1884 4539 1986 4604 nefas.
2021 4539 2089 4604 Nos

410 4675 412 4680 ·
443 4665 532 4726 vero,
556 4641 606 4706 his
629 4640 722 4705 malis
746 4638 1036 4722 crebrescentibus,
1061 4662 1125 4704 non
1143 4640 1370 4722 versificando,
1395 4641 1453 4706 sed
1476 4643 1598 4708 orando
1622 4643 1787 4730 pulsamus
1811 4645 1853 4710 ad
1876 4647 1993 4710 ostium
2016 4669 2088 4733 gra-

444 4750 515 4814 ciae
532 4749 672 4830 divinae,
690 4757 725 4811 ut
739 4747 857 4812 Petrus
880 4748 965 4811 inter
980 4746 1040 4810 heo
1057 4746 1220 4810 dormiens
1237 4770 1256 4810 a
1271 4747 1414 4812 Domino
1430 4749 1601 4832 excitetur,
1626 4761 1786 4837 quatenus
1809 4773 1869 4837 per
1891 4751 1982 4817 illum
2004 4752 2088 4817 bene

444 4855 631 4942 vigilantem
655 4854 833 4939 sacrilegiis
858 4855 1084 4939 episcoporum
1099 4852 1258 4938 simulque
1283 4853 1472 4919 clericorum
1488 4855 1722 4921 cathedralium
1745 4857 1786 4922 de
1809 4857 1906 4923 rebus
1930 4859 2088 4924 ecclesiae
2106 4881 2132 4920 ιι

444 4961 562 5026 milites
586 4959 647 5024 sibi
670 4958 952 5045 multiplicantium
969 4957 1211 5023 racionabiliter
1227 4958 1386 5042 obvietur,
1410 4962 1456 5026 ita
1477 4972 1513 5026 ut
1537 4964 1679 5028 contenti
1703 4965 1767 5028 siut
1791 4965 1936 5052 episcopi
1954 4965 1996 5031 de
2012 4965 2089 5033 solis

445 5066 609 5155 regalibus
633 5067 809 5152 antiquitus
833 5065 1014 5130 infeodatos
1037 5065 1155 5130 milites
1179 5076 1210 5129 et
1233 5067 1397 5152 principes
1421 5090 1615 5134 conservare
1639 5071 1672 5133 in
1688 5069 1910 5135 defensionem
1930 5072 2088 5138 ecclesiae

551 5264 579 5332 ι)
597 5266 724 5334 am
741 5283 763 5318 ι.

556 5429 585 5501 1)
604 5427 737 5487 Conrado
753 5428 926 5506 Augustaao,
943 5437 973 5484 at
987 5447 1022 5485 ac
1040 5425 1245 5486 Commentario
1267 5429 1297 5486 in
1314 5451 1362 5506 ps.
1375 5431 1445 5487 133.
1470 5431 1555 5504 infra
1579 5435 1672 5490 educet
1742 5432 1772 5504 2)
1790 5435 1936 5506 A.1151,·
1959 5437 2000 5508 cs.
2016 5457 2089 5514 qrcae

446 5540 488 5596 ad
507 5535 656 5595 Commeat.
674 5556 722 5611 ps.
738 5536 810 5592 133.
834 5535 919 5607 infra
941 5542 1080 5592 aanowta
1101 5543 1174 5591 suat.
1267 5531 1298 5609 3)
1324 5536 1448 5594 Walters
1471 5539 1644 5616 Augustam,
1670 5537 1769 5598 Ottoue
1793 5541 1979 5619 Ftainqeui,
2005 5543 2088 5600 Eme·
2104 5559 2132 5599 st

447 5645 547 5714 leardo,
571 5651 603 5700 at
623 5642 742 5712 videtu,
766 5641 998 5718 Wirscburycnsi.
1068 5637 1100 5715 4)
1124 5641 1190 5698 sut.
1212 5641 1344 5700 Walters.
1415 5639 1446 5717 b)
1472 5642 1519 5715 Os.
1542 5644 1732 5717 Watteabcclr,
1752 5647 1902 5724 ‘Aazciper
1910 5649 1969 5719 jur
1986 5650 2089 5707 Korde

448 5752 499 5808 der
522 5750 669 5808 deutschen
692 5749 816 5806 Vorzeit'
841 5748 905 5804 XX
923 5741 1051 5823 (1873),
1078 5747 1156 5816 101;
1188 5747 1235 5804 ‘tt
1259 5749 1358 5806 Aret!
1382 5749 1466 5821 XIV,
1492 5751 1573 5822 448,-
1603 5752 1650 5809 De
1672 5752 1767 5810 invest.
1793 5753 1920 5811 Anticlia
1944 5755 1970 5826 1,
1994 5776 2018 5813 c.
2037 5757 2086 5814 l'l.
