4568 6428
292 441 446 494 LIBELLI
471 439 638 496 HONORII
663 439 1048 496 AUGUS'IOIIUNENSIS
1073 441 1315 496 altaserram
1339 442 1390 495 ET
1414 439 1679 496 senonssrlcl.
1772 435 1813 495 39

151 628 323 690 asseritisa
351 649 403 690 me
429 627 576 690 fortassis
601 649 638 690 eo
664 628 768 712 magis
793 627 864 690 lleo
890 629 1154 713 appropinquare
1180 638 1211 690 et
1236 628 1398 691 amicitiae
1423 627 1590 704 iustorum,
1616 651 1679 712 quo
1703 628 1736 690 in
1760 650 1811 690 me

152 733 225 796 zelo
244 734 309 796 lJei
334 735 543 798 concitavere
568 733 643 798 odia
666 735 861 819 inirprortnn.
899 733 987 814 Quia
1011 733 1103 815 haee,
1128 735 1271 820 inquam,
1296 733 1378 796 forte
1398 731 1595 818 *opponitisl
1617 732 1657 796 de
1682 733 1921 814 lraere,‘·r.1oe.

153 863 255 926 qnam
279 842 471 926 preponitia
503 863 568 904 non
599 840 678 926 quid
709 862 769 924 ego
801 841 948 922 sentiam,
981 840 1039 904 sed
1071 840 1150 926 quid
1174 841 1314 926 Spiritus
1338 853 1469 904 sanctus
1494 852 1526 904 et
1550 840 1711 904 aeeclesia
1737 840 1813 903 inde

155 949 333 1026 censuerit,
359 947 466 1010 dicam
482 954 501 1010 ¹.

122 1119 135 1156 s
655 1089 847 1164 INCIPIT
875 1087 1318 1164 OFFENDIOULUne.
1389 1115 1391 1122 ’

680 1232 708 1291 l.
745 1229 804 1291 Ile
829 1226 1127 1292 sacerdotibus
1152 1225 1296 1310 legie'.

266 1333 397 1396 Chaos‘2
426 1333 509 1418 legis
541 1336 659 1398 veteris
692 1335 752 1399 fuit
782 1334 898 1398 umbra
928 1334 1010 1398 lucis
1041 1357 1146 1397 novae
1177 1332 1269 1418 logis.
1325 1333 1501 1418 Synagoga
1532 1345 1601 1396 erat
1633 1332 1813 1396 aecclesiae

155 1438 283 1524 umbra.
321 1439 375 1504 Sic
399 1440 586 1504 sacerdotes
604 1443 723 1504 veteris
748 1443 931 1504 testamenti
957 1441 1087 1504 frnvunt
1111 1439 1227 1505 umbra
1244 1463 1394 1503 verorum
1417 1438 1622 1503 sacerdotum
1638 1439 1810 1524 euangelii.

158 1547 279 1610 Omnia
303 1561 422 1626 autem,
449 1570 533 1632 qnae
557 1548 678 1633 populo
704 1547 764 1611 snb
788 1547 860 1632 lege
885 1550 1058 1612 constituto
1084 1546 1316 1630 contingebant
1341 1546 1392 1610 vel
1417 1546 1458 1610 ab
1484 1547 1530 1609 eis
1547 1545 1677 1628 fiebant,
1703 1546 1813 1632 populi

111 1679 137 1716 ro
157 1653 326 1717 eluistiani
350 1654 456 1738 figura
481 1664 581 1717 erant.
617 1654 689 1718 Lex
713 1656 834 1742 itaque,
860 1657 937 1740 quia
956 1654 1152 1740 spiritualist
1174 1668 1232 1734 cst,
1258 1652 1439 1739 spiritualia
1461 1655 1573 1739 utique
1598 1652 1812 1738 precipiebat.

159 1759 226 1824 Sed
249 1759 388 1846 populus
405 1760 554 1838 camelis,
580 1760 622 1824 ad
645 1761 786 1825 litteram
802 1774 928 1825 tantum
945 1785 984 1824 ea
1004 1759 1230 1845 intellegeres,
1256 1761 1432 1825 carnaliter
1448 1771 1588 1824 cunctas
1607 1756 1734 1823 futurah
1755 1761 1812 1822 im-

158 1866 280 1952 plebat,
312 1867 427 1942 donec,
457 1866 572 1930 umbra
595 1868 780 1949 recedente,
813 1868 989 1954 spiritualis
1014 1868 1152 1954 populus
1177 1870 1276 1949 venit,
1309 1869 1364 1953 qui
1389 1869 1497 1930 «amnia
1522 1867 1732 1952 spiritualiter
1755 1867 1812 1928 im-

160 1973 270 2058 plevit.
312 1973 405 2054 Quae
430 1974 484 2038 lex
508 1987 642 2039 cunctos
667 1975 904 2039 maledictionis
925 1975 1055 2039 vinculo
1079 1974 1305 2050 inrmdaverat,
1330 1976 1384 2060 qui
1410 1975 1550 2038 fructum
1573 1975 1606 2037 in
1622 1973 1724 2036 Israel
1748 1996 1814 2036 non

159 2079 319 2144 ferebant.
356 2081 452 2145 Unde
477 2079 678 2145 sacerdotes¹
703 2081 784 2168 legis
809 2082 851 2146 ad
868 2081 1055 2146 evitandam
1078 2081 1338 2145 maledictionem
1364 2091 1395 2144 et
1419 2080 1665 2167 propagandam
1689 2080 1813 2165 prolem

112 2213 140 2252 rs
161 2209 281 2252 uxores
312 2187 486 2269 ducebant,
518 2190 594 2274 quia
624 2213 688 2252 non
720 2188 849 2253 aliunde
880 2191 942 2252 nisi
968 2189 1008 2252 de
1034 2189 1102 2252 sola
1126 2191 1225 2274 stirpe
1250 2188 1332 2251 Levi
1357 2186 1543 2251 sacerdotes
1568 2186 1734 2272 eligendos
1759 2187 1813 2250 lex

119 2383 120 2388 η
161 2294 317 2358 censebat
327 2299 348 2358 ³³.
404 2295 563 2359 Sacerdos
595 2309 703 2359 autem
735 2295 883 2359 erunibus
915 2296 1068 2360 membris
1100 2297 1244 2380 eorporis
1280 2294 1393 2358 debuit
1427 2295 1554 2379 integer
1584 2295 1745 2356 existere⁴
1781 2305 1813 2356 et

161 2404 230 2487 ipse
255 2403 348 2487 virgo
373 2403 534 2487 virginem
565 2402 605 2466 de
636 2425 695 2465 sua
727 2405 920 2488 cognatione
951 2403 1071 2467 (lucere
1082 2407 1103 2466 ⁵.
1152 2403 1186 2466 si
1218 2403 1422 2465 meretricem
1447 2400 1498 2465 vel
1523 2400 1727 2486 repudiatam
1758 2411 1814 2464 aut

160 2509 294 2572 viduam
319 2508 381 2572 sibi
406 2509 626 2595 copulaverat,
659 2509 712 2572 lex
738 2533 810 2573 enm
836 2511 965 2598 penitus
990 2533 1010 2574 a
1033 2509 1215 2573 sacerdotio
1246 2507 1426 2594 repellebat
1436 2513 1456 2571 ⁶.
1504 2508 1568 2572 Per
1592 2509 1680 2570 vices
1704 2517 1813 2570 autem

160 2614 373 2679 tabernaculo
397 2615 448 2680 vel
478 2616 597 2702 templo
629 2616 858 2680 ministrabant
881 2618 926 2680 ‘et
957 2629 1102 2702 tempore
1134 2639 1212 2680 suae
1243 2616 1325 2679 vicis
1357 2615 1398 2678 ab
1429 2613 1586 2678 uxoribus
1617 2615 1814 2699 segregatim
1834 2636 1926 2712 aroc.

114 2750 142 2787 eo
161 2721 399 2786 donniebant⁷.
446 2724 586 2786 Peracta
609 2724 681 2787 vice
712 2723 755 2787 ad
785 2723 916 2787 domum
947 2725 1113 2810 propriam
1144 2722 1393 2787 revertebantur
1423 2733 1455 2784 et
1483 2733 1559 2784 tunc
1584 2721 1714 2784 demum
1738 2745 1813 2784 con-

161 2828 293 2914 iugibus
309 2828 537 2914 iungebantur.
573 2830 706 2893 Illorum
724 2852 801 2893 vero
819 2830 979 2894 sacrificia
1003 2841 1095 2894 erant
1118 2830 1211 2916 hyrei
1237 2841 1269 2893 et
1291 2828 1401 2893 tauril‘
1429 2829 1534 2892 ethis
1559 2827 1685 2892 similia.
1721 2829 1814 2892 Haec

163 2936 272 2998 omnia
295 2937 327 2998 in
352 2936 456 3021 figura
479 2949 552 3000 acta
576 2935 683 3018 esse¹,
715 2936 821 3001 nullus
846 2936 992 3022 ambigit,
1024 2939 1079 3022 qui
1110 2937 1253 3000 divinam
1282 2938 1436 3022 paginam
1460 2935 1657 3021 aliquatinus
1666 2945 1689 2974 ¹¹¹
1712 2936 1813 2998 novit.

635 3100 665 3160 2.
708 3097 766 3161 lle
798 3121 1015 3183 synagoga
1045 3109 1084 3161 et
1114 3097 1339 3161 aecclesia.

272 3221 449 3306 Synagoga
474 3223 574 3306 igitur
597 3235 667 3285 erat
691 3221 883 3304 concubina,
915 3223 1076 3286 aecclesia
1099 3246 1178 3286 vcro
1202 3223 1334 3309 superni
1358 3222 1567 3308 Imperatoris
1591 3222 1714 3305 regina.
1762 3221 1813 3282 De

120 3353 146 3391 rs
165 3327 220 3390 illa
241 3327 375 3391 dicitur:
400 3329 482 3392 Ecce
505 3331 657 3394 ‹irreillum
682 3345 709 3394 et
723 3332 833 3417 filiius
858 3334 935 3406 reus,
960 3330 1084 3394 scilicet
1108 3329 1213 3415 legem
1239 3342 1270 3393 et
1295 3329 1459 3392 carnalem
1476 3328 1639 3414 populum.
1676 3327 1727 3391 De
1751 3327 1815 3390 ista
1834 3350 1892 3388 usa
1901 3349 1934 3400 ει,
1943 3349 1976 3390 10.

165 3444 307 3498 autema:
332 3437 443 3499 Astra
466 3439 575 3523 regino.
599 3465 617 3500 u
644 3437 763 3501 dareris
787 3440 859 3518 reris.
882 3437 1036 3500 videlieet
1060 3439 1094 3500 in
1118 3437 1231 3522 gloria,
1256 3436 1312 3500 ubi
1337 3459 1475 3522 sponsus
1500 3437 1569 3498 eius
1593 3447 1643 3498 est
1666 3433 1813 3498 Christus
1834 3455 1913 3506 vau,
1922 3455 1955 3495 ιο.

166 3545 199 3606 in
223 3543 358 3607 dextra⁰
378 3543 516 3605 Patris⁸.
553 3542 614 3606 Oui
638 3545 771 3627 reginae
796 3544 860 3606 iarn
885 3568 1022 3630 sponsus
1047 3545 1156 3608 omnia
1174 3544 1281 3606 Patris
1306 3553 1452 3606 secretae
1473 3553 1547 3605 nota
1572 3541 1705 3620 fecerat,
1730 3561 1814 3626 qnae

167 3649 384 3714 aeoncubina
407 3648 580 3712 celaverat.
617 3649 703 3729 Quia
727 3651 836 3736 itaque
862 3649 902 3714 ab
920 3651 1081 3714 aecclesia
1105 3662 1222 3714 cuncta
1246 3650 1327 3734 legis
1352 3661 1475 3712 remota
1499 3659 1594 3711 suntq
1614 3646 1814 3728 umbracula,

168 3759 250 3820 sicut
273 3758 345 3842 ipsa
368 3767 417 3818 est
441 3756 511 3819 sinc
536 3779 616 3841 ruga
641 3767 672 3819 et
696 3755 820 3842 absque
844 3757 973 3821 macula
983 3765 1004 3839 ⁹,
1035 3759 1081 3820 ita
1105 3759 1202 3820 etiarn
1227 3756 1296 3820 vult
1320 3754 1441 3818 habere
1466 3754 1663 3834 sacerdotes,
1688 3756 1720 3816 in
1745 3755 1814 3839 qui-

126 3887 150 3925 su
167 3861 228 3926 bus
251 3862 339 3926 nulla
363 3863 426 3924 sint
449 3862 592 3926 sordium
616 3863 756 3948 piacula.
803 3863 846 3927 Et
870 3865 896 3926 si
921 3863 1104 3928 concubina
1127 3863 1301 3927 carnaliter
1330 3875 1455 3926 trintum
1480 3863 1610 3946 sapiens
1641 3861 1698 3924 hos
1722 3861 1814 3922 mini-

169 3980 249 4033 stros
280 3967 487 4054 repudiabat,
519 3992 600 4054 qnos
631 3969 741 4055 aliqua
771 3969 959 4034 deformitas
989 3970 1208 4034 membrorum
1239 3970 1384 4054 eorporis
1416 3967 1662 4050 dehonestabat,
1694 3977 1815 4053 quanto

167 4078 270 4162 magis
301 4078 415 4160 regina
445 4089 563 4140 cuncta
593 4076 793 4162 amplectens
825 4078 1026 4162 spiritualiar
1058 4100 1170 4141 omnes
1206 4078 1368 4140 ministros
1403 4075 1537 4154 refutat,
1573 4099 1654 4160 quos
1689 4097 1814 4136 morum

168 4181 285 4272 feditas
309 4182 485 4269 deturpat?

719 4275 748 4335 3.
791 4273 849 4336 De
881 4272 997 4336 lusco
1029 4285 1068 4336 et
1097 4272 1260 4359 lippo¹⁰.

126 4421 151 4458 a
274 4395 327 4460 Si’*
349 4396 457 4460 luscus
473 4396 526 4460 vel
550 4396 656 4482 lippus
681 4410 761 4479 erat,
786 4397 970 4462 concubina
994 4399 1063 4461 eius
1087 4399 1302 4460 ministerium
1325 4397 1547 4483 respuebatfl.
1593 4396 1719 4460 Luscus
1736 4417 1814 4458 vero

167 4527 224 4588 pro
249 4515 337 4567 recto
361 4513 580 4568 transversum
611 4505 737 4590 aspicit,
769 4503 875 4590 lippus
899 4527 977 4568 vero
1002 4505 1108 4568 lucem
1131 4503 1243 4567 videre
1259 4491 1345 4568 odit.
1392 4505 1518 4568 Luscus
1547 4515 1606 4584 est,
1638 4503 1693 4589 qui
1721 4504 1815 4567 recti-

273 4664 300 4729 a)
317 4671 442 4719 asseratis
462 4668 495 4718 B.
595 4667 622 4730 b)
642 4671 787 4734 opponatis
807 4669 839 4718 B.
925 4665 950 4728 e)
970 4671 991 4718 I.
1012 4686 1037 4719 o.
1055 4670 1105 4719 dea
1122 4671 1148 4719 C.
1240 4667 1268 4732 d)
1287 4671 1460 4736 pritulorum
1480 4670 1650 4734 irrscriplioues
1667 4669 1717 4718 der.
1738 4669 1770 4716 Α.
1787 4669 1814 4716 0.

168 4757 395 4808 samosataei.
446 4755 471 4820 e)
485 4757 615 4823 spiritalis
629 4757 732 4807 Α.Β2.
781 4753 932 4822 filntellig.
945 4757 985 4806 liic
997 4767 1019 4806 et
1028 4758 1124 4823 passim
1137 4759 1170 4808 B.
1184 4759 1210 4808 C.
1259 4755 1500 4825 glarearraerarl.
1557 4757 1814 4822 hleiufiguraB3

168 4863 191 4896 c.
210 4848 237 4896 in
256 4847 347 4896 fure.
420 4843 441 4908 ἰ)
459 4863 472 4896 e
490 4847 595 4896 ocraC.
670 4842 699 4910 k)
718 4848 744 4897 h.
764 4855 791 4896 et
810 4847 900 4897 tlrnuri
922 4847 960 4906 .·l;
981 4848 1071 4896 thauri
1092 4853 1118 4898 ct
1137 4848 1205 4897 hIrci
1226 4849 1265 4908 B;
1295 4849 1362 4897 hirci
1385 4847 1411 4896 c.
1487 4843 1506 4910 Ι)
1526 4863 1549 4896 e.
1569 4847 1636 4896 aC.
1709 4844 1745 4906 m)
1765 4844 1814 4894 ali-

127 4943 301 5000 aequateuns
320 4936 359 4985 ae
377 4945 400 4986 et
415 4936 510 5000 possim
528 4935 561 4984 B.
575 4937 601 4985 C.
667 4931 694 4998 n)
712 4937 816 4987 antec.
879 4931 906 4996 υ)
925 4937 1038 4986 dextera
1059 4937 1085 4986 t'.
1151 4935 1179 5002 p)
1198 4955 1218 4986 s.
1233 4938 1263 4986 P.
1278 4937 1309 4986 B.
1375 4933 1402 5000 q)
1424 4953 1443 4986 r.
1457 4955 1477 4986 s.
1493 4935 1509 4988 l.
1526 4937 1552 4987 U.
1616 4933 1640 4996 r)
1658 4953 1678 4985 s.
1699 4953 1722 4984 u.
1741 4936 1774 4985 B.
1788 4935 1814 4984 C.

168 5029 190 5084 s)
212 5025 294 5074 littera
313 5028 331 5074 S
350 5026 427 5074 minio
444 5025 586 5090 mppleudo
603 5025 670 5075 deest
689 5027 722 5074 A.

276 5153 304 5220 1)
323 5151 371 5224 Cf.
390 5151 510 5210 Hatrici
527 5153 705 5222 Melliccasis,
723 5153 952 5211 ‘Prieslerlebea’
978 5173 1002 5210 e.
1021 5153 1083 5209 475
1101 5174 1142 5229 sq.
1182 5154 1337 5210 Hearieera
1357 5155 1542 5211 Melliceasem
1567 5153 1736 5210 earrniaibas
1758 5153 1816 5208 sais

169 5258 289 5316 Hortarii
311 5258 545 5332 ‘Offendiutlanr’
570 5259 728 5316 adhibuisse
752 5269 868 5317 (forestal.
997 5260 1027 5325 2)
1052 5261 1098 5317 De
1122 5260 1164 5317 llis
1188 5269 1214 5316 ct
1236 5263 1269 5317 dc
1291 5261 1465 5335 sequentibus
1488 5259 1743 5336 eorrmurutiouibar
1773 5260 1813 5330 (s.

168 5365 306 5422 Arabrosii
321 5365 433 5422 Ertarr.
458 5366 487 5422 ia
512 5365 560 5422 Ps.
579 5367 693 5436 XLIII,
712 5367 749 5422 61
778 5363 865 5442 (epp.
883 5369 924 5424 ed.
946 5367 1043 5424 Maur.
1062 5368 1085 5438 I,
1104 5367 1178 5423 911.
1198 5363 1284 5442 912).
1378 5367 1408 5436 3)
1428 5367 1523 5424 Eaeod.
1543 5367 1704 5443 28,1.eq.,·
1728 5366 1812 5423 llbua.

127 5486 151 5524 ts
171 5472 250 5540 1,48
267 5491 309 5548 sq.
335 5472 474 5547 3,4lsq.
568 5473 599 5543 4)
625 5473 691 5530 Leo.
718 5473 769 5543 21,
787 5474 879 5549 lisq.
972 5474 1002 5542 5)
1028 5475 1102 5530 leid.
1129 5475 1295 5550 21,13sq.
1389 5474 1419 5542 6)
1445 5473 1539 5544 lbid.,·
1564 5475 1666 5530 Ezeclr.
1689 5474 1740 5542 44,
1755 5473 1795 5528 22
1804 5496 1815 5543 ,·

168 5579 208 5649 cs.
234 5577 305 5636 Cba.
330 5587 419 5654 apost.
452 5599 475 5636 c.
496 5579 545 5636 18.
683 5581 713 5648 7)
747 5579 775 5635 2.
801 5580 902 5637 Paral.
930 5581 1092 5656 23,4sq.,·
1130 5583 1170 5652 cs.
1204 5582 1272 5638 Luc.
1294 5583 1321 5651 l,
1337 5581 1365 5636 8.
1384 5581 1401 5634 9
1411 5603 1421 5650 ,·
1460 5581 1509 5638 Ιυο
1539 5581 1652 5636 Decrct.
1683 5580 1731 5649 VI,
1761 5579 1811 5636 50.

169 5683 199 5752 8)
225 5683 274 5756 Of.
300 5685 389 5742 Calos.
416 5686 444 5756 3,
462 5687 488 5742 l.
618 5685 648 5756 9)
676 5683 724 5758 Cf.
752 5686 857 5761 Eplcs.
884 5687 912 5756 5,
927 5687 977 5743 27.
1109 5686 1160 5756 10)
1187 5687 1235 5760 Cf.
1261 5687 1490 5764 decequentibus
1515 5685 1649 5763 Gregorii
1674 5687 1715 5742 M.
1740 5687 1810 5762 liep.

163 5799 241 5866 past.
264 5791 325 5847 libr.
350 5792 373 5862 I,
395 5793 443 5850 ll.
539 5793 589 5862 11)
616 5793 703 5850 chil.
730 5793 781 5862 21,
797 5792 836 5848 28
852 5813 894 5868 sq.
