4426 6398
584 310 820 369 TRAOTATUS
844 310 1134 368 EBORACENSES.
1169 311 1211 368 IV
1214 353 1221 368 .
1666 308 1731 370 675

76 497 228 586 idemque
253 509 303 562 est
326 521 365 562 ac
388 520 449 584 per
472 498 533 563 hoc
558 499 656 562 etiam
679 499 713 562 in
735 507 905 585 potestate.
941 496 1038 563 Unde
1055 498 1211 585 sequitur,
1235 509 1272 562 nt
1287 499 1384 564 etiam
1408 497 1570 563 ednobus
1594 500 1731 566 alterum

76 603 233 686 dicamus,
257 604 421 686 videlicet,
445 615 481 670 ut
504 615 560 669 aut
575 603 727 668 sacerdos
752 605 794 668 sit
816 605 915 668 etiam
931 627 1000 686 rex,
1025 616 1081 668 aut
1103 627 1164 668 rex
1188 606 1230 669 sit
1253 606 1351 670 etiam
1373 607 1407 669 in
1423 604 1485 670 hac
1509 607 1600 693 parte
1625 629 1731 672 sacer-

76 710 145 774 dos.
193 710 260 776 Sed
284 710 452 798 quodlibet
474 711 589 775 horum
612 733 725 774 vernm
750 711 792 774 sit
816 712 907 774 sive·
931 721 1114 797 utrumqne,
1141 733 1263 797 negare
1287 734 1352 776 non
1375 734 1556 798 possumne,
1588 714 1666 800 quin
1690 714 1733 778 sit

75 818 109 881 in
137 817 199 882 hac
229 830 322 905 parte
350 840 416 882 una
446 817 626 904 eademqne
657 818 825 903 utriusque
855 827 1010 902 potestas,
1042 827 1074 882 et
1103 817 1137 881 in
1168 827 1234 882 toto
1265 819 1408 882 misterio
1433 829 1466 882 et
1488 819 1607 884 virtute
1631 842 1731 884 unum

44 925 172 1010 svirga
194 923 312 1010 regalis
337 935 369 988 et
392 923 598 1011 episcopalis.

185 1030 391 1118 Quapropter
407 1032 505 1096 etiam
529 1054 595 1095 non
611 1041 660 1094 est
676 1041 789 1095 contra
804 1030 870 1094 Dei
886 1029 1133 1113 ordinationem,
1151 1040 1264 1096 contra
1279 1033 1426 1096 veritatis
1443 1032 1600 1117 regulam,
1618 1041 1732 1096 contra

77 1136 228 1202 decorem
244 1138 382 1225 iusticie,
407 1139 435 1202 si
450 1161 520 1218 rex,
545 1137 573 1200 si
595 1148 737 1218 sanctus,
761 1138 789 1200 si
806 1148 1025 1218 consecratus,
1043 1139 1135 1201 cuins
1151 1147 1254 1202 totum
1270 1147 1320 1202 est
1335 1149 1367 1203 et
1382 1139 1475 1224 virge
1492 1147 1731 1203 sacramentum

78 1253 110 1307 st
125 1244 228 1307 virtus
244 1253 277 1307 et
292 1254 446 1330 potestas,
470 1243 517 1307 illi
533 1242 589 1308 dat
604 1243 691 1330 quod
715 1266 808 1307 suum
826 1254 884 1324 est,
901 1244 993 1307 cuius
1010 1253 1159 1308 nentrum
1176 1255 1234 1326 est,
1253 1255 1285 1308 et
1301 1245 1356 1331 qni
1373 1244 1487 1309 horum
1504 1243 1604 1309 nichil
1620 1243 1730 1310 habet.

78 1349 217 1415 Sanctus
237 1352 323 1414 enim
346 1351 380 1414 in
403 1349 465 1414 hoc
489 1373 555 1414 non
578 1362 700 1432 sancto,
722 1361 929 1414 consecratus
945 1372 1010 1413 uon
1027 1361 1227 1432 consecrato,
1251 1349 1376 1414 habens
1399 1373 1465 1415 non
1487 1349 1621 1415 habenti
1645 1374 1730 1416 oom-

34 1482 59 1520 to
77 1457 196 1520 mittitb
213 1458 391 1520 sanctitatis
408 1467 441 1520 et
456 1457 585 1520 virtutis
602 1457 825 1536 ministerium,
842 1467 875 1520 et
891 1478 1002 1520 secum
1025 1457 1145 1520 intrare
1162 1456 1241 1520 facit
1257 1479 1316 1543 per
1332 1457 1470 1521 hostinm
1491 1455 1554 1520 sibi
1571 1467 1730 1543 apertum.

78 1561 226 1626 Christus
242 1563 329 1627 enim
346 1574 395 1627 est
416 1562 558 1628 hostium
574 1563 723 1649 primum,
740 1585 799 1626 rex
816 1553 924 1626 sutem
942 1561 1131 1643 secundum,
1149 1563 1227 1649 qnia
1242 1574 1315 1650 post
1332 1561 1496 1628 Christum
1513 1573 1562 1628 est
1578 1562 1729 1647 bostium,

78 1670 155 1755 qnia
178 1668 260 1733 alter
275 1667 422 1732 Christus
447 1691 506 1756 per
522 1668 730 1754 adoptionem
752 1681 827 1754 post
843 1668 1018 1751 Christum,
1036 1670 1089 1734 cni
1105 1667 1253 1734 Christus
1269 1693 1366 1734 verus
1382 1671 1472 1734 vices
1496 1692 1571 1734 suas
1596 1669 1729 1735 credere

79 1776 231 1862 dignatur
254 1790 287 1840 et
309 1798 455 1860 regnum.
490 1774 571 1839 Ideo
594 1776 694 1861 igitur
716 1786 750 1839 et
772 1776 828 1860 qni
851 1776 950 1840 intrat
973 1786 1005 1840 et
1028 1777 1081 1840 eni
1105 1777 1337 1841 committiturc
1361 1798 1382 1840 a
1404 1798 1492 1862 rege,
1516 1798 1575 1862 per
1590 1776 1730 1840 hostium

77 1883 177 1946 intrat
200 1893 232 1946 et
254 1894 365 1968 pastor
381 1893 430 1945 est
454 1882 573 1946 ovium.
609 1880 787 1966 Alioquind
811 1881 863 1944 fur
885 1883 994 1968 potius
1019 1892 1105 1946 esset
1128 1893 1160 1946 et
1183 1882 1274 1948 latro.
1311 1882 1409 1963 Quod
1432 1883 1461 1946 si
1483 1884 1529 1947 ita
1550 1905 1616 1946 non
1634 1891 1729 1964 esset,

35 2011 60 2050 a
78 1999 209 2052 sanctus
233 2010 319 2074 papa
343 1985 521 2073 Gregorius
546 2011 609 2051 non
634 1997 720 2051 esset
743 2010 829 2073 papa
853 2003 994 2070 sanctus,
1026 1987 1084 2052 sed
1107 1988 1160 2052 sur
1183 1999 1216 2053 et
1239 1988 1330 2071 latre,
1355 1989 1432 2075 quia
1455 1989 1631 2074 imperator
1655 2011 1729 2052 enm

78 2094 148 2158 lieri
171 2116 289 2181 papam
313 2095 416 2175 iussit,
434 2105 466 2157 et
481 2095 609 2158 virtutis
626 2094 719 2158 huius
737 2095 898 2158 commisit
921 2097 973 2159 ei⁰
997 2095 1222 2178 ministerium,
1246 2097 1330 2160 sicut
1352 2096 1422 2181 ipse
1439 2093 1589 2181 perhibet
1612 2096 1646 2158 in
1662 2095 1729 2181 epi·

79 2200 161 2266 stola
184 2201 372 2286 Theotiste‘
397 2202 499 2265 sorori
523 2201 765 2286 imperatoris¹:
797 2201 889 2278 Ecce,
913 2201 1028 2286 inquit,
1051 2205 1271 2266 serenissimus
1294 2203 1439 2268 dominas
1463 2206 1636 2288 imperator
1651 2203 1734 2290 fleri

78 2311 205 2373 simiam
222 2310 338 2372 leonem
355 2311 455 2373 iussit.
495 2309 539 2372 Et
554 2308 679 2394 quidem
691 2332 755 2394 pro
772 2310 910 2372 iussione
933 2309 1024 2372 illins
1047 2311 1159 2372 vocari
1179 2309 1226 2372 leo
1246 2322 1355 2394 potest,
1371 2311 1454 2395 fieri
1474 2324 1576 2374 antem
1600 2310 1646 2374 leo
1669 2333 1731 2373 non

76 2403 183 2500 potest.
221 2415 309 2478 Unde
331 2439 452 2479 necesse
468 2429 521 2494 est,
539 2429 572 2478 33
586 2439 689 2478 omnes
712 2415 845 2500 3313338
869 2440 907 2478 33
930 2415 1138 2501 339139333133
1160 2439 1246 2479 meas
1268 2439 1330 2478 non
1352 2415 1443 2494 milii,
1466 2416 1523 2480 sed
1544 2438 1598 2501 333
1615 2417 1734 2502 pietati

35 2543 61 2583 33
80 2522 211 2606 depratet,
227 2524 286 2607 qni
301 2523 425 2586 uirtutis
440 2524 650 2586 ministeriam
667 2523 794 2606 infirmo
810 2521 987 2586 conmisith.
1023 2519 1059 2586 Si
1075 2543 1153 2606 ergo
1169 2521 1346 2606 imperator
1361 2521 1489 2585 virtutis
1506 2522 1730 2602 ministerium,

79 2627 112 2689 id
136 2637 186 2690 est
209 2627 442 2713 pontificatum,
467 2628 629 2691 commisit
650 2626 697 2690 illi
722 2627 776 2713 qui
800 2627 862 2690 fnit
886 2627 1048 2690 summus¹
1071 2627 1229 2712 pontifex,
1254 2636 1418 2690 ettamen
1442 2628 1488 2690 ita
1510 2649 1569 2713 per
1592 2626 1732 2691 hostium

1748 2015 1908 2064 ostentato.

78 2734 221 2814 intravit,
246 2733 280 2797 id
296 2743 345 2796 est
369 2737 442 2819 ‘per
458 2732 632 2814 Christum,
656 2755 717 2796 nec
741 2733 803 2796 fuit
825 2732 886 2797 hoc
911 2745 1025 2797 contra
1046 2732 1193 2818 regulam
1209 2733 1367 2815 veritatis,
1391 2755 1526 2797 necesse
1543 2733 1615 2797 333Ιι
1639 2743 1671 2797 33
1691 2732 1731 2796 de
1752 2763 1787 2802 ·.
1838 2788 1842 2800 .

80 2841 196 2926 ceteris
221 2839 426 2925 pontificibus
450 2840 612 2904 inferioris
636 2839 769 2920 ordinis,
795 2841 883 2903 circa
906 2862 987 2925 quos
1011 2838 1160 2903 similiter
1183 2840 1299 2924 agitur,
1324 2839 1473 2903 similiter
1496 2840 1649 2903 estimari.

186 2945 337 3032 Ceterum
355 2946 493 3033 quanta¹
513 2948 555 3010 sit
573 2947 833 3034 imperatorumnn
855 2948 923 3010 sive
944 2967 1060 3032 regum
1082 2946 1257 3010 auctoritas
1277 2944 1500 3030 congregandi
1517 2945 1656 3010 concilia
1671 2946 1732 3008 eis-

36 3075 62 3115 33
80 3075 142 3138 que
165 3051 365 3137 preessendi,
394 3063 531 3116 testatur
562 3064 746 3117 sanctorum
777 3063 906 3138 patrum
930 3063 962 3116 et
985 3051 1190 3116 sacerdotum
1218 3053 1405 3134 auctoritas,
1427 3074 1491 3138 que
1516 3051 1556 3116 de
1581 3061 1733 3138 quattuor

79 3157 313 3246 principalibus
337 3158 484 3222 conciliis
508 3160 592 3222 sicut
615 3170 729 3223 sancta
748 3159 846 3222 Hll⁰r
865 3157 1036 3244 euangelia
1059 3157 1209 3222 omnibns
1232 3156 1382 3221 fidelibus
1407 3156 1665 3244 amplectendis²
1686 3159 1734 3221 ita

81 3265 198 3330 dicitssz
222 3265 342 3330 Prius11
359 3267 467 3330 horn-m
484 3264 703 3353 Niclte[n]am
719 3267 888 3330 concilium
904 3280 948 3330 est
967 3264 1107 3330 00οΧΟ
1124 3279 1153 3330 33
1172 3264 1260 3328 VIII
1270 3267 1487 3350 episcopor-am
1510 3266 1566 3329 aab
1583 3263 1732 3329 Constan-

80 3376 144 3436 tino
160 3387 289 3459 3393333
302 3387 475 3458 peractam,
493 3376 528 3436 in
544 3397 603 3457 qao
619 3373 761 3458 Arriane
769 3372 911 3458 perfidie
927 3372 1122 3457 blasphemia
1139 3371 1365 3457 condempnata
1381 3385 1432 3434 est.
1468 3369 1645 3434 Secundam
1662 3395 1732 3435 con·

81 3480 188 3543 ailiam
211 3478 265 3543 GL
278 3493 408 3564 patriam
433 3481 489 3544 sab
506 3479 680 3544 Theodosio
703 3481 825 3543 seniore
845 3478 1137 3563 Constantinopolil'
1159 3491 1386 3563 conprepatam,
1411 3477 1497 3562 qnod
1510 3477 1733 3542 Macedoniam

36 3609 63 3648 eo
80 3599 217 3649 sanctam
243 3584 400 3674 spinam
425 3586 527 3650 Deam
558 3610 621 3650 esse
651 3600 810 3673 33933333
841 3580 1154 3671 condempnaffinfft‘l.
1207 3583 1352 3647 Tereiana
1376 3583 1569 3670 Efesinnnr‘
1587 3586 1733 3669 primam

85 3690 142 3755 00
147 3695 219 3728 ‘W'
235 3693 451 3778 cpiscoporum
475 3695 531 3757 sab
549 3694 672 3757 iuniore
693 3692 867 3756 Theodosio
890 3705 1020 3778 anapaesto
1044 3691 1171 3772 editum,
1196 3691 1281 3776 qaod
1295 3690 1477 3755 Nestorium
1493 3690 1567 3753 II‘¹⁸
1578 3714 1734 3777 personas

81 3799 114 3860 iu
132 3796 255 3862 Christo
279 3813 463 3863 asserentem
488 3802 567 3863 insto
591 3800 784 3864 3333133333
808 3799 1055 3883 condempnavit.
1095 3797 1247 3875 Quartam
1264 3811 1308 3862 est
1327 3796 1554 3862 Calcedonenae
1570 3795 1738 3860 DCXXX

81 3903 275 3968 sacerdotnm
298 3906 354 3969 snb
377 3905 547 3969 Marciano
563 3908 716 3992 prinnina
740 3906 890 3984 habitam,
914 3907 947 3968 in
972 3929 1032 3991 qao
1052 3905 1216 3970 Euthicem
1237 3902 1613 3990 Commntinopolitanum
1638 3904 1733 3968 abba·

82 4024 139 4073 tem
167 4013 257 4075 verbi
277 4011 344 4076 Dei
365 4026 393 4076 33
415 4013 524 4076 carnis
552 4036 647 4076 unam
677 4026 824 4076 naturam
848 4012 1130 4097 prontcnciantem⁸
1155 4013 1273 4074 eteius
1301 4010 1518 4097 defemorem‘
1544 4009 1733 4073 Dioscornm

37 4139 64 4179 33
82 4117 239 4200 qnondam
262 4117 518 4182 Alenandrinam
549 4120 727 4204 episcopam
758 4132 787 4182 et
816 4120 919 4204 msera
948 4126 1081 4181 rnrsas¹¹
1105 4117 1309 4182 Nestoriumv
1333 4141 1402 4180 cam
1424 4118 1560 4202 reliquis
1590 4117 1734 4180 hereticis

85 4246 145 4286 ana
166 4237 294 4309 patrant
318 4227 467 4288 sententia
487 4224 742 4310 predampnanit.
790 4223 862 4308 Hoc
886 4223 986 4308 igitur
1009 4223 1107 4286 HII⁰r
1133 4221 1271 4286 concilia
1294 4220 1355 4285 snb
1379 4222 1448 4284 istis
1472 4221 1570 4285 HII⁰r
1595 4222 1732 4307 impera-

82 4327 206 4392 toribus
230 4327 382 4392 dicnntur
404 4328 526 4412 habita,
551 4331 628 4415 qnia
652 4340 684 4393 et
707 4331 919 4415 imperatores
950 4330 1002 4393 isti
1033 4328 1157 4393 eisdem
1189 4327 1333 4393 conciliis
1362 4327 1522 4414 prefuisse
1550 4339 1732 4409 narrantur,

83 4444 115 4498 et
139 4456 178 4498 ea
201 4458 260 4499 sua
283 4437 476 4499 anctoritate
501 4458 709 4516 convocasse,
734 4437 823 4499 etin
847 4435 970 4499 eisdem
993 4434 1165 4517 resedisse,
1197 4435 1281 4499 sieut
1301 4434 1336 4496 in
1358 4432 1594 4519 prefationibus
1619 4455 1733 4498 eorun-

83 4539 158 4604 dem
188 4541 398 4606 conciliornm
432 4541 559 4627 legitur.
615 4541 711 4622 Quod
741 4553 776 4605 ut
810 4539 925 4604 melius
959 4541 1180 4626 cognoscatis,
1210 4540 1319 4604 ultime
1349 4549 1402 4603 33Θ
1433 4541 1565 4604 maioris
1600 4562 1733 4604 numero

37 4672 64 4710 ro
83 4645 337 4712 Calcedonensis
361 4647 467 4712 sinodi
490 4648 708 4735 prefacionem
733 4649 876 4711 inserere
901 4649 1096 4730 curavimus,
1122 4647 1213 4711 cuins
1237 4656 1287 4710 est
1309 4647 1473 4710 iniciumw
1475 4695 1681 4710 .......

189 4843 215 4908 3)
237 4855 375 4913 sequantur
394 4850 409 4897 2
429 4848 476 4898 litt.
489 4865 574 4898 erasae
587 4848 620 4898 A.
676 4845 704 4910 b)
727 4848 878 4898 comititB.
934 4845 959 4910 c)
981 4848 1134 4898 comittitur
1146 4846 1179 4896 B.
1234 4844 1261 4906 d)
1285 4845 1414 4910 alioquim
1428 4847 1462 4895 ,1.
1518 4844 1733 4910 e)snperscr.1l.

81 4933 159 4997 l)ad
178 4936 347 4986 Theostitam
367 4953 486 4988 sororem
506 4936 539 4987 Β.
612 4933 640 5001 g)
661 4937 688 4986 in
707 4937 906 5014 3333333131.
979 4934 1062 4997 13333
1081 4935 1114 4986 A.
1187 4933 1207 4996 1)
1229 4951 1321 4984 sarnus
1341 4935 1374 4983 ,1.
1447 4933 1476 4996 k)
1498 4951 1557 4985 esse
1578 4935 1665 4984 estin
1684 4935 1734 4985 1333

81 5042 138 5075 raro
156 5025 191 5075 A.
274 5023 293 5086 l)
315 5030 411 5089 quarta
431 5026 463 5074 Α.
546 5023 582 5086 m)
605 5027 752 5092 imperator
770 5025 804 5074 ,1.
886 5023 914 5088 n)
936 5026 979 5074 ius
997 5025 1026 5074 in
1044 5025 1095 5074 loco
1112 5041 1170 5074 raso
1189 5023 1222 5072 A.
1302 5020 1329 5082 ο)
1352 5031 1535 5072 trecentorum
1556 5024 1649 5074 decern
1670 5030 1733 5074 octo

81 5130 202 5178 repertor.
221 5113 262 5174 A,
291 5120 356 5164 trec.
374 5131 496 5178 superam.
515 5115 548 5164 B.
625 5111 654 5180 p)
675 5114 732 5164 rad.
751 5113 970 5175 corr.ca-l1A;
998 5113 1054 5162 rad.
1073 5129 1136 5162 corr.
1156 5129 1185 5162 ee
1204 5111 1295 5162 -litani
1314 5111 1346 5161 B.
1420 5109 1448 5175 q)
1470 5112 1653 5177 condempnat
1670 5129 1734 5162 corr.

36 5211 64 5250 to
82 5217 111 5250 33
131 5203 314 5268 condempnat
333 5202 366 5252 A.
439 5200 462 5265 r)
485 5219 529 5252 nm
548 5203 576 5252 in
595 5204 645 5254 loco
663 5221 720 5252 raso
739 5203 772 5252 Al.
845 5199 868 5262 s)
890 5203 1082 5268 pronuntiante
1102 5201 1135 5250 Β.
1209 5197 1229 5260 3)
1252 5200 1402 5250 defesorern
1423 5200 1454 5250 B.
1528 5201 1556 5263 u)
1578 5201 1734 5251 ruriniaco

82 5308 138 5340 raso
158 5291 190 5340 A.
263 5289 291 5352 ν)
313 5291 473 5341 hlestorium
494 5293 526 5341 .-1.
540 5291 573 5341 B.
652 5289 687 5354 w)
708 5291 819 5357 sequium
837 5309 902 5340 3333.
919 5291 1036 5340 01313331.
1055 5290 1118 5340 actio
1138 5291 1167 5340 J.-
1188 5288 1338 5339 Consulatu
1358 5290 1472 5354 piissimi
1492 5315 1524 5323 —
1545 5296 1635 5359 nostre
1656 5290 1734 5352 fidei,

82 5378 116 5443 es.
138 5379 318 5430 Pseudo-Ieid.
337 5381 375 5430 ed.
396 5380 533 5430 Hinschins
547 5398 576 5446 p.
591 5383 651 5430 282.
666 5383 725 5431 283.
745 5398 820 5446 mmm
838 5380 971 5429 omisimus.

193 5540 223 5618 1)
245 5543 359 5620 11331,
378 5543 412 5613 5;
443 5543 510 5600 ΕΕ.
528 5545 551 5615 1,
571 5565 605 5620 p.
624 5545 652 5600 6.
672 5545 699 5600 7.
793 5542 824 5614 2)
850 5541 985 5620 Greporii
1007 5541 1119 5620 11331,
1146 5541 1205 5611 24,·
1230 5540 1298 5596 ΕΕ.
1315 5540 1340 5612 1,
1359 5561 1392 5616 p.
1411 5541 1462 5597 36.
1556 5539 1587 5615 3)
1611 5541 1735 5598 Pseudo·

84 5648 189 5706 Isidori
205 5650 358 5726 praefatio
382 5670 404 5706 c.
425 5651 473 5719 ll,
500 5652 542 5706 ed.
567 5650 721 5708 Ifinschius
738 5671 771 5727 p.
791 5649 841 5706 20.

1468 5767 1520 5818 85*
