4478 6442
959 421 1135 477 HUGONIS
1160 421 1333 476 METELLI
1359 419 1576 477 OPUSCULA.

761 606 886 671 Anulus
910 607 1053 672 officium
1077 609 1188 694 sponsi
1211 609 1343 693 signare
1366 607 1506 690 videtur,

761 713 913 779 Officium
937 736 1015 779 vero
1039 715 1178 801 pasturis
1201 715 1296 800 virge
1318 713 1451 778 tuetur’.

1215 894 1311 958 Rex.

698 1031 733 1082 45
762 1017 861 1099 ‘Quid
884 1028 981 1082 nocet
1003 1029 1059 1082 aut
1082 1018 1202 1100 nocuit,
1227 1017 1254 1081 si
1278 1040 1338 1082 rex
1361 1017 1508 1103 regalia·
1530 1016 1654 1082 tradit?

760 1123 827 1189 Aut
851 1133 963 1189 contre
987 1146 1130 1188 canones
1154 1123 1227 1189 talis
1251 1123 1382 1189 donatio
1406 1123 1507 1204 vadit,

759 1231 824 1294 Per
846 1230 998 1295 baculum
1023 1254 1159 1295 curvum
1182 1233 1210 1296 si
1232 1254 1292 1294 rex
1316 1253 1376 1295 sus.
1397 1231 1488 1317 regis
1512 1229 1619 1313 donet,

761 1336 843 1402 Cum
867 1336 912 1401 nil
937 1359 995 1423 per
1017 1336 1170 1402 baculum
1194 1337 1256 1402 nisi
1280 1339 1427 1402 tantuml’
1451 1339 1543 1422 regia
1565 1337 1713 1424 ponat?1

761 1443 796 1508 Si
819 1444 903 1508 foret
925 1444 1081 1526 illicitum,
1106 1445 1210 1508 sancti
1232 1454 1341 1531 patres
1365 1445 1559 1526 vetuisseut3

698 1567 733 1618 5ο
762 1551 827 1616 Sed
851 1573 1009 1638 nusquam
1033 1549 1171 1636 legimus
1196 1550 1303 1638 qu0d⁰
1328 1550 1391 1616 tale
1416 1549 1495 1636 quid
1518 1550 1783 1616 ammonuisscnt.

1186 1746 1333 1832 Papae.
1435 1813 1439 1822 ,

761 1871 887 1935 Anulus
911 1881 944 1936 et
966 1872 1060 1956 virga
1083 1881 1158 1934 sunt
1181 1869 1381 1956 pontificalia
1405 1871 1508 1958 signa,

763 1977 962 2042 Consecrats
986 1976 1058 2042 Deo
1082 1977 1234 2042 venerari
1258 1987 1332 2041 sunt
1356 1999 1395 2041 ea
1419 1975 1528 2063 digna.

763 2085 827 2148 Per
850 2082 998 2170 predicta
1020 2083 1084 2148 duo
1108 2085 1230 2170 tipice⁰
1254 2083 1318 2148 duo
1343 2083 1577 2168 significantur,

761 2191 825 2255 Per
847 2189 997 2276 predicta
1019 2191 1083 2255 duo
1107 2190 1171 2256 duo
1195 2189 1396 2276 pontificalia
1419 2189 1546 2256 deutur.

699 2313 732 2361 55
763 2295 829 2362 Sed
853 2319 910 2361 vos
934 2318 993 2383 per
1015 2295 1168 2361 baculum
1192 2295 1270 2361 dare
1294 2297 1388 2382 regia
1410 2319 1545 2361 munera
1568 2296 1675 2378 vultis,

762 2404 804 2467 Et
828 2405 992 2490 quianon
1015 2401 1097 2467 tibi‘
1121 2403 1181 2484 fas,
1205 2403 1266 2492 hcc
1291 2413 1365 2468 sunt
1388 2403 1551 2468 contraris
1574 2402 1693 2468 multis.

761 2510 826 2574 Per
849 2519 1013 2596 sceptrum
1037 2511 1130 2595 regni
1153 2509 1336 2574 donenturss
1359 2511 1451 2596 regia
1474 2533 1552 2574 saue
1564 2515 1585 2590 ²,

762 2617 830 2681 Ncc
854 2617 981 2702 signum
1005 2618 1116 2703 sponsi
1139 2617 1192 2681 vel
1213 2617 1354 2702 pastoris
1377 2617 1419 2680 sit
1441 2615 1557 2680 inane’.

1216 2814 1312 2878 Rex.

762 2939 866 3025 ‘Ergo
891 2937 977 3025 quod
1000 2937 1108 3002 facitis
1131 2936 1320 3023 prohibetis,
1344 2958 1386 3000 ne
1410 2936 1579 3018 faciemus,

700 3062 733 3110 uu
762 3044 829 3110 Sed
853 3046 945 3109 iuxta
967 3054 1080 3108 nutum
1104 3054 1248 3108 vestrum
1272 3066 1330 3108 vos
1354 3044 1581 3108 sustineamus.

761 3153 829 3216 Det
850 3150 961 3238 presul
983 3151 1136 3215 feodumh
1159 3171 1219 3237 per
1242 3151 1369 3236 virgam
1392 3149 1621 3236 pontificalem,

763 3257 926 3324 Observat
949 3279 1072 3322 morem
1095 3257 1159 3321 iam
1183 3257 1306 3322 dudum
1330 3255 1438 3321 Gellia
1461 3255 1569 3338 talem,

765 3365 965 3450 Samumque
990 3385 1087 3428 mauu
1111 3362 1167 3428 dat
1189 3387 1254 3429 nou
1278 3373 1407 3428 sacratu
1430 3364 1549 3450 quiete,

763 3472 832 3536 Nec
856 3470 1032 3558 prohibens
1056 3472 1143 3535 istud
1166 3471 1274 3535 vadit¹
1302 3471 1462 3535 sententis
1485 3469 1525 3534 de
1549 3469 1603 3534 te’.

1202 3667 1325 3753 Papa

701 3809 734 3856 65
765 3792 844 3856 ‘Per
867 3803 1057 3856 consecrata
1081 3789 1159 3855 dare
1184 3800 1375 3856 consecrata
1398 3789 1582 3876 probamus,

764 3899 830 3964 Sed
854 3922 913 3985 per
936 3911 1064 3963 sacrata
1088 3897 1165 3962 dare
1190 3920 1254 3962 non
1278 3909 1406 3962 secreta
1429 3921 1597 3983 negamus.

763 4005 997 4070 Ecclesiasticus
1020 4015 1094 4068 sunt
1117 4027 1211 4068 sacre
1233 4007 1328 4090 virge
1350 4026 1528 4090 manusque
1553 4015 1696 4068 sacrate:

763 4112 852 4198 Ergo
876 4135 936 4198 per
958 4110 1109 4176 baculum
1133 4110 1188 4174 dct
1211 4110 1320 4197 presul
1344 4111 1566 4175 sanctificete’·

1218 4289 1314 4352 Rex.

765 4414 884 4499 ‘Regia
907 4413 1013 4500 quaek
1037 4435 1130 4498 reges
1154 4413 1244 4498 prius
1269 4413 1406 4501 ecclesis
1430 4411 1621 4495 tribuerunt,

702 4537 736 4585 70
765 4519 965 4584 Consecrata
988 4519 1061 4584 Deo
1084 4519 1155 4582 fieri
1179 4542 1272 4584 secra
1295 4529 1550 4606 promeruerunt.

765 4627 903 4690 Unctio¹
931 4626 971 4689 dc
995 4626 1103 4690 medio
1126 4625 1208 4690 tollit
1230 4649 1341 4712 regem
1365 4625 1594 4712 populorum³3

768 4733 853 4797 ‘Nec
877 4756 977 4818 purus
1000 4732 1103 4796 laicus
1126 4755 1186 4795 rex
1211 4745 1260 4796 est
1283 4735 1377 4820 quasi
1401 4743 1510 4818 pastor
1535 4754 1655 4797 eorum.
2116 4742 2143 4781 ²⁵

552 4969 578 5030 a)
602 4968 703 5034 legalis
722 4971 755 5020 A,
820 4966 848 5031 b)
869 4969 1189 5034 mmmmm
1210 4968 1242 5018 Α.
1306 4966 1332 5030 c)
1354 4966 1419 5032 quid
1437 4966 1493 5018 tale
1513 4969 1586 5033 quod
1605 4966 1638 5018 B.
1702 4965 1730 5031 d)
1751 4966 1849 5018 mn.B.
1905 4965 1930 5030 e)
1949 4970 2043 5034 typice
2064 4969 2097 5018 B.

445 5057 465 5118 f)
487 5059 553 5108 deest
571 5059 604 5108 A,
625 5061 690 5120 A1;
717 5059 829 5124 supplevi
847 5075 877 5108 ee
896 5058 928 5108 B.
1019 5055 1047 5122 g)
1072 5057 1208 5107 donantur
1227 5057 1249 5105 A
1265 5059 1287 5106 1.
1378 5053 1405 5118 h)
1431 5057 1523 5106 fedum
1543 5056 1576 5107 B.
1667 5055 1687 5117 i)
1715 5057 1788 5106 cadit
1807 5055 1840 5105 B.
1931 5053 1960 5118 k)
1988 5074 2041 5123 que
2064 5057 2097 5106 A.

446 5143 465 5208 l)
488 5149 564 5197 untic
585 5148 618 5196 A.
639 5149 661 5196 A
675 5150 697 5197 1.

556 5343 585 5420 1)
611 5345 658 5419 Os.
683 5347 779 5404 Ivenis
805 5345 921 5404 Caraot.
947 5347 1024 5421 epist.
1050 5347 1092 5402 ad
1112 5347 1189 5422 Hup.
1215 5345 1277 5402 Lib.
1302 5346 1336 5400 de
1359 5345 1405 5402 lire
1428 5345 1468 5415 II,
1488 5365 1521 5420 p.
1540 5344 1620 5413 645,·
1650 5343 1784 5422 Greporii
1806 5345 1840 5400 de
1857 5341 1960 5400 Catina
1984 5343 2096 5399 orthod.

447 5453 575 5525 defensio
599 5473 621 5509 c.
641 5455 669 5524 5,
694 5455 711 5510 l.
729 5456 747 5510 l.
767 5473 800 5529 p.
819 5453 898 5523 53&
921 5452 1053 5509 Hunaldi
1075 5471 1190 5509 carasca
1212 5472 1238 5509 v.
1257 5452 1313 5521 575
1343 5451 1438 5508 Tract.
1463 5453 1497 5508 de
1520 5451 1729 5508 consecratione
1750 5469 1839 5525 sapam
1856 5468 1889 5524 p.
1907 5447 2096 5506 664-667.
2115 5459 2145 5498 ⁴⁰

448 5557 479 5628 2)
498 5557 546 5630 Of.
564 5558 677 5634 Disput.
695 5560 797 5616 Pascis.
816 5561 833 5615 l.
851 5561 869 5615 l.
886 5559 928 5629 II,
946 5578 979 5633 p.
999 5559 1072 5615 666.
1144 5559 1174 5628 3)
1194 5556 1242 5629 Of.
1259 5557 1400 5614 Damiunr'
1421 5557 1490 5614 liber
1509 5565 1587 5635 prat.
1612 5556 1702 5626 c.10,
1727 5557 1744 5613 l.
1762 5558 1780 5612 l.
1797 5554 1820 5624 Ι,
1839 5575 1872 5630 p.
1890 5554 1948 5623 31,·
1972 5553 2100 5611 Wenrici

447 5663 526 5739 epist.
544 5685 568 5721 c.
586 5667 615 5734 4,
640 5667 657 5722 l.
675 5668 692 5722 l.
712 5666 735 5734 I,
754 5685 787 5740 p.
807 5665 886 5735 289,·
910 5665 1036 5722 Widenis
1053 5664 1174 5723 osnebr.
1193 5664 1238 5720 De
1254 5672 1377 5720 cosmoe.
1402 5666 1421 5721 l.
1438 5665 1457 5720 l.
1475 5663 1500 5734 I,
1518 5683 1552 5739 p.
1571 5663 1650 5732 4675
1674 5663 1783 5720 aedon.
1803 5661 1924 5716 Ferrar.
1941 5660 1988 5716 De
2002 5660 2097 5717 seram.

445 5773 465 5827 l.
483 5773 500 5826 l.
518 5771 542 5842 Ι,
562 5791 595 5846 p.
614 5772 692 5841 566;
718 5771 840 5848 Grspor.
857 5770 918 5828 Cat.
935 5771 1077 5842 Defensio
1101 5792 1123 5827 c.
1143 5771 1171 5840 6,
1196 5772 1214 5826 l.
1232 5771 1250 5826 l.
1267 5770 1309 5842 ΙΙ,
1328 5791 1361 5846 p.
1381 5770 1461 5840 566‚·
1485 5770 1531 5826 De
1554 5789 1677 5826 consecr.
1700 5787 1790 5844 supra
1807 5787 1841 5843 p.
1859 5765 2050 5822 set-669.
