4544 6420
480 369 657 424 GERHOHI
683 365 912 422 PRAEPOSITI
937 367 1344 424 REICHERSBERGENSIS
1370 368 1534 422 LIBELLI.
1769 361 1830 422 135

184 583 286 621 6666666
303 557 514 644 Norimburqi
527 556 628 644 fidem
651 581 740 619 suam
762 557 963 620 ortlsodoram
982 559 1123 642 probare
1147 559 1304 642 6666119111.
1346 555 1463 618 Tamen
1488 558 1550 618 iam
1576 557 1656 618 clam
1680 583 1700 618 a
1725 555 1830 620 cardi·

185 665 312 728 nalibns
336 663 579 748 filesa-esdraque
605 665 673 749 ipso
697 664 817 727 litteras
840 666 989 748 aceepit2.
1038 662 1076 725 A.
1099 664 1194 741 1164,
1218 661 1287 725 Iun.
1307 663 1357 724 22.
1384 662 1571 726 Eberhardo
1594 662 1832 748 archiepiscopo

186 786 304 834 mortuo
325 770 515 849 1166661666,
540 773 607 834 cius
630 765 845 849 successorem,
869 794 970 833 666666
995 768 1171 855 Septembri
1191 768 1329 855 Papiam
1353 770 1515 832 comitatus
1539 784 1591 848 est,
1617 771 1831 832 incestituram

184 880 225 940 ab
251 880 436 963 imperatore
452 879 657 962 petiturum&
701 875 766 940 Ubi
781 876 904 940 Gerbolr
929 901 961 940 se
985 901 1143 960 nunquam
1160 875 1313 939 Pasclrali
1326 875 1393 954 III,
1418 900 1507 960 quern
1525 875 1713 940 Fridericns
1730 877 1831 962 paulo

147 1009 160 1046 6
184 998 256 1047 ante
272 1008 395 1070 papum
420 998 589 1063 creaverat,
621 983 835 1046 oboediturum
864 1007 927 1046 esse
956 983 1140 1061 declararit,
1173 985 1215 1045 itu
1241 997 1274 1045 61
1297 985 1352 1046 utu
1375 983 1413 1045 ab
1439 984 1626 1067 imperatore
1650 985 1719 1067 ipso
1737 985 1831 1068 prin-

185 1092 310 1176 cipibus
325 1091 471 1178 furiosis
495 1115 562 1153 eum
587 1114 697 1152 necare
723 1090 892 1152 uolentibus
915 1091 1002 1175 eripi
1017 1093 1152 1174 96666611.
1205 1087 1341 1173 (16666966
1365 1088 1569 1176 Wurzeburqi
1589 1089 1722 1152 6116166666.
1747 1105 1832 1169 esset,

187 1212 220 1260 ut
241 1221 344 1260 onenes
368 1197 488 1282 6696116
514 1199 696 1275 amitterent,
721 1198 779 1280 qui
792 1219 902 1281 papae
926 1197 1093 1281 imperiali
1112 1221 1144 1259 se
1168 1219 1228 1258 non
1251 1197 1433 1274 subicerent,
1460 1195 1585 1259 Gerbols
1609 1197 1771 1281 epistolam
1789 1196 1834 1260 61

185 1303 367 1367 cardinales
390 1306 528 1388 scripsit,
553 1327 614 1388 qua
639 1327 708 1364 cum
733 1301 848 1388 deside
872 1302 952 1386 quid
970 1305 1096 1366 sentiret
1112 1302 1211 1366 clenna
1228 1304 1379 1387 esposuit,
1404 1315 1467 1364 tum
1484 1305 1651 1366 instantius
1659 1304 1832 1390 staqitacit,

187 1424 219 1473 ut
242 1411 414 1496 opprobria
437 1409 623 1472 Alexandro
647 1408 712 1470 III.
742 1409 781 1472 ab
805 1407 1003 1472 adversariis
1019 1410 1115 1496 facta
1139 1409 1263 1472 tandem
1286 1409 1517 1495 refellerentur,
1548 1421 1582 1472 61
1611 1412 1711 1473 omnis
1742 1409 1831 1474 dubi-

139 1542 166 1580 10
186 1520 262 1580 tatic
293 1516 330 1579 de
362 1541 395 1579 eo
427 1516 599 1580 (1666666166
609 1519 628 1578 5.
678 1515 852 1600 6161696666
885 1539 956 1578 nero
987 1516 1061 1579 1666
1084 1516 1181 1602 fucta
1211 1517 1287 1594 sint,
1324 1513 1489 1578 Conradus
1519 1516 1776 1601 archiepiscopus
1807 1531 1835 1580 et

189 1623 315 1686 6166161
339 1622 521 1686 1166616166
549 1621 613 1684 III.
638 1636 798 1686 renue-ntes
821 1623 860 1684 ab
884 1623 1082 1686 (6166666666
1106 1624 1140 1685 in
1163 1623 1332 1684 territoriis
1355 1624 1422 1684 suis
1447 1624 1561 1700 invasi,
1585 1623 1665 1684 bona
1689 1625 1832 1687 eccles-ta-

189 1755 258 1791 rum.
276 1728 528 1815 Salisbnrqensrs
552 1743 580 1792 ct
602 1728 911 1816 116161666166966616
932 1731 1134 1814 pravissimis
1159 1728 1456 1814 depraedationibus
1479 1730 1667 1792 subieruutfl.
1708 1729 1832 1793 Gerbalr

189 1836 502 1922 1616966666616666Ῐ
520 1836 660 1898 ultimum
679 1837 793 1898 librum
811 1835 870 1898 ‘De
887 1849 1000 1920 quarta
1026 1836 1137 1923 6191116
1161 1835 1275 1898 noctis'
1299 1836 1438 1920 scripsit,
1463 1859 1543 1898 666666
1559 1850 1637 1898 toties
1652 1836 1837 1900 Alexandri

188 1943 308 2006 assecla
331 1957 360 2006 et
383 1945 583 2027 imperatoris
607 1945 763 2006 ininu'cus.
811 1941 920 2026 Neque
951 1941 1008 2005 diu
1038 1943 1096 2005 bas
1128 1943 1265 2004 iniurias
1282 1965 1400 2027 passus
1424 1955 1484 2022 est:
1514 1968 1542 2004 a.
1564 1943 1659 2020 1169,
1684 1942 1754 2006 166.
1780 1944 1831 2006 27.

142 2052 283 2112 66611666
301 2051 441 2135 sinicit'i

304 2156 364 2218 Via
385 2157 471 2218 alius
494 2158 616 2219 saeculi
637 2154 715 2217 ΧΠ.
741 2158 877 2240 scriptor
901 2169 1016 2220 tantam
1042 2156 1194 2218 libror-unt
1220 2155 1329 2218 molem
1352 2169 1500 2240 96661666
1522 2155 1646 2218 (166161
1664 2159 1832 2242 praeposi-

187 2277 236 2325 tus
260 2262 568 2349 lle-iclsersberqeusis
584 2265 723 2348 posteris
747 2263 883 2346 reliquit.
936 2262 997 2325 Via
1028 2262 1125 2325 ullam
1156 2263 1269 2346 quibus
1299 2263 1437 2325 16661666
1468 2275 1538 2324 1666
1568 2264 1835 2327 commovebantur

187 2371 402 2454 quaestionum
434 2369 596 2455 disputare
627 2370 677 2432 661
707 2369 860 2432 disserere
883 2371 1109 2454 praetermisit.
1157 2368 1311 2431 Adtrersis
1342 2382 1369 2431 61
1398 2368 1543 2432 secundis
1573 2371 1762 2454 temporibus
1791 2369 1837 2433 61

187 2478 385 2540 mernbranas
409 2478 569 2562 confuqit5
599 2476 650 2540 116
680 2478 785 2539 661661
811 2476 1082 2560 tranquillitatem,
1113 2475 1165 2538 bic
1192 2477 1396 2538 conscientiae
1413 2499 1526 2560 pacem
1551 2478 1678 2540 inuenit.
1725 2476 1834 2562 Neque

140 2609 169 2646 so
188 2607 269 2668 quae
291 2583 336 2646 61
351 2583 450 2669 fldem
475 2585 654 2662 attinebant,
685 2607 781 2667 neque
812 2607 891 2667 quae
921 2582 967 2645 ad
989 2583 1195 2667 disciplinam
1219 2584 1319 2645 etius
1342 2583 1584 2646 ecclesiasticum
1607 2585 1647 2646 ab
1671 2607 1704 2647 eo
1728 2586 1834 2648 611666

187 2705 278 2753 errent
285 2714 295 2770 ,·
322 2689 482 2753 doctrinas
505 2689 687 2753 Abaelardi
707 2693 833 2774 eiusque
858 2689 1087 2774 discipulorum.
1111 2713 1172 2751 nou
1195 2691 1315 2752 minore
1337 2688 1442 2752 studio
1466 2713 1560 2773 quam
1584 2715 1683 2753 mores
1707 2693 1833 2755 clerico·

190 2822 259 2859 rurn
277 2798 408 2860 leuiores
432 2811 459 2859 et
480 2798 690 2860 saecularium
708 2798 888 2882 superbiam
906 2797 1116 2883 inqruqnabat.
1162 2795 1218 2858 Vir
1245 2820 1312 2859 nere
1336 2797 1562 2860 ecclesiastic-us
1582 2812 1657 2877 erat,
1683 2799 1741 2882 qui
1755 2798 1835 2862 duas

184 2917 360 2988 potestates,
391 2903 614 2966 sacerdotalem
645 2905 765 2967 scilicet
795 2917 822 2966 et
851 2903 1054 2981 saecularem,
1086 2903 1120 2966 16
1150 2905 1281 2988 66961116
1311 2905 1379 2966 suis
1406 2917 1434 2966 et
1456 2904 1579 2990 officiis
1609 2903 1835 2991 disiunqendas

189 3009 283 3090 dixit,
313 3012 371 3095 qui
399 3035 478 3095 quae
510 3013 543 3073 in
574 3012 703 3074 ecclesia
731 3035 791 3073 666
815 3012 919 3072 minus
949 3033 1042 3093 quam
1067 3033 1146 3093 quae
1170 3011 1203 3072 in
1226 3010 1350 3073 saeculo
1374 3024 1401 3072 et
1424 3012 1458 3073 in
1480 3011 1572 3074 rebus
1587 3011 1731 3096 publicis
1754 3013 1836 3076 male

143 3141 169 3180 rs
186 3118 373 3203 9666166166
390 3118 579 3181 6616666166
595 3117 771 3202 discerpere
790 3117 914 3180 solebat.
951 3116 1060 3200 Neque
1082 3115 1219 3179 studiose
1242 3139 1363 3201 semper
1386 3117 1533 3180 ecclesiae
1549 3132 1661 3203 partes
1684 3121 1835 3204 arripuit,

183 3227 327 3309 patriam
344 3225 424 3310 plus
441 3224 601 3311 111196161,
626 3248 720 3309 quam
738 3224 936 3287 insolentiam
960 3238 988 3287 et
1011 3225 1198 3286 inimicitias
1220 3223 1305 3286 sedis
1328 3225 1518 3310 apostolieae
1541 3239 1648 3288 666166
1668 3227 1836 3310 imperium

182 3333 336 3414 probaret
357 3357 395 3394 oc
419 3331 609 3418 defenderet.

1725 3409 1734 3430 .

300 3437 435 3524 Operum
462 3438 605 3502 Gerbolsi
629 3439 701 3502 16616
725 3439 902 3502 collectioni
923 3451 1039 3500 tantum
1063 3462 1099 3500 ea
1126 3440 1304 3516 inseremus,
1336 3462 1415 3522 quae
1446 3438 1491 3501 ad
1520 3439 1604 3502 litem
1636 3441 1836 3511 investiturae

191 3559 218 3608 et
243 3548 335 3608 citam
359 3547 555 3625 clericorum,
587 3548 686 3608 61116
711 3544 815 3608 dicam
839 3543 884 3607 ad
906 3568 955 3606 res
971 3544 1132 3630 publicas,
1156 3546 1325 3628 pertinent,
1356 3544 1536 3631 tbeoloqicis
1559 3548 1663 3626 61616,
1695 3571 1774 3630 quae
1798 3547 1836 3610 dc

145 3676 172 3714 so
184 3652 253 3738 fide
276 3667 304 3716 et
327 3637 513 3739 doqmatiois
537 3652 630 3716 16166
653 3654 801 3737 temporis
822 3652 1041 3714 controuersiis
1064 3663 1207 3729 tractant,
1231 3653 1364 3714 66616616.
1412 3650 1522 3736 Itaque
1546 3677 1592 3732 ea,
1617 3667 1645 3715 et
1660 3656 1836 3739 praecipue

191 3760 360 3844 ampliora,
385 3784 464 3844 quae
488 3772 701 3846 arqumentum
722 3782 760 3820 66
775 3771 906 3841 unaque
918 3770 1010 3842 parte
1032 3771 1157 3820 sumunt
1182 3758 1224 3820 ita
1248 3760 1469 3843 eucerpsimus,
1493 3773 1527 3822 ut
1549 3773 1665 3822 tantum
1690 3785 1769 3844 quae
1792 3760 1838 3824 ad

192 3880 328 3928 nostram
351 3891 416 3930 rem
439 3880 579 3951 spectatu
600 3866 651 3928 116
675 3866 796 3928 6111661
815 3866 922 3927 simus.

297 3972 346 4036 De
368 3973 505 4060 61696116
529 3973 621 4036 libris
644 3997 682 4035 ac
706 3972 743 4035 de
760 3971 931 4048 codicibus,
955 3973 1118 4055 inquibus
1135 3973 1344 4049 inueniuntur,
1370 3974 1402 4035 in
1425 3973 1560 4059 sinqulis
1573 3974 1837 4060 praefationibus

191 4080 333 4158 66161661,
357 4079 408 4142 bic
431 4079 589 4142 addamus
612 4093 729 4164 oportet
751 4078 915 4141 editionem
933 4080 1071 4141 omnium
1090 4077 1233 4140 Gerbobi
1253 4102 1380 4162 operum
1396 4078 1533 4142 6661666
1549 4083 1697 4144 66161666.ο
1719 4083 1837 4167 quippe

146 4209 173 4250 ss
192 4211 260 4248 cum
284 4186 371 4250 1661
386 4210 496 4272 pauca
519 4188 634 4249 nostris
658 4185 781 4248 demum
805 4185 994 4269 temporibus
1020 4187 1052 4247 in
1077 4173 1173 4247 lucem
1193 4185 1385 4269 prodierint,
1417 4187 1485 4248 alia
1517 4188 1549 4250 in
1578 4187 1635 4250 bac
1659 4187 1836 4251 collectione

186 4295 294 4377 primo
325 4294 408 4379 typis
437 4291 631 4356 mandentur.
683 4291 768 4368 11666
800 4315 895 4375 usque
926 4291 972 4354 ad
999 4291 1136 4354 medinm
1167 4292 1324 4355 saeculum
1351 4294 1400 4354 19.
1434 4295 1467 4356 16
1497 4292 1588 4357 Penii
1620 4292 1778 4357 Tbesanro
1809 4310 1837 4358 et

191 4400 268 4463 aliis
291 4400 523 4463 collectionibus
546 4399 630 4463 edita
654 4412 751 4478 66661,
776 4400 811 4461 iu
834 4397 957 4484 Miqnii
978 4397 1161 4484 Patroloqia
1186 4399 1237 4462 lat.
1264 4412 1282 4461 t.
1304 4400 1374 4462 193.
1401 4413 1428 4462 et
1454 4401 1524 4462 194.
1553 4403 1663 4463 iterant
1686 4415 1767 4481 suut,
1791 4403 1836 4464 ita

191 4521 224 4570 ut
253 4507 327 4570 1666
358 4507 453 4570 editio
485 4507 622 4570 omnium
645 4506 793 4590 plur-ima
823 4505 983 4568 conducat.
1034 4503 1118 4567 luter
1148 4528 1198 4568 eos
1228 4507 1287 4590 qui
1313 4506 1351 4569 de
1377 4505 1521 4570 Gerbobo
1546 4506 1760 4572 116666666661
1785 4509 1836 4572 116
1885 4553 1886 4556 =

192 4612 399 4677 6661666166
414 4627 513 4698 puto:
537 4611 633 4691 Stoa,
657 4611 780 4676 ‘Probst
805 4610 973 4675 Gerbolrl.
1000 4635 1059 4673 nou
1081 4610 1331 4699 Reicbersberq’,
1356 4611 1616 4699 ί11661661669966
1640 4613 1697 4677 166
1713 4613 1837 4679 Wiener

147 4743 173 4781 66
191 4718 392 4799 Aleadcmie',
416 4719 601 4782 Pitt-Hur.
628 4719 683 4782 Kl.
710 4717 738 4797 I,
755 4743 792 4804 p.
813 4719 1012 4798 tls—166,-
1037 4717 1137 4797 Bacb,
1162 4717 1288 4804 ‘Propst
1312 4718 1438 4783 Gerbols
1462 4719 1487 4781 I.
1515 4743 1573 4782 oon
1596 4719 1836 4809 Reicbcrsberq’

302 4975 330 5045 1)
355 4974 477 5031 Ribbeck
500 4977 517 5030 1.
535 4977 553 5030 1.
574 4995 606 5049 p.
626 4973 678 5029 27.
775 4970 806 5046 2)
829 4972 951 5030 Ribbeck
968 4994 1002 5049 p.
1028 4974 1079 5029 31.
1173 4973 1203 5044 3)
1227 4975 1303 5031 Anu.
1328 4975 1540 5053 Reicbersberq.
1565 4997 1594 5033 α.
1614 4977 1697 5032 1164
1706 4978 1855 5054 ,supin

193 5083 234 5140 61
254 5081 416 5140 cardinales
437 5102 471 5156 p.
498 5081 576 5136 368:
608 5081 735 5152 dixitque
759 5081 825 5134 mihi
848 5080 953 5151 Papiae
977 5083 1077 5136 domno
1101 5083 1270 5153 imperatore
1294 5084 1397 5138 curiam
1421 5089 1540 5139 tenente
1563 5084 1632 5153 illie,
1655 5087 1705 5141 ubi
1729 5093 1759 5142 et
1783 5103 1837 5159 ego

193 5208 255 5245 enm
278 5191 378 5245 domno
400 5207 463 5246 meo
486 5189 705 5260 archyepiscopo
729 5187 806 5242 affui.
899 5185 930 5260 4)
953 5187 1415 5265 6166.1161616661669.6.1164.
1508 5187 1539 5258 5)
1565 5189 1622 5246 Ε1.
1642 5191 1835 5262 Mattiacis,

194 5295 309 5353 ‘Archiv
325 5295 384 5367 fiir
407 5300 506 5352 tisterr.
530 5291 643 5352 Gessit!
668 5293 719 5362 47,
745 5314 779 5369 p.
807 5293 879 5348 363.
994 5290 1025 5367 6)
1048 5293 1124 5351 Anu.
1148 5293 1360 5370 Reicbersberq.
1385 5295 1648 5368 6.1166.116’1,·
1681 5297 1773 5373 Epist.
1798 5301 1840 5355 ad

148 5417 175 5456 66
194 5403 303 5459 cardin.
329 5403 347 5456 l.
365 5403 383 5458 1.
403 5422 436 5476 p.
462 5401 540 5458 378:
572 5418 622 5456 noe
652 5402 747 5456 miseri
777 5403 813 5456 ed
843 5401 1008 5457 aecclesiam
1032 5399 1267 5473 Sslzburgensem
1289 5403 1468 5474 pertinentes
1494 5444 1500 5457 .
1528 5446 1534 5457 .
1561 5445 1567 5457 .
1598 5423 1694 5459 sumus
1718 5407 1836 5478 expositi

193 5511 446 5581 persecut-ionibus.
562 5505 592 5581 1)
615 5507 661 5564 Dc
683 5516 788 5582 quarta
811 5507 906 5583 6191116
929 5507 1017 5564 noctis
1040 5526 1063 5562 c.
1083 5506 1117 5561 2:
1149 5527 1223 5563 nunc
1255 5528 1321 5565 ecee
1352 5511 1380 5564 in
1408 5517 1557 5566 senectute
1581 5530 1645 5567 inea
1668 5513 1777 5567 eiectus
1800 5513 1835 5567 de

193 5618 289 5672 nidulo
317 5634 390 5684 meo,
422 5618 457 5672 de
488 5616 611 5688 regulari
633 5616 768 5671 videlieet
799 5616 920 5670 elaustro
949 5616 1016 5669 mihi
1043 5615 1196 5670 somniisso.
1311 5614 1342 5690 8)
1367 5614 1473 5674 01666.
1499 5617 1603 5694 116961
1624 5617 1835 5693 Reicbersberq.

194 5726 212 5780 1.
230 5727 248 5780 1.
267 5744 302 5800 p.
327 5721 400 5779 490.
426 5723 499 5778 495.
