4396 6390
446 351 511 413 500
738 357 919 413 GERHOHI
942 355 1174 411 PRAEPOSITI
1198 352 1607 411 REICHERSBERGENSIS
1630 354 1797 408 LIBELLI.

446 544 519 608 liter
543 543 733 624 servandae,
758 544 828 630 ipse
852 541 971 606 oblitus
994 563 1053 627 per
1069 563 1200 604 manum
1217 539 1312 605 datae
1336 540 1413 605 fidei
1438 539 1577 604 eundem
1594 538 1757 604 crudelius
1782 538 1954 602 infestavit
1976 553 2085 624 reperta

447 651 618 714 occasione
644 671 685 712 ex
710 648 816 713 officio
841 647 1008 712 decaniae.
1048 647 1221 732 Instigavit
1244 669 1385 734 namque
1409 648 1517 732 ipsum
1540 646 1674 710 fratrem
1696 668 1806 710 meum
1829 655 1910 708 tunc
1934 643 2086 727 decanum,

447 766 483 819 ut
505 754 642 819 viriliter
673 765 786 840 ageret
814 755 849 818 in
872 752 1059 817 resecandis
1083 753 1177 816 viciis
1208 752 1329 816 inolitis
1358 762 1390 817 et
1417 751 1603 839 plantandis
1634 751 1815 836 disciplinis
1846 761 1927 814 tune
1959 750 2088 832 insolitis,

448 863 526 948 quia
549 861 766 925 desueverant
788 862 822 924 in
837 859 1024 924 dormitorio
1049 858 1200 940 dormire,
1224 881 1263 923 ae
1288 859 1418 944 plurimi
1442 881 1554 922 eorum
1578 857 1711 922 ludicris
1728 856 1931 920 vanitatibus
1957 861 2091 942 occupati

448 991 468 1031 a
492 967 600 1048 choro,
631 990 651 1030 a
675 966 816 1052 capitulo
848 989 882 1030 se
914 964 1122 1029 absentantes
1152 965 1186 1028 in
1210 963 1412 1028 secularibus
1443 963 1614 1028 desideriis
1645 973 1859 1027 evanuerunt.
1909 961 2002 1042 Quos
2030 985 2114 1033 cums

448 1075 643 1158 restringere
667 1072 843 1136 studuisset
865 1075 936 1158 ipse
961 1071 1104 1136 decanus
1127 1072 1260 1134 iuvante
1284 1071 1327 1134 ad
1350 1081 1477 1156 tempus
1502 1072 1666 1156 episcope,
1684 1071 1857 1155 episeopus
1873 1070 1958 1156 ipse,
1975 1079 2010 1131 ut
2024 1069 2095 1134 vidit

351 1201 381 1244 ·.
416 1203 430 1242 ¹.
449 1180 565 1243 fratres
596 1179 752 1243 adversus
778 1178 951 1242 'decanum
982 1179 1126 1263 graviter
1156 1176 1381 1259 exacerbatos,
1411 1176 1519 1240 iunxit
1543 1199 1578 1241 se
1601 1175 1664 1240 illis
1695 1187 1808 1240 contra
1831 1175 1999 1239 decanum
2022 1197 2095 1238 com-

449 1283 599 1372 pellendo
628 1285 733 1370 ipsum
758 1283 929 1366 decanum,
952 1295 988 1348 ut
1011 1282 1188 1348 dimitteret
1215 1282 1396 1365 decaniam,
1429 1305 1489 1347 uec
1520 1281 1787 1368 pretendentibus
1817 1303 1881 1345 nec
1912 1280 2096 1367 pretendere

449 1389 632 1454 valentibus
662 1389 817 1454 fratribus
845 1389 943 1454 ullam
972 1412 1114 1470 causam,
1146 1390 1208 1452 nisi
1232 1389 1433 1453 voluntatem
1458 1412 1559 1470 suam,
1585 1411 1681 1475 quam
1706 1387 1860 1452 dixerunt
1884 1397 1918 1452 et
1942 1385 2097 1450 iudicave-

448 1507 525 1560 runt
547 1496 647 1560 solam
672 1496 820 1560 sufficere
845 1494 888 1559 ad
911 1497 1120 1559 mutationem
1146 1495 1313 1578 decaniae,
1334 1518 1432 1581 quam
1455 1493 1561 1558 nullus
1586 1493 1721 1558 deberet
1743 1495 1823 1579 ipsis
1845 1494 1961 1557 invitis
1986 1505 2098 1557 tenere.
2112 1525 2128 1562 n

449 1604 522 1666 Hoc
552 1601 672 1666 iudicio
704 1611 858 1686 gravatus
889 1602 989 1665 frater
1015 1623 1117 1682 meus,
1143 1624 1216 1665 curn
1240 1612 1373 1687 propter
1403 1602 1575 1665 imminens
1606 1602 1725 1665 scisma
1750 1602 1899 1680 nesciret,
1925 1601 2000 1686 quis
2024 1601 2100 1663 inter

449 1709 530 1774 duos
554 1731 655 1794 papas
679 1709 860 1771 nominatos
877 1717 963 1771 esset
979 1730 1075 1771 verus
1090 1708 1180 1771 Petri
1204 1730 1383 1790 successor,
1408 1707 1560 1793 generale
1585 1705 1762 1792 appellavit
1785 1706 1964 1771 concilium
1975 1711 1996 1784 ¹,
2021 1706 2100 1792 quod

450 1813 642 1901 sperabatur
665 1816 728 1878 cito
753 1813 937 1878 habendum
962 1837 1019 1900 pro
1044 1813 1200 1878 solvenda
1224 1815 1392 1900 questione
1424 1815 1526 1899 ipsius
1557 1813 1728 1876 scismatis.
1775 1811 1899 1876 Audita
1922 1813 2025 1898 igitur
2047 1812 2101 1876 hac

450 1921 667 2007 appellatione
698 1921 803 2006 gavisi
831 1931 905 1984 sunt
933 1921 1048 1984 tratres
1072 1931 1226 2006 tanquam
1250 1931 1401 2004 porrecta
1424 1919 1487 1983 sibi
1511 1921 1681 1984 occasione
1707 1929 1819 1983 eontra
1842 1919 2018 2000 decanum,
2049 1942 2103 2005 per

449 2025 493 2108 id,
511 2025 598 2113 quod
614 2028 647 2090 in
664 2026 881 2112 appellatione
899 2025 1083 2113 specialiter
1098 2049 1163 2089 non
1179 2027 1359 2090 nominavit
1375 2026 1542 2091 Victorem
1558 2049 1661 2108 suum,
1687 2026 1771 2089 siout
1786 2025 1952 2106 dixerimt,
1978 2047 2104 2111 papam,
2120 2052 2139 2091 u

450 2155 547 2218 quem
578 2143 610 2196 et
640 2133 812 2219 episcopus
843 2143 1012 2218 receperat
1043 2143 1075 2196 et
1105 2134 1197 2196 curia
1219 2133 1413 2218 Papiensis²
1437 2131 1689 2196 collaudaverat.
1737 2129 2001 2195 Conclamabant
2031 2153 2105 2217 ergo

450 2239 623 2324 episcopus
647 2251 680 2303 et
703 2239 819 2302 fratres
843 2237 1069 2302 contumeliam
1094 2238 1214 2302 factam
1239 2239 1343 2302 cesari
1369 2249 1401 2302 et
1424 2260 1481 2302 suo
1505 2260 1590 2324 pape
1615 2238 1751 2318 Victori,
1776 2261 1849 2301 cum
1874 2237 1968 2301 salva
1992 2239 2106 2302 utrius·

450 2367 513 2431 quo
538 2346 642 2430 gratia
665 2346 805 2430 potuerit
828 2345 888 2408 hec
912 2343 1085 2430 appellatio
1109 2355 1242 2430 recepta
1265 2344 1376 2425 fuisse,
1401 2345 1572 2430 presertim
1592 2355 1706 2430 parato
1724 2344 1847 2408 decano
1872 2345 2013 2408 inomni
2038 2367 2107 2429 pre-

450 2452 542 2532 torio,
567 2452 664 2514 etiam
689 2473 797 2514 eoram
823 2473 933 2514 cesare
965 2473 1042 2514 suae
1073 2449 1300 2536 appellationis
1330 2452 1489 2514 rationem
1518 2449 1666 2532 reddere,
1691 2449 1779 2536 quod
1808 2451 1927 2514 iniuste
1952 2461 2107 2535 gravatim

449 2557 533 2624 inste
559 2555 772 2642 appellaverit
795 2555 945 2640 generale
971 2556 1152 2636 concilium,
1178 2555 1265 2641 quod
1290 2555 1543 2642 exspectabatur
1565 2555 1718 2636 futurum,
1740 2554 1893 2642 quodque
1916 2557 1990 2642 ipse
2007 2557 2107 2620 domi·
2124 2585 2147 2622 a

451 2685 511 2725 nus
535 2663 712 2747 imperator
734 2685 793 2748 pro
818 2685 876 2726 suo
900 2663 968 2725 iure
993 2661 1157 2726 nitebatur
1181 2673 1213 2726 et
1236 2662 1342 2727 adhue
1367 2663 1480 2726 nititur
1503 2684 1683 2747 aggregare
1696 2667 1717 2744 ³,
1741 2685 1806 2725 non
1830 2660 1958 2747 aliquas
1983 2661 2107 2727 aeccle-

452 2769 599 2832 siasticas
623 2791 778 2854 personas
803 2769 845 2832 ad
868 2768 1024 2832 iudicium
1047 2790 1140 2832 suum
1158 2767 1420 2853 constringendo,
1445 2767 1582 2832 sedeas
1606 2766 1748 2853 benigne
1772 2767 1942 2832 invitando
1967 2768 2010 2832 ad
2035 2792 2107 2833 con-

451 2873 572 2956 cilium,
604 2876 672 2938 sive
703 2885 769 2938 tam
792 2874 916 2960 grande
940 2874 1120 2954 consilium,
1145 2897 1209 2960 quo
1234 2875 1444 2938 exterminari
1467 2875 1569 2959 possit
1592 2872 1716 2959 grande
1739 2872 1921 2959 periculum
1946 2876 2108 2938 scismatis

452 2980 492 3045 de
517 2980 672 3044 dualitate
696 2981 832 3044 Romani
856 2981 1027 3067 pontilicis,
1053 3003 1148 3066 quem
1173 2991 1300 3044 constat
1322 2982 1386 3044 nisi
1409 3003 1509 3044 unum
1533 3002 1604 3043 esse
1628 3002 1693 3043 non
1717 3001 1811 3065 posse
1835 3003 1900 3044 uno
1924 2980 2107 3066 eodemque

451 3098 607 3173 tempore,
638 3087 683 3149 ita
706 3097 741 3150 ut
765 3109 893 3172 semper
915 3111 979 3151 uno
1004 3085 1183 3151 decedente
1208 3096 1305 3172 atque
1329 3110 1394 3151 uno
1419 3086 1615 3150 succedente
1640 3086 1747 3150 unitas
1772 3099 1961 3172 perseveret
1985 3090 2020 3151 in
2044 3111 2108 3152 una
2124 3115 2146 3154 ss

451 3193 629 3256 universali
659 3192 829 3256 aeeclesia.
876 3193 1027 3258 Nondum
1050 3217 1128 3258 vero
1159 3193 1304 3279 plenarie
1336 3193 1483 3257 discussa
1513 3192 1607 3256 huius
1638 3191 1801 3256 dualitatis
1826 3194 2007 3278 questione,
2034 3217 2108 3257 eum

452 3297 515 3362 duo
546 3299 684 3362 Romani
714 3299 883 3384 pontifices
915 3299 1064 3363 dicuntur
1094 3323 1180 3381 esse,
1213 3323 1277 3362 non
1308 3301 1485 3385 incongrue
1516 3321 1536 3362 a
1565 3301 1709 3383 gravatis
1740 3298 1892 3383 generale
1924 3299 2108 3385 appellatur

452 3404 635 3486 concilium,
660 3428 723 3490 quo
747 3405 820 3468 talis
845 3406 1004 3467 scismatis
1033 3405 1151 3468 malum
1181 3406 1395 3470 resecandum
1419 3416 1477 3488 est,
1502 3405 1590 3491 quod
1613 3403 1823 3490 angularibus
1848 3415 1880 3468 et
1902 3405 2106 3490 particulari-

453 3507 512 3574 bus
536 3511 683 3574 conciliis
706 3512 765 3574 vix
788 3521 844 3574 aut
867 3509 1048 3573 nullatenus
1072 3513 1214 3575 resecari
1238 3523 1354 3596 potest.

557 3615 785 3702 Appellationc
810 3618 908 3701 igitur
931 3638 996 3679 non
1019 3617 1209 3680 indecenter
1232 3619 1319 3681 faeta
1341 3631 1418 3682 tunc
1442 3618 1484 3681 ad
1501 3616 1653 3702 generale
1678 3616 1850 3681 concilium
1874 3619 1971 3681 nimis
1995 3619 2105 3683 incon·
2123 3647 2146 3684 so

451 3743 530 3806 grue
554 3721 670 3785 fratres
686 3722 911 3807 Augustenses
935 3746 1008 3787 cum
1032 3746 1089 3788 suo
1114 3724 1267 3808 episcopo
1291 3723 1439 3786 fecerunt
1462 3745 1527 3786 non
1550 3734 1617 3786 tam
1634 3723 1788 3808 angulare
1805 3723 1989 3804 concilium,
2007 3747 2104 3811 quam

452 3825 702 3892 conciliabulum
711 3840 735 3909 ¹,
759 3830 792 3892 in
810 3851 873 3914 quo
890 3840 923 3892 et
939 3827 1107 3892 dicebant:
1133 3827 1232 3909 ‘Quid
1256 3829 1422 3910 faciemus,
1443 3831 1520 3916 quia
1539 3829 1592 3892 hic
1609 3829 1752 3894 decanus
1776 3839 1885 3893 noster
1908 3830 2010 3894 multa
2033 3854 2104 3916 gra·

451 3934 583 3996 vamina
605 3934 755 3998 inducit?
803 3935 838 3998 Si
862 3933 1052 3998 dimittimus
1076 3958 1150 3998 eum
1174 3936 1232 4016 sic,
1257 3957 1368 3999 omnes
1392 3935 1622 4020 opprimemur.
1663 3935 1758 3999 Unde
1782 3933 1876 3999 nobis
1901 3936 2047 4021 expedit,
2072 3949 2105 4001 nt
2171 3936 2173 3938 ’

451 4061 534 4103 unus
564 4041 624 4104 iste
655 4040 741 4103 foras
772 4040 911 4126 pellamr
942 4051 973 4103 et
1003 4063 1067 4104 non
1091 4063 1203 4104 omnes
1226 4043 1457 4127 opprimamur,
1489 4052 1545 4104 aut
1574 4042 1656 4105 iram
1688 4043 1808 4104 cesaris
1839 4052 1937 4128 atque
1962 4043 2104 4107 Victoris

451 4168 536 4231 pape
560 4146 783 4210 incurramus’.
818 4145 939 4210 Audito
956 4145 1138 4210 huiusmodi
1155 4146 1289 4211 oonsilio
1310 4149 1545 4233 cogitaverunt,
1570 4157 1605 4211 ut
1629 4146 1831 4232 expellerent
1854 4171 1929 4212 eum
1953 4148 2102 4214 simulato
2122 4177 2145 4216 ss

452 4253 572 4315 cesaris
596 4274 634 4314 ac
651 4252 793 4315 Victoris
818 4253 942 4332 timore,
967 4275 1103 4339 quorum
1126 4265 1241 4317 neuter
1265 4253 1398 4334 sciebat,
1423 4254 1502 4340 quid
1524 4252 1626 4318 fieret.
1662 4253 1807 4317 Vocatus
1832 4276 1910 4339 ergo
1933 4255 2000 4318 iam
2016 4257 2103 4320 circa

450 4379 621 4441 vesperam
651 4356 694 4420 ad
723 4357 851 4422 illorum
882 4360 1058 4444 capitulum
1089 4370 1239 4444 presente
1270 4383 1308 4424 ao
1339 4360 1526 4446 presidente
1557 4383 1668 4424 eorum
1700 4361 1853 4446 episcopo
1878 4362 1971 4445 quasi
2003 4361 2103 4426 altero

452 4459 578 4546 Caipha
602 4464 647 4525 sic
672 4475 721 4526 est
743 4464 915 4545 iudicatus,
940 4466 1034 4550 quasi
1058 4465 1198 4529 Victoris
1222 4468 1523 4531 excommunicatus
1548 4476 1580 4530 et
1604 4467 1725 4531 cesaris
1748 4467 1958 4552 proscriptus
2006 4466 2102 4531 Unde

452 4565 548 4630 rebus
572 4567 720 4633 omnibus
743 4570 882 4634 nudatus
907 4581 939 4634 et
962 4571 1117 4655 spoliatus
1140 4584 1250 4657 preter
1273 4572 1342 4636 sola
1364 4574 1578 4637 instrumenta
1602 4571 1770 4658 equitandi
1793 4594 1914 4635 occasu
1936 4574 2002 4636 iam
2027 4573 2103 4637 solis

451 4673 638 4736 imminente
662 4678 825 4760 proiectus
848 4688 898 4740 est
921 4699 940 4740 a
964 4678 1105 4740 civitate.
1141 4677 1355 4742 Remanserat
1377 4690 1486 4742 autem
1509 4681 1542 4742 iu
1559 4681 1631 4765 ipsa
1655 4679 1787 4742 civitate
1812 4677 1894 4741 alter
1909 4678 2011 4742 frater
2026 4702 2103 4743 suus
2121 4707 2147 4744 a

451 4789 484 4842 et
506 4801 596 4842 meus
619 4781 749 4844 nomine
765 4782 952 4846 Friderieus
976 4792 1132 4867 tanquam
1156 4783 1342 4865 semivivus,
1364 4794 1396 4848 et
1418 4785 1577 4870 incipiens
1601 4787 1683 4849 mori
1707 4795 1818 4870 utpote
1841 4785 1907 4847 iam
1932 4784 1989 4848 diu
2012 4807 2104 4869 egro·

451 4893 523 4947 tans
548 4886 583 4948 in
606 4886 703 4968 ianua
726 4889 837 4950 mortis
860 4889 994 4973 positus
1041 4889 1138 4952 Hunc
1169 4888 1209 4952 de
1241 4889 1335 4953 domo
1366 4911 1436 4971 sua,
1465 4891 1563 4954 immo
1595 4892 1692 4954 etiam
1725 4891 1764 4953 de
1795 4890 1879 4954 lecto
1911 4890 2104 4975 egritudinis

451 4991 599 5055 eiciendo
624 5002 721 5077 atque
745 4992 897 5056 alimenta
919 4995 1106 5058 necessaria
1128 4994 1174 5058 illi
1198 4994 1375 5060 auferendo
1392 4996 1557 5060 residuum
1575 4997 1717 5082 spiritus,
1735 5017 1798 5081 quo
1816 4995 1922 5060 adhuc
1947 4995 2104 5081 spirabat,

452 5094 648 5160 cruciatibus
671 5099 741 5162 istis
766 5100 941 5164 eiecerunt.
988 5101 1072 5165 Nam
1095 5101 1135 5165 de
1160 5100 1254 5165 domo
1279 5124 1338 5165 sua
1360 5102 1497 5188 pulchra
1519 5104 1624 5187 primo
1650 5103 1771 5166 eiectus
1795 5103 1829 5165 in
1852 5104 2037 5188 coquinam,
2063 5102 2104 5166 de

452 5204 592 5289 coquina
621 5205 654 5266 in
684 5206 870 5288 textrinum,
901 5206 941 5271 dc
973 5209 1113 5271 textrino
1144 5208 1177 5269 in
1207 5209 1380 5294 pistrinum
1409 5209 1573 5294 proiectus
1605 5207 1710 5296 [neel']
1744 5207 1965 5272 habitaculum
1995 5231 2103 5296 neque
2122 5238 2148 5277 rs

558 5401 584 5464 a)
607 5403 819 5455 conciliabolum
838 5425 858 5456 c.
931 5403 959 5468 b)
981 5407 1047 5455 decet
1064 5424 1101 5468 c.,·
1119 5409 1202 5471 suppl.
1224 5408 1277 5456 Pes.

561 5563 590 5639 1)
615 5563 663 5637 Os.
688 5567 734 5621 De
757 5566 881 5642 inoestiq.
906 5567 1072 5625 Antichristi
1093 5568 1117 5638 I,
1143 5588 1165 5625 c.
1184 5569 1235 5627 56.
1337 5569 1368 5639 2)
1392 5569 1427 5626 A.
1448 5569 1541 5640 1160,
1568 5570 1653 5626 Febr.
1679 5569 1810 5637 5—11;
1841 5570 1881 5640 cs.
1907 5569 1954 5626 De
1977 5570 2101 5646 invmdp.

450 5671 616 5728 Antichristi
638 5672 662 5741 I,
688 5693 710 5728 c.
729 5672 781 5727 60.
874 5671 904 5741 3)
931 5671 978 5743 Of.
1004 5673 1081 5748 epist.
1102 5676 1151 5730 17.
1176 5677 1218 5732 od
1239 5676 1434 5733 Alexandrum
1458 5675 1524 5745 III;
1549 5675 1626 5750 epist.
1647 5675 1696 5732 18.
