4410 6406
805 371 926 426 LIBER
947 371 1000 425 DE
1025 369 1259 427 SIMONIACIS.
1796 366 1860 428 267

201 560 273 622 eine
295 560 480 645 cuempiam,
511 573 545 622 ut
573 582 635 622 non
663 559 750 623 uobis
773 560 942 644 impulsam
964 557 1137 640 stulticia',·
1168 583 1206 622 ac
1227 559 1261 622 si
1281 572 1387 645 operte
1410 558 1555 624 baeticis
1579 558 1675 640 dicat,
1698 562 1862 647 samsyicia

201 679 308 729 omma
330 689 390 730 non
414 665 566 750 cuempio,
582 666 778 751 peticionum
802 678 975 729 ammarum
1000 665 1094 728 verba
1114 687 1175 728 uon
1191 664 1300 744 audio,
1324 666 1393 728 nesi
1405 687 1470 750 per
1485 667 1734 730 intercessionem
1758 667 1860 748 illius,

201 774 296 836 catius
303 773 523 860 professionis
545 772 640 835 aerbo
664 771 702 835 de
726 795 773 835 me
796 773 923 835 veracia
941 773 1146 857 ‘recoqnosca
1182 769 1227 833 Et
1249 778 1469 855 postpauca:
1494 768 1635 836 Salutem
1654 787 1788 837 ammam
1797 797 1861 860 per
1879 794 1972 838 narr.

202 877 391 943 catholicam
421 879 584 942 ecclesiam
614 902 710 963 quam
741 876 841 965 dilipo
858 877 1036 963 postulate,
1066 879 1135 963 spei
1162 879 1246 941 enim
1275 877 1345 941 eolo
1368 877 1524 942 dimittere
1551 877 1591 942 id
1611 878 1698 964 quod
1719 880 1802 944 milti
1825 882 1861 944 in

167 1008 183 1048 s
203 985 278 1070 ipssa
295 984 484 1070 deliquistis,
508 998 542 1048 ut
563 984 617 1048 bec
641 997 774 1048 ommam
798 984 1064 1048 incolumitatem*
1080 985 1224 1064 obtineat,
1249 1007 1328 1068 quae
1345 1007 1384 1048 ea
1399 997 1498 1048 nostru
1516 985 1665 1070 laupnore
1685 985 1858 1051 laborabat.

203 1088 306 1154 Solul
329 1093 445 1178 quippo
469 1105 514 1155 eet
531 1114 592 1176 per
611 1114 706 1176 quom
728 1091 924 1177 sacrificium
940 1090 1098 1154 Dominus
1121 1091 1252 1154 libenter
1275 1091 1423 1175 accepiet,
1446 1091 1516 1155 sobr
1540 1114 1619 1175 quae
1638 1114 1701 1177 pro
1725 1094 1859 1158 emanti-

202 1198 262 1261 bus
276 1197 479 1284 fiducialiter
501 1195 681 1262 intercedat.
735 1196 824 1261 Unde
853 1195 970 1262 otiaffl
996 1196 1034 1261 de
1057 1198 1136 1283 apri
1163 1197 1265 1260 boetio
1288 1195 1446 1260 Dominus
1466 1198 1622 1282 precepit,
1653 1196 1779 1262 diceres:
1808 1197 1860 1262 ‘In
1878 1221 2006 1270 nnuma

202 1328 267 1367 una
293 1304 383 1368 domo
413 1304 621 1384 comedemr0,
651 1327 706 1368 nec
736 1305 882 1390 efferetur
906 1303 943 1368 de
967 1304 1117 1368 carnibus
1140 1304 1207 1366 eius
1223 1301 1348 1388 forae’.
1396 1300 1436 1365 In
1460 1327 1524 1366 una
1549 1326 1620 1367 uero
1645 1302 1736 1367 domo
1759 1328 1860 1392 apnus

202 1410 387 1491 comeditur,
418 1411 495 1496 qnia
525 1412 559 1474 in
583 1435 647 1474 una
670 1410 801 1474 ecclesia
825 1411 979 1474 catholica
1003 1434 1077 1474 cera
1100 1409 1203 1473 boetia
1234 1407 1463 1494 redemptorisd
1487 1409 1679 1490 immolatur,
1707 1410 1746 1475 de
1770 1412 1860 1477 cuius

157 1542 183 1580 ro
202 1518 354 1582 cornibus
378 1517 490 1581 diuina
514 1517 565 1582 lem
587 1518 700 1603 efferri
713 1518 815 1604 foras
831 1517 989 1602 probibet,
1014 1518 1092 1602 quia
1115 1515 1194 1579 dari
1213 1529 1353 1579 sanctum
1378 1516 1509 1579 canibus
1532 1529 1620 1579 uetat.
1877 1540 2017 1590 uermes.

311 1637 372 1687 Hac
395 1631 524 1708 patrum
548 1621 636 1686 (licta
658 1641 714 1686 tam
734 1637 958 1703 petentiaetque
978 1636 1213 1694 manifestarunt,
1233 1632 1430 1684 utdilucidari
1455 1649 1510 1685 non
1536 1641 1643 1699 egeant,
1670 1638 1859 1703 patentissime
1877 1643 1963 1688 neme.

201 1749 321 1798 namque
348 1734 568 1798 symoniacorum
595 1733 767 1799 aliorumque
792 1734 976 1785 hereticorum
1001 1733 1191 1784 sacerdocium
1210 1739 1238 1782 et
1256 1731 1421 1782 sacrificium
1445 1732 1523 1782 irrite
1549 1728 1631 1784 euseb
1655 1733 1858 1797 demonstrant3

202 1817 302 1880 immo
319 1815 442 1880 nullum
459 1839 514 1882 eos
532 1819 730 1883 convincunt
753 1815 873 1882 habere
891 1816 1087 1881 sacrificium
1104 1837 1228 1898 verum,
1246 1837 1443 1902 quamquam
1459 1813 1603 1881 habeant
1618 1827 1859 1882 sacramentum

202 1944 318 1986 verum
342 1935 376 1986 et
398 1924 561 2009 integrum
584 1922 798 1988 sacrificando
823 1923 1002 1988 secundum
1023 1923 1120 1987 ritum
1137 1921 1406 1986 ecclesiasticum.
1442 1921 1518 1986 Duo
1535 1923 1621 1986 enim
1637 1924 1769 1987 nomina
1785 1933 1861 1988 sunt

157 2054 184 2096 rs
203 2029 403 2093 sacrificium
427 2040 460 2094 et
482 2041 739 2111 sacramentum
765 2039 797 2094 et
819 2029 915 2116 longe
933 2031 1016 2094 inter
1033 2051 1067 2094 se
1085 2029 1273 2114 discrepant
1293 2028 1476 2114 significata
1492 2029 1645 2114 ipsorum,
1663 2051 1737 2094 cum
1753 2028 1859 2094 vivifi-

203 2146 300 2199 cum⁰
317 2133 440 2200 Christi
464 2158 581 2221 corpus
604 2136 735 2221 proprie
759 2136 837 2200 satis
861 2135 1043 2222 appelletur
1059 2134 1266 2216 sacrificium,
1284 2134 1372 2222 quod
1387 2157 1452 2200 non
1468 2136 1599 2222 proprie
1616 2134 1736 2200 dicitur
1752 2158 1859 2200 sacra-

203 2253 359 2324 mentum,
384 2242 446 2306 nisi
463 2254 620 2328 quantum
643 2241 686 2305 ad
709 2242 853 2327 speciem
877 2265 975 2328 quam
998 2239 1148 2306 sensibus
1172 2242 1307 2328 ingerit:
1332 2262 1416 2328 quae
1441 2241 1568 2328 species
1591 2263 1657 2306 non
1679 2242 1859 2329 incongrue

203 2358 445 2413 sacramentum
469 2348 535 2412 dici
558 2349 687 2434 poterit,
704 2359 815 2435 utpote
833 2349 961 2434 signum
976 2349 1072 2413 unius
1089 2349 1234 2435 corporis
1251 2345 1338 2434 quod
1355 2358 1404 2413 est
1420 2347 1569 2430 ecclesia,
1594 2346 1636 2412 de
1659 2347 1767 2413 multis
1786 2371 1859 2436 per·

203 2456 292 2518 sonis
308 2457 403 2542 quasi
420 2453 460 2519 de
477 2453 586 2519 multis
602 2455 712 2541 granis
736 2456 770 2518 in
785 2477 886 2519 unum
902 2466 1083 2541 compacta,
1100 2465 1133 2519 et
1148 2477 1248 2519 unum
1265 2477 1383 2540 corpus
1399 2452 1490 2518 velut
1504 2455 1600 2519 unius
1621 2455 1715 2542 panis
1732 2456 1858 2521 effecta.

158 2587 186 2628 so
202 2561 300 2625 Hanc
325 2563 478 2626 unionem
502 2585 567 2626 non
590 2562 754 2648 significat
776 2561 870 2627 nobis
891 2564 1036 2648 camaris
1053 2560 1175 2626 Christi
1191 2561 1376 2642 existentia,
1393 2570 1504 2647 utpote
1520 2561 1657 2626 nimium
1674 2584 1694 2626 a
1709 2560 1859 2626 sensibus

201 2669 323 2732 nostris
339 2678 473 2748 remota,
491 2667 549 2734 sed
566 2669 638 2754 ipsa
654 2691 717 2754 que
730 2667 860 2733 videtur
875 2679 908 2733 et
924 2670 1062 2733 sentitur
1078 2669 1204 2754 species
1221 2678 1254 2732 et
1269 2667 1384 2732 forma.
1415 2666 1499 2732 Cum
1516 2667 1603 2732 euim
1618 2678 1860 2733 sacramentum

204 2775 246 2838 eit
261 2773 392 2838 visibile
409 2775 537 2860 signum
553 2772 727 2838 invisibilis
743 2776 879 2860 gratiae,
896 2797 1014 2862 corpus
1031 2772 1153 2839 Christi
1169 2784 1329 2838 secretum
1354 2784 1387 2838 et
1404 2784 1515 2839 nostm
1531 2775 1617 2838 visui
1633 2772 1859 2840 absconditum

202 2902 269 2946 non
286 2879 391 2944 audeo
408 2890 646 2944 sacramentum
663 2879 839 2966 appellare,
856 2882 1014 2967 quianon
1030 2880 1432 2968 significatremsaeram,
1456 2879 1514 2944 sed
1530 2891 1580 2945 est
1595 2902 1647 2945 res
1668 2903 1772 2964 sacra,
1796 2881 1860 2944 nisi

204 2987 288 3051 forte
305 2984 347 3050 ab
364 2986 483 3050 effectu
500 2986 628 3050 dicatur
643 2997 892 3068 sacramentum,
910 2988 988 3073 quia
1003 2986 1102 3073 digna
1118 2988 1370 3074 participantem
1386 2997 1503 3069 sacrat,
1527 2988 1612 3051 sicut
1635 2997 1860 3051 ornamentum

160 3119 186 3160 ss
207 3092 345 3158 dieimrb
362 3092 441 3179 quia
456 3103 557 3156 ornat.
589 3091 706 3157 Unde*
723 3094 918 3158 sententiam
934 3093 1137 3179 quommdam
1153 3094 1382 3179 magistrorum
1398 3091 1640 3175 affirmantium,
1657 3090 1745 3179 quod
1761 3115 1860 3158 carne

205 3209 239 3264 et
262 3199 420 3286 sanguine
444 3196 566 3262 Christi
589 3208 725 3286 utroque
748 3197 906 3263 invisibili
936 3198 1134 3286 intelligibili
1158 3199 1359 3286 significetur
1382 3221 1499 3285 corpus
1524 3197 1646 3263 Christi
1668 3197 1797 3263 visibile
1821 3221 1860 3264 ac

205 3303 379 3391 palpabile,
404 3326 504 3390 cogor
527 3306 692 3369 ammirari
703 3306 724 3388 ¹,
750 3328 824 3371 cum
846 3308 955 3392 potius
978 3304 1158 3370 invisibilia
1179 3327 1240 3391 per
1263 3304 1414 3386 visibilia,
1440 3327 1538 3392 quam
1562 3304 1706 3370 visibilia
1729 3327 1788 3391 per
1811 3306 1859 3370 in-

206 3409 347 3475 visibilia
376 3410 501 3476 soleant
531 3411 719 3496 significari,
746 3411 856 3498 qu0d⁸
881 3414 979 3478 etiam
1002 3412 1144 3478 affirmat
1166 3413 1342 3476 auctoritas
1365 3410 1454 3477 beati
1479 3411 1656 3498 Augustini
1680 3411 1858 3476 dicentis²z

208 3517 340 3606 Sipnum
364 3533 408 3584 est
430 3543 481 3584 res
489 3533 600 3607 preter
614 3523 749 3606 speciem
772 3545 867 3607 qnam
890 3523 1032 3586 sensibus
1054 3522 1172 3608 imperit
1193 3519 1287 3584 aliud
1309 3519 1439 3604 aliquid
1460 3543 1499 3584 em
1521 3544 1553 3584 sc
1570 3520 1703 3607 faciens
1725 3521 1761 3583 in
1776 3520 1859 3605 copi-

160 3651 189 3690 so
207 3627 352 3690 mtionem
375 3628 489 3690 uenire.
537 3625 642 3710 Igitur
663 3623 810 3707 heretici,
834 3626 1012 3690 scismatici
1035 3636 1068 3690 et
1090 3646 1201 3690 omnes
1226 3624 1418 3711 euangelica
1433 3624 1517 3690 falce
1534 3625 1664 3712 precisi,
1688 3623 1765 3689 licet
1787 3645 1860 3710 pos-

207 3730 273 3794 sint
294 3729 414 3794 habere
431 3729 633 3795 identitatem
649 3733 845 3796 sacramenti
869 3733 923 3796 et¹¹
940 3733 1035 3817 signi,
1060 3754 1125 3796 uon
1140 3740 1251 3796 tamen
1273 3729 1350 3795 inde
1375 3753 1578 3817 consequeus
1602 3741 1635 3795 et
1658 3753 1714 3794 eos
1737 3730 1862 3816 pariter

206 3833 346 3900 habere¹
364 3835 568 3900 identitatem
591 3837 744 3902 sacrificii
768 3836 947 3921 nobiscum,
973 3837 1091 3925 quibus
1114 3836 1168 3903 ille
1192 3860 1295 3924 agnus
1320 3847 1369 3901 est
1391 3838 1523 3902 unicum
1540 3837 1745 3920 sacrificium,
1763 3857 1860 3923 quem

207 3943 241 4006 in
264 3965 330 4006 una
352 3953 476 4006 tantum
506 3941 602 4007 domo
633 3943 760 4007 comedi
790 3943 908 4030 probat
938 3943 1183 4009 evidentissima
1205 3944 1327 4008 veritas
1358 3943 1589 4030 promissarum
1619 3943 1858 4008 auctoritatum.

208 4047 335 4129 Quibus
360 4050 421 4113 etsi
444 4046 565 4113 alicubi
580 4047 754 4113 videantur
776 4050 839 4114 alie
863 4053 1071 4116 auctoritates
1096 4049 1240 4132 obviare,
1258 4073 1321 4138 que
1339 4049 1435 4115 sunt¹1
1454 4061 1519 4113 tam
1543 4050 1629 4114 intra
1645 4072 1742 4136 quam
1766 4059 1861 4113 extra

161 4155 392 4238 aecclesiam,
416 4154 581 4220 affirmant
604 4154 721 4219 eadem
743 4177 815 4219 esse
839 4156 882 4220 ad
904 4156 1035 4222 modurn
1051 4157 1120 4222 1111
1136 4156 1281 4244 paradisi
1304 4156 1483 4238 fluminum,
1508 4177 1572 4242 que
1596 4165 1671 4220 sunt
1693 4165 1761 4220 tam
1775 4155 1861 4219 intra

208 4284 306 4348 quam
330 4272 424 4326 extra
445 4260 644 4348 paradisum.
691 4261 801 4326 Nichil
824 4284 882 4327 nos
906 4273 1016 4328 movet
1037 4262 1223 4328 huiusmodi
1247 4263 1475 4328 auctoritatum
1492 4261 1676 4344 diversitas,
1701 4263 1779 4349 quia
1800 4282 1860 4326 nos

207 4391 273 4433 non
296 4368 494 4456 denegamus
518 4379 612 4433 extra
636 4367 810 4434 eeclesiam
833 4390 905 4433 esse
930 4392 1026 4455 posse
1050 4380 1328 4435 sacramentorum
1356 4370 1594 4456 integritatem
1626 4367 1685 4432 sed
1708 4367 1860 4433 sacrificii

208 4476 377 4540 veritatem
409 4476 502 4540 iuxta
530 4476 761 4561 promissarum
791 4477 1021 4541 auctoritatum
1048 4477 1271 4559 assertionem,
1296 4472 1415 4561 quibus
1438 4475 1513 4540 illae
1537 4475 1748 4540 auctoritates
1772 4485 1860 4539 recte

207 4582 354 4668 inspecte
384 4604 450 4646 non
472 4579 617 4662 obviant,
641 4604 704 4668 que
728 4605 794 4646 non
817 4582 1012 4647 sacrificium
1043 4591 1201 4664 sanctum,
1233 4580 1291 4646 sed
1320 4592 1562 4646 sacramentum
1591 4582 1764 4668 integrum,
1796 4604 1861 4646 non

161 4715 191 4755 so
209 4709 328 4774 corpus
352 4688 496 4770 Domini,
528 4686 586 4752 sed
617 4698 856 4753 sacramentum
887 4689 1031 4775 corporis
1054 4689 1191 4753 Domini
1221 4699 1315 4753 extra
1344 4687 1519 4753 ecclesiam
1550 4710 1621 4753 esse
1655 4710 1751 4774 posse
1775 4685 1861 4751 affir-

208 4805 308 4860 mant.
361 4794 422 4859 Est
450 4794 486 4858 in
515 4794 577 4859 hac
607 4794 821 4877 diversarum,
856 4817 922 4860 non
952 4794 1165 4860 adversarum
1200 4795 1428 4859 auctoritatum
1460 4792 1730 4859 determinatione
1766 4804 1860 4858 caute

209 4901 397 4982 notandum,
429 4901 507 4988 quia
535 4923 655 4988 magna
684 4903 849 4967 invenitur
879 4900 1062 4966 differentia
1091 4902 1195 4967 inter¹
1222 4911 1427 4967 sacramenta
1455 4910 1487 4965 et
1515 4911 1730 4965 sacramenta.
1776 4899 1860 4964 Nam

211 5007 275 5072 alia
298 5016 374 5072 sunt
396 5016 611 5089 sacramenta,
635 5030 698 5094 que
722 5007 944 5073 tanmmmodo
969 5010 1057 5073 circa
1080 5018 1264 5074 creaturam
1289 5008 1481 5072 rationalem
1504 5007 1595 5088 fiunt,
1619 5017 1654 5071 ut
1678 5028 1860 5071 sacramen·

210 5124 277 5178 tum
301 5113 514 5178 ordinationis
538 5124 572 5178 et
593 5111 763 5198 babtismi,
795 5114 861 5178 alia
883 5137 946 5201 que
970 5116 1059 5179 circa
1085 5137 1137 5179 res
1166 5116 1361 5179 inanimatas
1387 5113 1478 5195 fiunt,
1503 5124 1539 5178 ut
1561 5112 1617 5176 illa
1640 5135 1734 5177 sacra
1757 5113 1860 5198 signa,

162 5306 191 5346 tt
319 5293 347 5358 a)
369 5295 583 5348 ineelomitatsm
604 5299 627 5347 1.
691 5294 719 5359 b)
740 5296 807 5348 decet
825 5298 849 5347 2.
864 5299 888 5348 s.
953 5294 979 5360 c)
1001 5297 1155 5348 comeditur
1173 5299 1198 5347 2.
1211 5298 1236 5347 3.
1295 5293 1322 5360 d)
1344 5296 1400 5347 red.
1419 5295 1486 5347 decet
1503 5297 1529 5346 2.
1542 5298 1566 5347 3.
1623 5293 1648 5356 e)
1670 5295 1809 5345 vivificum
1828 5320 1861 5329 -

211 5385 408 5451 cogitationem
421 5386 516 5436 venire
534 5381 623 5448 (1.33)
641 5386 726 5436 cadem
744 5403 823 5436 manu
836 5386 934 5452 partim
951 5385 980 5436 in
998 5387 1049 5437 loeo
1066 5403 1131 5446 roeo,
1147 5386 1245 5451 partim
1263 5385 1291 5436 in
1309 5403 1387 5451 story.
1406 5385 1467 5435 add.
1483 5388 1505 5436 l.
1560 5381 1581 5446 s)
1603 5399 1688 5450 cogor
1701 5401 1780 5435 amm.
1798 5400 1862 5434 carr.

211 5490 241 5523 et
258 5489 313 5526 non
333 5489 446 5540 possum
464 5475 615 5540 approbare
637 5477 659 5525 1.
739 5471 767 5540 g)
789 5475 917 5540 quod-
937 5477 1030 5526 venire
1056 5475 1106 5526 des.
1126 5477 1150 5526 2.
1171 5477 1195 5526 8.
1268 5474 1296 5536 h)
1319 5480 1346 5524 et
1364 5475 1436 5540 signi
1461 5474 1512 5524 des.
1531 5474 1556 5524 2.
1576 5475 1601 5525 3.
1673 5470 1694 5535 i)
1714 5474 1743 5523 in
1761 5472 1822 5523 add.
1838 5474 1861 5522 1.

211 5558 241 5624 k)
262 5561 328 5612 deest
348 5564 371 5613 l.
452 5559 471 5624 l)
493 5563 608 5614 intrati.

321 5705 351 5778 1)
376 5703 395 5782 e
415 5707 464 5777 13,
489 5710 540 5766 at.
560 5707 655 5766 1148.
675 5708 768 5765 1149.
861 5708 892 5780 s)
916 5709 964 5766 rn
987 5711 1075 5766 ace.
1100 5710 1194 5768 errat
1220 5712 1238 5766 r.
1255 5709 1296 5780 rr,
1321 5728 1344 5766 c.
1364 5708 1392 5780 1,
1416 5704 1469 5782 §1
1496 5702 1584 5786 (opp.
1602 5706 1659 5778 ru,
1684 5709 1734 5764 cot.
1754 5700 1816 5782 19).

1596 5827 1648 5878 34*
