4568 6428
832 385 884 438 DE
909 383 1132 441 APOS'I'ATIS.

841 573 890 634 15.
931 570 990 634 De
1020 569 1134 634 Loth.

274 693 344 758 Hos
367 693 447 758 tales
471 716 565 758 sacra
587 693 754 780 hystoria·
776 691 954 779 figuraliter
977 695 1139 780 exprimit,
1171 716 1254 780 quae
1277 693 1363 758 Loth
1392 716 1466 759 cum
1489 717 1590 760 uxore
1620 695 1806 762 incendium

165 799 330 865 Sodomae
353 800 475 885 fugisse
500 799 579 864 dicit
590 804 609 863 ¹.
657 799 744 864 Sedb
769 798 845 863 dum
861 821 944 864 uxor
959 801 1136 886 respexit⁰,
1160 801 1194 865 in
1210 800 1286 864 salis
1302 799 1444 887 effigiem
1460 812 1582 868 mutata
1596 805 1773 890 permansit
1781 803 1805 868 l.

164 907 231 970 Per
247 905 422 972 Sodomam
446 905 596 986 mundus,
620 927 679 992 per
700 905 885 970 incendium
907 908 1189 992 concupiscentiae
1198 908 1222 988 b,
1246 929 1305 994 per
1320 905 1405 972 Loth
1428 909 1564 991 animus,
1588 931 1648 996 per
1669 932 1805 974 uxorem

132 1035 243 1078 scaro
267 1011 473 1098 intellegitur.
519 1011 603 1076 Loth
627 1010 786 1076 Sodomae
816 1011 1003 1076 incendium
1028 1013 1177 1094 declinat,
1209 1013 1250 1077 ad
1280 1025 1434 1078 montana
1463 1015 1604 1097 festinat,
1636 1039 1710 1080 cum
1734 1018 1805 1104 quis

164 1119 302 1184 mundi·
327 1116 644 1205 concupiscentiam‘
668 1119 829 1183 renuntiat
852 1129 885 1183 et
906 1118 949 1182 ad
972 1120 1074 1184 ardua
1097 1130 1228 1184 sanctae
1253 1122 1507 1185 conversationis
1529 1133 1692 1208 properat.
1738 1121 1806 1188 Sed

164 1248 250 1290 uxor
272 1226 416 1312 respicit,
448 1224 524 1290 dum
548 1224 686 1289 carnalis
708 1247 800 1288 mens
822 1224 917 1306 mala,
948 1247 1031 1312 quae
1056 1225 1206 1307 deseruit,
1231 1227 1356 1312 repetit.
1404 1226 1497 1307 Quae
1520 1228 1555 1290 in
1578 1227 1654 1291 salis
1677 1239 1805 1294 cautem

164 1355 243 1396 mox
266 1342 440 1414 mutaturss,
472 1331 578 1419 quaeh
602 1353 621 1395 a
643 1329 744 1396 brutis
768 1329 961 1395 animalibus
985 1330 1146 1413 lambitur,
1177 1333 1255 1417 quia
1283 1332 1395 1396 mundi
1423 1331 1593 1416 desideria,
1625 1356 1709 1421 quae
1733 1335 1804 1399 reli-

165 1451 315 1524 querant,
340 1438 467 1503 avidius
491 1449 523 1502 et
539 1437 664 1502 dulcius
683 1447 850 1502 resumunt
872 1437 922 1501 ct¹
949 1461 1014 1502 non
1036 1439 1101 1502 iam
1125 1448 1160 1502 ut
1182 1438 1238 1502 alii
1261 1437 1416 1520 homines,
1440 1438 1498 1502 sed
1521 1451 1557 1504 ut
1579 1438 1702 1505 bestiae
1726 1442 1812 1506 irra-¹

119 1573 145 1611 ιο
163 1544 367 1609 tionabiliter
389 1546 504 1608 vivunt
526 1555 559 1608 et
582 1546 705 1609 cunctis
721 1543 909 1630 vulgaribus
932 1545 965 1607 in
981 1543 1180 1608 detractione
1204 1543 1315 1610 dulces
1339 1543 1428 1609 fiunt.
1465 1545 1526 1609 'Et
1548 1545 1627 1610 nulli
1650 1547 1714 1611 iam
1731 1547 1804 1612 Deo
1824 1568 1853 1609 ⁸.
1909 1596 1915 1609 .

165 1653 323 1716 servienti
346 1650 573 1732 assimilantur,
598 1673 671 1715 cum
693 1649 813 1715 iudicio
837 1649 1018 1716 aecclesiae
1042 1673 1115 1714 cum
1138 1649 1320 1736 ydolatriak
1341 1663 1544 1716 censeantur.

639 1813 688 1874 16.
730 1809 789 1874 Dc
820 1811 1005 1896 egressis
1036 1831 1084 1873 ex
1113 1810 1336 1896 Aegypto¹.

274 1936 374 2000 Hos¹¹²
397 1934 476 2000 alibi
499 1957 592 1999 sacra
616 1935 776 2020 scriptura
805 1936 941 2022 mystice
971 1933 1113 2016 denotat,
1145 1957 1218 1998 cum
1248 1935 1402 2021 populum
1432 1934 1530 1999 corde
1561 1937 1594 2000 in
1616 1936 1804 2023 Aegyptum

166 2063 332 2107 reversum
357 2052 389 2106 et
411 2040 452 2107 ob
477 2041 537 2106 hoc
561 2063 581 2104 a
604 2038 806 2127 serpentibus
831 2042 1079 2104 exterminatum
1103 2051 1333 2105 commemorat
1342 2046 1363 2104 ².
1408 2041 1551 2128 Populus
1575 2042 1616 2107 ab
1639 2042 1805 2130 Aegyptia

120 2173 147 2213 rs
167 2150 322 2213 servitute
346 2147 500 2213 liberatus
517 2159 575 2228 est,
601 2149 768 2234 quisquis¹¹
792 2170 812 2210 a
834 2146 946 2210 mundi
969 2145 1129 2210 illecebris
1145 2169 1205 2233 per
1220 2149 1464 2212 conversionem
1481 2159 1702 2235 segregatura
1739 2149 1804 2230 Qui

167 2257 266 2319 etiam
296 2277 355 2343 per
383 2254 546 2318 desertum
577 2253 619 2317 ad
649 2264 767 2318 terram
797 2253 1041 2339 promissionisp
1072 2252 1271 2338 gradiuntur,
1305 2254 1382 2339 quia
1413 2257 1561 2318 conversi
1591 2277 1650 2341 per
1679 2267 1804 2320 secreta

167 2361 349 2426 claustralis
372 2362 458 2425 vitae
483 2361 524 2426 sd
548 2361 685 2446 patriam
709 2358 862 2446 paradysi
888 2357 1057 2423 ducuntur.
1106 2358 1172 2425 Sed
1194 2358 1382 2446 Aegyptum
1405 2371 1564 2446 repetunt,
1597 2360 1672 2426 dum
1696 2373 1802 2427 mente

166 2468 210 2532 ad
234 2467 394 2533 secularia
415 2477 651 2531 revertunturs.
690 2466 784 2529 Etsi
808 2464 874 2528 illir
899 2463 941 2529 ab
965 2467 1075 2551 ignitis
1099 2465 1302 2552 serpentibus
1325 2466 1360 2529 in
1376 2489 1510 2554 corpore
1525 2468 1723 2554 perierunt',
1749 2471 1802 2555 qui

117 2603 121 2608 ·
166 2575 355 2661 Aegyptum
371 2574 612 2660 concupierunt,
638 2583 669 2636 et
689 2572 741 2636 isti
765 2573 800 2634 in
815 2573 923 2636 anima
946 2570 1107 2657 peribunt,
1132 2574 1187 2659 qui
1210 2572 1358 2636 relictum
1382 2573 1525 2637 seculum
1549 2584 1655 2638 mente
1680 2585 1804 2639 tantum

119 2708 148 2746 so
167 2683 412 2769 concupiscunt,
437 2678 515 2767 quid
531 2678 734 2743 sentiendum
751 2690 800 2742 est
819 2677 858 2742 de
876 2677 948 2760 illis,
973 2679 1027 2764 qui
1052 2689 1118 2742 toto
1143 2679 1239 2743 corde
1264 2689 1295 2742 et
1312 2701 1445 2765 corpore
1469 2678 1512 2742 ad
1528 2679 1682 2762 seculum,
1706 2682 1803 2745 immo

167 2797 203 2853 ut
226 2811 323 2853 canes
347 2787 388 2852 ad
404 2787 559 2851 vomitum
582 2785 766 2850 redeunt?3
804 2784 963 2850 Omnibus
986 2784 1170 2849 hominibus
1194 2795 1268 2849 sunt
1291 2783 1550 2868 miserabiliores,
1576 2787 1653 2871 quia
1676 2797 1708 2851 et
1730 2787 1804 2852 Deo

167 2907 201 2960 et
223 2897 309 2959 omni
334 2873 441 2959 seculo
466 2904 540 2958 sunt
563 2891 828 2956 abhominabiles.

813 3054 862 3114 li.
904 3051 961 3114 De
994 3050 1157 3115 Sidone.

273 3179 369 3244 Unde
400 3178 533 3242 dicitur:
564 3178 730 3241 ‘Erubesce
755 3175 883 3257 Sr'doe',
914 3179 961 3240 or't
988 3201 1083 3242 mere.
1131 3175 1231 3256 Mare,
1263 3198 1336 3240 cum
1367 3197 1495 3262 semper
1525 3176 1566 3240 sit
1595 3175 1745 3241 instabile
1773 3188 1805 3241 et
1823 3199 1946 3249 nusae

121 3310 148 3348 ss
168 3291 321 3368 motum‘,
352 3287 385 3349 in
407 3282 558 3348 fluctibus
582 3305 710 3369 semper
733 3293 853 3368 surgat,
884 3293 991 3346 tamen
1022 3280 1095 3346 urbi
1119 3280 1335 3367 Sydoniorum
1366 3281 1630 3347 instabilitatem¹¹
1661 3284 1803 3366 insultat,

169 3395 246 3478 quia
269 3415 341 3457 cum
365 3391 558 3456 secularium
581 3391 681 3453 uitam
704 3388 791 3452 nulla
815 3387 973 3452 stabilitas
997 3387 1121 3468 solidet,
1152 3389 1222 3452 istis
1253 3398 1361 3452 tamen
1384 3387 1627 3454 instabilitatem
1651 3403 1683 3455 et
1705 3414 1803 3477 vaga-

167 3501 287 3562 tionem
310 3500 519 3584 inproperare
543 3496 654 3560 solent.
698 3495 834 3580 Semper
853 3496 938 3558 enim
957 3505 1031 3557 sunt
1054 3493 1175 3579 pavidi,
1200 3495 1275 3579 vagi
1284 3505 1308 3574 V,
1332 3496 1458 3578 incerti,
1483 3498 1634 3581 suspecti,
1659 3499 1693 3560 in
1716 3497 1820 3562 nullo*
1874 3515 1876 3522 ·

168 3605 238 3668 loco
262 3603 404 3685 stabiles,
429 3603 570 3666 omnium
586 3601 743 3666 bonorum
760 3611 968 3686 conspectum
992 3611 1023 3664 ct
1043 3599 1237 3686 colloquium
1253 3600 1463 3664 declinantes.
1500 3600 1641 3680 Quidam
1665 3603 1801 3684 illorum,

168 3709 295 3775 abiecto
325 3709 459 3796 pudore,
484 3709 606 3772 *omnia
629 3706 714 3770 bona
737 3702 946 3788 subsannant,
977 3729 1060 3800 quae
1091 3708 1124 3770 in
1149 3705 1293 3795 cenobiis
1316 3706 1475 3770 viderant.
1521 3707 1664 3772 Peccata
1687 3731 1745 3772 sua
1769 3719 1803 3773 ut
1822 3731 1907 3770 nuso.

120 3842 148 3880 ao
169 3816 309 3882 Sodoma
331 3815 501 3903 predicant
524 3837 583 3878 nec
608 3811 830 3878 abscondunt⁴
854 3823 886 3876 et
901 3811 1050 3876 omnibus
1074 3811 1222 3876 sordibus
1238 3812 1449 3877 inmunditiae
1465 3815 1589 3899 turpius
1606 3836 1702 3899 quam
1718 3813 1801 3879 ullus

168 3923 351 3988 secularisw
373 3923 558 4008 inmergrmt
581 3943 615 3984 se
639 3918 894 3984 insatiabiliter¹.
929 3918 973 3982 Et
996 3941 1069 3983 cum
1093 3941 1204 3983 omnes
1219 3919 1293 3982 viae
1316 3917 1443 3982 illorum
1466 3919 1652 4005 inquinatae
1677 3922 1818 4002 sinu-⁶„

167 4032 421 4115 omnitempore
444 4026 619 4092 ludibrium
643 4037 675 4090 et
699 4025 811 4090 sibilus
834 4037 908 4089 sunt
932 4024 1080 4090 omnibus
1105 4024 1225 4110 ubique
1248 4027 1282 4088 in
1306 4024 1394 4089 orbe.

806 4188 855 4249 18.
898 4184 956 4248 De
988 4186 1160 4249 coactis.

275 4312 340 4378 Sed
364 4312 463 4378 dicits
487 4311 620 4398 aliquis:
653 4309 755 4374 ‘Multi
778 4333 799 4373 a
822 4308 976 4373 divitibus
999 4307 1040 4373 ob
1064 4311 1241 4394 potentiam
1250 4320 1274 4391 ⁸,
1305 4309 1395 4374 multi
1420 4331 1439 4373 a
1461 4309 1659 4396 pauperibus
1691 4308 1731 4374 ob
1755 4312 1801 4374 in-

121 4443 148 4482 sa
167 4419 345 4506 digentiam
379 4421 413 4482 in
441 4418 636 4483 monasteria
670 4416 712 4480 ad
742 4415 913 4480 discendas
944 4414 1067 4479 litteras
1097 4415 1277 4497 traduntur,
1313 4426 1345 4480 et
1375 4415 1506 4502 quidam
1536 4417 1632 4480 minis
1663 4419 1801 4498 attracti,

167 4525 299 4612 quidam
330 4523 533 4589 suasionibus
563 4524 661 4588 illecti
691 4523 841 4587 monachi
871 4520 1064 4586 efficiuntur.
1110 4521 1217 4586 Numb
1249 4519 1290 4586 ob
1320 4523 1382 4587 hoc
1411 4533 1558 4608 pereunt,
1589 4524 1617 4586 si
1647 4545 1666 4586 a
1690 4532 1801 4588 coacto

166 4634 330 4720 proposito
347 4630 566 4696 deficiuntbi'
612 4629 716 4694 Audi:
742 4628 776 4693 Si
794 4628 1000 4714 congregatio
1024 4627 1160 4692 alicuius
1184 4627 1285 4692 filium
1309 4627 1352 4692 ad
1367 4627 1531 4693 docendas
1554 4628 1677 4693 litteras
1702 4631 1801 4693 susci-

273 4831 299 4894 a)
321 4834 456 4898 scripturn
475 4827 508 4880 D.
590 4827 618 4893 b)
640 4817 694 4880 Sed
714 4829 777 4879 dum
797 4854 829 4862 -
850 4828 1089 4894 concupiscentiae
1107 4827 1158 4878 des.
1177 4823 1211 4877 D.
1284 4825 1311 4890 c)
1332 4830 1443 4894 respicit
1463 4824 1490 4878 0.
1571 4827 1600 4890 d)
1622 4832 1749 4880 remansit
1768 4825 1800 4879 B.

167 4919 193 4984 e)
214 4921 278 4972 deest
295 4917 330 4970 D.
414 4919 435 4980 f)
457 4919 685 4985 concupiscentiis
705 4914 743 4979 133
764 4918 985 4986 concupiscentie
1005 4912 1033 4966 C.
1122 4912 1151 4982 g)
1172 4921 1276 4966 mutata
1297 4911 1323 4966 0.
1355 4907 1356 4911 ¹
1413 4914 1441 4979 h)
1462 4917 1528 4968 deest
1546 4913 1573 4966 0.
1657 4917 1679 4981 1)
1700 4919 1748 4968 scd
1767 4914 1801 4968 D.

121 5021 148 5058 to
167 5008 195 5073 lr)
217 5012 347 5076 ypocritis
361 5005 388 5059 0.
445 5007 464 5070 1)
484 5007 553 5068 add,
571 5015 601 5057 ut
617 5006 723 5066 ridetur,
741 5023 808 5056 maa.
824 5013 889 5070 post.
909 5001 943 5054 A.
997 5002 1034 5066 m)
1056 5005 1112 5055 Nos
1131 5022 1275 5055 ceramon.
1290 5013 1355 5070 post.
1374 5006 1403 5054 in
1416 5023 1494 5071 marp.
1512 5006 1571 5057 Hos
1590 5003 1623 5055 A.
1679 5005 1708 5068 ιι)
1728 5009 1800 5072 quis·

166 5116 219 5166 que
238 5095 271 5148 B.
291 5094 318 5148 0.
400 5095 428 5158 ο)
449 5103 609 5162 segregatus
629 5091 656 5146 C.
737 5095 766 5160 p)
788 5095 1003 5160 repromissionis
1023 5088 1055 5143 B.
1137 5091 1164 5158 q)
1186 5094 1301 5144 redeunt
1320 5089 1348 5144 0.
1429 5091 1452 5154 r)
1473 5095 1538 5145 decet
1555 5092 1594 5154 A,
1617 5094 1659 5144 red
1676 5112 1800 5160 suffusa.

166 5207 232 5240 πιαιι.
254 5197 319 5254 post.
409 5183 433 5248 s)
462 5187 552 5236 ierunt
576 5185 674 5249 scripsit
697 5201 764 5234 nsua.
786 5191 851 5248 post.
876 5183 904 5232 in
929 5183 979 5232 loco
1003 5199 1059 5232 raso
1083 5178 1124 5244 Α,
1149 5189 1265 5249 pereunt
1283 5177 1318 5231 D.
1408 5179 1430 5244 t)
1459 5191 1534 5235 motu
1558 5201 1621 5234 corr.
1646 5201 1714 5234 man.
1735 5192 1801 5248 port.

167 5285 255 5330 motus
275 5274 308 5326 A.
393 5273 422 5338 ιι)
443 5275 479 5324 ira
498 5271 531 5324 A.
550 5269 582 5324 Β.
597 5269 631 5336 0,
655 5270 834 5324 instabilitate
854 5267 888 5321 D.
973 5268 1000 5332 v)
1022 5289 1047 5322 v.
1067 5287 1092 5336 p.
1113 5266 1186 5321 DC.
1266 5268 1301 5333 w)
1322 5269 1487 5322 secularium
1506 5268 1540 5321 A.
1623 5269 1651 5335 x)
1673 5288 1702 5323 se
1721 5275 1801 5323 insat.

166 5369 229 5416 inm.
249 5361 281 5415 B.
301 5360 328 5415 0.
406 5363 435 5429 y)
456 5357 550 5414 icon.
569 5379 636 5412 man.
650 5370 716 5427 post.
735 5362 790 5411 sint
809 5357 842 5410 A.
921 5357 946 5422 a)
968 5359 1042 5409 dicet
1059 5354 1094 5409 D.
1173 5355 1200 5421 a)
1221 5359 1398 5430 penitentiam
1418 5355 1446 5410 0.
1517 5357 1547 5422 b>
1567 5376 1632 5411 num
1651 5377 1713 5411 corr.
1732 5379 1800 5411 osan.

120 5462 147 5502 tt
162 5463 226 5520 poet.
246 5455 317 5504 Num
336 5451 375 5515 Ας
396 5453 466 5502 Num
487 5477 518 5485 -
539 5451 668 5502 deficiunt
686 5449 735 5500 des.
755 5445 789 5498 D.

275 5619 304 5686 1)
330 5615 563 5689 Gen.19,lsq.
699 5611 729 5682 2)
758 5611 842 5669 Num.
869 5611 918 5683 21,
937 5611 1011 5686 deq.
1147 5610 1178 5681 3)
1207 5609 1292 5668 Pron.
1318 5609 1438 5681 26,11.
1574 5611 1605 5678 4)
1629 5612 1697 5669 lsai.
1724 5613 1752 5684 3,
1770 5613 1799 5670 9.

168 5725 199 5794 5)
224 5723 271 5782 Ps.
291 5723 379 5782 Hecr.
399 5721 448 5792 10,
467 5723 495 5778 5.
