4426 6398
462 376 526 439 024
831 381 1013 438 MONACHI
1037 381 1179 437 EXULIS
1204 379 1233 435 S.
1258 379 1474 436 LAURENTII
1500 379 1748 436 OPUSCULUM.

371 593 373 598 ’
461 585 611 636 narratur
627 573 646 632 ¹.
709 557 797 656 Erqo
845 571 1030 655 quicumque
1078 568 1314 648 manachorum,
1356 581 1526 654 postquam
1575 567 1793 654 Berenqarius
1842 565 1990 630 discessit
2033 565 2102 644 (vere

461 704 489 742 a.
511 678 595 740 1092
607 675 632 761 ²)
663 677 860 761 senioresque
877 676 1004 762 fratres
1034 675 1251 760 comprehensi
1277 678 1381 755 sunt⁸,
1413 677 1447 739 in
1471 675 1615 738 coenobio
1647 687 1874 753 remanserant,
1903 671 1996 735 Maia
2018 697 2104 738 neme

461 787 583 848 ineunte
607 783 735 868 eupulsi
754 796 826 847 sunt
847 795 966 867 etpost
988 782 1110 866 aliquot
1133 781 1200 845 dies
1224 783 1349 846 itineris
1372 781 1417 845 ad
1433 781 1664 868 Berenqarium
1682 793 1906 866 peruenerunt.
1943 777 2019 842 Post
2038 779 2105 845 bane

463 893 559 976 iqitur
575 889 669 969 diem,
692 889 750 954 sed
771 903 841 952 ante
865 888 894 951 d.
913 889 943 951 9.
961 887 1042 972 Auq.
1068 888 1118 951 vel
1135 889 1243 973 potius
1258 901 1423 973 antequam
1439 885 1581 952 Otbertus
1604 889 1769 972 episcopus
1792 911 1811 950 a
1836 885 1976 950 vasallis
1999 901 2107 950 coactm

462 1021 530 1060 curn
555 996 753 1060 adversariis
776 1009 910 1059 mactare
934 996 1115 1080 coepisset4,
1140 996 1173 1058 in
1197 994 1278 1058 ailla
1297 993 1522 1058 Eberneicurti
1529 997 1541 1036 ⁵
1556 1017 1661 1080 prope
1684 993 1799 1057 Remos
1821 995 1897 1073 sita,
1923 993 1982 1056 ubi
2002 991 2129 1058 Barea-e

459 1105 572 1190 qarius
588 1127 656 1165 cuni
671 1103 739 1165 suis
756 1101 911 1181 euulabat,
927 1103 1072 1164 carmina
1088 1100 1214 1164 condita
1230 1124 1294 1164 esse
1310 1115 1451 1186 apparet.
1490 1100 1599 1164 Utrum
1616 1124 1688 1164 vero
1703 1099 1866 1186 Repertus
1889 1101 1958 1163 iam
1979 1123 2008 1162 a.
2023 1101 2107 1162 1092.

463 1210 693 1296 Berenqarium
717 1221 837 1272 secutus
860 1209 966 1270 sitan
981 1206 1072 1270 Maio
1096 1206 1219 1270 demum
1243 1232 1271 1270 a.
1289 1207 1382 1270 1095.
1408 1208 1588 1271 coenobium
1610 1208 1785 1292 reliquerit,
1808 1230 1872 1270 non
1896 1207 2006 1290 liquet.
2040 1205 2110 1270 Inde

463 1318 544 1381 enim
569 1314 655 1400 quod
676 1329 738 1378 tam
760 1317 901 1401 qrauiter
925 1316 957 1378 in
982 1337 1032 1378 eos
1055 1313 1221 1378 nronacbos
1246 1314 1412 1394 invehitur,
1443 1317 1502 1399 qui
1522 1315 1630 1378 abbate
1653 1315 1782 1399 expulso
1806 1325 2035 1390 remanserant,
2064 1315 2112 1376 sir

467 1421 604 1486 Caucbie
626 1435 705 1485 recte
728 1423 836 1484 statuit
859 1424 961 1506 ipsum
993 1422 1027 1484 in
1051 1443 1156 1485 eorum
1183 1443 1311 1484 numero
1335 1444 1396 1484 nan
1412 1422 1522 1508 fuisse
1546 1445 1642 1506 neque
1666 1422 1770 1506 basum
1793 1420 1876 1483 banc
1898 1419 2111 1483 revelationem

464 1529 619 1608 babuisse,
643 1527 725 1591 unde
749 1529 841 1591 totius
864 1527 1011 1613 opusculi
1024 1528 1172 1613 formam
1195 1541 1223 1590 et
1245 1527 1411 1592 consilium
1428 1541 1604 1612 conceptum
1622 1550 1686 1590 esse
1702 1525 1853 1590 discimus.
1889 1524 1947 1588 An
1956 1539 2111 1611 peccatum
2124 1554 2141 1592 n

466 1634 549 1698 illud
571 1659 638 1698 euru
662 1636 783 1698 minore
806 1633 921 1697 ardore
945 1635 1168 1721 castiqatururn
1185 1635 1296 1720 fuisse
1313 1647 1474 1719 putamus,
1497 1635 1530 1698 si
1550 1635 1618 1720 ipse
1641 1635 1709 1698 eius
1731 1657 1844 1718 erpere
1859 1631 2010 1719 fuisset?

571 1739 704 1826 Siquis
720 1742 878 1826 poeticam
903 1742 967 1803 uine
990 1753 1019 1804 et
1041 1741 1226 1828 eleqantiam
1251 1743 1284 1804 iu
1309 1743 1354 1804 eis
1377 1741 1589 1825 requisiverit,
1612 1741 1755 1804 carmina
1779 1738 1869 1802 baud
1890 1741 2005 1825 maqni
2018 1740 2114 1824 pretii

463 1872 527 1912 esse
550 1847 733 1934 intelleqeffi.
782 1845 956 1911 Sententiae
985 1848 1066 1910 enim
1091 1861 1119 1910 et
1141 1847 1326 1932 elocutiones
1349 1860 1377 1910 et
1397 1845 1636 1926 similitudines,
1664 1847 1697 1910 si
1724 1869 1803 1932 quae
1832 1847 1990 1910 maiorem
2018 1846 2116 1908 animi

467 1957 601 2042 seqarem
631 1957 769 2040 sapiunt,
800 1967 855 2018 aut
883 1979 922 2017 eu
941 1951 1069 2017 Cantica
1092 1955 1295 2032 cantieorum,
1326 1953 1412 2038 quod
1439 1954 1585 2038 apprime
1615 1953 1757 2032 callebat,
1781 1967 1836 2016 aut
1858 1976 1898 2017 ea
1919 1950 2115 2037 Apocalypsi

464 2075 519 2124 aut
540 2085 579 2124 eu
601 2062 741 2145 antiquis
758 2062 863 2145 poetis
887 2059 1046 2145 Ilupertus
1069 2074 1225 2124 rnumatns
1249 2073 1300 2123 est.
1337 2059 1525 2123 Praeclaros
1549 2061 1647 2146 iqitur
1670 2060 1761 2124 illius
1783 2061 1896 2124 aetatis
1920 2057 2112 2145 ‘oermficas’,
2127 2083 2145 2122 0

465 2167 683 2232 Hildebertum
707 2169 885 2253 episcopum
907 2165 937 2228 T
936 2190 1116 2231 aronensem
1139 2181 1168 2232 et
1182 2166 1385 2230 Bernardnm
1409 2167 1549 2230 abbatem
1570 2163 1887 2244 claraevallensem,
1911 2189 1976 2228 aon
1998 2179 2043 2229 est
2063 2189 2114 2228 cur

464 2299 532 2338 eum
556 2276 806 2360 aequiparemus.
858 2273 927 2350 (200
951 2273 989 2336 de
1012 2298 1046 2336 re
1070 2297 1130 2336 non
1155 2275 1320 2352 immerito,
1344 2273 1402 2336 ubi
1422 2295 1519 2357 opera
1541 2296 1599 2336 sua
1623 2274 1692 2358 ipse
1716 2274 1920 2352 enumeravit,
1951 2271 2027 2335 baec
2050 2295 2112 2334 aar·
2174 2260 2176 2264 ¹

463 2383 562 2460 mina,
586 2381 732 2466 adquae
759 2379 922 2444 condenda
952 2403 1011 2444 non
1043 2393 1104 2444 tam
1129 2381 1268 2465 proprio
1299 2380 1434 2466 inqenio,
1466 2403 1560 2463 quam
1591 2403 1675 2443 neore
1704 2379 1835 2466 oulqari
1860 2377 2112 2443 scholasticorum

457 2501 649 2572 prouocatus
672 2511 736 2552 esse
759 2486 914 2566 videatur,
938 2487 977 2550 ab
992 2509 1035 2566 ,eo
1059 2487 1175 2550 omissa
1199 2509 1263 2550 esse
1290 2485 1406 2549 iudico.
1453 2484 1563 2571 Neque
1593 2509 1665 2549 cero
1696 2509 1746 2549 res
1774 2499 1846 2548 tunc
1872 2498 1980 2571 qestae
2008 2484 2114 2548 nulius

465 2617 503 2656 en
531 2595 611 2658 serie
646 2607 752 2657 nostra
788 2595 934 2678 coquosci
957 2605 1120 2678 poterunt,
1154 2616 1246 2677 quarn
1279 2616 1317 2656 eu
1347 2593 1449 2656 uariis
1483 2593 1632 2656 ecclesiae
1660 2591 1848 2656 Leodiensis
1877 2605 1906 2656 et
1927 2593 2148 2678 provinciaeso

464 2699 615 2786 Belqiaae
645 2699 813 2778 chronicis,
846 2723 977 2784 quorum
1007 2722 1069 2763 non
1094 2723 1203 2785 pauca
1232 2700 1408 2762 etiamnunc
1438 2711 1550 2762 eutarrt.
1601 2697 1798 2785 Quamquam
1828 2722 1897 2762 earn
1922 2721 1988 2784 pro
2018 2697 2112 2762 nibilo

465 2805 577 2871 <lucem
600 2829 661 2868 nan
685 2806 764 2870 licet.
817 2805 960 2870 Testatur
983 2807 1076 2884 enim,
1107 2829 1167 2890 quo
1190 2807 1297 2870 animo
1321 2805 1489 2869 monachus
1513 2807 1602 2869 omni
1629 2829 1708 2890 quae
1738 2819 1809 2869 tunc
1835 2805 1970 2889 acquiri
1983 2817 2112 2890 poterat,

392 2921 394 2926 '
465 2911 610 2977 doctrina
633 2925 661 2977 et
683 2912 858 2976 eruditione
881 2912 1016 2976 imbutus
1039 2936 1196 2998 niaqnam,
1222 2935 1301 2998 quae
1325 2914 1406 2976 inter
1428 2935 1557 2998 requam
1580 2925 1609 2976 et
1630 2911 1839 2976 sacerdotium
1862 2911 2025 2997 aqebatur,
2048 2935 2112 2974 con·

464 3021 648 3083 torneiam
673 3032 754 3098 ncnc,
778 3043 846 3082 eune
870 3018 1133 3082 vehementissime
1156 3018 1296 3100 ardebat,
1327 3042 1443 3082 necnon
1459 3020 1714 3104 perturbationes
1737 3017 1812 3082 inde
1841 3019 1877 3081 in
1899 3031 1960 3081 toto
1984 3019 2112 3103 irnperio

465 3127 634 3190 concinitas
657 3125 913 3204 consideraverit,
937 3139 965 3189 et
987 3149 1081 3210 quarn
1110 3125 1269 3189 uehemens
1292 3125 1398 3190 aelium
1423 3138 1451 3188 et
1474 3125 1601 3189 inuidia
1624 3147 1729 3188 earum
1746 3125 1866 3211 fuerit,
1896 3125 1957 3209 qui
1984 3125 2147 3189 interseri

457 3233 653 3319 puqnabant.

593 3355 794 3420 Berolini
821 3382 850 3419 a.
872 3357 965 3417 1896.
993 3353 1075 3440 Sept.
1098 3357 1145 3418 18.
1699 3355 1741 3418 Η.
1767 3353 2010 3419 BOEHMER.

1275 3568 1301 3632 1.

892 3691 1005 3756 'Nune
1030 3693 1097 3778 agit
1120 3690 1240 3755 bellum
1264 3691 1362 3757 draca
1386 3692 1571 3758 bellicosus.

891 3799 933 3862 Ei
957 3797 1072 3863 miehi!
1098 3799 1227 3884 quantis
1251 3799 1361 3884 spoliis
1386 3804 1543 3863 onustus⁸

891 3905 1026 3970 Terciss
1050 3905 1159 3970 stellas
1183 3905 1282 3992 trehit
1304 3905 1444 3991 illigatas

947 4011 1063 4076 Gauda
1085 4011 1238 4077 draconis
1248 4017 1270 4076 ⁹.

848 4135 863 4184 5
893 4118 1033 4205 Spiritus
1057 4118 1144 4208 00100
1168 4119 1292 4182 faciens
1317 4128 1349 4182 et
1372 4141 1502 4202 ornans,

892 4225 1031 4289 Fecerat
1055 4225 1154 4289 solem
1178 4226 1365 4311 pariterque
1388 4225 1508 4308 lunum,

891 4332 1030 4396 Fecerat
1053 4331 1162 4396 stellae
1186 4333 1284 4396 etiam
1307 4333 1458 4414 minores,

946 4438 1070 4503 Ordine
1094 4461 1230 4526 ponens.

890 4544 1041 4608 Preeulee
1064 4545 1146 4610 tales
1170 4544 1267 4609 hodie
1290 4545 1450 4628 videmus,

833 4667 865 4716 10
894 4649 950 4715 Sol
973 4651 1062 4738 quod
1084 4651 1214 4739 elapsus
1239 4653 1364 4738 superis
1387 4652 1533 4734 videtur;

893 4755 982 4822 Telis
1007 4756 1163 4824 abbatum
1186 4770 1298 4842 status,
1323 4769 1358 4822 ut
1380 4759 1484 4822 ruisse

945 4864 1040 4929 Luna
1062 4876 1202 4951 putetur.
2133 4891 2155 4930 n

577 5086 605 5155 l)
633 5083 738 5144 Cleron.
754 5106 777 5143 s.
796 5086 886 5142 Laur.
912 5106 935 5142 0.
954 5084 1004 5156 49,
1030 5085 1086 5142 SS.
1101 5084 1182 5156 VIII,
1201 5106 1234 5162 p.
1254 5086 1326 5143 279.
1421 5083 1451 5160 2)
1477 5085 1616 5144 Eoeulavit
1638 5086 1708 5144 snitu
1727 5105 1785 5162 per
1805 5093 1861 5144 tres
1876 5106 1970 5144 annos
1993 5094 2020 5142 et
2041 5085 2117 5144 dirui-

466 5191 558 5263 clium5
582 5193 623 5264 cs.
641 5194 659 5248 1.
676 5194 694 5249 1.
713 5212 735 5248 0.
754 5192 806 5262 41,
825 5212 858 5268 p.
878 5190 956 5261 218,
980 5191 1059 5268 atqui
1080 5211 1109 5248 a.
1127 5190 1309 5269 10901109.
1328 5193 1357 5250 9.
1381 5193 1505 5250 revertit.
1555 5194 1636 5270 Erqa
1658 5212 1724 5251 vere
1746 5213 1775 5250 a.
1795 5191 1889 5249 1092.
1915 5194 2049 5268 erpulstu
2071 5201 2116 5250 est.

468 5296 498 5369 3)
522 5299 557 5356 A.
579 5298 671 5356 1095.
698 5299 789 5355 Mart.
808 5298 864 5368 21;
895 5299 935 5370 cs.
960 5300 1013 5354 11.
1039 5319 1061 5355 c.
1080 5297 1131 5368 49,
1150 5318 1184 5374 p.
1203 5297 1275 5354 278.
1378 5299 1409 5369 4)
1436 5298 1485 5371 Cf.
1511 5300 1565 5356 11.
1591 5319 1613 5356 c.
1632 5299 1683 5369 50,
1702 5319 1736 5376 p.
1755 5298 1829 5355 219.
1934 5298 1965 5369 5)
1991 5297 2116 5370 0111.

467 5425 489 5462 a.
508 5406 559 5478 47,
585 5426 618 5483 p.
645 5405 718 5462 218.
768 5405 887 5462 Mnime
915 5404 945 5461 in
967 5405 1137 5462 monasterio
1165 5425 1188 5462 s.
1213 5404 1341 5476 Huberti,
1366 5414 1397 5462 ut
1418 5405 1538 5464 11001011
1558 5405 1663 5476 statuat,
1695 5407 1712 5461 1.
1735 5407 1753 5462 1.
1778 5425 1811 5481 p.
1830 5403 1903 5462 303.
2025 5404 2056 5477 6)
2081 5405 2121 5462 Et

468 5510 590 5571 Oaucbie
613 5521 639 5569 et
660 5512 781 5570 Rocball
801 5513 885 5568 multo
902 5511 999 5586 pluris
1022 5530 1055 5568 ea
1079 5530 1162 5586 quam
1187 5512 1265 5568 decet
1279 5511 1425 5583 fecerunt.
1516 5511 1546 5582 7)
1574 5511 1622 5584 Os.
1647 5511 1683 5569 de
1705 5511 1744 5570 eis
1767 5512 1895 5582 Rocboll,
1920 5512 1974 5568 11.
1992 5531 2027 5588 p.
2046 5511 2117 5568 266.
2135 5530 2159 5568 ee

467 5617 498 5688 8)
522 5620 593 5677 Aen.
618 5618 642 5691 I,
669 5619 749 5676 289:
781 5620 876 5693 spoliis
901 5617 1026 5673 Orientis
1049 5625 1189 5673 onustum.
1295 5616 1325 5689 9)
1350 5617 1438 5696 Apac.
1459 5618 1510 5689 12,
1529 5619 1558 5674 3.
1577 5619 1612 5674 4:
1646 5627 1675 5675 et
1699 5620 1790 5674 cauda
1813 5621 1873 5676 eius
1898 5613 1948 5693 (sc.
1974 5611 2118 5693 dream)

466 5728 600 5783 trahebat
623 5729 737 5784 tertiam
760 5733 871 5798 partem
895 5725 1041 5780 stellsmm
1063 5724 1144 5781 eseli.
