4418 6412
317 1089 365 1129 ιοιι.
373 1089 394 1138 ι,
402 1089 436 1128 so.

316 1195 437 1244 rascas.

457 336 521 400 362
748 343 929 400 GERHOHI
951 341 1184 399 PRAEPOSITI
1209 339 1617 398 REICHERSBERGENSIS
1641 339 1808 406 LIBELLI.

455 529 518 595 hoc
541 552 613 594 esse
637 529 766 594 dicunt:
791 539 950 616 quatenus
971 530 1200 616 imperatorem
1215 529 1419 594 Fridericum
1436 528 1758 593 excommunicarent
1781 537 1814 592 et
1837 523 1964 612 absque
1982 523 2112 589 consilio

457 635 655 702 Willehelmi
679 635 782 701 Siculi
805 645 837 700 et
860 635 1153 701 lllediolanensium
1183 658 1361 723 numquam
1391 633 1599 700 absolverent
1609 639 1629 698 ².
1679 632 1724 698 At
1754 656 1829 698 cum
1859 631 1977 697 dicunt
2008 633 2055 695 eis
2083 631 2114 695 hi

457 744 512 830 qui
541 741 685 806 nondum
710 743 744 805 in
766 742 850 806 hanc
874 741 928 806 vel
958 741 1045 807 illam
1069 755 1194 829 partem
1219 753 1438 824 accesserunt,
1469 751 1629 829 quatenus
1659 739 1886 828 probantque
1911 738 2040 820 dicunt,
2070 761 2116 802 re-

458 847 672 936 spondentes:
698 846 910 931 ‘Quomodo’,
927 849 1086 936 inquiunt,
1104 855 1233 914 ‘contra
1248 872 1304 915 eos
1320 847 1459 936 probare
1477 848 1556 936 quid
1571 870 1753 934 possumus,
1770 848 1828 935 qui
1844 868 1977 912 omnem
1995 844 2117 909 aeccle-

458 957 525 1020 siae
549 954 749 1020 audientiam
772 955 1013 1042 subterfugiunt
1035 955 1089 1020 vel
1112 957 1270 1042 exagitati
1293 955 1377 1021 male
1402 955 1530 1020 stimulo
1553 955 1774 1020 conscientiae
1797 954 1851 1019 vel
1874 953 1963 1018 fastu
1988 951 2147 1038 deceptis

457 1061 634 1150 superbie?
680 1062 764 1126 Nam
794 1063 879 1127 sicut
902 1065 962 1150 qai
981 1065 1062 1128 male
1085 1066 1153 1152 agit
1174 1063 1242 1129 odit
1264 1066 1373 1146 lacem,
1403 1060 1498 1152 [αι’]
1529 1086 1590 1127 aon
1620 1077 1795 1150 arptmatar
1823 1085 1921 1148 opero
1951 1062 2036 1139 eiras,
2065 1059 2120 1140 ita,

456 1169 616 1257 inquiunt,
641 1170 738 1233 etiam
762 1170 896 1233 istorum
923 1172 1072 1257 apertio
1096 1171 1267 1236 odientium
1291 1170 1462 1234 veritatem
1493 1169 1635 1235 ascendit
1656 1193 1787 1256 semper,
1811 1179 1846 1232 ut
1868 1165 1956 1232 male
1983 1177 2121 1251 agentes

347 1358 351 1366 Ι
458 1276 522 1362 ipsi
544 1276 667 1362 proprii
691 1275 770 1340 facti
793 1275 906 1340 arbitri
931 1299 1002 1341 csse
1026 1276 1137 1341 velint.
1183 1276 1361 1364 Numquid,
1391 1277 1552 1364 inquiunt,
1582 1299 1648 1340 non
1678 1273 1866 1362 superbiam
1891 1274 2009 1360 spirat,
2034 1270 2123 1359 quod

358 1621 395 1672 ἰ).
403 1623 437 1662 tl.

387 4237 438 4284 (5⁸).

455 1382 585 1447 invitati
608 1381 650 1446 ad
674 1381 823 1446 sinodum
846 1383 950 1468 Papic
975 1383 1202 1470 episcoporum
1230 1383 1430 1471 aliorumque
1454 1383 1613 1448 ecclesiae
1637 1382 1846 1469 prelatorum,
1870 1404 1953 1467 quos
1978 1382 2122 1466 impera-

456 1489 534 1554 toris
558 1487 719 1554 Friderici
746 1487 969 1555 ecclesiastica
992 1511 1031 1554 ac
1054 1491 1110 1576 pia
1133 1489 1303 1576 diligentia
1326 1500 1594 1576 congregaverat,
1625 1512 1690 1554 non
1720 1489 1824 1554 solum
1853 1510 1920 1553 non
1944 1497 2122 1568 venerunt,
2142 1510 2165 1548 ιι

457 1595 515 1660 sed
538 1607 571 1659 et
594 1595 828 1681 respondentes
853 1594 1004 1683 superbie
1029 1595 1183 1661 dixerunt
1205 1619 1250 1678 se,
1276 1619 1413 1685 quorum
1429 1607 1516 1661 esset
1533 1596 1587 1661 'de
1604 1595 1754 1660 omnibus
1770 1594 1928 1678 iudicare,
1952 1593 2123 1659 nullorum

456 1701 639 1766 mortalium
663 1701 819 1766 iudicium
844 1701 952 1767 subire
976 1702 1060 1767 velle
1085 1713 1141 1768 aut
1163 1702 1331 1768 debere2‘l
1370 1702 1416 1768 At
1438 1715 1558 1786 noster,
1585 1703 1746 1790 inquiunt,
1769 1724 1857 1790 papa
1871 1701 1992 1766 Victor
2016 1723 2123 1786 agnos

456 1818 643 1873 mansuetus
679 1808 722 1873 ad
751 1809 924 1874 concilium
960 1810 1186 1896 episcoporum
1217 1811 1308 1874 venit
1343 1821 1375 1874 ct
1409 1832 1542 1875 causam
1577 1832 1669 1874 suam
1703 1808 1957 1874 examinandam
1997 1806 2122 1872 iudicio

457 1914 596 1980 ecclesie
620 1916 789 1999 commisit,
814 1914 870 1981 ubi
894 1927 927 1980 et
949 1915 1063 1981 ordine
1088 1915 1255 1981 electionis
1280 1927 1312 1981 et
1328 1916 1468 2004 qualiter
1490 1917 1523 1981 in
1540 1915 1784 1981 ecclesiabeati
1798 1915 1889 1980 Petri
1912 1915 1986 2002 ipse
2012 1914 2122 1979 nullus

458 2021 540 2086 alius
563 2023 762 2086 inmantatns
786 2033 818 2086 et
841 2023 1052 2087 intronizatus
1077 2033 1126 2087 est
1149 2022 1323 2110 diligenter
1346 2024 1504 2110 exposito,
1532 2021 1687 2087 videlicet
1710 2021 1770 2086 sub
1800 2020 2017 2086 iurisiurandi
2047 2044 2121 2108 pro
2140 2044 2163 2084 ιι

458 2127 615 2193 babilium
632 2127 836 2194 sacerdotum
860 2140 892 2194 et
911 2129 1047 2194 aliorum
1064 2131 1120 2217 qui
1136 2130 1311 2195 interfuere
1329 2129 1521 2195 clericorum
1538 2130 1754 2211 attestatione,
1778 2139 1903 2193 semota
1919 2129 2012 2192 omni
2035 2127 2121 2192 laica

459 2235 614 2300 violentia
630 2258 688 2299 sen
706 2235 837 2318 iudicio,
861 2237 895 2300 in
918 2258 1038 2322 papam
1061 2236 1257 2302 catholicum
1282 2236 1440 2302 ecclesiae
1465 2235 1644 2302 catholicae
1661 2258 1681 2300 a
1696 2236 1934 2323 quinquaginta
1950 2235 2120 2322 episcopis

460 2351 492 2405 et
515 2341 587 2406 aliis
611 2342 772 2428 religiosis
799 2341 958 2428 patribus,
983 2344 1038 2430 qui
1067 2341 1174 2408 eidem
1204 2343 1380 2408 interfuere
1412 2342 1560 2423 concilio,
1591 2344 1721 2429 agnitus
1752 2353 1784 2406 et
1813 2342 2028 2407 confirmatus
2059 2353 2120 2407 est.

459 2447 524 2513 Ubi
549 2459 581 2512 et
603 2448 668 2532 ille,
697 2449 846 2536 inquiunt
855 2455 877 2532 ³,
908 2451 1111 2515 scismaticus
1135 2450 1314 2533 Rtlandus,
1339 2452 1394 2538 qui
1418 2451 1524 2514 ΧΙΙ1110
1547 2460 1622 2537 post
1643 2471 1729 2536 pape
1753 2449 1896 2514 Victoris
1921 2448 2120 2514 electionem

459 2565 492 2619 ct
521 2557 787 2620 inmantationem
816 2556 868 2621 dic
892 2557 980 2643 apud
1004 2555 1170 2622 Cisternas
1201 2559 1344 2622 intrusus
1375 2569 1433 2640 cst,
1464 2556 1506 2622 ab
1536 2559 1607 2645 ipso
1631 2556 1764 2622 Victore
1794 2579 1882 2642 papa
1904 2565 1938 2620 et
1960 2557 2119 2620 universo
2138 2581 2162 2620 ιι

459 2660 607 2744 concilio,
631 2661 733 2726 tribus
749 2662 920 2728 dumtaxat
935 2685 970 2728 se
987 2662 1251 2728 subtrahentibus
1275 2665 1448 2751 episcopis,
1473 2664 1774 2730 excommunicatus
1790 2663 1864 2728 est'.
1904 2663 1979 2728 Hec
2004 2662 2120 2728 dicunt

459 2768 553 2833 simul
580 2779 613 2832 et
635 2768 760 2833 litteras
776 2769 936 2856 quasdam
952 2769 1078 2856 pridem
1102 2792 1122 2834 a
1144 2793 1232 2857 papa
1246 2770 1403 2855 Adriano,
1428 2771 1509 2836 alias
1525 2773 1623 2836 etiam
1638 2770 1845 2858 postmodum
1864 2768 1906 2834 ab
1922 2768 2119 2834 Alexandro

458 2873 501 2938 ad
524 2875 672 2939 inimicos
696 2876 823 2962 imperii
848 2877 941 2962 quasi
965 2875 1106 2942 directas
1129 2879 1164 2941 in
1187 2879 1406 2942 testimonium
1429 2879 1515 2944 facte
1539 2889 1652 2943 contra
1675 2877 1846 2964 imperium
1864 2876 2118 2965 conspirationis

458 2981 627 3067 proferunt
636 2987 658 3045 ⁴.
706 2982 806 3047 Facte
836 2994 944 3048 autem
976 2983 1134 3049 eiusmodi
1165 2985 1414 3070 conspirationis
1438 2986 1536 3050 etiarn
1560 3007 1594 3049 sc
1617 2985 1707 3071 ipsos
1733 2994 1833 3048 testes
1856 2983 2029 3070 proferunt
2052 2983 2118 3048 dno

458 3087 504 3152 illi
528 3088 721 3172 cardinales,
746 3090 801 3176 qui
827 3089 1007 3154 Octaviano
1031 3093 1132 3177 partis
1157 3101 1240 3173 sunt,
1265 3101 1376 3178 utpote
1401 3093 1467 3178 qui,
1499 3093 1582 3156 sicut
1604 3093 1666 3178 ipsi
1690 3091 1842 3174 fatentem,
1867 3090 2016 3156 eiusdem
2041 3113 2117 3155 con·
2136 3115 2160 3154 ιι

458 3195 644 3280 spirationis
668 3197 749 3260 socii
765 3197 932 3261 extiterint
955 3207 988 3262 et
1010 3198 1186 3284 participes
1210 3197 1295 3262 illius
1319 3198 1402 3263 male
1427 3199 1502 3264 date
1527 3209 1559 3264 et
1582 3209 1717 3286 accepte
1733 3199 1873 3286 pecunie
1896 3199 2117 3284 inpunitatem

459 3300 521 3366 sibi
545 3324 643 3388 super
665 3303 727 3369 hoc
751 3303 821 3389 ipso
846 3302 934 3390 apud
957 3305 1129 3390 imperium
1153 3306 1387 3390 promittentes,
1413 3329 1451 3371 eo
1475 3305 1564 3393 quod
1587 3303 1714 3392 legibus
1737 3306 1971 3392 imperatorum
1994 3306 2030 3369 in
2054 3306 2116 3369 cri-

459 3409 544 3472 mine
568 3408 635 3473 lese
658 3411 860 3474 maiestatis⁵
882 3409 1101 3496 proditoribus
1125 3412 1223 3476 etiam
1248 3413 1345 3476 sociis
1369 3413 1540 3477 caminum
1563 3436 1628 3477 non
1645 3412 1747 3477 solum
1763 3412 1939 3498 impunitas
1956 3413 2116 3498 promitti·

457 3525 520 3596 tur,
551 3515 609 3579 sed
639 3517 736 3580 etiarn
767 3516 808 3581 ad
838 3516 1077 3582 testificandum
1108 3529 1221 3582 contra
1251 3519 1379 3583 sociosb
1404 3520 1575 3584 criminum
1606 3519 1830 3584 admittuntur.
1877 3517 1945 3584 Sed
1972 3541 2039 3584 non
2067 3520 2115 3583 sic

459 3621 679 3686 ecclesiastice
695 3621 785 3708 leges
805 3634 949 3704 censent,
966 3645 1028 3710 que
1045 3623 1133 3711 apud
1149 3623 1270 3688 clerum
1286 3626 1446 3712 potiorem
1462 3625 1568 3690 locum
1586 3627 1743 3713 optinent,
1767 3635 1878 3712 utpote
1902 3647 1967 3713 quc
1991 3627 2114 3690 nemini
2133 3650 2158 3688 ιι

459 3727 499 3791 de
524 3749 559 3792 se
583 3727 732 3792 confesso
756 3752 854 3815 super
877 3730 982 3795 alieno
1006 3730 1142 3794 crimine
1167 3729 1366 3796 credendum
1390 3754 1461 3796 esse
1485 3732 1640 3797 iudicant.
1686 3732 1731 3796 At
1758 3732 1805 3797 illi
1832 3732 2059 3797 contenebrati
2083 3744 2116 3796 et

458 3833 547 3919 leges
571 3834 810 3900 ecclesiasticas
833 3837 967 3900 minoris
996 3835 1155 3901 habentos
1186 3839 1219 3900 in
1243 3859 1301 3902 suo
1325 3837 1485 3903 destinato
1509 3851 1701 3926 permanent
1724 3861 1763 3904 ac
1788 3838 1902 3904 dicunt
1924 3839 2024 3904 etiarn
2049 3862 2113 3903 non

458 3939 558 4005 fuisse
570 3940 706 4006 liberam
717 3964 779 4007 nec
791 3965 905 4028 puram
918 3944 951 4006 in
963 3942 1188 4008 Alexandrum
1200 3942 1320 4009 factam
1333 3943 1534 4028 electionem,
1552 3968 1614 4033 que
1627 3948 1712 4010 inter
1723 3944 1808 4010 solos
1821 3944 1995 4010 duodecim
2009 3945 2113 4010 cardi-

457 4047 547 4112 nales
564 4048 795 4113 coniurationis
812 4051 917 4114 socios
933 4073 997 4114 non
1013 4051 1083 4114 sine
1099 4051 1202 4137 precii
1218 4051 1404 4116 interventu
1421 4063 1584 4116 coarctata
1604 4053 1655 4134 sit,
1679 4052 1806 4116 etiamsi
1828 4053 1918 4139 prior
1940 4053 2112 4117 extitisset

679 4211 731 4272 54.
768 4207 875 4290 Quid
898 4231 994 4295 pars
1017 4209 1252 4275 Alexandri
1276 4223 1423 4277 contra
1447 4213 1725 4277 Octavianum
1749 4212 1889 4278 dicat?
2129 4235 2154 4276 ss

564 4330 610 4395 At
639 4354 717 4395 vero
748 4331 780 4395 hi
812 4333 867 4418 qui
897 4331 937 4396 de
964 4345 1056 4419 parte
1080 4333 1261 4400 Alexandri
1292 4347 1367 4401 sunt
1395 4359 1533 4422 magnas
1563 4338 1660 4401 etiam
1691 4337 1754 4423 ipsi
1785 4348 1817 4402 ct
1846 4359 1963 4424 graves
1994 4360 2111 4403 causas

459 4436 609 4502 electioni
639 4439 673 4500 in
702 4438 918 4502 Octavianum
949 4439 1034 4504 facte
1066 4439 1242 4527 obponunt.
1296 4443 1406 4508 Primo
1435 4443 1591 4508 videlicet
1621 4443 1662 4508 de
1692 4455 1812 4528 manto,
1843 4443 1931 4530 quod
1961 4443 2109 4509 Rtlando

563 4598 590 4662 a)
611 4603 678 4652 deest
695 4620 716 4653 c.
789 4599 817 4664 b)
839 4606 929 4654 socias
947 4623 967 4655 c.

458 4731 609 4802 eligerent,
634 4732 682 4803 qui
706 4733 806 4788 cadem
829 4733 1021 4790 coniuratione
1046 4743 1211 4804 teneretur3
1237 4736 1277 4806 cf.
1297 4735 1460 4794 Orationem
1484 4737 1616 4795 advocati
1634 4737 1761 4807 Victoris,
1785 4737 1819 4793 ib.
1831 4757 1865 4812 p.
1884 4735 1966 4806 259,-
1990 4737 2107 4811 Eurycl.

457 4836 522 4911 imp.
547 4835 581 4892 ib.
600 4857 633 4912 p.
653 4836 715 4892 263
731 4857 773 4913 sq.
875 4835 903 4912 l)
934 4837 983 4910 Cf.
1009 4839 1098 4898 Gesta
1115 4841 1296 4900 Fridericil.
1321 4844 1387 4918 imp.
1412 4845 1441 4900 ia
1465 4843 1641 4902 Lombardt'a
1664 4839 1754 4919 (Ana.
1780 4843 1935 4901 Mediolon.
1959 4839 2041 4919 mat'.)
2066 4845 2108 4902 ed.
2126 4859 2151 4897 ⁴⁰

456 4942 690 5019 Heldo-Eyper
713 4939 832 5020 (1892)
851 4964 885 5020 p.
904 4945 961 5001 39:
986 4947 1194 5020 Papaqnoque
1212 4968 1379 5012 econverso
1402 4952 1477 5007 idem
1501 4952 1634 5008 convenit
1656 4953 1787 5021 cumeis,
1811 4959 1842 5008 et
1865 4953 2008 5024 convenit,
2033 4953 2108 5024 quod

455 5051 491 5104 ab
514 5050 563 5105 illa
585 5051 631 5106 die
654 5069 745 5122 usque
769 5052 804 5106 ad
821 5053 874 5106 XL
890 5054 952 5108 dies
977 5057 1229 5112 excommunicaret
1252 5058 1461 5128 imperatorem.
1547 5055 1578 5132 2)
1604 5056 1652 5129 Os.
1674 5059 1850 5133 Responsam
1874 5058 2037 5116 Alexandri
2050 5057 2107 5128 111,

458 5153 571 5213 Cbastit.
586 5155 651 5231 imp.
666 5156 689 5226 1,
701 5177 735 5232 p.
750 5156 822 5213 257.
894 5157 923 5228 3)
943 5157 992 5230 Cf.
1008 5160 1100 5234 Epist.
1115 5162 1226 5219 carrlia.
1242 5163 1361 5220 Victoris
1376 5165 1394 5219 l.
1412 5166 1430 5220 l.
1442 5184 1475 5240 p.
1491 5163 1572 5234 ttt;
1590 5165 1707 5238 Eaeycl.
1725 5184 1801 5222 coac.
1815 5165 1901 5240 Pap,
1918 5167 1937 5222 l.
1954 5167 1972 5222 l.
1987 5185 2017 5240 p.
2033 5163 2107 5221 266.

456 5259 488 5336 4)
513 5262 629 5336 Eaeyrl.
655 5283 731 5320 eoae.
757 5263 831 5340 Pap.
856 5267 873 5320 l.
892 5267 909 5322 l.
929 5285 962 5341 p.
978 5265 1057 5322 267:
1090 5269 1246 5326 Praeterea
1276 5272 1496 5328 coniurationem
1527 5272 1603 5328 inter
1625 5271 1794 5327 Rollandurn
1825 5279 1855 5328 et
1882 5289 1947 5328 suos
1970 5290 2107 5344 sequaces

455 5371 613 5425 cardinales
636 5389 699 5424 cum
723 5371 985 5428 Mediolanensibus
1009 5382 1039 5429 et
1064 5373 1158 5429 Siculo
1180 5376 1382 5432 nefandissime
1406 5385 1600 5450 perpetratam
1625 5387 1654 5434 et
1677 5397 1730 5450 per
1753 5379 1828 5451 ipsos
1851 5381 2053 5446 coniuratores,
2078 5386 2107 5435 ct
2124 5391 2150 5430 st

455 5494 507 5548 per
528 5476 639 5532 litteras
662 5477 794 5532 Rollandi
817 5479 1078 5535 Mediolanensibus
1108 5483 1232 5537 directas
1263 5491 1293 5538 et
1323 5484 1384 5538 aliis
1408 5484 1642 5540 manifestissimis
1672 5486 1845 5557 argumentis
1868 5487 2106 5558 deprehendimus

456 5589 485 5638 et
507 5585 696 5655 cognovimus.
788 5580 819 5658 5)
844 5583 892 5656 Os.
910 5585 1034 5642 Decreta
1057 5585 1124 5642 Iulii
1146 5608 1168 5645 c.
1190 5587 1239 5660 12,
1264 5589 1418 5647 Istrasclrias
1435 5610 1469 5666 p.
1484 5589 1563 5661 ttt;
1589 5588 1674 5648 Grat.
1692 5591 1779 5648 Decr.
1797 5592 1902 5662 cXV,
1926 5613 1972 5668 qa.
1987 5593 2016 5662 3,
2034 5611 2056 5649 c.
2072 5592 2106 5662 5,-

455 5687 548 5764 Epist.
575 5687 703 5748 Gerbodi
724 5690 766 5746 ad
787 5691 909 5761 cardia,
934 5691 1049 5749 ‘Arabia
1066 5693 1097 5764 s.
1122 5697 1222 5751 deferr.
1250 5693 1362 5754 Gaea)
1381 5697 1432 5767 47,
1451 5717 1484 5773 p.
1504 5697 1577 5754 369.
