4386 6390
599 373 651 427 DE
677 372 839 436 QUARTA
862 371 1014 428 VIGILIA
1038 371 1189 428 NOCTIS.
1656 367 1720 430 519

67 557 272 643 peratoribus
302 560 446 624 iurantes
477 569 697 641 annecterent,
728 558 820 623 salva
849 560 899 623 sui
929 557 1030 622 officii
1052 557 1105 622 vel
1129 557 1251 622 ordinis
1278 559 1475 645 integritate.
1522 559 1619 640 Quod
1643 583 1721 647 crgo

66 686 158 728 suunt
184 675 234 730 est
256 676 510 752 recognoscatur
531 666 718 751 imperatori
742 675 774 730 et
797 665 916 730 exinde
940 665 1030 729 salvo
1053 664 1119 730 Dei
1143 667 1256 730 timore
1280 675 1378 752 atque
1402 666 1523 730 honora
1546 667 1722 733 honoretur

65 771 247 836 secundam
268 771 356 858 quod
372 773 529 859 scriptum
546 783 610 836 est:
636 772 738 838 Deum
754 775 865 853 timete,
888 797 988 859 repent
1006 774 1216 860 honorificate.
1253 772 1351 854 Quod
1374 795 1452 838 vero
1476 771 1517 837 ab
1541 773 1627 838 illius
1651 775 1898 850 inrepserant.

64 880 198 944 omnino
224 889 273 943 est
295 878 437 943 alienum
461 889 577 944 caveat
600 878 662 942 sibi
685 902 852 966 usurpare,
883 901 934 960 ue,
966 879 994 942 si
1017 889 1130 971 contra
1154 878 1333 944 doctrinam
1357 878 1446 944 Petri
1469 890 1519 944 est
1542 879 1720 946 alienorum
1740 907 1838 958 mura.

30 1016 45 1056 5
65 987 240 1071 appetitor,
264 986 341 1050 dum
365 987 488 1073 appetit
515 986 716 1068 inconcessa,
740 997 903 1050 mereatur
925 985 1063 1072 perdere
1088 1008 1253 1050 concessa.
1300 985 1396 1050 Unde
1420 987 1466 1052 ait
1489 998 1620 1052 sanctus
1642 987 1720 1053 Am·

66 1087 234 1157 brosius1:
259 1093 426 1182 Allequtur
442 1096 631 1180 imperatori
651 1095 745 1158 licere
768 1097 885 1175 emula,
908 1096 1012 1180 husius
1035 1117 1099 1158 esse
1122 1096 1279 1158 aniame.
1315 1093 1520 1180 despondeo:
1543 1095 1635 1160 ‘Noli
1645 1121 1719 1184 yro-

70 1222 142 1265 cure
166 1215 204 1280 te,
228 1203 410 1286 imperator,
435 1215 468 1264 ut
482 1215 577 1286 putea
600 1215 626 1265 te
650 1203 684 1264 in
701 1225 737 1265 aa
760 1225 819 1286 que
839 1201 951 1266 diviua
966 1215 1047 1282 suut,
1071 1201 1238 1286 inperiale
1261 1201 1396 1287 aliquod
1417 1202 1604 1266 turbabere.
1640 1202 1724 1268 Noli

71 1319 96 1369 te
117 1308 273 1386 extollere,
303 1307 370 1387 sed,
399 1309 433 1371 si
459 1310 508 1371 vis
537 1307 658 1372 diutius
688 1310 856 1393 imperare,
880 1323 941 1372 asto
964 1307 1033 1372 Deo
1062 1308 1214 1372 subditus.
1263 1305 1423 1394 Scrn‘prtum
1451 1322 1496 1373 est
1524 1311 1625 1374 euim:
1655 1309 1720 1387 Que
1739 1335 1897 1386 naturast.

73 1417 187 1478 cesa-rsit
210 1417 322 1494 cesari,
346 1439 405 1500 que
426 1414 494 1479 Dei
511 1413 588 1478 Deo.
629 1415 685 1478 Ad
706 1417 924 1500 imperatorem
945 1416 1073 1500 palutio
1089 1418 1259 1500 pertinent,
1283 1414 1328 1479 ud
1349 1414 1537 1480 sacerdotem
1562 1417 1718 1482 eccleciae.

7 1550 49 1593 ιο
75 1517 293 1585 bellicorum*
317 1523 534 1586 adimentem
557 1523 609 1585 ius
632 1523 829 1585 commissum
852 1535 905 1601 est,
933 1546 994 1585 nou
1017 1517 1216 1586 sonorum’s
1248 1519 1332 1585 Cum
1355 1521 1416 1585 hec
1440 1522 1485 1584 ita
1509 1543 1543 1585 se
1567 1520 1718 1604 habeant,

74 1627 97 1688 si
111 1627 249 1714 quisque
274 1628 340 1691 suis
363 1628 508 1692 terminis
533 1637 565 1690 et
587 1626 692 1690 modis
709 1637 880 1691 contentus
896 1649 961 1691 non
977 1638 1064 1692 esset
1080 1627 1259 1692 alienorum
1275 1629 1446 1714 appetitor,
1470 1629 1504 1692 in
1528 1627 1589 1693 hac
1606 1628 1719 1714 vigilia

71 1745 185 1818 quarta
207 1734 302 1799 fieret
325 1734 478 1800 discretio
502 1757 630 1820 magna,
654 1745 690 1799 ut
713 1733 845 1820 quidam
869 1733 1059 1822 versificans
1083 1735 1165 1798 ait²z

444 1841 554 1920 Querit
576 1842 765 1928 apostolicus
788 1866 889 1930 repam
913 1841 1067 1928 depellere
1090 1865 1202 1930 raquo,

440 1949 512 2012 Rex
531 1949 619 2036 furit
640 1945 805 2036 [eJcoatro
826 1963 979 2034 papatum
1003 1950 1110 2014 tollere
1126 1973 1244 2038 pupae.

441 2054 482 2120 Si
495 2056 588 2144 foret
610 2058 643 2119 in
667 2055 780 2135 medio,
804 2058 863 2140 qui
884 2057 969 2120 litem
990 2079 1135 2142 rumpere
1153 2071 1269 2142 posset,

441 2162 507 2244 Sic,
530 2176 564 2226 ut
585 2186 643 2226 rec
664 2185 802 2249 reputem,
819 2177 978 2248 papatum
997 2186 1087 2248 papa
1111 2177 1232 2243 maaet,

441 2269 527 2334 luter
550 2283 713 2355 utrunrque
735 2270 853 2333 malum
870 2271 964 2356 fieret
986 2268 1133 2334 discretio
1156 2293 1280 2357 tneque.

40 2393 148 2476 Quis
172 2405 223 2458 est
246 2404 354 2458 antem
377 2394 434 2480 qui
462 2393 547 2457 hanc
577 2392 667 2457 litem
691 2416 841 2479 rumpere
865 2404 985 2479 posset,
1016 2394 1079 2457 nisi
1103 2392 1252 2458 dominus
1275 2394 1367 2458 Iesus
1395 2395 1429 2458 in
1453 2395 1605 2460 navicula
1627 2397 1717 2461 Petri

37 2503 179 2566 veniat
202 2512 235 2567 et
256 2523 345 2565 mare
368 2511 470 2565 totum
500 2509 714 2587 perventum
745 2501 907 2564 avariciae
937 2511 1131 2564 commotum
1156 2523 1213 2565 suo
1237 2501 1372 2587 imperio
1397 2523 1607 2588 compescens
1630 2503 1717 2568 hunc

47 2608 214 2672 ultimum
236 2607 472 2672 Antichristum
502 2629 580 2670 suae
604 2608 788 2693 presentiae
811 2606 1025 2671 illustratione
1049 2606 1204 2689 destruat,
1229 2608 1284 2693 qui
1307 2629 1372 2671 non
1395 2609 1574 2694 incongrue
1599 2607 1718 2674 dicitur

54 2738 196 2798 avarus,
221 2713 381 2802 quomodo
404 2715 529 2800 primae
552 2714 684 2800 vigiliae
708 2713 926 2778 Antichristus
955 2713 1020 2778 dici
1048 2724 1154 2800 potest
1181 2724 1334 2778 cruentus
1357 2724 1491 2801 propter
1513 2714 1611 2780 cedes
1634 2739 1716 2780 mar-

56 2835 185 2910 tyrum,
210 2844 345 2909 quorum
369 2822 527 2907 sanguine
551 2821 640 2885 velut
667 2820 749 2884 alter
771 2819 900 2884 Pharao
924 2820 1100 2885 suffocatus
1124 2831 1183 2902 est,
1208 2819 1403 2908 quibusdam
1427 2823 1562 2886 tirannis
1584 2833 1718 2909 propter

66 2933 259 3015 sanguinem
283 2939 468 2993 sanctorum
492 2927 675 3014 dampnatis
700 2937 732 2990 et
753 2937 909 3013 tanquam
932 2928 965 2991 in
989 2929 1072 2990 mari
1096 2926 1282 3009 submersis,
1308 2925 1501 3013 quibusdam
1525 2951 1614 3014 vero,
1638 2952 1716 3017 quo-

65 3061 135 3102 rum
168 3035 399 3101 Constantinus
434 3037 611 3121 imperator
645 3033 706 3098 fuit
739 3035 929 3120 precipuus,
964 3056 1023 3119 per
1057 3035 1223 3120 sanguinis
1254 3031 1376 3098 Christi
1410 3047 1649 3101 sacramentum
1683 3039 1716 3101 in

5 3159 18 3198 ἰ
65 3143 227 3229 baptismo
258 3143 446 3229 purificatis.
494 3143 594 3207 Porro
625 3141 789 3205 secundae
819 3140 951 3226 vigiliae
975 3139 1194 3205 Antichristus
1224 3151 1313 3205 recte
1344 3141 1463 3206 dicitur
1492 3142 1716 3209 fraudulentus

63 3247 199 3337 propter
221 3249 352 3314 fraudes
376 3250 593 3314 hereticorum
615 3248 662 3312 illi
686 3247 926 3312 'adherentium
942 3256 974 3310 et
990 3259 1121 3333 propter
1136 3247 1388 3312 fraudulentiam
1404 3248 1522 3313 Iuliani
1537 3249 1717 3336 Apostatae
1737 3273 1826 3313 unos.

65 3368 162 3444 atque
193 3356 362 3438 idolatrae,
391 3357 447 3442 qui
475 3367 510 3420 nt
537 3355 618 3418 alter
640 3353 942 3419 Nabuchodonosor
972 3354 1158 3418 consultans
1188 3376 1310 3440 magos,
1342 3355 1459 3420 ariolos
1490 3367 1523 3420 et
1552 3357 1716 3422 maleficos
1736 3381 1851 3430 nense.

66 3475 179 3529 corrtra
210 3464 402 3528 christianos
433 3465 555 3526 eiectus
586 3472 636 3525 est
665 3459 706 3525 ab
733 3459 918 3524 hominibus
943 3470 975 3524 et
999 3484 1072 3525 cum
1095 3459 1207 3525 bestiis
1239 3459 1422 3547 deputatus,
1453 3463 1551 3528 immo
1576 3474 1609 3527 et
1630 3473 1716 3528 totus

65 3572 283 3635 hereticorum
299 3581 389 3635 cetus
414 3592 487 3634 cum
511 3570 577 3632 suis
601 3569 780 3654 capitaneis
801 3590 860 3653 per
876 3569 1069 3632 senteutiam
1086 3569 1431 3633 excommunicationis
1447 3581 1496 3632 est
1519 3569 1560 3634 ab
1578 3570 1717 3635 ecclesia

5 3697 48 3736 sn
66 3689 236 3764 separatus
260 3689 292 3742 et
315 3699 388 3741 cum
412 3675 604 3741 demonibus
635 3675 818 3761 deputatus.
866 3673 963 3755 Quod
985 3697 1064 3739 vero
1091 3675 1178 3740 idem
1202 3674 1513 3758 Nabuchodonosor,
1544 3687 1716 3763 postquam

66 3807 180 3849 sensus
211 3784 369 3848 humanus
393 3784 424 3847 ci
446 3782 592 3847 redditus
617 3793 675 3864 est,
706 3792 856 3867 receptus
880 3792 929 3846 est
958 3783 992 3845 in
1016 3805 1152 3868 ragnum
1180 3805 1282 3865 suum,
1314 3782 1510 3869 significavit
1540 3806 1608 3848 rem
1638 3794 1716 3849 tunc

65 3891 217 3973 suturam,
242 3891 301 3955 scd
324 3913 409 3955 nunc
433 3891 632 3976 preteritum,
656 3899 692 3952 ut
714 3888 869 3952 videlicet
891 3888 982 3952 multi
1006 3888 1048 3952 ab
1071 3888 1241 3954 heresibus
1257 3891 1486 3976 resipiscentes
1504 3901 1536 3954 et
1551 3890 1716 3956 Christum

66 4021 176 4084 regem
207 3997 415 4062 altisssimum
445 3997 635 4062 confitentes
665 3996 897 4082 reciperentur.
944 3995 1089 4082 Reliquis
1120 3997 1153 4059 in
1177 3995 1314 4082 perfidia
1337 4019 1396 4061 sna
1419 3996 1603 4083 dampnatis
1627 4008 1660 4062 et
1682 4000 1717 4062 in

67 4106 255 4169 societatem
278 4104 455 4170 bestiarum
479 4103 653 4190 deputatis,
677 4102 718 4166 de
742 4102 860 4190 quibus
885 4103 1019 4167 dicitur:
1052 4103 1101 4169 Ne
1131 4104 1241 4168 trudas
1264 4106 1372 4169 bestiis
1393 4107 1519 4170 unimus
1542 4108 1717 4193 confitentes
1735 4128 1858 4178 aaran.

13 4233 51 4272 as
68 4215 133 4278 tibi.
170 4211 287 4276 Tercie
311 4233 389 4275 vero
413 4211 545 4296 vigiliae
560 4209 781 4274 Antichristus
805 4211 964 4274 nominari
988 4219 1094 4296 potest
1116 4209 1301 4292 inmundus,
1326 4212 1404 4295 quia
1427 4211 1462 4274 in
1486 4233 1524 4276 eo
1548 4211 1716 4297 impletum

68 4320 273 4404 cognoscitur
289 4317 376 4404 quod
392 4319 547 4403 scriptum
564 4327 628 4381 est:
653 4317 692 4381 Ut
713 4320 773 4403 qni
793 4320 826 4381 iu
841 4317 989 4382 sordibus
1004 4332 1057 4398 est,
1081 4318 1241 4382 sordescat
1262 4318 1376 4399 adhuc,
1400 4328 1433 4381 et
1454 4317 1508 4381 hic
1523 4317 1614 4382 velut
1637 4318 1717 4384 alter
1735 4342 1888 4392 amusan.

66 4407 238 4490 Balthasar
267 4426 482 4510 coinquinans
505 4447 586 4488 vasa
608 4423 681 4487 Deo
713 4433 840 4487 sacrata
870 4433 902 4486 et
931 4425 1070 4508 gratiam
1098 4424 1232 4488 Domini
1263 4424 1460 4488 transferens
1491 4425 1526 4488 in
1554 4425 1716 4490 luxuriam
1735 4449 1861 4490 sonmo.

67 4555 140 4597 cum
164 4534 231 4597 suis
255 4532 402 4596 convivis
426 4543 457 4596 et
481 4530 671 4595 concubinis
695 4531 779 4595 inter
795 4530 906 4616 epulas
922 4529 1103 4594 luxoriosus
1119 4529 1281 4595 iudicatus
1298 4541 1347 4594 est
1362 4554 1464 4616 regno
1480 4533 1582 4617 ipsius
1600 4511 1715 4597 diviso.

66 4639 158 4704 Sient
180 4640 266 4703 enim
290 4661 425 4724 regnum
440 4636 614 4702 Balthasar
636 4636 778 4701 divisum
802 4637 862 4701 fuit
885 4659 923 4700 ac
947 4637 1100 4701 traditum
1124 4648 1173 4701 est
1192 4637 1297 4702 Medis
1322 4649 1354 4701 ct
1376 4638 1497 4720 Persis,
1521 4639 1567 4702 ita
1588 4640 1716 4704 inmun-

22 4763 48 4802 ⁴0
66 4746 125 4811 dus
149 4748 210 4810 iste
229 4744 448 4810 Antichristus
472 4744 596 4809 divisus
619 4745 791 4825 invenitur,
817 4766 891 4808 cum
915 4743 955 4807 dc
978 4741 1132 4807 membris
1157 4745 1226 4809 eius
1251 4746 1467 4831 coinquinatis
1491 4747 1633 4810 maxime
1657 4769 1717 4832 per

65 4853 334 4918 incontinentiam
356 4852 429 4916 Deo
461 4863 661 4915 sacratarum
690 4873 901 4937 personarrnn
926 4850 1066 4936 quedam
1097 4874 1155 4937 per
1184 4852 1399 4937 penitentiam
1429 4850 1600 4938 purificata
1630 4863 1715 4936 suut,

66 4958 206 5046 quedam
235 4960 270 5023 in
300 4982 360 5023 sua
389 4957 590 5024 inmundicia
619 4967 876 5044 permansenmt.
924 4955 1007 5021 Cum
1035 4959 1083 5022 rei
1111 4958 1214 5022 simile
1238 4958 1308 5040 fuit,
1333 4957 1420 5043 quod
1442 4980 1523 5022 rasa
1546 4968 1660 5023 sancta
1682 4961 1716 5022 iu

66 5067 216 5132 convivio
240 5066 412 5130 Balthasar
442 5066 650 5152 coinquinata
680 5075 712 5128 et
741 5074 855 5149 postea
885 5065 918 5127 in
945 5087 1081 5150 regnum
1105 5065 1279 5130 Persarum
1303 5076 1336 5129 et
1358 5065 1528 5129 Medorum
1559 5065 1717 5130 translata
1825 5073 1830 5080 '

64 5176 183 5260 partim
206 5185 371 5260 reportata
393 5183 467 5237 sunt
490 5175 524 5237 in
547 5171 735 5252 Ierusalem,
764 5173 881 5256 partim
904 5194 980 5235 non.
1028 5171 1115 5258 Cyro
1139 5173 1225 5236 enim
1248 5195 1325 5258 rege
1349 5173 1524 5237 Persarum
1547 5170 1715 5236 relaxante

6 5295 48 5341 ss
66 5281 288 5368 captivitatem
312 5279 483 5345 Iudeorum
509 5279 642 5367 quidam
666 5279 778 5342 exeis
803 5277 976 5342 cumIesu
1005 5301 1124 5364 magno
1155 5279 1324 5344 sacerdote
1356 5303 1394 5344 ac
1418 5277 1601 5344 Zorobabel
1631 5279 1714 5345 duce

173 5461 201 5527 a)
223 5463 398 5514 Publicarum
417 5464 468 5513 tibi
486 5480 574 5514 rarum
595 5500 601 5514 .
621 5500 627 5512 .
648 5500 654 5513 .
674 5469 828 5512 sanctarum
847 5478 925 5526 aspro
941 5479 969 5526 p.
982 5464 1039 5510 144.

177 5627 205 5696 1)
232 5626 323 5702 apat.
350 5625 401 5696 20,
425 5622 513 5699 §lib
540 5623 612 5701 opp.
638 5624 694 5695 III,
720 5626 769 5682 col.
791 5624 870 5696 857,-
901 5625 941 5696 cs.
966 5623 1013 5680 De
1036 5624 1144 5703 edificio
1168 5625 1225 5681 Dei
1252 5644 1342 5699 supra
1367 5625 1492 5700 p.144.
1607 5625 1637 5696 2)
1665 5624 1713 5697 Cf.

67 5733 116 5791 los
136 5751 234 5790 oman
260 5731 318 5788 Lib.
344 5734 378 5790 de
399 5731 446 5789 lite
467 5732 508 5804 II,
527 5752 560 5808 p.
576 5731 648 5788 172.
