4544 6420
678 387 911 444 TRACTATUS
936 391 987 444 DE
1012 389 1263 444 SCISMATICIS.
1740 383 1799 444 121

149 577 286 640 asseruit
310 575 409 639 fidem
433 598 570 661 negasse
595 585 628 638 et
651 574 836 639 infidelibus
861 574 1038 640 deteriores
1063 597 1145 649 esse,
1177 575 1327 662 nunquid
1351 599 1370 639 a
1394 599 1559 662 quoquam
1583 599 1660 640 sane
1684 578 1802 640 mentis

150 683 261 747 fideles
291 682 435 746 habendi
466 693 539 745 sunt
570 693 602 745 et
632 680 788 746 dicendi?
842 682 892 745 lta
923 683 1021 745 etiarn
1051 681 1205 745 fratribus
1240 685 1358 746 nostris
1393 684 1516 746 neutris
1552 684 1802 768 promissionum

151 790 271 854 Christi
294 789 505 854 incredulitas
530 798 561 852 et
585 790 655 852 eius
678 790 712 852 in
736 811 848 852 eorum
871 788 992 852 iudicio
1018 789 1218 852 mendacitas
1242 829 1285 836 —
1316 791 1378 852 nisi
1403 791 1489 853 enim
1514 813 1586 853 eum
1611 790 1802 855 mendaeem

151 897 342 976 iudicarent,
372 919 472 982 quare
496 896 576 960 alias
602 897 696 981 quasi
720 895 875 958 derelictc
901 895 941 959 ab
967 919 1005 959 eo
1030 896 1168 959 ecclesie
1193 897 1256 981 ipsi
1280 895 1456 960 deessent?
1481 936 1524 944 -
1555 899 1626 978 ista,
1657 898 1801 982 inquam,

118 1003 360 1068 sincredulitas
385 1014 427 1084 et,
459 1002 546 1089 quod
576 1003 666 1066 dictu
696 1002 788 1065 nefas
820 1015 878 1080 est,
912 1003 1112 1066 mendacitas
1137 1026 1237 1067 eausa
1261 1016 1311 1068 est
1334 1004 1497 1068 mortifere
1522 1002 1563 1068 ab
1588 1005 1729 1068 ecelesia
1753 1028 1801 1069 se-

152 1112 306 1174 cessionis
331 1120 388 1173 aut
410 1110 545 1173 forsitan
569 1111 664 1173 timor
687 1109 846 1194 perdendi
870 1110 974 1194 panis.

256 1217 384 1280 Durum
416 1217 477 1280 fuit
507 1239 646 1301 namque
678 1215 740 1278 illis
771 1238 888 1301 panem
920 1216 1068 1301 perdere,
1101 1228 1132 1280 et
1164 1216 1286 1280 idcirco
1318 1217 1518 1282 commodius
1550 1220 1596 1281 eis
1620 1219 1726 1282 visum
1754 1231 1803 1282 cst

152 1324 269 1388 clausis
294 1323 418 1388 oculisa
442 1325 568 1404 mentis,
593 1323 699 1386 lucem
724 1336 908 1386 sanctarum
930 1325 1163 1408 scripturarum
1188 1324 1228 1387 dc
1252 1322 1337 1388 bono
1363 1324 1522 1389 catholice
1546 1327 1637 1410 pacis
1662 1336 1694 1388 et
1717 1324 1801 1389 malo

152 1432 311 1495 scismatis
335 1454 400 1493 non
417 1430 540 1506 videre,
564 1441 599 1493 ut
623 1429 863 1515 quodammode
888 1429 1121 1494 excusabiliter
1144 1442 1276 1516 possent
1301 1443 1347 1494 tot
1371 1454 1409 1494 ae
1434 1433 1531 1494 tantis
1556 1433 1613 1495 seb
1636 1431 1730 1495 malis
1755 1434 1802 1494 in·

108 1538 292 1616 revolvere,
318 1537 482 1601 Christum
507 1552 539 1601 et
565 1537 751 1601 'ecclesiam
775 1536 937 1600 deserere.
984 1538 1106 1618 Noluit,
1137 1538 1243 1624 inquit
1267 1537 1433 1623 propheta,
1468 1541 1649 1626 intellegere,
1675 1555 1707 1603 ut
1729 1542 1802 1604 berre
1821 1524 1926 1625 ἓξὲξ(

152 1660 262 1730 (speret.
311 1644 368 1708 Set
399 1667 461 1730 quo
492 1644 566 1724 fine,
598 1668 672 1707 cum
703 1645 800 1707 etiam
826 1643 1015 1728 simpliciter
1038 1646 1226 1729 ignorantes
1251 1647 1342 1708 iuxta
1366 1645 1546 1730 apostolum
1571 1648 1760 1731 ignorentur
1783 1669 1803 1710 a
1823 1631 1979 1732 ,eoffm

152 1752 249 1814 Deo?
288 1752 371 1816 Item
395 1763 591 1815 memoratus
615 1751 791 1836 propheta:
816 1751 896 1815 Illic
920 1752 1157 1836 trepidaberunt
1179 1755 1299 1830 timore,
1326 1755 1381 1816 ubi
1402 1776 1463 1816 ooo
1487 1767 1554 1816 eret
1577 1756 1678 1817 timor.
1715 1753 1802 1816 Hinc
1821 1774 1926 1823 rasse.

152 1859 390 1944 Augustinus¹2
416 1859 483 1922 ,Hec
507 1859 544 1922 de
568 1861 710 1922 ominbus
733 1860 958 1944 scrisperab‘bas
982 1859 1151 1922 corrrrrrodr's
1178 1859 1412 1943 iurcllr'pcndum
1429 1874 1481 1936 cst,
1507 1884 1638 1944 perarma
1658 1863 1802 1924 oririssio·

152 1991 218 2030 nem
243 1992 312 2030 cura
335 1969 442 2030 timent
463 1968 612 2044 lromz'acs,
636 1966 682 2028 nd
704 1980 806 2030 eterno
832 1967 911 2028 bono
932 1990 992 2028 oon
1009 1968 1143 2028 strennos.
1182 1964 1271 2044 Quid
1294 1977 1402 2028 autem
1427 1964 1536 2028 aliudc
1562 1977 1611 2029 est
1633 1989 1692 2051 pro
1717 1989 1802 2052 pane

109 2094 133 2131 rs
152 2073 316 2136 Christum
341 2083 373 2136 et
397 2072 570 2136 ecelesiam
594 2071 788 2152 deseruisse,
821 2093 918 2156 quam
949 2093 1007 2156 pro
1038 2093 1122 2157 panc
1148 2071 1312 2135 Christum
1337 2081 1369 2135 et
1392 2071 1565 2135 ecclesiam
1588 2072 1802 2138 vendidisse?

152 2179 217 2243 Ubi
247 2181 353 2264 gratia
383 2179 479 2242 alicui
510 2179 652 2264 ignavatl
684 2179 841 2262 contingit
873 2201 915 2240 cx
938 2177 1094 2241 vecordia
1104 2188 1126 2258 ⁰,
1159 2178 1377 2263 qualicunque
1402 2178 1457 2241 vili
1489 2190 1544 2243 aut
1575 2181 1667 2264 parvi
1692 2182 1802 2266 precio

93 2271 99 2280 ¹
151 2308 268 2372 magne
298 2286 472 2350 hereditati
503 2309 560 2349 sue
591 2286 783 2349 renunciare
816 2284 856 2348 ab
888 2282 1037 2348 omnibus
1068 2284 1232 2348 iudicatur
1260 2295 1292 2348 et
1315 2307 1393 2348 vere
1417 2284 1580 2350 iudicatur
1605 2286 1801 2350 vendidisse.

152 2395 281 2474 Iactura,
312 2395 417 2479 inquit
446 2392 615 2478 propheta,
649 2393 856 2456 certclr'dcruot
881 2417 943 2478 pro
972 2407 1099 2479 arpenta
1123 2407 1151 2455 ct
1166 2417 1343 2478 proriperent
1361 2417 1425 2478 pro
1450 2395 1671 2457 (tuicione-cotra.
1720 2393 1802 2457 Tam
1823 2415 1946 2463 saonae.

150 2500 208 2564 vili
239 2523 364 2586 pauper
394 2499 489 2563 modo
515 2499 662 2564 Christus
694 2510 726 2562 ct
757 2500 825 2561 eius
858 2498 998 2562 ecclesia
1026 2498 1187 2580 venditur,
1219 2499 1275 2584 qui
1306 2498 1452 2583 profecto
1484 2500 1550 2562 suis
1579 2499 1802 2564 venditoribus

106 2608 254 2687 acclives,
279 2621 328 2670 set
352 2606 447 2670 valde
471 2605 625 2669 terribilis
649 2607 682 2668 in
706 2605 827 2669 iudicio
852 2604 1025 2669 videbitur.

258 2713 361 2778 Vobis
385 2715 507 2777 neutris
532 2713 611 2776 dicit
629 2711 794 2776 Christus:
822 2712 887 2789 Qui
908 2737 969 2776 ooo
993 2727 1037 2777 cst
1058 2738 1187 2792 macuto,
1212 2727 1319 2776 (eontra
1343 2739 1390 2776 mc
1414 2728 1466 2793 est,
1492 2728 1520 2777 et
1534 2717 1666 2798 quinon
1683 2716 1805 2802 colb'pr't
1823 2736 1959 2785 auersa.

152 2849 278 2904 naccum,
303 2823 465 2908 dispcrps't.
514 2820 580 2883 Vos
606 2842 680 2882 eum
704 2818 843 2883 ecelesia
867 2820 936 2882 eius
961 2841 1025 2881 non
1049 2819 1135 2901 estis,
1161 2819 1253 2882 euius
1276 2820 1309 2882 in
1333 2818 1533 2900 Alexandro,
1559 2843 1653 2906 quem
1679 2822 1749 2906 ipse
1774 2822 1804 2885 ei

151 2929 302 3014 prefecit,
334 2929 490 2991 unitatem
521 2949 584 2990 non
616 2927 742 2989 tenetis.
794 2925 890 2989 Unde
921 2925 1001 2989 illud
1032 2923 1119 2988 beati
1152 2924 1308 3010 Cypriani
1340 2927 1491 3012 martyris
1523 2937 1555 2990 et
1586 2929 1731 3012 episcopi
1762 2927 1804 2992 ad

151 3035 389 3122 Pupianum‘·'²
413 3032 506 3097 vobis
530 3034 724 3117 ingerimus:
759 3032 824 3109 Qui
850 3057 918 3096 cam
943 3036 1088 3118 episcopo
1119 3058 1180 3096 oca
1204 3047 1257 3112 cst,
1288 3036 1322 3096 io
1347 3034 1476 3098 ecclesio
1500 3059 1562 3098 aron
1585 3050 1638 3116 est,
1670 3046 1701 3098 et
1725 3034 1804 3099 illud

105 3163 131 3201 re
152 3141 337 3206 eiusdem:
362 3142 496 3204 Alienus
520 3156 572 3220 eet,
590 3141 756 3228 profonas
780 3155 833 3220 est,
858 3141 954 3203 hostie
977 3155 1030 3220 cst,
1054 3164 1115 3203 non
1125 3155 1228 3226 potest
1251 3141 1363 3204 habere
1381 3141 1482 3204 Derim
1492 3155 1629 3226 patre-m,
1654 3146 1713 3228 qui
1734 3146 1803 3207 terri·

153 3250 308 3314 sersoliass
331 3250 541 3313 ecclesianos
566 3261 643 3310 terret
667 3249 823 3310 costean.
871 3245 914 3308 Et
939 3246 1015 3331 quia
1040 3246 1135 3308 cumh
1160 3246 1299 3310 eeclesia
1323 3269 1388 3309 non
1412 3247 1549 3310 essendo
1575 3270 1648 3311 cum
1673 3247 1803 3312 Christo

151 3379 217 3420 non
241 3356 327 3432 estis,
353 3365 466 3418 contra
488 3355 594 3438 ipsum
612 3354 705 3416 estis:
730 3353 774 3416 Et
796 3355 855 3438 qui
875 3378 1003 3430 neccaro,
1027 3352 1163 3438 inquit¹,
1189 3378 1250 3416 ison
1274 3355 1395 3439 cclb'pit
1417 3354 1602 3440 drspcrqc'tk.
1640 3355 1707 3418 Vos
1731 3377 1802 3441 pre·
1822 3377 1853 3416 rs.

150 3463 218 3544 lati,
242 3485 301 3526 vos
326 3460 479 3540 subditi¹,
505 3482 563 3546 per
588 3460 763 3522 scismatici
788 3459 905 3522 erroris
931 3458 1071 3540 devium,
1101 3458 1282 3545 dispersum
1307 3482 1441 3544 gregem
1464 3459 1608 3542 Domini,
1632 3484 1691 3524 vos
1715 3465 1803 3548 ipsos

152 3569 277 3634 scilieet
299 3567 521 3654 resipiscendo
546 3577 578 3630 et
602 3565 643 3629 ad
660 3567 816 3629 unitatem
840 3565 1035 3629 revertendo
1060 3575 1091 3628 et
1115 3587 1326 3650 quoscunque
1351 3566 1534 3629 revocando
1560 3591 1624 3630 non
1641 3567 1802 3654 colligitis,

105 3701 132 3738 so
152 3689 185 3740 et
209 3676 285 3762 quia
315 3697 378 3738 nen
411 3673 571 3759 colligitis,
603 3671 801 3759 dispergitis.
848 3672 939 3735 Dicit
970 3673 1079 3757 itaque
1104 3670 1252 3736 Christus
1283 3672 1326 3734 ad
1348 3695 1408 3734 vos
1439 3684 1470 3735 et
1500 3674 1534 3735 in
1558 3696 1632 3736 vos:
1665 3677 1803 3740 Franco
1823 3699 1980 3746 srsnsasar.

152 3788 303 3848 sisset-'tore
326 3783 478 3846 adversus
501 3805 561 3860 cos,
587 3783 645 3865 qui
666 3781 851 3866 dispergunt
863 3804 986 3867 propera
1003 3805 1111 3844 'mserum
1154 3778 1338 3859 Sentencia,
1363 3780 1506 3864 inquam,
1532 3790 1677 3844 extreme
1702 3783 1802 3845 anim-

153 3891 355 3954 adversionis
378 3887 468 3951 velut
491 3887 678 3950 acutissima
701 3886 834 3967 framea,
864 3909 981 3970 cerpus
1006 3897 1038 3948 et
1061 3886 1203 3948 animem
1227 3883 1390 3964 occidens,
1423 3886 1597 3950 adversum
1620 3910 1678 3950 vos
1703 3890 1802 3952 susci-

152 3997 282 4077 tabitur,
307 3994 436 4081 quando
461 3992 554 4058 vobis
580 3992 721 4056 dicetur:
747 3994 909 4058 Discedite
933 4021 952 4056 o
976 4019 1034 4074 me,
1058 3993 1229 4072 maledieti,
1257 3996 1289 4056 r'n-
1315 3996 1413 4080 spinam
1439 4008 1585 4074 eternum,
1610 3998 1669 4080 qui
1682 4021 1803 4081 prepa-
1822 4019 1946 4069 rosan..

153 4121 240 4169 ratus
274 4119 317 4168 act
349 4103 475 4167 dic-holo
511 4116 539 4165 et
568 4102 689 4186 orrpcb's
723 4103 799 4164 cius.
856 4099 944 4179 Quid
978 4097 1131 4162 facietis?
1186 4098 1293 4178 Quem
1329 4101 1573 4163 excusationem
1609 4103 1803 4186 pretendere

106 4235 134 4274 ³5
153 4212 298 4298 poteritis
323 4221 355 4273 et
378 4208 420 4272 ad
443 4207 531 4271 illam
556 4229 638 4292 eque
657 4205 776 4270 Christi
802 4207 1000 4269 sentenciam
1018 4204 1205 4286 terribilem,
1231 4229 1328 4291 quam
1353 4205 1395 4269 ad
1419 4209 1603 4292 preciosum
1627 4221 1803 4294 martyrem

154 4341 246 4382 suurn
262 4318 405 4396 Petrum,
429 4313 690 4378 Alexandrinum
714 4314 913 4398 episcopum,
938 4335 997 4397 pro
1021 4313 1091 4398 ipso
1116 4314 1298 4376 incarcere
1322 4315 1463 4398 positum
1488 4325 1601 4378 contra
1623 4315 1802 4401 perditissi-

152 4448 240 4489 mum
263 4425 395 4486 Arrium
418 4421 548 4485 demisit
557 4420 633 4483 ¹¹¹4?
681 4417 743 4483 Cui
767 4442 840 4483 eum
865 4418 1073 4482 inestimabili
1097 4417 1216 4482 lumine
1241 4431 1273 4482 ct
1296 4419 1409 4483 habitu
1432 4423 1525 4506 pueri
1550 4423 1637 4485 circa
1660 4422 1801 4486 medium

153 4532 257 4595 noetis
281 4551 442 4616 apparens
467 4539 499 4592 et
523 4529 666 4591 tunicam
691 4549 711 4589 a
734 4549 858 4589 summo
883 4548 985 4610 usquc
1010 4525 1162 4588 deorsum
1179 4527 1378 4589 conscissam
1396 4527 1575 4612 preferens,
1600 4551 1698 4614 quam
1716 4530 1804 4592 circa

154 4651 266 4725 peetus
297 4635 454 4700 ambabus
477 4633 628 4698 manibus
654 4631 881 4718 coniungebat,
913 4631 1150 4718 quodammodo
1177 4633 1381 4718 'cooperiens
1405 4634 1584 4698 nuditatem
1609 4658 1710 4718 suarn,
1736 4637 1802 4721 epi·
1822 4659 1912 4701 κιαι.

107 4771 136 4807 ro
154 4768 253 4830 scopo
278 4744 415 4807 dicenti:
448 4741 547 4822 ‘Quid
572 4751 629 4820 cst,
654 4740 806 4821 Domine,
839 4739 925 4824 quod
948 4738 1045 4803 video
1069 4739 1213 4802 tunicam
1236 4749 1324 4802 tuam
1349 4741 1484 4804 scissam
1508 4764 1528 4804 a
1551 4764 1675 4805 summo
1699 4764 1803 4827 usque

261 4957 287 5024 a)
308 4959 411 5011 occulis
430 4977 450 5009 c.
524 4955 552 5020 h)
572 4975 693 5022 strperscr.
713 4975 732 5006 c.
818 4953 844 5018 e)
867 4957 936 5006 aliut
954 4975 974 5007 c.
1060 4953 1088 5020 d)
1108 4955 1227 5020 ignaztll
1242 4957 1294 5016 cio,
1321 4957 1409 5006 litteris
1427 4957 1524 5007 duribus
1542 4958 1626 5020 narb,
1645 4976 1723 5008 manu
1739 4968 1803 5024 port.

153 5069 216 5102 corr.
235 5052 336 5116 ignava
355 5067 375 5100 c.
438 5045 463 5112 e)
483 5049 613 5100 uecordia
632 5065 652 5097 c.
716 5042 969 5112 OPompinianum
987 5065 1008 5097 c.
1040 5108 1044 5115 Ι
1070 5043 1098 5110 g)
1119 5045 1332 5096 universalitatis
1351 5047 1404 5096 alio
1422 5065 1500 5097 nroou
1518 5066 1581 5098 corr.
1602 5047 1764 5098 universalis
1783 5067 1803 5098 c.

155 5137 182 5200 h)
201 5140 237 5189 tis
254 5157 301 5188 rer.
320 5157 340 5188 c.
412 5133 433 5201 i)
453 5139 541 5202 inquit
559 5155 622 5187 corr.
642 5136 737 5200 inquid
757 5153 776 5185 e.
849 5133 879 5196 k)
902 5136 982 5201 dispg'
999 5153 1019 5185 c.
1094 5131 1113 5198 l)
1133 5153 1182 5187 vos
1202 5153 1222 5185 s.
1241 5153 1319 5184 trra-sa
1338 5136 1479 5186 medela
1552 5133 1589 5200 m)
1608 5139 1701 5200 proisit
1720 5155 1804 5202 ruper-

154 5229 279 5279 scribendo
297 5246 360 5278 corr.
380 5227 497 5286 demisit,
516 5226 558 5276 aed
577 5227 671 5275 litter-os
689 5237 707 5286 p
726 5225 808 5274 ontisit
825 5225 942 5274 ‹lelerulas
960 5243 980 5275 c.

109 5449 136 5488 aa
264 5427 293 5494 1)
317 5427 383 5484 Noa
406 5425 508 5483 inveni.
616 5423 646 5492 2)
673 5423 730 5498 Ep.
749 5423 800 5479 66.
824 5423 866 5478 ad
884 5403 1061 5480 Florentium!
1076 5422 1268 5498 liminianam
1291 5420 1365 5496 §85
1390 5421 1463 5498 opp.
1489 5425 1531 5480 ed.
1556 5424 1663 5480 Hartel
1678 5444 1711 5499 p.
1730 5424 1803 5480 733.

157 5536 187 5605 3)
212 5535 258 5591 De
279 5533 386 5590 unitate
410 5533 473 5590 cccl.
498 5528 571 5604 §a
595 5531 659 5586 ibid.
681 5551 713 5605 p.
732 5529 804 5585 214.
891 5529 921 5598 4)
948 5528 997 5601 Cf.
1021 5551 1043 5586 a.
1070 5529 1150 5585 Petri
1173 5529 1365 5586 Alexandrini
1383 5530 1545 5605 passionen
1569 5531 1649 5604 apud
1670 5531 1704 5586 A.
1732 5531 1803 5601 Μαί,

156 5641 333 5718 Spicilepiuor
357 5641 517 5696 Rornanum
542 5637 598 5704 III,
620 5637 681 5692 679
699 5657 759 5711 sq.,·
783 5637 855 5692 scta
881 5637 933 5692 SS.
961 5637 1045 5692 Febr.
1071 5635 1127 5706 III,
1150 5657 1180 5710 p.
1200 5636 1281 5705 640,·
1305 5635 1460 5706 Baronius,
1487 5637 1561 5693 Ario.
1587 5636 1735 5693 ecclesiast.
1761 5638 1803 5693 ed.

155 5749 190 5804 A.
214 5747 334 5804 Theioer
356 5746 413 5816 III,
440 5745 512 5801 310.

226 5867 324 5919 Libelli
344 5869 377 5918 de
397 5867 453 5918 lite.
484 5868 539 5917 111.
1401 5903 1405 5910 .
1561 5866 1592 5914 16
