4410 6406
207 163 214 240 l,

197 256 212 386 f
641 303 694 358 DE
718 302 1054 360 INVESTIGATIONE
1078 303 1331 360 ANTICHRISTI
1354 305 1389 360 L.
1405 305 1430 359 1.
1807 300 1870 362 327

185 464 192 560 l
205 501 287 566 crat,
313 489 496 552 multociens
518 491 586 554 sibi
603 491 684 554 male
704 500 864 571 suasum‘,
889 493 1006 556 monita
1024 505 1129 556 nostra
1146 492 1184 556 de
1201 492 1253 556 die
1270 494 1304 556 in
1321 492 1403 556 diem
1419 516 1452 556 se
1463 496 1701 579 prarnptissime
1715 508 1872 580 susceptu·

179 614 182 660 ,ι
206 617 281 662 rum
307 596 411 659 verbis
427 595 554 680 quidem
565 596 792 682 promiseratb,
816 611 948 662 ceterum
972 623 1006 662 re
1029 613 1057 662 et
1079 601 1316 686 euaqqeratione
1340 600 1506 684 culparum
1515 603 1646 686 penitus
1669 602 1870 666 conculcavit.

170 764 172 784 1
205 697 299 763 Inter
323 701 377 765 bec
400 701 575 786 quosdame
592 704 786 790 familiares
815 728 897 780 suos,
928 729 1060 790 qnorum
1091 706 1235 770 consiliis
1258 720 1287 769 et
1309 706 1594 770 macninaciouibus
1625 710 1822 794 episcopatus
1845 723 1874 772 et

167 787 172 828 ⁵¹
206 808 311 871 multa
335 811 536 886 monasteria,
566 809 703 874 inductis
720 833 783 896 per
799 813 940 896 pretium
966 812 1051 897 lupis
1067 835 1132 898 pro
1149 812 1345 898 pastoribus,
1374 815 1556 899 symoniaca
1580 814 1685 878 lieresi
1696 814 1874 901 fedaverat

156 914 182 1004 i‘
204 913 255 976 ad
269 917 487 1000 penitenciam
512 917 702 996 vacavimus,
733 931 884 1002 quatenus
908 931 936 982 et
958 919 1037 982 bana
1061 919 1274 998 ecclesiarum,
1305 942 1363 1003 que
1379 942 1443 1004 per
1466 921 1670 984 interventum
1694 934 1756 984 tam
1779 922 1872 986 scel-

148 1067 152 1114 3
204 1024 279 1085 rati
302 1024 479 1087 commertii
505 1024 662 1110 sacrileqa
693 1047 789 1086 manu
818 1038 1018 1109 susceperant
1047 1025 1278 1089 venerabilibus
1308 1025 1386 1090 locis
1415 1025 1461 1088 ad
1485 1049 1543 1110 que
1569 1029 1772 1112 pertinerent,
1797 1027 1872 1091 dum

147 1129 148 1132 ’
203 1127 317 1192 adbuc
341 1129 427 1192 locus
450 1143 528 1194 esset
549 1129 747 1226 emendandi,
772 1130 938 1195 redderent
960 1145 989 1194 et
1011 1133 1079 1217 ipsi
1099 1131 1137 1195 de
1153 1145 1339 1218 perpetrata
1363 1133 1529 1217 iniquitate
1546 1156 1609 1218 per
1625 1133 1760 1198 lamenta
1777 1136 1871 1220 peni-

138 1212 142 1268 s
203 1233 334 1298 tudinis
357 1235 427 1300 Dea
456 1237 686 1324 satisfacerent.
738 1235 822 1313 Quas
852 1261 921 1300 curn
950 1237 996 1301 ad
1018 1237 1093 1302 lnced
1117 1238 1296 1323 exequenda
1327 1238 1419 1302 ‹latas
1447 1238 1595 1303 inducias
1617 1263 1763 1326 spernere
1787 1255 1815 1304 et
1837 1243 1872 1304 in

128 1321 142 1418 i
205 1357 357 1406 consueta
381 1344 528 1427 nequicia
544 1345 755 1429 pertinaciter
777 1357 860 1407 stare
884 1346 1093 1430 coqnovimus,
1119 1346 1201 1408 sicut
1223 1343 1353 1431 drqnum
1377 1359 1445 1409 erat
1466 1347 1637 1433 sacrileqos
1660 1361 1689 1410 et
1711 1349 1873 1410 ministras

120 1436 180 1540 ,10
204 1473 247 1512 ac
275 1450 412 1513 mem-bra
437 1449 562 1514 diaboli
582 1475 603 1514 a
626 1452 839 1514 communione
863 1464 891 1514 et
913 1474 1042 1536 corpore
1061 1453 1160 1514 tocius
1175 1451 1322 1515 ecclesiae
1337 1454 1556 1537 separavimus
1580 1466 1608 1517 et
1631 1477 1742 1540 reqem,
1767 1467 1799 1517 ut
1821 1477 1872 1518 eos

117 1557 120 1584 ³
203 1579 226 1618 a
246 1555 342 1620 ἅοπιο
357 1581 426 1636 sua,
445 1581 466 1621 a
486 1557 631 1622 consilir's
654 1571 682 1622 et
704 1560 793 1622 omni
805 1559 1019 1622 communione
1034 1558 1115 1622 sicut
1130 1560 1409 1622 excommunicatos
1425 1559 1601 1644 capellaret,
1617 1559 1839 1624 admonuimus
1849 1563 1869 1623 ¹.

107 1660 112 1728 l
213 1661 334 1726 Verum
358 1665 472 1748 quanti
492 1666 560 1749 ipse
583 1678 639 1727 aut
660 1666 780 1750 scripta
804 1671 859 1728 aut
874 1687 938 1750 per
959 1665 1075 1751 leqatos
1097 1666 1195 1728 missa
1219 1679 1325 1728 nostra
1350 1666 1442 1729 verba
1459 1666 1590 1753 fecerit,
1614 1667 1682 1730 eina
1697 1667 1795 1754 facta
1818 1666 1870 1731 de-

95 1753 107 1902 q
203 1769 345 1834 claraat
396 1769 463 1847 Qui
482 1771 613 1858 indique
629 1772 745 1857 ferens
767 1795 799 1835 se
822 1796 842 1834 a
866 1795 1023 1856 quaquam
1052 1769 1244 1856 reprebendi
1269 1785 1325 1834 aar
1347 1774 1478 1857 corripi,
1509 1795 1571 1836 non
1594 1773 1695 1836 solum
1718 1798 1739 1836 a
1754 1796 1871 1859 perpe·

94 1917 96 1920 -
204 1879 305 1941 tratis
328 1877 374 1941 ad
387 1877 632 1942 emendationem
656 1879 802 1942 revocari
823 1902 883 1941 nan
892 1879 1008 1963 poturit,
1032 1877 1089 1942 sed
1103 1877 1259 1963 ampliori
1272 1880 1477 1942 conscientiae
1499 1903 1574 1944 suae
1583 1880 1703 1967 furore
1726 1893 1872 1965 arreptus

84 1958 92 2070 l
148 2009 181 2049 ιε
205 2008 274 2048 non
290 1987 389 2070 prius
419 1986 561 2065 cessavit,
592 1984 688 2049 donec
718 1993 844 2048 omnes⁰
861 2008 945 2070 pene
975 1986 1137 2070 episcopos
1168 1986 1201 2048 in
1223 1983 1334 2064 Italia,
1365 1986 1399 2048 in
1420 1983 1598 2050 Teutonicis
1628 2009 1699 2050 vero
1721 1987 1871 2073 partibus

76 2108 82 2190 q
205 2105 360 2176 quotquot
374 2093 483 2177 patuit
505 2093 591 2155 circa
607 2090 708 2178 fidem
737 2089 860 2156 Chresti
887 2091 1086 2178 nacifmqare
1116 2087 1246 2178 coeqit¹,
1278 2090 1352 2154 dum
1382 2115 1433 2156 eos
1457 2091 1593 2156 debitam
1617 2094 1702 2158 beato
1726 2091 1819 2157 Petro
1843 2107 1872 2157 et

74 2198 81 2216 '
205 2199 381 2284 apostolice
404 2198 477 2262 sedi
497 2197 704 2262 obedientiam
729 2212 757 2262 et
778 2198 924 2262 bonorem
947 2222 968 2262 a
992 2197 1118 2262 donn'no
1142 2211 1246 2261 nostro
1269 2196 1341 2262 Iesu
1370 2197 1494 2262 Gbristo
1518 2221 1693 2264 concessum
1716 2201 1871 2285 abneqare

64 2258 72 2378 l
206 2306 339 2392 subcqit
380 2303 459 2369 Cum
483 2306 582 2392 iqitur
605 2307 804 2390 iniquitatem
827 2307 895 2368 eiras
918 2304 963 2369 ad
984 2327 1138 2368 summum
1146 2303 1312 2390 prodiisse
1336 2304 1476 2368 vidimus
1491 2329 1558 2391 pra
1581 2305 1632 2370 lus
1655 2308 1761 2370 causis
1784 2306 1870 2370 vide·

62 2392 64 2414 l
209 2413 285 2476 licet
299 2414 456 2498 primum,
487 2412 573 2497 qnod
600 2413 640 2476 ab
664 2435 769 2476 eorum
793 2413 1006 2490 conmunione,
1037 2412 1097 2496 qni
1109 2433 1174 2496 pro
1197 2411 1366 2498 sacrileqio
1390 2425 1418 2474 et
1441 2425 1529 2476 reatu
1551 2414 1729 2499 symoniace
1753 2412 1871 2476 heresis

157 2545 188 2584 so
209 2520 474 2583 excommunicati
493 2532 574 2598 sunt,
598 2542 630 2583 se
653 2519 808 2582 abstinere
831 2518 950 2600 noluitJ
973 2516 1097 2596 deinde,
1121 2516 1208 2602 quod
1229 2519 1410 2582 criminosis
1433 2519 1555 2582 actibus
1579 2521 1660 2583 vitae
1683 2543 1758 2583 suae
1777 2521 1869 2604 peni-

208 2628 339 2690 tentiam
362 2649 423 2690 non
447 2625 518 2690 dico
541 2627 711 2711 aucupare,
734 2625 791 2689 sed
805 2649 859 2689 nec
867 2627 1054 2710 promittere
1070 2623 1197 2709 quidem
1213 2624 1322 2704 *coluit
1345 2626 1472 2689 mentita
1495 2649 1532 2688 ea
1541 2627 1751 2710 penitentia&
1775 2650 1870 2711 quam

210 2736 243 2796 in
268 2757 381 2796 manus
412 2733 582 2819 leqatorum
613 2746 790 2796 nostrorum
806 2733 1011 2818 promiserat,
1042 2755 1159 2795 necnon
1189 2729 1275 2816 quod
1297 2754 1410 2817 corpus
1435 2729 1565 2811 Christi,
1596 2732 1699 2797 idest
1721 2734 1870 2797 unitatem

209 2853 336 2903 sanctae
359 2838 518 2920 ecclesiae,
541 2837 685 2903 scindere
708 2862 770 2902 non
786 2840 931 2924 expavit:
948 2861 1012 2923 pro
1035 2837 1096 2917 bis,
1121 2839 1262 2922 inquam,
1286 2837 1390 2924 culpis
1412 2837 1565 2924 synodali
1585 2837 1707 2903 iudicio
1731 2861 1799 2902 eum
1818 2863 1868 2902 cu·

209 2947 520 3025 communicavimus,
544 2959 577 3010 ut
599 2969 688 3031 quem
712 2947 801 3010 mites
824 2967 884 3008 non
898 2947 1068 3030 potuimus,
1093 2945 1143 3008 cel
1164 2946 1268 3008 severi
1288 2943 1334 3008 ad
1350 2947 1433 3008 viam
1448 2944 1572 3024 salutis,
1595 2944 1664 3009 Deo
1688 2945 1868 3026 adiuvante,

160 3078 190 3118 ss
210 3077 358 3118 revocare
381 3053 550 3116 valeamus.
597 3051 664 3116 Aac
685 3054 724 3132 si,
755 3051 842 3137 quod
863 3053 954 3130 absit,
984 3075 1039 3114 nea
1070 3051 1279 3115 districtionis
1309 3051 1436 3136 quidem
1459 3075 1620 3142 censuram
1647 3054 1868 3137 pertimuerit,
1887 3075 1923 3127 ⁸1».
1932 3077 1966 3118 ss.

210 3173 317 3224 neena
339 3161 450 3224 saltem
473 3161 582 3223 anima
606 3159 811 3246 neqliqeatiae
834 3171 890 3222 aut
911 3159 1035 3222 timor-is
1058 3157 1245 3222 discrimini
1272 3182 1333 3222 non
1355 3157 1564 3222 succumbath.
1613 3155 1655 3221 Si
1675 3160 1747 3243 quis
1770 3160 1869 3245 eqc'tur

208 3266 291 3330 banc
313 3267 495 3330 sententiam
510 3264 678 3330 iniustam¹
698 3266 748 3329 vel
770 3265 1036 3330 irrationabiliter
1044 3265 1209 3350 prolatam
1224 3287 1289 3328 esse
1301 3266 1471 3350 putaverit,
1495 3266 1528 3328 si
1548 3264 1623 3328 talis
1639 3277 1691 3344 est,
1715 3278 1749 3328 ut
1765 3267 1869 3329 sacris

210 3373 330 3460 rcqulis
353 3373 577 3460 intelliqentiae
600 3396 723 3436 sensum
732 3374 866 3458 prebere
891 3371 974 3452 velit,
997 3372 1159 3435 nobiscum
1183 3371 1256 3435 inde
1272 3385 1346 3457 aqat
1361 3385 1390 3434 ct
1403 3380 1487 3434 non⁸
1504 3369 1611 3456 quodk
1627 3394 1693 3450 aas,
1717 3370 1774 3434 sed
1787 3370 1870 3455 quid

209 3479 323 3544 divina
353 3481 524 3544 auctoritas
555 3479 673 3558 doceat,
703 3478 785 3563 quid
814 3478 968 3558 decernat,
999 3477 1080 3562 quid
1102 3500 1236 3542 consona
1262 3490 1438 3540 sanctorum
1466 3490 1594 3562 patrum
1626 3501 1697 3540 voce
1727 3475 1864 3540 iudicet¹

162 3612 191 3652 so
202 3589 398 3672 pacienterm
421 3588 608 3671 acquiescat.
655 3584 725 3649 Nos
754 3599 855 3650 tamen
885 3609 947 3648 non
977 3586 1157 3648 estirnamus
1179 3606 1364 3668 quemquam
1381 3581 1542 3669 fidelium,
1573 3585 1632 3668 qui
1656 3583 1867 3648 ecclesiastica

208 3707 324 3757 statuta
353 3695 483 3773 roseus,
514 3692 571 3756 boc
601 3715 707 3756 errore
730 3692 838 3771 teneri,
862 3704 895 3755 ut
915 3713 978 3754 non
1001 3690 1068 3770 boc,
1092 3691 1152 3754 etsi
1165 3689 1296 3774 pvblice
1319 3689 1489 3776 affirmare
1519 3713 1580 3752 non
1604 3689 1729 3769 audeat,
1761 3691 1810 3754 vel
1832 3692 1866 3753 in

209 3799 304 3864 corde
326 3823 382 3864 suo
405 3814 484 3864 recte
500 3800 629 3886 factum
654 3823 718 3864 esse
733 3799 909 3886 perbibent.
949 3796 1146 3881 Quamquam
1170 3797 1230 3860 etsi
1250 3819 1316 3874 nos,
1340 3795 1427 3880 qnod
1440 3795 1528 3859 Deus
1550 3809 1680 3875 avertat,
1704 3799 1866 3860 nonsatis

206 3908 306 3994 pavi
326 3905 364 3970 de
387 3930 483 3970 causa
507 3920 562 3970 aut
584 3908 689 3970 minus
712 3904 855 3968 ordinate
879 3928 947 3967 enm
971 3901 1156 3966 lrcimmodi
1169 3902 1294 3966 vinculo
1311 3902 1525 3989 liqacerimus,
1549 3904 1630 3966 sicut
1644 3905 1866 3988 sanctipatres

209 4027 363 4093 msemrnt,
392 4037 453 4077 non
484 4013 606 4077 idcirco
636 4011 813 4097 spernenda
837 4024 914 4074 esset
938 4010 1099 4088 sententia,
1130 4007 1187 4072 scd
1208 4009 1362 4072 absolutio
1393 4009 1552 4072 communi
1556 4017 1570 4046 ¹¹
1594 4009 1769 4074 bumilitate
1792 4033 1864 4094 que-

165 4145 191 4184 a
210 4119 319 4184 reuda.
375 4119 435 4184 Vos
457 4133 558 4184 antem
584 4118 793 4196 dilectissimi,
824 4119 883 4202 qui
911 4118 1071 4180 iusticiam
1094 4115 1161 4178 Dei
1181 4124 1284 4178 nuac⁰
1302 4137 1367 4200 pro
1390 4116 1480 4201 reqia
1503 4113 1731 4201 incliqnatione,
1761 4125 1864 4179 nuncp

203 4227 401 4312 proaliquo
421 4227 566 4312 pericula
590 4225 730 4290 deserere
755 4225 908 4304 voluistis,
932 4223 1118 4310 fatuitatem
1142 4244 1259 4300 eorum,
1289 4223 1349 4306 qni
1373 4220 1411 4284 de
1434 4223 1627 4285 cucerati'one
1651 4235 1679 4286 et
1700 4221 1864 4287 mendacia

209 4334 485 4396 annunciabuntur
508 4335 541 4398 in
565 4333 828 4396 consummatione
847 4329 1122 4415 parvipendentes,
1154 4329 1293 4392 viriliter
1321 4340 1397 4391 state
1428 4341 1456 4392 ct
1482 4329 1713 4416 confortamini
1740 4331 1775 4392 in
1797 4327 1863 4392 Do·

210 4441 306 4519 mino,
336 4441 476 4519 scientes,
506 4437 592 4524 quad
618 4439 709 4502 illius
724 4450 852 4523 partem
876 4434 1051 4522 defenditis
1074 4436 1133 4520 qui
1154 4435 1382 4520 insuperabiles
1404 4458 1462 4498 ron
1484 4447 1513 4498 ct
1533 4457 1655 4520 semper
1677 4437 1865 4523 maqnificus

209 4545 420 4632 triumphator
436 4544 635 4610 iudicaturus
658 4558 702 4608 est
726 4546 812 4608 vivos
835 4556 863 4606 et
884 4555 1021 4605 mortuas
1044 4540 1179 4604 reddens
1201 4541 1370 4625 unicuique
1392 4540 1560 4604 secundum
1578 4564 1656 4626 opus
1678 4566 1778 4605 suurn.
1815 4542 1864 4606 De
1883 4567 1967 4608 amm.
1975 4569 2023 4618 4,1.

162 4679 191 4717 co
209 4655 300 4717 cuius
321 4651 508 4717 multimoda
530 4653 733 4716 retributione
757 4664 785 4714 et
808 4674 860 4713 cas
883 4651 963 4712 certi
983 4671 1047 4712 esse
1066 4649 1222 4732 poteritis,
1245 4649 1278 4711 si
1298 4669 1394 4732 usque
1417 4649 1452 4710 in
1460 4649 1560 4734 finem
1569 4646 1685 4734 fideles
1708 4662 1737 4712 et
1758 4649 1863 4712 incon·

209 4761 297 4824 cussi
323 4761 356 4823 in
388 4760 456 4824 eius
485 4760 614 4822 veritate
634 4758 850 4843 perstiteritis.
897 4753 1031 4840 Propter
1054 4752 1140 4839 quod
1161 4766 1190 4817 et
1211 4777 1267 4816 nos
1296 4755 1486 4817 incessanter
1508 4777 1656 4840 roqamus
1679 4753 1783 4818 Deum
1803 4778 1864 4840 pro

209 4867 307 4946 vobis,
331 4879 364 4930 ut
386 4865 438 4930 det
459 4865 547 4929 uobis
570 4866 714 4928 virtutem
737 4863 941 4927 corroborari
958 4885 1017 4946 per
1034 4859 1191 4945 Spiritum
1208 4874 1347 4923 sanctum
1372 4861 1406 4922 in
1421 4861 1545 4924 nomine
1569 4862 1636 4924 eius
1660 4875 1688 4925 ct
1709 4874 1866 4926 convertat

209 4997 264 5036 cor
286 4974 370 5059 reqis
399 4971 445 5036 ad
459 4972 679 5056 penitentiam,
703 4982 736 5033 ut
758 4982 786 5033 et
808 4971 876 5054 ipse
899 4965 1074 5053 aliquando
1097 4979 1261 5053 coquascat
1282 4989 1338 5030 nos
1361 4978 1390 5029 et
1411 4989 1465 5030 vos
1495 4967 1590 5030 multo
1621 4969 1727 5031 verius
1755 4991 1864 5032 amare

209 5103 293 5159 eum,
325 5103 420 5164 quam
451 5079 510 5163 qui
536 5101 618 5140 nunc
647 5078 715 5140 suis
745 5075 967 5160 iniquitatibus
997 5074 1179 5136 obsecuntur
1210 5086 1238 5136 et
1259 5073 1385 5160 favent.
1436 5072 1503 5150 Qui
1528 5074 1561 5138 si
1587 5072 1656 5137 Deo
1687 5075 1864 5160 insperante

162 5309 190 5349 co
316 5291 343 5357 a)
364 5295 401 5345 sit
418 5293 479 5345 add.
494 5293 540 5344 Gr.
631 5289 660 5354 b)
682 5293 806 5358 promisit
826 5290 872 5341 Gr.
961 5287 987 5350 c)
1010 5289 1181 5354 quorundam
1199 5305 1219 5338 c.
1309 5287 1337 5351 d)
1359 5287 1447 5339 adhuc
1467 5307 1487 5340 a.
1578 5287 1604 5352 e)
1627 5290 1774 5356 episcopos
1793 5307 1862 5356 pens

210 5384 364 5436 omnesGr.
427 5381 595 5445 OfeoitGr.
658 5379 687 5446 g)
708 5381 775 5431 deest
791 5397 811 5430 c.
876 5375 904 5440 h)
926 5379 1107 5428 succumbant
1124 5395 1144 5428 c.
1212 5375 1233 5438 i)
1256 5379 1357 5427 iniuste
1373 5376 1418 5427 Gr.
1492 5375 1521 5441 k)
1544 5378 1609 5443 quid
1625 5378 1671 5429 Gr.
1745 5375 1765 5442 1)
1787 5379 1861 5431 vide·

211 5471 275 5524 licet
293 5491 314 5524 a.
386 5469 423 5534 m)
446 5471 559 5523 audiens
577 5470 638 5521 add.
653 5470 699 5520 Or.
772 5465 800 5530 n)
823 5468 977 5518 cumomni
998 5466 1044 5518 Gr.
1117 5463 1145 5528 a)
1167 5481 1222 5517 non
1243 5465 1289 5516 Gr.
1362 5461 1392 5532 p)
1414 5481 1465 5517 nee
1486 5466 1532 5518 Gr.

318 5651 348 5723 1)
374 5653 468 5711 nau
490 5651 597 5724 amun·
621 5652 661 5724 cf.
685 5649 774 5724 ruffe
793 5648 834 5720 11,
853 5668 887 5724 p.
910 5647 983 5706 ssr.
1009 5647 1084 5704 sss.
