4478 6396
425 419 486 482 158
713 423 893 480 GERHOHI
919 423 1148 478 PRAEPOSITI
1173 421 1578 478 ltElCHERSBERGENSlS
1603 423 1767 478 LIBELLI.

1822 537 1826 564 l

421 611 552 700 quidem
576 635 646 676 rem
670 609 883 697 culpabilem,
910 610 968 674 sed
991 612 1083 674 iuxta
1106 611 1352 695 permissionem
1376 611 1479 674 saneti
1505 609 1656 695 Gregorii
1681 633 1810 695 quoquo
1834 610 1930 674 modo
1955 610 2075 674 tolera-

420 718 529 800 bilem,
554 719 581 781 si
606 718 769 805 stipendia
793 741 852 782 sua
876 718 954 781 foris
979 718 1188 802 accipientes,
1212 739 1273 780 nec
1298 717 1433 780 fratrum
1452 718 1666 780 communiter
1682 717 1861 780 viventium
1878 715 2075 803 perturbant

421 827 562 912 quietem
587 848 647 889 nec
672 826 757 889 sacri
781 824 903 888 ordinis
927 834 1116 909 presumunt
1139 825 1472 888 amministrationem.

529 953 581 1014 32.
619 951 805 1013 Invenimus
831 973 908 1034 ergo
933 951 1025 1012 iuxta
1049 949 1211 1035 quendam
1235 947 1366 1012 modum
1384 948 1519 1012 elericos
1543 949 1710 1034 proprium
1727 946 1884 1011 habentes
1909 970 2005 1033 posse
2031 945 2075 1010 alr

421 1057 582 1121 aeeclesia
606 1056 812 1143 stipendiari,
842 1055 959 1118 milites
983 1078 1061 1118 vcro
1086 1055 1248 1119 ministros
1273 1078 1433 1141 nusquam
1456 1057 1639 1118 invenimus
1663 1057 1709 1119 ita
1733 1056 1765 1117 iu
1790 1065 1917 1140 patrum
1943 1055 2110 1138 scriptiss

421 1163 711 1244 commendari-ut
735 1163 775 1226 dc
801 1161 896 1225 rebus
914 1160 1094 1224 aecclesiae
1112 1160 1254 1225 debeant
1277 1160 1475 1225 beneficiari.
1517 1162 1628 1226 Sancti
1646 1163 1765 1224 etenim
1790 1161 1969 1246 pontificos,
1996 1184 2074 1246 apo-

349 1351 350 1354 ,
422 1270 575 1334 stolorum
607 1292 821 1351 successores,
854 1268 1081 1332 modernorum
1113 1291 1318 1353 precessores
1350 1291 1415 1332 non
1445 1268 1628 1332 habueruut
1658 1268 1776 1331 milites
1807 1269 1981 1348 ministros
2015 1267 2073 1330 sed

422 1378 484 1441 dea
509 1376 636 1440 clericis
661 1388 693 1440 et
716 1375 883 1440 monachis
908 1374 1060 1460 probatos
1085 1374 1318 1456 cubicularios3
1344 1399 1449 1461 neque
1468 1398 1565 1460 snper
1581 1374 1752 1438 facilitates
1769 1374 1950 1438 aecclesiae
1971 1374 2073 1437 laicos

422 1485 639 1570 prefecerunt,
664 1483 721 1546 sed
746 1505 918 1546 economos
943 1483 1011 1544 sive
1028 1481 1252 1545 vicedominos
1269 1481 1309 1544 de
1326 1481 1454 1546 clericis
1477 1481 1653 1566 elegerunt.
1691 1480 1827 1545 Clericis
1852 1503 1929 1566 ergo
1955 1481 2073 1544 solum-

421 1591 517 1654 modo
541 1613 592 1653 res
617 1612 796 1675 pauperum
820 1588 1007 1652 tractandas
1039 1589 1080 1652 ad
1111 1587 1347 1674 dispensandas
1379 1589 1618 1668 commiserunt,
1650 1589 1727 1674 quia
1757 1589 1912 1651 terminos
1944 1599 2119 1673 patrumm

421 1677 603 1782 transgredi
627 1695 799 1759 noluerunt
823 1696 878 1780 qui
902 1694 994 1758 laicis
1019 1706 1305 1781 quantumcunque
1331 1695 1489 1780 religiosis
1509 1695 1630 1758 nullam
1654 1697 1687 1758 in
1704 1695 1884 1759 aecclesiae
1902 1693 2072 1758 oblationi—

422 1801 482 1866 bus
506 1801 769 1866 administrandis
793 1801 981 1865 facultatem
1004 1803 1203 1887 permittunt.
1250 1801 1294 1866 At
1317 1824 1403 1865 nunc
1426 1801 1527 1865 laicos
1551 1801 1784 1882 vicedominos,
1809 1814 1841 1864 et
1864 1825 1963 1886 super
1985 1800 2073 1864 bona

421 1933 602 1996 pauperum
637 1911 834 1994 prepositos
870 1931 998 1971 necnon
1034 1910 1261 1994 episcoporum
1296 1911 1458 1972 ministros
1494 1921 1606 1972 contra
1640 1920 1767 1994 patrum
1804 1908 2072 1972 consuetudinem

423 2015 587 2099 videmus,
619 2027 652 2079 et
681 2017 714 2078 in
746 2016 905 2079 conviviis
936 2038 1047 2078 eorum
1078 2017 1181 2100 magis
1213 2017 1380 2102 strepitum
1412 2038 1454 2079 ex
1484 2014 1580 2079 turba
1610 2015 1746 2079 militum
1778 2039 1816 2079 ac
1847 2016 2071 2080 scutariorum.

424 2146 520 2209 quam
545 2122 669 2207 aliquid
686 2121 726 2185 de
744 2123 873 2207 scriptis
891 2132 1017 2206 patrum
1036 2145 1150 2186 sonare
1168 2122 1324 2186 dolemus.
1361 2122 1475 2206 Neque
1500 2123 1585 2185 enim
1610 2122 1704 2186 simul
1728 2145 1762 2185 sc
1787 2119 1922 2208 capiunt
1942 2135 2072 2208 patrum
2094 2146 2117 2184 rs

423 2229 610 2293 collationes
636 2239 667 2292 ct
691 2227 827 2292 militum
852 2227 1147 2292 confabulationes:
1180 2244 1213 2292 et
1242 2230 1379 2292 fortasse
1408 2228 1524 2292 milites
1549 2230 1712 2292 ministros
1737 2228 1925 2310 offenderet,
1955 2231 1982 2291 si
2006 2251 2071 2291 vox

423 2336 552 2400 lectoris
577 2338 609 2399 in
634 2358 748 2399 mensa
771 2334 867 2420 paulo
893 2334 988 2398 altius
1012 2349 1187 2399 resonaret.

531 2463 582 2524 33.
620 2459 716 2540 Quod
740 2458 860 2523 malum
883 2458 999 2522 beatus
1024 2458 1224 2545 Augustinus
1249 2460 1480 2524 discretissime
1505 2482 1635 2538 cavens,
1667 2460 1747 2524 tales
1773 2462 1928 2524 convivas
1952 2459 2071 2544 frugali

423 2590 553 2630 mensae
571 2589 648 2630 suae
666 2565 820 2630 adhibere
838 2567 974 2648 curavit,
993 2564 1110 2652 quibus
1128 2579 1256 2652 saperet
1279 2567 1376 2630 lectio
1393 2577 1425 2629 ct
1442 2577 1555 2630 sancta
1571 2566 1756 2652 disputatio,
1781 2567 1892 2630 nolens
1909 2568 1942 2630 in
1958 2589 2072 2630 mensa

423 2679 496 2737 'sua
520 2674 660 2737 ociosam
685 2672 990 2752 confabulationem,
1016 2673 1299 2737 vehementissime
1315 2697 1393 2736 vero
1419 2673 1595 2738 exhorrens
1620 2673 1802 2737 absentium
1826 2673 2069 2737 detractionem.
2091 2699 2117 2736 so

423 2779 519 2860 Quod
543 2791 577 2842 ut
600 2777 749 2843 omnibus
780 2779 822 2842 ad
846 2802 993 2842 mensam
1022 2802 1112 2843 suam
1136 2778 1368 2844 accedentibus
1393 2781 1619 2860 innotesceret,
1649 2801 1689 2843 ue
1714 2783 1786 2866 quis
1810 2780 1953 2866 linguam
1978 2803 2069 2844 suam

422 2885 510 2971 apud
533 2887 638 2971 ipsum
663 2886 696 2947 in
721 2884 956 2948 detractionem
980 2885 1162 2950 absentium
1187 2886 1322 2960 laxaret,
1347 2886 1404 2950 hos
1422 2909 1534 2949 versus
1558 2909 1690 2950 mensae
1715 2909 1791 2950 suae
1816 2887 1950 2950 inscribi
1975 2887 2070 2951 fecit:

798 2993 863 3069 Qut·
884 2996 970 3078 cripit
992 2995 1151 3058 absentum
1175 2993 1351 3057 rnoletlictts
1374 2995 1484 3058 mitiore
1511 2997 1615 3074 tritaet,

849 3099 920 3162 Hac
945 3125 1050 3163 artattsa
1065 3101 1239 3187 'indrynam
1262 3103 1384 3164 arcuerit
1406 3127 1469 3164 esse
1492 3127 1590 3164 attaris.

423 3205 465 3269 Et
489 3205 565 3291 quia
589 3203 705 3268 breves
730 3204 951 3285 lectiunculas
984 3227 1064 3292 quas
1096 3205 1227 3292 quidem
1258 3207 1291 3269 in
1320 3206 1464 3291 prandiis
1490 3205 1548 3270 sub
1572 3229 1636 3270 uno
1660 3206 1738 3270 flatu
1761 3209 1922 3292 incipiunt
1946 3230 1983 3270 ac
2009 3219 2071 3270 ter·
2092 3233 2117 3272 ss

423 3313 555 3392 minant,
580 3311 632 3374 vel
657 3312 726 3397 ipse
751 3335 808 3375 suo
834 3322 977 3397 tempore
994 3313 1120 3376 visitari
1137 3313 1227 3394 vidit,
1246 3313 1296 3375 vel
1314 3312 1464 3398 Spiritus,
1490 3315 1545 3398 qui
1568 3336 1628 3399 per
1644 3337 1717 3377 eum
1733 3313 1936 3400 loquebatur,
1961 3325 2072 3378 nostra

423 3419 504 3484 haec
528 3428 676 3505 tempora
699 3418 855 3504 previdit:
882 3419 971 3483 dedit
995 3421 1061 3482 suis
1085 3419 1233 3504 regulare
1259 3431 1458 3506 preceptum,
1484 3421 1671 3505 significans
1695 3420 1831 3484 verbum
1856 3421 2071 3486 edificationis

423 3549 496 3590 cum
513 3526 689 3589 refectione
707 3525 867 3611 corporali
890 3525 1111 3611 incipiendum
1136 3537 1168 3589 et
1188 3527 1301 3590 cadem
1324 3526 1475 3590 firmitate
1496 3526 1683 3590 finiendum.
1719 3527 1853 3591 Utinam
1870 3550 1947 3612 ergo
1964 3528 2070 3592 militi-

423 3632 482 3696 bus
507 3655 545 3696 ac
570 3632 731 3696 scutiferis
754 3632 851 3696 lectio
876 3641 1005 3718 saperet
1029 3633 1081 3696 vel
1106 3635 1267 3719 episcopis
1299 3634 1406 3719 aliquo
1434 3633 1529 3696 modo
1561 3633 1751 3719 persuaderi
1781 3645 1900 3720 posset,
1932 3647 1967 3698 ut
1998 3648 2084 3698 cum

423 3740 498 3803 lesu
523 3762 541 3803 a
565 3738 661 3804 turba
684 3739 886 3803 declinarent
911 3752 942 3803 et
965 3740 1193 3805 modernorum
1224 3740 1409 3804 detestabili
1437 3739 1593 3804 abusione
1617 3742 1763 3826 proiecta
1790 3754 1919 3805 sanctas
1943 3752 2071 3827 patrum
2092 3769 2117 3807 so

423 3846 511 3932 leges
536 3857 567 3909 et
591 3845 842 3910 consuetudines
866 3844 1085 3910 observarent.
1134 3847 1226 3910 Tune
1251 3859 1338 3911 certe
1362 3871 1423 3911 nec
1447 3847 1564 3910 milites
1591 3848 1754 3911 ministros
1786 3871 1859 3911 cum
1890 3849 2071 3912 animarum

425 3976 554 4018 suarum
572 3953 733 4038 stipendio
750 3951 812 4016 sibi
829 3954 1057 4036 conciliarent,
1083 3954 1141 4017 scd
1157 3955 1204 4017 sie
1222 3977 1332 4017 eorum
1354 3953 1597 4016 ministerialem
1620 3953 1802 4018 libertatem
1827 3954 2071 4018 aecclesiastico

340 4133 344 4144 ι
423 4061 536 4144 vigore
561 4059 777 4140 defensarent,
802 4070 837 4122 ut
861 4071 970 4122 tamen
994 4083 1045 4123 res
1072 4083 1252 4146 pauperum
1283 4083 1490 4146 nequaquam
1521 4062 1604 4124 inter
1634 4061 1705 4124 illos
1736 4061 1929 4126 dividerent.
1976 4062 2071 4125 Nunc

424 4175 531 4230 autem
549 4189 612 4229 non
630 4166 731 4230 solum
749 4167 818 4251 agri
843 4166 996 4230 militibus
1013 4167 1200 4249 traduntur,
1226 4167 1293 4248 sed,
1319 4167 1406 4252 quod
1423 4169 1524 4252 magis
1542 4167 1768 4233 detestandum
1785 4179 1843 4251 est,
1867 4170 1930 4254 ipsi
1947 4168 2070 4232 aeccle-

423 4274 491 4336 siae
507 4272 613 4336 coloni
630 4273 744 4336 maiori
760 4274 915 4336 servitute
933 4272 992 4336 sub
1010 4272 1164 4336 militibus
1181 4273 1378 4359 affliguntur,
1403 4297 1499 4360 quam
1525 4275 1551 4337 si
1576 4285 1684 4338 essent
1707 4277 1829 4362 proprii
1846 4277 1932 4339 servi
1948 4298 2070 4339 eorum.
2092 4301 2118 4340 ss

250 4378 700 4465 u.10..2‚n.Afflieti0itaque
725 4378 850 4442 illorum
875 4390 942 4443 tota
965 4379 1161 4444 redundabit
1187 4382 1222 4443 in
1246 4393 1343 4466 caput
1368 4404 1488 4444 eorum.
1537 4381 1624 4461 Quid
1656 4383 1741 4445 enirn
1773 4383 1816 4445 ad
1846 4405 1900 4446 eos
1931 4384 2072 4468 pertinet

422 4485 561 4550 famulos
586 4485 766 4549 aecclesiae
790 4484 945 4548 militibus
969 4497 1125 4571 prestare,
1156 4510 1175 4550 a
1200 4486 1317 4574 quibus
1342 4500 1397 4551 aut
1424 4485 1568 4552 debitam
1596 4490 1784 4553 servitutem
1809 4500 1865 4552 aut
1887 4512 1945 4575 pre
1972 4491 2071 4553 servi-

424 4603 490 4656 tute
515 4615 649 4656 ceusum
672 4614 738 4656 non
761 4593 895 4655 nimium
927 4615 982 4655 eos
1013 4604 1203 4677 gravantem
1234 4593 1356 4657 debent
1379 4594 1610 4658 aecclesiarum
1635 4596 1772 4659 ministri
1797 4596 1973 4681 accipere?
2019 4596 2073 4660 Ad

423 4699 484 4763 hoe
502 4700 588 4763 enim
605 4698 804 4762 solummodo
823 4709 948 4762 constat
972 4721 1026 4762 eos
1050 4698 1219 4763 aecclesiis
1244 4699 1377 4782 oblatos,
1402 4713 1437 4764 ut
1461 4702 1566 4764 minus
1591 4700 1651 4765 sub
1675 4702 1865 4783 aecclesiae,
1891 4725 1988 4788 quam
2012 4702 2072 4766 sub

338 4923 403 4963 rer.
530 4905 707 4977 Augustinus
736 4904 765 4958 in
789 4905 889 4977 regula
912 4905 1073 4960 clericorum
1087 4900 1111 4958 ¹:
1144 4903 1265 4962 Carnem
1292 4913 1410 4961 t‘estraru
1435 4906 1544 4962 [amiate
1567 4937 1609 4943 —-
1629 4937 1673 4944 -—
1696 4907 1824 4962 valebtclo
1843 4907 1987 4981 perraittit.
2035 4909 2073 4962 Et
2091 4925 2118 4962 so

423 5018 488 5082 post
511 5007 638 5084 pauea2:
666 5008 735 5067 &tm
758 5010 889 5067 acceditis
912 5011 953 5066 ad
973 5028 1106 5080 arrasa-tn,
1123 5042 1166 5049 —
1183 5042 1225 5049 —
1246 5011 1373 5068 esuriant
1386 5011 1497 5068 rabam
1517 5012 1578 5068 Dei.
1627 5013 1780 5085 Gregorius
1796 5014 1892 5070 Natali
1909 5014 2072 5070 Salonitano

424 5119 557 5191 episcopo
580 5119 678 5174 scribit
701 5113 836 5174 dicons³:
871 5115 968 5173 Multis
995 5116 1031 5172 ab
1054 5117 1120 5174 arbe
1144 5126 1191 5173 tua
1222 5117 1399 5186 uenientibus,
1423 5149 1466 5156 —-
1490 5150 1533 5156 -
1564 5119 1703 5177 arbonam
1734 5129 1844 5176 tucrum
1876 5121 2073 5195 capairrtmtis

423 5223 612 5300 approbarem
644 5231 700 5280 eto.
747 5225 819 5280 Item
843 5225 879 5280 ad
903 5225 1032 5280 eumdem
1055 5225 1113 5278 suis
1137 5244 1167 5280 se
1191 5227 1303 5297 seriptis
1328 5221 1545 5282 excusantem⁴:
1580 5224 1723 5295 Conuiuia,
1755 5247 1828 5302 qaae
1858 5247 1893 5284 ea
1924 5227 2073 5284 intentione

423 5330 627 5406 impendendae
651 5331 779 5388 cassas
794 5331 880 5409 fiant,
904 5361 947 5368 —
971 5361 1014 5369 —
1032 5331 1135 5401 fateor
1157 5331 1286 5408 magistri
1309 5331 1381 5388 asts.

532 5503 558 5566 a)
580 5506 613 5555 de
634 5504 742 5556 clericis
762 5513 789 5555 et
808 5506 858 5556 boo
876 5522 932 5555 raso
951 5522 970 5554 a.
2092 5512 2117 5550 ts

534 5669 562 5738 1)
587 5669 698 5746 saara
721 5671 763 5725 ad
782 5688 878 5725 seruos
900 5669 959 5725 Da·
981 5689 1003 5724 c.
1022 5668 1051 5738 4,
1078 5666 1150 5744 Opp.
1177 5671 1219 5725 erl.
1236 5668 1344 5726 Bened.
1371 5670 1393 5738 I,
1420 5669 1556 5726 cottae.
1629 5671 1657 5734 2)
1683 5671 1758 5727 ibid.
1830 5671 1860 5744 3)
1885 5672 1942 5747 Ep.
1961 5673 2000 5732 II.
2020 5673 2071 5740 20,

426 5775 493 5832 EE.
520 5776 597 5851 Lp.
618 5775 688 5831 116.
782 5771 814 5848 4)
839 5774 895 5850 Ep.
921 5775 961 5844 II,
988 5774 1039 5844 50,
1064 5777 1082 5830 I.
1107 5776 1125 5830 l.
1146 5796 1177 5850 p.
1198 5773 1259 5831 152
1276 5796 1317 5850 sq.
