4410 6406
431 404 495 466 304
722 409 901 465 GERHOIII
924 407 1156 464 PRAEPOSITI
1179 407 1586 464 REIOHERSBERGENSIS
1611 408 1776 464 LIBELLI.

427 597 577 682 quotiens
607 597 691 660 inter
722 596 946 660 ecclesiastica
968 605 1001 659 et
1023 594 1195 660 scolastica
1225 594 1420 661 documenta
1450 595 1712 659 contrarietatem
1743 593 1851 676 audio,
1883 616 1945 680 ego
1975 599 2166 681 mag-iz

427 702 656 768 ecclesiasticis
680 725 777 788 quam
808 702 987 767 scolasticis
1016 701 1116 766 fidem
1144 700 1260 766 habeo.
1306 702 1350 766 Et
1380 702 1458 788 quia
1487 699 1603 765 debilis
1633 702 1699 766 iam
1730 722 1865 788 corpore
1897 723 1962 764 non
1985 701 2183 770 valffim

426 831 484 895 per
507 831 559 873 me
583 805 699 894 ipsum,
731 808 845 873 saltem
876 831 934 895 per
956 808 1066 872 literas
1095 807 1171 874 inde
1196 808 1337 895 quedam
1364 807 1541 890 insinuare,
1566 830 1643 873 curo
1667 807 1723 889 illi,
1754 806 1796 871 ad
1820 809 1915 871 cuius
1938 809 2200 894 pertin—et

250 939 407 989 uncturam.
427 914 579 998 officium,
611 914 802 980 confirmare
833 915 948 979 fratres
979 925 1011 980 et
1042 915 1233 980 confirmre
1264 914 1382 996 hostes,
1413 924 1449 979 ut
1478 926 1571 1000 porte
1601 913 1695 978 inferi
1726 936 1792 978 non
1822 913 2015 1000 prevaleant
2044 917 2155 932 ““
2200 944 2205 974 ι

427 1019 542 1085 diebus
572 1022 689 1086 nostris
720 1021 878 1086 adversus
910 1021 1083 1086 ecclesiam
1112 1021 1210 1086 Petro
1242 1022 1461 1103 commissam,
1493 1022 1526 1085 in
1556 1031 1650 1107 petra
1679 1019 1863 1103 fundatam,
1894 1020 1987 1085 Petri
2014 1021 2156 1084 fi·-

425 1126 621 1192 roboratam.

1121 1273 1385 1280 ...η-ἠ.-

1207 1528 1292 1604 VII.

612 1685 690 1769 Du
726 1683 1221 1772 INVESTIGATIONII
1252 1683 1630 1772 ANTIOHRISTI
1660 1686 1832 1772 LIBER
1862 1687 1894 1770 l.

536 1854 656 1932 Quibus
679 1856 770 1919 rebus
793 1869 959 1920 commotus
982 1879 1102 1940 quoque
1124 1869 1259 1942 tempore
1277 1855 1403 1920 Gerhoh
1428 1855 1543 1919 librum
1568 1855 1605 1920 de
1628 1857 1864 1942 inoestipatione
1887 1855 2204 1922 Antichrisfie!

427 1964 647 2048 composuerit,
681 1985 779 2048 supra
816 1963 881 2025 riam
915 1963 949 2026 in
972 1963 1180 2049 praefatione
1214 1963 1348 2026 &ariter
1377 1962 1606 2048 replicavimus
1616 1964 1636 2024 ¹.
1690 1960 1834 2027 Priorem
1868 1965 2114 2027 recensionem

427 2068 607 2156 Hyacinthe
631 2068 797 2132 cardinali
817 2091 850 2132 eo
875 2082 1010 2155 tempore
1032 2068 1251 2156 corripendum
1267 2068 1425 2133 credimus
1440 2069 1591 2132 traditam
1601 2072 1623 2148 2,
1647 2091 1707 2154 quo
1723 2069 1903 2133 cardinalis
1919 2068 2100 2156 Aupustae

427 2189 612 2255 moraretur,
636 2189 670 2239 ut
692 2174 900 2261 Rudiperum,
926 2174 1070 2239 Gerhohi
1082 2176 1236 2263 fratrem,
1267 2200 1336 2238 cam
1360 2177 1505 2262 episcopo
1534 2175 1781 2240 reconciliaret³.
1832 2175 1921 2253 Quae
1945 2175 2087 2241 Romam

428 2282 493 2346 lata
516 2305 613 2367 neque
636 2283 762 2346 auctori
781 2281 907 2346 reddita
931 2295 1093 2367 estusque
1116 2281 1514 2368 adposterosperoenitt
1561 2281 1704 2346 Alteram
1720 2283 1960 2369 archiepiscopo
1977 2281 2082 2348 Salis-

427 2389 577 2476 burpensi
605 2388 782 2452 dedicatam
816 2387 941 2452 Gerhoh
971 2411 1002 2451 a.
1026 2389 1255 2452 1161-1162.
1286 2391 1417 2474 scripsit
1426 2391 1447 2467 ⁵,
1479 2389 1568 2451 breui
1594 2403 1759 2473 antequam
1789 2388 2015 2452 Eberhardum
2046 2393 2076 2454 in

428 2495 559 2560 Italiam
589 2495 634 2559 ad
656 2497 779 2558 curiam
802 2495 1003 2581 imperatorias
1027 2497 1256 2560 omnitareturss.
1307 2493 1394 2572 Quae
1424 2497 1561 2558 recensio
1591 2495 1660 2559 sola
1689 2509 1849 2560 asservata
1881 2496 2035 2581 quomodo
2057 2519 2133 2563 <11⁵

420 2604 535 2688 priore
565 2604 671 2688 ipnota
702 2601 920 2686 discrepuerit,
949 2603 1112 2665 nesciinus.
1160 2601 1199 2665 In
1230 2602 1286 2666 hoc
1316 2625 1387 2666 aero
1420 2601 1502 2665 libro
1529 2600 1670 2666 Adsensit
1700 2603 1847 2688 opusculo
1878 2603 2072 2666 celeberrimo

430 2708 468 2772 de
498 2708 694 2772 Antichristo
723 2731 798 2771 ruem
828 2721 936 2770 auctor
965 2721 1068 2772 noster
1099 2707 1183 2772 litem
1212 2710 1294 2772 inter
1323 2731 1452 2796 repnurn
1482 2721 1511 2771 et
1538 2707 1746 2772 sacerdotium
1777 2723 1917 2773 exortam
1948 2734 1969 2772 a
2000 2709 2072 2773 Gre-

425 2816 516 2901 porio
541 2814 613 2878 VH.
646 2837 741 2900 usqam
771 2813 816 2878 ad
845 2827 983 2900 tempora
1007 2813 1192 2878 Alexandri
1212 2813 1277 2878 III.
1309 2817 1354 2879 ita
1378 2816 1580 2900 perstrinait,
1610 2828 1644 2878 nt
1673 2815 1796 2879 indicia
1820 2829 1848 2879 et
1869 2818 1963 2902 sipna
1987 2815 2072 2879 Anti·

427 2920 541 2985 christi
567 2945 659 3007 saepe
690 2920 850 3008 dipressus
882 2922 916 2984 in
946 2919 1079 2985 historic
1113 2923 1168 2985 sui
1199 2923 1347 3008 temporis
1381 2923 1589 3007 inoestiparet.
1647 2920 1715 2998 Qua
1751 2921 1788 2985 de
1823 2946 1920 2986 causa
1949 2925 2073 3008 primus

400 3015 402 3022 ¹
426 3029 536 3092 saltem
560 3028 640 3092 liber
656 3029 761 3113 operes
785 3030 819 3091 in
835 3041 896 3091 tres
912 3027 1010 3091 libros
1034 3026 1136 3092 diuisi
1155 3041 1272 3092 tantam
1289 3029 1411 3114 copiam
1435 3051 1541 3091 rerum
1564 3051 1598 3091 eo
1622 3041 1756 3114 tempore
1769 3042 1939 3115 pastorum,
1961 3043 2073 3092 tantam
2089 3056 2109 3092 a

428 3135 537 3198 molem
561 3136 745 3200 nonnarum
769 3136 917 3222 pravium
941 3135 1083 3214 coretinet,
1113 3148 1236 3198 etcum
1260 3137 1340 3199 inter
1364 3136 1469 3198 omnia
1496 3133 1640 3198 Gerhohi
1660 3158 1755 3220 opera
1773 3137 1918 3221 primm
1942 3137 2074 3200 obtinere

428 3239 528 3306 locam
552 3241 699 3306 historici
719 3243 917 3306 consentiant.

534 3365 666 3452 Lepitur
700 3389 778 3451 opus
815 3366 909 3453 infra
947 3365 1099 3430 edendum
1139 3367 1172 3429 in
1207 3364 1313 3429 codice
1347 3364 1743 3452 Reiehersberpensi
1778 3389 1905 3431 numero
1945 3381 2074 3448 careum,

426 3495 505 3536 saec.
531 3471 612 3535 XII.
636 3473 726 3552 mbr„
742 3496 821 3560 pap.
840 3472 914 3535 237.
960 3471 1016 3536 Ea
1038 3495 1098 3557 quo
1115 3473 1244 3557 primus
1268 3470 1332 3535 Ine.
1353 3470 1480 3536 Gretser
1504 3470 1536 3534 S.
1561 3471 1588 3534 I.
1621 3474 1769 3536 maiorem
1802 3473 1883 3536 libri
1904 3472 1930 3534 Ι.
1949 3487 2074 3559 partem

428 3578 467 3660 (e.
486 3579 621 3663 6-36)
650 3579 777 3664 publici
804 3580 887 3643 iuris
908 3579 995 3666 fecit
1023 3578 1080 3642 hoc
1109 3579 1197 3642 titulo
1220 3579 1424 3664 praeposito:
1454 3575 1599 3641 Gerhobi
1625 3575 1952 3663 Reicbersbergensis
1983 3601 2075 3664 prae·
2091 3604 2114 3643 a

427 3685 524 3770 positi
554 3683 595 3748 de
626 3693 711 3749 statu
741 3683 900 3748 ecclesiae
931 3681 991 3747 sab
1014 3683 1159 3747 Henrieo
1182 3682 1240 3747 IV.
1265 3693 1298 3747 et
1320 3683 1361 3746 V.
1384 3683 1485 3771 impp.
1510 3693 1543 3747 et
1567 3681 1718 3769 Gregorii
1741 3683 1817 3748 VH.
1847 3685 2074 3773 nonnullisque

428 3790 701 3877 consequentibus
724 3788 932 3876 pontificibus
957 3789 1168 3876 Syntagma⁷,
1191 3790 1386 3878 Inpolstadii
1409 3791 1503 3854 1611.
1522 3815 1559 3878 p.
1580 3792 1722 3871 21-68,
1745 3794 1907 3878 repetitum
1932 3795 1967 3857 in
1994 3793 2072 3880 Opp.

428 3913 446 3963 t.
465 3898 519 3978 VI,
536 3923 574 3984 p.
592 3897 792 3979 245-263,
815 3898 930 3963 deinde
945 3897 1080 3962 Iodocus
1096 3895 1182 3961 State
1205 3899 1238 3961 in
1254 3896 1387 3961 ‘Archia
1402 3898 1469 3985 fiir
1484 3897 1737 3962 beterreichische
1754 3898 2073 3984 Geschiohtsquellen'

428 4020 447 4070 t.
465 4004 541 4084 XX,
551 4029 587 4091 p.
600 4005 661 4068 129
677 4029 745 4090 sqq.
762 4007 886 4070 maiora
899 4006 1092 4091 frapmenta,
1108 4027 1188 4089 quae
1202 4002 1368 4069 Gretserus
1384 4006 1540 4084 omiserat,
1557 4004 1666 4069 edidit.
1702 4004 1847 4091 Denique
1864 4003 2072 4071 [41801181ὂεί-

537 4259 566 4330 1)
592 4259 691 4337 Supra
707 4281 741 4336 p.
758 4260 829 4316 134.
899 4258 930 4333 2)
952 4259 983 4316 V.
1004 4260 1105 4336 praes.
1129 4259 1215 4332 infra
1232 4280 1265 4336 p.
1284 4259 1357 4316 304.
1395 4260 1445 4317 Ere
1465 4259 1536 4317 libro
1560 4259 1665 4337 defidc
1686 4280 1707 4317 a
1729 4260 1806 4318 nobis
1829 4261 1979 4321 omittendo
2002 4283 2024 4320 e.
2043 4264 2072 4320 5.
2092 4281 2116 4318 ao

430 4367 654 4446 Scheibelberper
676 4367 705 4424 in
729 4366 847 4424 editione
867 4385 921 4424 um
937 4387 971 4442 p.
996 4366 1026 4422 2.
1056 4366 1130 4423 bunc
1159 4368 1246 4423 lenum
1265 4367 1372 4443 publici
1392 4366 1463 4424 iuris
1478 4366 1569 4437 fecit:
1601 4366 1774 4438 Opusculum
1805 4369 1841 4424 de
1865 4369 1939 4424 illius
1963 4371 2072 4426 bestiae

428 4476 647 4548 investigatione
670 4476 804 4546 scriptum
827 4475 999 4545 porreximus
1021 4475 1142 4530 antehac
1164 4475 1289 4530 Iaoinoto
1312 4474 1446 4530 cardinali
1469 4475 1697 4546 perspiciendum
1726 4475 1864 4546 nobisque
1895 4478 2073 4533 reddendum

429 4589 516 4653 atque
547 4583 752 4655 corrigendum,
783 4588 867 4653 prout
896 4587 1052 4653 oporteret.
1098 4580 1156 4638 Sed
1185 4582 1234 4637 ille
1264 4582 1316 4636 hoo
1346 4598 1401 4636 non
1430 4581 1565 4636 reddidit.
1690 4579 1720 4650 3)
1753 4578 1802 4652 Cf.
1832 4601 1924 4656 supra
1947 4603 1981 4659 p.
2001 4584 2072 4640 134.

430 4686 460 4758 4)
484 4687 515 4743 V.
539 4707 568 4744 n.
590 4687 619 4744 2.
711 4686 742 4758 5)
773 4688 890 4764 Tempus
913 4705 949 4745 aa
972 4686 1014 4744 his
1036 4686 1146 4744 iudiciis
1168 4687 1312 4745 enucleari
1327 4694 1428 4762 potest.
1477 4685 1508 4744 O.
1534 4687 1585 4743 bb.
1612 4683 1727 4744 Gerhoh
1751 4686 1832 4744 dicit:
1854 4689 1972 4745 Interim
1996 4709 2072 4760 vero,

429 4797 495 4850 dum
518 4795 589 4851 haec
611 4795 757 4850 scribimus
782 4836 789 4849 .
815 4835 822 4849 .
848 4802 858 4850 .'
879 4795 944 4850 novi
966 4812 1091 4851 rumores
1116 4836 1122 4849 .
1149 4836 1155 4849 .
1182 4837 1189 4848 .
1213 4795 1369 4850 advolitant
1391 4795 1420 4848 in
1445 4834 1452 4849 .
1479 4835 1486 4850 .
1512 4836 1519 4849 .
1544 4795 1659 4851 civitate
1683 4795 1787 4851 Tolosa
1809 4796 1986 4852 celebratum
2009 4818 2072 4855 esse
2090 4811 2116 4852 so

429 4901 587 4970 concilium,
610 4902 687 4978 quod
700 4921 729 4958 a.
744 4899 838 4956 1160.
854 4919 948 4958 mense
964 4898 1024 4958 Oct.
1035 4902 1150 4973 scetem
1166 4920 1224 4959 esse
1237 4900 1347 4958 uidebar
1362 4895 1416 4976 (cf.
1434 4901 1473 4957 H.
1489 4901 1638 4970 Boehmer,
1656 4900 1703 4957 ‘N.
1721 4901 1819 4957 Arch!
1833 4902 1917 4973 XXI,
1932 4924 1965 4980 p.
1981 4901 2073 4978 683),-

429 5027 452 5064 c.
471 5007 522 5063 59.
547 5007 659 5065 mundos
674 5006 920 5065 Iermalmnitanos
935 5009 977 5064 ad
990 5007 1192 5082 expeditionum
1206 5027 1320 5065 samam
1332 5009 1573 5084 praeparandam
1596 5014 1662 5065 ante
1684 5026 1771 5064 annos
1787 5009 1873 5064 XIIII
1888 5004 1959 5084 (scil.
1976 5007 2072 5087 1147)

428 5113 458 5170 in
483 5113 632 5190 Europam
654 5113 761 5172 venisse
782 5122 942 5182 namnum,-
969 5133 992 5170 c.
1011 5112 1062 5168 68.
1086 5115 1216 5190 lepuntur
1238 5115 1323 5172 haec:
1347 5115 1483 5172 Attamen
1507 5116 1574 5186 quia
1595 5133 1645 5170 rex
1668 5115 1716 5171 ille
1740 5134 1829 5171 novus
1853 5111 1923 5190 (scil.
1943 5118 2073 5196 Unparo-

429 5213 503 5294 rum)
527 5239 580 5292 per
602 5239 717 5277 uxorem
741 5219 862 5277 Grecam
885 5220 978 5277 Greoo
1001 5221 1162 5292 Imperatori
1185 5221 1303 5291 aliisque
1328 5220 1426 5277 Grecis
1450 5223 1622 5293 principibus
1644 5223 1757 5278 iunctus
1781 5229 1835 5279 est.
1882 5223 1997 5280 Dicitur
2013 5224 2073 5282 Ste-

424 5325 541 5400 phanus
559 5326 614 5397 IV,
638 5327 687 5404 qui
708 5348 736 5385 a.
757 5326 850 5397 1162,
874 5345 967 5384 mense
990 5324 1158 5396 Februario,
1181 5326 1319 5383 merserit.
1411 5325 1442 5396 6)
1468 5325 1517 5398 Os.
1540 5347 1631 5403 supra
1650 5347 1682 5403 p.
1702 5327 1782 5396 134,·
1806 5329 1840 5386 de
1862 5331 2072 5401 necessitudine,
2091 5345 2117 5383 to

429 5449 502 5506 prece
524 5431 597 5490 inter
621 5431 821 5491 Eberhardum
844 5441 871 5490 et
891 5431 1088 5489 Alexandrum
1105 5451 1217 5507 papam
1233 5431 1305 5503 suit,
1328 5451 1354 5490 a.
1375 5432 1418 5489 W.
1435 5431 1569 5504 Schmidt,
1587 5432 1654 5491 ‘Die
1670 5433 1796 5512 Stellunp
1818 5436 1870 5492 der
1886 5436 2075 5509 ΕττὸίεσΙιὸΥε

429 5537 491 5593 und
518 5539 565 5596 des
589 5539 744 5612 Erzst'ster
772 5559 827 5596 uon
850 5537 989 5614 Sabburp
1017 5557 1053 5594 zu
1077 5537 1184 5595 Kirche
1204 5539 1266 5596 und
1286 5539 1375 5596 Reicb
1403 5547 1485 5596 anter
1509 5540 1615 5598 Kaiser
1638 5540 1791 5598 Friedrich
1814 5542 1858 5612 1⁷,
1883 5541 1999 5601 ‘Archia
2015 5545 2075 5616 fiir

429 5645 529 5700 interr.
547 5643 724 5704 (ieschichte’
749 5653 767 5702 t.
786 5645 837 5715 34,
856 5665 889 5721 p.
909 5643 981 5700 171.
1051 5641 1083 5714 7)
1101 5642 1182 5708 Quas
1191 5653 1292 5719 partes
1309 5645 1416 5722 Mipne,
1441 5645 1607 5724 Pahohrpia
1630 5649 1679 5704 lat
1705 5655 1724 5704 t.
1744 5647 1816 5718 194,
1841 5651 1892 5706 col.
1911 5649 1994 5706 1445
2011 5671 2073 5727 sqq.

427 5747 548 5809 iteravit.
