4544 6420
517 421 689 476 ARNULFI
713 419 912 475 SAGIENSIS
937 420 1224 476 ARCHIDIACONI
1246 420 1471 477 lavacrum.
1778 413 1818 475 89

162 619 281 671 natura
305 608 608 692 consanguinitatis,
639 619 706 670 tum
732 607 892 686 educati0,
917 619 995 684 tum,
1021 607 1108 694 quod
1133 631 1152 671 a
1175 620 1206 671 te
1232 606 1429 687 sumebatur,
1456 607 1641 693 exemplum
1666 608 1753 672 vitae
1778 608 1819 670 si·

163 713 347 778 militudine
380 714 605 791 conformavit,
637 727 671 776 ut
695 737 713 776 a
737 725 851 776 natura
882 715 1087 799 principium,
1119 713 1161 777 ab
1185 713 1377 778 educatione
1401 716 1570 800 promotio,
1602 712 1644 777 ab
1669 713 1818 800 exemplo

165 819 363 900 ambitionis,
389 823 547 884 avaritiae
571 819 780 906 libidinisque
804 820 979 885 duceretur
1001 823 1187 885 auctoritas.
1227 821 1373 908 Reliquis
1397 834 1505 885 autem
1530 820 1690 884 ccclesiae
1715 821 1819 907 digni·

164 927 288 992 tatibus
313 940 345 992 ct
368 927 547 1009 beneficiis,
579 950 663 1014 quae
694 928 727 990 in
751 950 850 991 unum
874 950 1070 992 coacervare
1094 950 1159 992 non
1183 940 1324 1014 poteras,
1355 928 1544 1014 eisdemque
1573 928 1731 1008 conferre,
1764 929 1820 1014 qui

109 1036 383 1120 ‘specuniosion
416 1037 443 1098 is
467 1034 596 1120 dignior
621 1032 803 1098 habebatur
812 1039 832 1096 ¹.
880 1033 952 1098 Non
977 1034 1205 1098 attendebatur
1235 1034 1398 1112 honestas,
1430 1035 1489 1098 scd
1518 1057 1633 1098 mamre
1665 1033 1819 1098 honustae

167 1143 273 1228 potius
298 1140 511 1227 expectabas.
548 1140 780 1206 'Basilicarum
806 1141 1037 1220 dedicationes,
1061 1140 1305 1206 benedictiones
1330 1141 1490 1218 altarium,
1515 1140 1721 1205 sacerdotum
1745 1163 1819 1206 con·

168 1249 360 1330 stitutiones,
385 1249 599 1334 eodern,.qno
624 1260 743 1328 cetera,
775 1270 864 1311 more
888 1249 1046 1330 tractasti,
1071 1261 1106 1311 ut
1130 1247 1226 1335 plane
1251 1248 1331 1312 nihil
1355 1247 1541 1312 faciendum
1565 1259 1707 1334 pumma,
1733 1247 1820 1333 quod

169 1379 232 1419 non
256 1355 392 1420 alicuius
417 1355 624 1419 emolumenti
649 1355 829 1441 auspicatio
857 1356 1054 1440 preveniret.
1102 1355 1230 1418 Nullam
1254 1355 1429 1418 virtutibus
1461 1355 1599 1440 gratiam
1630 1353 1819 1440 rcpendisti,

167 1462 290 1526 nullum
315 1485 445 1548 quoquc
470 1462 664 1548 supplicium
681 1463 767 1526 vitiis
789 1461 952 1548 irrogasti,
977 1462 1140 1525 neminem
1164 1461 1206 1526 ad
1230 1463 1317 1526 vitae
1341 1462 1560 1526 innocentiam
1584 1461 1775 1525 informasti.

121 1597 149 1634 ro
276 1569 311 1634 Si
336 1571 408 1656 quis
433 1567 474 1634 dc
498 1571 624 1634 incestu
648 1568 815 1655 quolibet⁸
840 1591 937 1633 sortus
961 1570 1102 1650 emersit,
1127 1569 1154 1632 si
1178 1569 1251 1655 quia
1268 1568 1425 1632 adversus
1442 1567 1680 1632 immunditiam
1697 1569 1821 1632 exarsit

169 1677 328 1740 castitatis
352 1699 453 1756 amor,
484 1678 517 1739 in
542 1675 715 1756 silentium,
739 1689 771 1740 te
796 1674 978 1756 cohibente,
1010 1674 1162 1740 redactus
1187 1690 1245 1739 est.
1292 1674 1574 1760 Engolismensem
1599 1673 1821 1739 abbatissam²

169 1783 303 1868 quidam
326 1794 399 1846 tuus
423 1783 694 1847 archidiaconus³
717 1782 887 1868 gravidam
907 1805 1008 1868 praru
1024 1782 1102 1846 fecit
1119 1805 1264 1846 accessu.
1299 1783 1401 1846 Porro
1418 1782 1545 1846 facinus
1562 1783 1820 1868 ingravescentis

168 1892 252 1954 uteri
276 1901 382 1954 tumor
406 1890 570 1954 excedens
602 1901 633 1953 et
662 1888 816 1954 naturalis
848 1889 983 1953 effectus
1014 1890 1174 1976 aperuitl.
1223 1889 1319 1970 Quod
1351 1889 1427 1953 dum
1458 1899 1592 1975 propter
1615 1887 1820 1952 insolentiam

170 1998 315 2061 criminis
341 1996 585 2082 divinitatisque
610 2008 831 2083 contemptum
856 1996 983 2061 civibus
1007 1994 1199 2061 incredibile
1222 1995 1363 2076 ridetur,
1395 1997 1603 2082 parturientis
1635 1993 1820 2058 abbatissae

125 2129 150 2168 is
170 2106 310 2190 gemitus
335 2115 367 2168 ct
390 2105 466 2167 noti
489 2115 602 2190 partus
627 2103 807 2190 crepundia
830 2103 927 2168 tidem
951 2103 1109 2168 fecerunt.
1156 2102 1320 2168 Universa
1344 2104 1444 2188 igitur
1467 2103 1582 2166 civitas
1607 2101 1820 2166 admiratione

172 2211 321 2298 perculsa
346 2223 403 2286 cst,
435 2233 500 2297 qua
524 2212 701 2296 cogitatum
725 2212 939 2296 impatientia,
971 2234 1035 2296 qna
1065 2212 1246 2274 temeritate
1275 2223 1478 2296 conceptum,
1510 2232 1574 2294 qua
1598 2208 1739 2295 denique
1764 2209 1820 2272 im-

171 2319 326 2404 pudentia
342 2330 452 2404 posset
468 2340 539 2382 esse
557 2317 762 2404 completum,
788 2317 876 2404 quod
899 2316 1005 2396 bomo,
1030 2319 1211 2381 animarum
1228 2329 1346 2400 custoS,
1367 2317 1560 2403 episcopalis
1577 2315 1700 2397 ficulna,
1718 2314 1820 2380 ecclc·

171 2428 239 2490 siae
270 2424 431 2504 columna,
463 2449 614 2511 sponsam
639 2425 782 2507 Domini,
807 2427 970 2512 virginum
993 2427 1062 2489 eius
1092 2436 1228 2488 matrem
1260 2437 1357 2511 atque
1382 2422 1561 2504 custodem,
1592 2446 1657 2486 non
1681 2421 1820 2508 compel-

172 2533 269 2596 lasset
293 2531 394 2596 rerbo
419 2543 552 2612 tantum,
585 2532 643 2595 sed
673 2554 770 2618 opere
801 2531 969 2617 polluisset
1000 2543 1031 2595 et
1061 2530 1167 2596 cubile
1199 2533 1299 2619 patris
1324 2533 1431 2595 animo
1455 2531 1646 2595 fornicantis
1670 2531 1822 2594 intrasset

127 2664 153 2703 su
172 2662 308 2726 eamque
332 2639 417 2712 Deo,
442 2662 525 2725 quae
549 2639 670 2704 homini
695 2661 824 2726 quoque
849 2649 915 2703 tam
931 2638 1164 2702 contumeliosa
1188 2662 1287 2726 quam
1303 2637 1539 2725 opprobriosad
1563 2649 1621 2713 cst,
1645 2639 1822 2721 irrogasset

171 2748 333 2810 iniuriam.
370 2745 572 2811 Suscitature
597 2746 639 2810 ad
656 2745 834 2810 vindictam
852 2753 991 2827 comest,
1017 2747 1070 2810 cui
1094 2745 1232 2810 carrdem
1255 2769 1429 2830 germanus
1453 2747 1584 2831 sanguis
1609 2745 1822 2808 coniunxerat

278 2949 304 3004 al
326 2943 404 3013 ‹qtroli
424 2968 444 2999 c.
501 2949 527 3010 b)
550 2951 676 3014 apparuit
697 2949 731 2998 Ι).
787 2947 812 3010 c)
834 2965 933 3014 sprmsa
952 2967 973 2998 r.
993 2949 1027 2998 l).
1083 2947 1110 3010 d)
1133 2948 1209 3014 obpr.
1228 2947 1268 2997 liic
1286 2956 1309 2998 et
1325 2949 1419 3012 passim
1437 2966 1457 2997 r.
1515 2949 1540 3008 e)
1561 2949 1676 2997 suscitat
1695 2947 1730 2996 D.
1745 2947 1776 2996 G.
1791 2944 1821 2995 P.

282 3108 309 3191 1)
334 3114 410 3182 lara,
442 3123 471 3170 at
492 3113 603 3189 opinor,
636 3112 761 3170 Girardi
789 3113 961 3176 laudatores,
992 3113 1066 3168 relat
1094 3111 1182 3168 Brial
1211 3107 1353 3187 (Bcaqact
1375 3111 1459 3181 XIV,
1479 3131 1512 3186 p.
1531 3106 1617 3186 250).
1645 3109 1738 3188 Gipoa
1762 3112 1780 3166 l.
1799 3131 1821 3166 c.

168 3243 200 3296 p.
219 3222 259 3276 23
276 3242 329 3296 sq,
357 3221 475 3277 Marata
499 3223 517 3276 l.
537 3241 558 3276 c.
579 3241 611 3296 p.
632 3219 693 3274 284
711 3239 763 3295 sq..
790 3219 926 3275 Sclrcllcrt
948 3221 965 3274 l.
984 3239 1006 3275 c.
1027 3240 1059 3294 p.
1075 3219 1092 3274 6
1109 3241 1162 3295 sq„
1187 3218 1246 3288 olii,
1271 3219 1353 3276 *ratris
1369 3218 1485 3296 Arnalfi
1507 3217 1668 3287 rtiendaoiis,
1694 3237 1766 3294 qaae
1790 3219 1824 3274 de

127 3346 153 3386 aa
171 3327 325 3384 simoniaca
350 3328 474 3384 auaritia
497 3327 660 3384 aduersarii
677 3326 805 3401 protulit,
837 3345 870 3382 ea
901 3334 1099 3400 opposuerant,
1130 3345 1203 3401 qliae
1233 3325 1262 3382 ia
1286 3325 1360 3382 Hist.
1386 3325 1468 3400 episc.
1496 3325 1650 3401 Errpolism.
1672 3345 1703 3400 p.
1722 3325 1760 3380 41
1780 3345 1821 3400 sq.

172 3437 207 3490 de
230 3437 313 3511 larpa
338 3435 396 3490 eins
419 3435 608 3513 arsilirificentia
632 3442 803 3490 rtarrantur.
843 3433 960 3489 Gareatai
982 3433 1052 3488 caim
1077 3433 1151 3488 inter
1173 3451 1267 3490 orriaes
1292 3431 1450 3488 Girarclanr
1475 3431 1631 3507 eprisapnan
1656 3452 1711 3488 non
1735 3433 1821 3488 soban

172 3542 312 3598 arlrsima
339 3543 536 3604 cathedralem,
567 3542 641 3598 alias
672 3541 810 3610 ecclesias,
842 3541 975 3615 capellas,
1007 3541 1101 3596 danaos
1125 3539 1308 3614 leprosarius,
1334 3537 1463 3613 hospitia,
1491 3538 1630 3612 palatium
1656 3539 1821 3613 episorpale,

173 3670 313 3705 rainerum
330 3650 387 3706 suis
403 3650 524 3706 anaaime
538 3649 689 3725 surirptibas
705 3647 902 3714 ‹roristraaissa
927 3647 1029 3722 atriplis
1052 3646 1141 3716 (lonis,
1162 3645 1300 3721 preciosis
1324 3653 1349 3700 et
1372 3645 1530 3701 ›rtriaeribas
1554 3654 1580 3700 ct
1602 3645 1775 3700 ornamentis
1798 3653 1824 3700 et

172 3756 250 3812 libris
273 3756 384 3822 ditasse,
412 3759 464 3813 scd
485 3757 566 3813 eliani
585 3755 769 3832 paoperibus,
796 3753 922 3828 leprosis,
948 3752 1055 3810 clericis
1077 3753 1134 3810 sais
1156 3773 1264 3808 sarriana
1288 3771 1347 3808 caira
1372 3751 1503 3827 tarpitate
1528 3749 1704 3820 roasrdaisse,
1729 3750 1823 3807 onraia

128 3883 154 3920 aa
173 3862 291 3938 aleriiqae
313 3863 371 3930 illa,
403 3883 475 3938 prior
499 3863 616 3918 babebat
632 3864 702 3934 sera
726 3861 754 3918 ia
779 3861 835 3918 rita
858 3881 920 3929 sira,
952 3863 995 3917 ccl
1017 3860 1148 3916 ecclesiae
1179 3859 1286 3915 dedisse
1312 3859 1356 3915 ael
1373 3858 1548 3933 paoperibus
1579 3877 1718 3934 eropasse.
1767 3857 1826 3913 Sed

172 3969 279 4026 silentio
309 3990 364 4026 non
391 3971 630 4045 praetereundam
663 3969 727 4038 crit,
759 3969 845 4044 qriod,
878 3976 908 4023 at
937 3967 988 4023 alii
1017 3967 1072 4022 ianr
1104 3974 1279 4034 niorraeraat,
1312 3963 1464 4038 Goffiidas
1494 3964 1580 4022 abbas
1603 3964 1822 4034 lindociaeasis,

175 4075 306 4138 (lirardi,
324 4087 353 4132 nt
364 4085 446 4152 patet
461 4097 496 4133 ea·
512 4076 633 4150 epistolis
652 4075 701 4131 lb.
724 4073 774 4131 20.
793 4073 832 4130 22
843 4074 946 4130 -27,
972 4074 1036 4130 libri
1045 4073 1136 4148 primi
1151 4067 1238 4148 (opp.
1257 4071 1281 4141 I,
1301 4071 1447 4128 37-39.
1466 4071 1506 4126 43
1518 4065 1633 4146 -44),
1657 4071 1824 4128 studiosissi-

175 4204 234 4239 mos
249 4185 390 4253 laudator,
416 4184 443 4239 in
462 4183 578 4258 epistola
594 4203 683 4258 sap-ra
695 4203 728 4257 p.
747 4181 798 4248 88,
816 4203 844 4237 a.
863 4181 892 4236 3.
918 4181 1036 4236 lancmta
1047 4180 1175 4255 plurima
1192 4180 1341 4254 eodemque
1359 4179 1529 4254 pravissima
1546 4178 1687 4235 auaritiae
1704 4187 1728 4234 ct
1743 4178 1824 4235 sinzo·

173 4291 239 4346 raiae
256 4289 380 4346 (li-rardi
395 4292 523 4365 cacrripla
540 4290 654 4365 aliaque
669 4287 823 4365 opprobria
848 4287 873 4343 ci
896 4288 923 4344 in
940 4287 1016 4364 sript
1030 4288 1153 4362 proriam
1171 4286 1312 4342 cantilena
1332 4287 1422 4342 allata
1433 4286 1561 4361 protulit.
1600 4283 1682 4349 Qriae
1698 4285 1825 4360 qualisvis

130 4413 156 4454 to
177 4395 269 4472 (lippari
294 4406 319 4454 et
344 4397 462 4454 dicrota
487 4417 522 4453 ear
545 4397 614 4472 ipsis
638 4395 768 4469 Goffiidi
789 4394 879 4452 serbis
902 4395 1034 4466 refutare
1057 4393 1151 4449 conati
1172 4392 1236 4461 sint,
1261 4393 1367 4464 ‚farriae
1391 4391 1516 4450 Girardi
1544 4401 1688 4466 alternaque
1715 4391 1826 4448 obstare

175 4504 311 4560 vitientur.
434 4502 465 4578 2)
496 4504 603 4560 Nosnen
635 4502 791 4560 abbatissae.
822 4501 985 4558 resonasterii
1012 4523 1035 4556 s.
1060 4499 1179 4556 Aesonii
1208 4499 1236 4555 in
1266 4499 1449 4575 Eupolismaa
1477 4498 1605 4556 suburbio
1635 4497 1681 4554 siti
1709 4498 1825 4574 ipsora-

176 4631 243 4666 rnas.
362 4605 392 4687 3)
422 4611 514 4686 lisque
544 4613 586 4668 ad
606 4631 711 4667 anatum
733 4609 825 4665 1120.
851 4609 1002 4665 Acbardus
1025 4606 1243 4662 archidiaconias
1267 4605 1398 4662 ecclesiae
1423 4605 1643 4682 Eupolisraensls
1666 4605 1694 4660 ia
1720 4604 1826 4661 chartis

176 4717 297 4774 firmarit
327 4713 344 4790 i
342 4718 460 4774 Murato
485 4738 518 4792 p.
544 4717 618 4773 223.
650 4725 676 4773 et
698 4711 786 4791 alibi),
818 4715 918 4772 aloitide
948 4714 1123 4780 Richardas‚
1157 4711 1281 4770 Girardi
1311 4711 1434 4787 epistimi
1461 4731 1557 4788 aepm,
1589 4713 1623 4768 de
1652 4731 1706 4786 qao
1734 4731 1825 4786 supra

176 4824 365 4881 tractationis.
414 4824 537 4889 erinarn
570 4844 663 4882 eamean
694 4823 851 4880 abbatissae
880 4830 992 4878 onmtor
1016 4819 1119 4890 suerit,
1151 4819 1295 4875 riestirnas.
1343 4820 1394 4876 Ea·
1423 4839 1497 4876 traria
1526 4837 1639 4876 rumore
1669 4818 1824 4888 Araalsanr

132 4946 158 4985 to
177 4932 250 4987 banc
258 4931 392 5002 fabulam
410 4932 544 5001 lrausisse,
569 4951 605 4988 eor
621 4951 661 5001 co,
685 4932 762 5006 qaod
783 4949 880 4986 terranea
898 4937 924 4984 et
938 4926 1134 4984 arciridiacoai
1155 4925 1228 4982 illins
1245 4935 1270 4981 rt
1285 4925 1441 4982 abbatissae
1464 4926 1587 5001 ipsorat,
1612 4925 1702 4981 conici
1710 4925 1824 5000 poterit.

178 5036 208 5111 4)
230 5038 327 5095 Utrum
352 5039 403 5095 boc
425 5042 484 5096 loco
507 5041 542 5095 de
566 5037 705 5096 Guilelmo
728 5037 800 5093 dicto
816 5036 913 5092 Stator
921 5065 932 5075 ·
934 5034 1025 5106 ferri,
1051 5032 1146 5088 corrrite
1163 5032 1379 5109 Errpolioncnsi,
1403 5052 1441 5088 aa
1467 5033 1501 5088 da
1516 5032 1581 5110 filio
1605 5032 1662 5088 aius
1680 5031 1824 5107 Valqriao,

177 5146 225 5220 pai
246 5144 327 5200 arrabo
350 5154 473 5221 ternpore
489 5143 614 5204 (lirardi
632 5145 787 5202 corrritatma
806 5143 1044 5218 Eripirtisnensem
1068 5140 1205 5209 raserint,
1229 5159 1319 5195 ,serino
1342 5139 1385 5208 sit,
1411 5139 1583 5208 (ltrbitonnls5
1608 5141 1642 5194 dc
1665 5138 1761 5214 quibas
1784 5139 1824 5208 cf.

177 5272 220 5320 ea,
245 5271 318 5326 quae
333 5252 408 5309 Har.
420 5261 501 5328 pont.
528 5261 554 5308 et
575 5252 699 5308 conatum
719 5249 874 5326 Eupolisrn.
900 5251 917 5305 l.
936 5269 958 5304 c.
979 5269 1011 5323 p.
1030 5249 1071 5303 40
1087 5268 1128 5322 sq.
1156 5247 1195 5302 44
1213 5267 1253 5322 sq.
1281 5246 1320 5302 52
1338 5267 1379 5321 sq.
1404 5245 1554 5301 irretitor-iae
1577 5245 1704 5301 tradidit.
1740 5243 1826 5300 Arabo

177 5367 267 5414 autera
289 5347 357 5438 scara
383 5357 513 5416 Girardo
543 5359 666 5414 airricitia
694 5367 719 5413 et
734 5355 940 5428 sanatio-ritate
965 5375 1075 5430 serirper
1098 5353 1236 5411 cortiuncti
1252 5353 1347 5423 „sitisse
1370 5352 1507 5409 sidentur.
1556 5351 1589 5408 l).
1608 5353 1745 5408 Scliellert
1766 5353 1784 5406 l.
1802 5371 1825 5407 c.

133 5479 159 5519 aa
173 5485 205 5540 p.
223 5465 275 5520 48.
294 5463 470 5536 Guilebnum,
489 5465 609 5522 corititem
626 5464 807 5541 Aquitaniae,
824 5483 880 5538 per
896 5481 1020 5518 errorem
1037 5460 1178 5536 allepaoit,
1195 5479 1275 5534 qriem
1291 5479 1367 5516 atino
1383 5458 1475 5514 1114.
1494 5458 1565 5514 idem
1583 5457 1738 5526 Girardas,
1756 5477 1825 5528 carri,

178 5571 298 5648 leptirrra
322 5592 412 5629 amatre
434 5572 594 5648 repudiata,
624 5571 803 5630 concubinam
834 5568 885 5626 sibi
913 5567 1080 5636 sociaoiaset,
1110 5565 1280 5643 pravissima
1304 5584 1423 5622 ceasrtra
1448 5565 1633 5622 ecclesiastica
1658 5564 1825 5620 cobibuerat.

180 5679 245 5734 lure
267 5681 402 5749 nontudli,
435 5682 509 5737 vellit
533 5679 651 5734 Marata
675 5680 693 5734 l.
712 5699 734 5734 c.
756 5698 787 5752 p.
807 5676 880 5746 283,
913 5675 1089 5732 Schellertl.
1108 5695 1130 5730 c.
1151 5695 1184 5748 p.
1203 5673 1219 5729 7
1238 5693 1291 5747 sp..
1323 5674 1376 5728 bac
1399 5673 1427 5728 in
1452 5691 1485 5727 re
1509 5672 1667 5729 Girardam
1691 5671 1720 5726 in
1745 5671 1827 5727 comi·

179 5795 228 5841 tem
254 5786 425 5862 Aquitaniae
455 5789 535 5862 laraipe
558 5786 641 5842 aliter
663 5806 746 5860 quarn
772 5786 799 5840 ia
824 5782 1053 5839 arrlridiacmmm
1078 5801 1155 5838 atriis
1180 5799 1209 5836 se
1228 5779 1393 5854 praebuisse
1422 5787 1597 5834 nioaaerunt.
1645 5777 1705 5833 Nec
1734 5785 1826 5833 taurea

250 5908 349 5958 Libelli
368 5909 402 5959 de
423 5907 478 5958 lite.
511 5909 564 5958 ΙΙΙ.
1581 5901 1611 5948 12
