4386 6390
452 367 516 430 598
906 372 1067 428 PELAGII
1090 373 1371 428 EPISTOLARUM
1394 371 1649 430 FRAGMENTA.

450 559 527 624 licet
550 561 679 624 omnino
703 561 906 624 notissimum
937 561 988 642 sit,
1018 559 1107 624 beati
1136 571 1246 624 tamen
1269 559 1444 644 Augustini
1474 559 1657 624 testimonio
1685 557 1908 645 comprobem.
1954 555 2086 624 Audiat

451 667 508 731 Ait
530 668 653 730 enim2:
691 666 787 747 Quod
818 667 845 730 si
875 666 962 731 nullo
992 666 1089 732 modo
1119 679 1208 731 rcctc
1238 677 1345 754 potest
1368 665 1508 752 ecclesia
1538 665 1604 728 dici
1634 665 1744 752 quod·
1767 664 1901 746 scisma,
1933 674 2031 728 restat
2055 677 2089 749 ut,

453 775 605 860 quoniam
630 773 770 862 ccclesia
792 773 858 838 Dei
881 772 971 837 nulla
994 795 1065 838 esse
1089 796 1153 837 non
1177 784 1293 859 potest,
1323 796 1362 836 ea
1386 773 1435 854 sit,
1460 795 1558 858 quam
1582 772 1668 836 sedis
1692 770 1873 860 apostolice
1897 793 1958 858 per
1980 795 2090 837 succes·

453 882 559 944 siones
583 882 810 966 episcoporum
833 881 868 943 in
891 880 1002 945 radice
1027 881 1232 944 constitutam
1257 880 1417 944 nullorum
1440 879 1606 944 hominum
1629 878 1769 960 malicia,
1795 880 1896 942 etiam
1920 878 1948 941 si
1971 887 2047 941 nota
2062 881 2093 944 sit

453 998 484 1052 et
508 986 639 1052 excludi
664 1010 728 1051 non
752 988 864 1073 possit,
890 986 948 1051 sed
971 1009 1030 1073 pro
1054 997 1236 1072 temporum
1259 988 1384 1052 ratione
1408 985 1577 1050 toleranda
1599 985 1770 1066 iudicetur,
1795 984 1862 1050 ullo
1887 984 1986 1049 modo
2001 984 2116 1050 valeats

281 1116 433 1167 arsuras.
453 1095 655 1180 extinguere.
702 1093 784 1157 Deb
815 1117 893 1180 qua
923 1094 1046 1180 paulo
1077 1104 1182 1158 ante.
1229 1093 1405 1180 Speremus
1434 1094 1467 1156 in
1495 1092 1559 1174 illo,
1585 1093 1640 1178 qui
1669 1093 1741 1179 ipsa
1763 1094 1888 1156 veritas
1913 1103 1974 1174 est,
1999 1094 2096 1178 etqui

452 1201 541 1264 Petri
564 1200 662 1265 fidem
685 1199 762 1265 licet
785 1199 917 1264 titubari
941 1200 1118 1286 pertulerit,
1151 1200 1291 1265 deficere
1321 1210 1430 1264 tamen
1461 1199 1590 1264 omnino
1622 1223 1686 1262 non
1713 1198 1855 1285 pertulit.
1905 1199 1957 1262 Et
1986 1198 2096 1285 paulo

452 1318 555 1395 post.
601 1307 690 1372 Ecce
714 1309 893 1393 agnovistis
916 1330 1015 1371 unam
1040 1329 1111 1371 esse
1136 1307 1306 1394 ecclesiam
1331 1319 1363 1372 et
1386 1329 1458 1370 eam
1481 1307 1515 1369 in
1538 1305 1649 1370 radice
1674 1305 1760 1370 sedis
1785 1305 1969 1392 apostolice
1993 1307 2097 1369 consti·

453 1425 555 1479 tutam
580 1415 728 1500 extingui
750 1437 815 1478 non
839 1437 945 1500 posse.
991 1399 1188 1500 Et'paulo
1213 1415 1416 1500 superius.
1464 1412 1574 1493 Quid³
1597 1425 1705 1476 autem
1729 1413 1770 1477 de
1794 1435 1909 1477 corum
1933 1414 2001 1476 iam
2024 1413 2098 1498 prin-

454 1522 526 1607 cipe
551 1521 675 1607 loquar,
700 1521 755 1607 qui
780 1531 811 1584 et
834 1519 1040 1603 monachum,
1065 1522 1092 1584 si
1116 1532 1225 1586 tamen
1249 1520 1422 1608 aliquando
1446 1521 1515 1602 fuit,
1540 1519 1717 1583 invadendi
1735 1521 1964 1606 episcopatum
1988 1517 2099 1584 ambitu
2114 1545 2133 1582 n

454 1626 606 1714 perdidit,
637 1639 669 1692 ct
697 1629 919 1714 episcopatum
949 1650 1010 1692 nec
1042 1638 1156 1692 contra
1185 1650 1307 1692 morem
1338 1627 1443 1692 iactus
1472 1650 1534 1692 nec
1564 1627 1768 1691 scismaticus
1798 1615 1905 1712 potuit
1936 1625 2100 1690 obtinere?

455 1733 544 1815 Quid
574 1734 659 1798 enim
691 1735 723 1798 in
754 1733 899 1798 eiusdem
930 1733 1133 1798 ordinatione
1163 1734 1215 1798 vel
1246 1734 1352 1820 potius
1383 1734 1602 1798 destructione
1633 1733 1777 1818 legitimo
1800 1734 1872 1796 iure
1897 1732 1951 1796 vel
1977 1753 2101 1798 consue-

454 1839 565 1904 tudine
590 1841 749 1904 canonica
772 1840 893 1905 factum
918 1863 988 1905 esse
1013 1842 1131 1928 poterit
1154 1839 1243 1905 dici?
1289 1841 1404 1905 Nonne
1428 1841 1645 1905 hereticorum
1669 1840 1768 1904 etia'm
1791 1839 1998 1926 temporibus
2025 1841 2101 1926 prin·

455 1946 563 2034 cipum
588 1969 662 2010 cum
686 1947 828 2033 ipsorum
852 1957 961 2011 tamen
985 1948 1106 2012 noticia
1129 1947 1182 2011 vel
1205 1948 1346 2012 iussione
1371 1947 1498 2012 illarum
1521 1948 1662 2034 partium
1690 1958 1739 2010 est
1766 1947 1918 2032 pontifex
1942 1946 2101 2011 ordinatus

455 2053 560 2118 adhuc
584 2055 618 2118 in
642 2053 792 2118 catholici
817 2065 1004 2140 contemptu
1028 2054 1194 2140 principie,
1225 2056 1329 2140 magis
1360 2065 1468 2118 autem
1498 2055 1532 2117 in
1562 2055 1663 2140 ipsius
1694 2053 1853 2140 catholice
1886 2053 1965 2117 fidei
1994 2055 2103 2118 iniuria
2117 2076 2135 2114 a

455 2183 518 2248 que
542 2183 606 2224 non
627 2159 822 2246 prohibebat
845 2171 880 2224 ut
903 2161 1004 2242 ficret,
1030 2160 1087 2224 sed
1110 2184 1151 2224 nc
1169 2162 1370 2225 scismaticus
1386 2161 1488 2244 fieret,
1513 2159 1697 2246 pudenda⁴,
1721 2171 1756 2225 ut
1779 2162 1825 2224 ita
1849 2160 1972 2242 dicam,
1997 2162 2103 2246 rapina

455 2269 490 2331 in
517 2266 676 2330 divisione
701 2278 836 2332 estnon
862 2279 1079 2350 consecratus,
1111 2267 1169 2330 sed
1194 2277 1364 2332 execratus
1387 2267 1584 2355 episcopus?
1632 2265 1668 2332 Si
1697 2269 1783 2331 enim
1812 2269 1918 2354 ipsius
1942 2290 2103 2332 consecra-

455 2375 552 2438 tionis
576 2396 693 2438 nomen
718 2372 904 2438 rationabili
928 2397 967 2438 ac
990 2375 1099 2438 vivaci
1122 2374 1287 2438 intellectu
1311 2373 1510 2458 discutimus,
1534 2375 1562 2438 is
1588 2373 1749 2463 [quilcum
1774 2376 1807 2438 in
1831 2373 2013 2439 universali
2036 2397 2102 2438 con-

456 2481 577 2545 secrari
601 2479 758 2544 detrectet
782 2480 930 2570 ccclesia,
956 2492 1163 2545 consecratus
1188 2479 1253 2544 dici
1275 2481 1328 2544 vel
1352 2503 1423 2546 esse
1446 2480 1535 2546 nulla
1558 2482 1677 2568 poterit
1700 2483 1834 2546 ratione.
1882 2480 2101 2546 Consecrare⁵

456 2588 541 2650 enim
566 2597 615 2650 ost
637 2586 732 2650 simul
756 2609 896 2650 sacrare.
943 2586 1011 2652 Sed
1034 2586 1076 2651 ab
1101 2587 1238 2676 ecclesie
1262 2586 1444 2652 visceribus
1468 2587 1591 2652 divisus
1623 2598 1655 2652 et
1683 2586 1724 2652 ab
1755 2588 1943 2674 apostolicis
1975 2586 2099 2652 sedibus
2115 2609 2134 2648 a

456 2703 624 2779 separatus
648 2693 807 2757 dissecrat
829 2695 937 2780 potius
962 2695 1032 2776 iste,
1057 2717 1122 2759 non
1146 2704 1323 2758 consecrat.
1363 2693 1437 2758 lure
1462 2715 1540 2780 ergo
1565 2693 1768 2758 execrandus
1792 2705 1919 2759 tantum
1943 2718 2010 2759 non
2033 2717 2099 2759 con·

456 2811 601 2864 sectatus
630 2801 749 2887 poterit
779 2800 854 2884 dici,
886 2823 982 2887 quem
1013 2800 1108 2864 simul
1139 2823 1249 2866 secum
1281 2822 1410 2864 sacrare
1441 2801 1474 2864 in
1504 2802 1627 2866 unitate
1658 2802 1839 2866 coniunctis
1863 2801 2020 2865 membris
2043 2824 2100 2866 non

456 2907 604 2992 agnoscit
627 2905 774 2995 ecclesia.

458 3137 574 3218 Quod
598 3139 687 3202 iure
709 3137 875 3204 vitandi
899 3139 983 3202 sint
1006 3138 1075 3224 qui
1099 3137 1147 3202 ab
1171 3137 1408 3202 universali
1440 3137 1628 3226 ecclesia
1658 3137 1788 3202 divisi
1811 3149 1908 3203 sunt
1931 3149 1972 3204 et
2002 3138 2100 3226 quod

457 3244 565 3332 apud
599 3244 696 3310 illos
727 3243 889 3310 Christi
924 3268 1075 3332 corpus
1110 3267 1188 3308 non
1223 3257 1294 3309 est.
1348 3244 1547 3331 Pelagius
1578 3245 1746 3310 Viatori
1781 3257 1820 3310 et
1854 3246 2134 3332 Pangratio⁶s

691 3361 694 3368 '
1154 3350 1407 3416 illustribus.

563 3475 669 3540 Valde
698 3476 806 3540 mirati
837 3499 957 3558 sumus,
986 3475 1260 3563 quemadmodum
1290 3475 1453 3541 salubrem
1483 3478 1678 3542 sententiam
1708 3476 1748 3540 de
1778 3499 1845 3540 non
1872 3476 2050 3542 dividendo
2071 3499 2102 3541 se

458 3605 653 3669 quemquern
676 3581 718 3646 ab
742 3584 874 3647 unitatis
899 3584 1123 3648 communione
1148 3583 1282 3648 firmiter
1304 3584 1490 3664 retinentes,
1514 3594 1621 3648 utrum
1645 3582 1707 3647 ab⁰
1731 3583 1990 3648 scismaticorum
2013 3585 2103 3648 sacri·

457 3689 551 3770 liciis,
582 3691 688 3775 potius
717 3700 824 3754 autem
849 3689 1039 3775 sacrilegiis,
1069 3688 1232 3754 abstinere
1257 3688 1414 3772 debeatis,
1445 3688 1642 3776 aliquatinus
1666 3688 1830 3772 dubitatis,
1862 3713 1937 3754 cum
1967 3713 2028 3777 per
2049 3691 2105 3755 hoc

458 3796 562 3860 solum
586 3794 673 3882 quod
696 3797 872 3861 scismatici
896 3809 979 3879 sunt,
1004 3798 1038 3860 in
1061 3797 1184 3860 unitate
1210 3819 1265 3860 cos
1282 3818 1353 3860 esse
1370 3819 1435 3860 non
1452 3809 1579 3862 constet
1596 3796 1745 3886 ecclesie.
1782 3795 1932 3861 Scisma⁷
1948 3797 2104 3884 siquidem
2121 3817 2140 3856 a

457 3903 574 3988 ipsum,
607 3902 694 3988 quod
723 3925 857 3988 grecum
887 3925 1005 3968 nomen
1037 3914 1095 3986 est,
1127 3887 1300 3968 scissuram
1330 3912 1432 3968 sonat.
1480 3903 1546 3968 Sed
1577 3904 1610 3968 in
1637 3906 1759 3969 unitate
1784 3905 1926 3969 scissura
1949 3927 2022 3969 esse
2045 3927 2106 3968 non

458 4019 574 4095 potest.
621 4009 694 4073 Non
718 4032 795 4094 ergo
819 4011 936 4074 unitati
959 4011 1207 4092 communicant,
1238 4021 1348 4096 partes
1372 4009 1435 4073 sibi
1458 4007 1521 4096 ipsi
1544 4010 1692 4100 fecerunt
1715 4021 1748 4075 et
1770 4009 1811 4076 ab
1836 4033 1874 4075 eo
1900 4011 1987 4097 quod
2011 4033 2107 4075 unum

377 4152 398 4184 v.
407 4141 441 4182 19.
460 4125 518 4198 est,
549 4125 585 4179 ut
608 4116 745 4202 apostoli
767 4115 848 4204 Inde
872 4115 981 4180 verbis
1006 4117 1070 4180 iam
1093 4116 1218 4204 loquar,
1249 4117 1441 4202 semetipsos
1465 4127 1685 4204 segregantes,
1717 4118 1864 4204 spiritum
1888 4140 1955 4182 non
1977 4115 2106 4182 habent

461 4219 588 4302 Quibus
611 4221 761 4288 omnibus
783 4222 865 4287 illud
888 4223 1036 4306 efficitur,
1067 4233 1103 4308 qt
1133 4224 1209 4310 quia
1238 4224 1273 4286 in
1302 4223 1426 4288 unitate
1456 4247 1554 4288 unum
1585 4247 1650 4288 non
1674 4236 1756 4308 sunt,
1787 4235 1824 4288 ut
1854 4225 1931 4312 quia
1960 4225 1995 4289 in
2019 4235 2107 4311 parte

461 4351 532 4392 csse
562 4327 743 4412 voluerunt,
773 4339 809 4393 ut
839 4331 916 4415 quia
946 4330 1093 4416 spiritum
1123 4352 1189 4393 non
1218 4328 1348 4411 hahent,
1380 4353 1497 4416 corpus
1522 4330 1642 4395 Christi
1672 4319 1868 4396 sacrificium
1896 4330 2020 4396 habere
2047 4354 2108 4396 non
2125 4349 2145 4390 a

460 4435 594 4521 possint.
640 4433 693 4500 Ad
724 4435 786 4500 hoc
809 4438 962 4500 universa
992 4435 1048 4500 illa
1077 4447 1241 4518 revocate,
1273 4459 1336 4526 que
1366 4438 1400 4500 in
1423 4447 1533 4501 vestra
1563 4437 1606 4502 ad
1635 4437 1719 4502 lilios
1748 4449 1875 4503 nostros
1906 4439 2110 4504 continentur

461 4541 606 4628 epistola,
631 4543 839 4629 maximeque
863 4541 953 4624 illud,
978 4543 1065 4629 quod
1089 4542 1129 4606 de
1152 4541 1240 4608 beati
1264 4542 1423 4630 Cypriani
1447 4543 1597 4630 exemplo
1621 4566 1742 4630 ponere
1767 4544 1925 4628 voluistis,
1950 4544 2110 4632 siquidem

461 4650 550 4712 etin
573 4647 635 4712 hoc
658 4650 802 4712 maxima
826 4649 971 4713 eiusdem
994 4651 1145 4736 martyris
1169 4651 1273 4736 gloria
1297 4661 1354 4732 est,
1380 4650 1564 4736 quodcum
1588 4649 1753 4715 diversum
1777 4651 1873 4716 nimis
1897 4650 1939 4714 de
1957 4650 2110 4738 'rebapti-

461 4753 574 4819 zandis
597 4739 750 4820 hereticis
773 4757 843 4842 ipse
867 4758 1010 4839 sentiret,
1034 4758 1167 4820 unitatis
1191 4769 1300 4822 tamen
1325 4756 1545 4846 ecclesiastice
1569 4757 1735 4821 vinculum
1756 4757 2018 4822 conservandum
2042 4743 2111 4822 esse

463 4871 495 4924 et
521 4883 619 4947 opere
650 4863 779 4948 scripsit
809 4872 842 4926 et
869 4885 961 4927 voce.
1007 4862 1105 4926 Non⁸
1127 4873 1235 4927 autem
1264 4863 1359 4927 nobis
1388 4886 1475 4928 nunc
1506 4863 1562 4928 illa
1592 4865 1719 4950 questio
1750 4873 1808 4946 est,
1838 4874 1947 4928 utrum
1975 4864 2111 4929 tolerare
2128 4883 2151 4922 a

568 5092 595 5158 a)
618 5097 646 5147 in
665 5112 719 5161 qua
739 5103 780 5147 est
800 5097 873 5148 Grai.
946 5095 975 5161 b)
996 5099 1038 5148 De
1059 5123 1092 5132 -
1112 5105 1174 5150 ante
1193 5099 1222 5148 in
1239 5117 1319 5165 marg.
1393 5097 1418 5163 c)
1440 5101 1607 5166 Pengrautio
1627 5117 1648 5150 o.

508 5335 509 5338 η
571 5294 601 5366 1)
632 5295 689 5352 Hic
718 5297 818 5354 desum
846 5299 993 5355 nonrzullu.
1108 5297 1139 5370 2)
1170 5299 1272 5356 Nescio
1301 5299 1355 5356 ubi.
1402 5301 1452 5356 Ait
1483 5302 1556 5356 euim
1583 5300 1760 5374 Augustinus
1793 5331 1831 5342 —·
1864 5303 2034 5376 extinguere
2064 5321 2111 5378 cp.

463 5402 606 5458 Dcusdcd.
630 5403 648 5458 l.
667 5404 685 5459 l.
759 5401 789 5473 3)
815 5403 951 5468 Quid-
967 5407 1097 5462 obtinere
1121 5406 1151 5462 ia
1169 5405 1237 5463 Call.
1254 5405 1410 5476 Britann.;
1433 5407 1474 5479 cs.
1491 5406 1539 5464 Ἦ.
1555 5406 1654 5464 Arela’
1677 5408 1708 5478 V,
1731 5427 1761 5482 p.
1780 5407 1854 5465 541.
1924 5405 1957 5484 4)
1978 5411 2114 5482 pudenda

465 5509 644 5566 -ecclesia
666 5510 748 5585 apud
762 5508 936 5568 Gratianum
959 5513 977 5568 l.
994 5513 1012 5568 l.
1105 5509 1137 5587 5)
1161 5513 1334 5570 Consecrare
1355 5543 1391 5553 -
1410 5515 1538 5586 agnoscit
1561 5533 1609 5589 ap.
1627 5513 1784 5572 Deusdedit
1805 5514 1830 5585 I,
1855 5535 1879 5572 c.
1900 5515 1973 5588 142,
1992 5537 2026 5592 p.
2042 5515 2112 5573 103.

464 5611 496 5690 6)
518 5617 545 5670 Α
561 5617 779 5674 scismaticorum
795 5619 968 5674 —debetis
992 5617 1057 5675 ibid.
1076 5639 1100 5676 c.
1120 5619 1192 5690 143,
1210 5639 1244 5695 p.
1266 5618 1336 5675 104.
1430 5620 1460 5690 7)
1485 5621 1650 5676 Scisma*
1667 5623 1849 5694 nonpossint
1872 5641 1921 5698 ap.
1941 5613 2112 5682 Οταίἰαὴωὴ
2130 5639 2154 5680 tt

464 5741 487 5778 c.
506 5721 558 5794 24,
582 5743 628 5800 qu.
650 5724 676 5794 l,
702 5743 726 5780 c.
745 5723 797 5780 34.
889 5724 921 5796 8)
945 5726 1009 5781 Non
1033 5733 1129 5783 autem
1151 5757 1196 5765 -
1220 5726 1342 5783 ecclesia
1365 5727 1478 5782 desistit
1502 5747 1551 5803 ap.
1570 5725 1744 5786 &adanam
1767 5729 1786 5786 l.
1803 5730 1821 5785 l.
