4478 6396
618 321 812 377 EPISTOLA
836 321 890 376 ΑΙ)
914 322 1188 380 INNOCENTIUM
1212 325 1357 381 PAPAM.
1756 321 1821 382 219

164 529 242 571 eum
267 507 372 572 locum
396 507 672 594 pertractandum,
698 531 761 595 quo
786 508 921 594 angelus
944 509 1098 594 Pergami
1128 511 1308 576 aecclesiae
1339 512 1498 599 culpatur,
1528 536 1565 578 eo
1590 513 1678 600 quod
1701 512 1821 578 habeat

163 614 256 700 apud
284 637 318 678 se
346 625 495 679 tenentes
526 614 708 679 doctrinam
731 614 987 701 Nycolaitarum,
1020 616 1098 681 dicit
1129 618 1213 681 inter
1237 623 1384 682 cetera¹:
1415 620 1594 685 Procedant
1622 623 1678 686 sud
1709 637 1821 687 ornatu

156 724 256 808 filum
285 721 424 786 Madian
455 723 593 787 ludentes
624 737 652 787 et
681 725 849 809 eorrposito
877 724 983 810 ¹arada
1014 725 1187 789 incedentes
1217 727 1263 790 ad
1291 726 1510 813 decipiendum
1543 727 1702 793 Israelem.
1751 729 1821 793 Hoc

164 831 319 893 nirnirum
343 833 452 894 tot-iens
468 833 520 917 fit,
552 833 692 916 quotiens
715 832 816 894 teneri
836 844 864 894 et
886 831 994 894 molles
1022 834 1115 895 m'eiis
1131 833 1334 920 profluentes,
1366 834 1546 919 nullumque
1577 835 1622 898 ad
1644 837 1725 900 uitae
1749 861 1820 900 con·

130 939 313 1000 saluatione
340 938 434 1001 aurite
457 939 553 1001 rodier
576 938 719 1000 habentes
742 939 877 1022 acceptia
901 937 1080 1018 honoribus,
1104 962 1173 1001 cum
1196 941 1261 1002 sint
1282 942 1422 1004 moribus
1446 942 1580 1022 obscuri,
1611 943 1644 1004 in
1667 944 1818 1007 aecclesia

164 1045 222 1106 sul)
247 1042 369 1107 Christi
389 1046 513 1108 nomine
536 1044 644 1107 'uideri
664 1058 813 1129 appetunt
834 1045 1027 1130 spectabiles.
1075 1043 1190 1108 alienon
1214 1048 1271 1110 isti
1290 1049 1337 1110 sic
1353 1050 1501 1132 protmcti
1522 1048 1696 1112 doctrinam
1721 1063 1821 1113 tenera

165 1149 427 1214 Ne‘cotattarna?
461 1150 632 1214 Nicolaum
648 1153 765 1236 quippe
781 1151 882 1238 refert
902 1149 1052 1231 Clerueus,
1077 1151 1115 1215 de
1130 1153 1193 1216 zelo
1203 1154 1441 1238 pulcherrimae
1464 1156 1608 1244 coniugis
1624 1158 1819 1241 increpatum

165 1257 376 1342 reapondisse,
389 1271 431 1336 ut,
444 1259 619 1342 quicunque
637 1257 734 1337 uellet,
748 1282 815 1320 earu
828 1259 983 1343 acciperet
999 1283 1136 1339 tenorent,
1149 1273 1177 1322 et
1192 1261 1228 1323 ob
1245 1259 1301 1323 loc
1317 1260 1462 1346 infideles
1474 1261 1626 1342 docuisse,
1643 1262 1729 1346 qnod
1743 1287 1818 1348 apo-

165 1365 243 1427 stoli
255 1366 564 1450 curretispromiscua
581 1366 817 1449 commendoque
822 1365 1025 1451 sentinarum
1038 1368 1194 1430 consortia
1199 1368 1424 1452 permitterent.
1457 1366 1570 1430 Annon
1589 1369 1644 1432 illi
1658 1369 1819 1434 doctrinae

117 1496 145 1533 ro
168 1473 304 1535 sicimam
322 1486 375 1550 est,
399 1471 485 1556 quod
501 1473 559 1535 isti
572 1472 743 1557 lepitirmnu
760 1495 820 1534 rto-n
838 1472 972 1535 reaten-tes
988 1473 1100 1535 labere
1117 1475 1306 1559 condalium,
1323 1487 1424 1558 cratete
1441 1475 1561 1560 lepidus
1577 1475 1819 1540 aecclesiasticis

167 1578 377 1658 interdictum,
401 1592 434 1640 ut
454 1580 519 1641 sint
539 1580 644 1641 sarrcti
664 1592 693 1641 et
714 1577 911 1656 rrrrrrulentur,
942 1580 1019 1663 quia
1037 1592 1167 1664 portant
1189 1605 1264 1642 ensa
1289 1579 1432 1660 Domini,
1456 1580 1663 1644 nibilominus
1687 1584 1817 1646 inconti—

165 1699 270 1748 nentes
291 1699 372 1764 sunt,
397 1687 491 1749 'cinnano
517 1687 550 1748 iu
566 1685 702 1748 deterius
711 1698 881 1770 prunuunt,
906 1698 1057 1749 mutantes
1080 1688 1245 1764 retractio,
1270 1689 1410 1771 quotiens
1426 1688 1542 1768 velient,
1566 1702 1595 1751 et
1617 1689 1676 1773 qui
1696 1689 1816 1752 nullum

164 1793 278 1855 irrident
300 1792 420 1854 thorum
443 1792 573 1871 licitum,
599 1791 672 1854 datm
688 1793 735 1854 sic
751 1805 931 1878 aurigantur,
955 1793 1076 1855 nnllam
1100 1817 1132 1858 se
1156 1793 1315 1880 confidunt
1337 1796 1461 1879 rupisse
1478 1796 1622 1880 coniugii
1635 1795 1818 1858 uinculum?

166 1899 225 1961 Ait
247 1922 337 1984 ergit:
367 1897 444 1962 ‘Sed
469 1899 565 1961 liabeo
588 1898 740 1962 adsersus
763 1912 790 1962 te
807 1923 927 1984 pauca,
958 1902 1034 1984 quia
1065 1900 1158 1963 babes
1183 1901 1267 1963 ‘illic
1297 1914 1428 1964 teneritas
1452 1901 1627 1964 doctrinmu
1651 1900 1815 1965 Bolaom'.
1836 1885 1976 1978 dlii2.²’¹⁴'

118 2029 146 2067 rs
169 2005 323 2068 teatin-ua
346 2007 523 2093 sribtinuyit:
548 2007 592 2068 ita-
615 2005 708 2069 laudes
732 2018 814 2068 etta
837 2018 968 2069 tenentes
992 2006 1167 2070 doctrirurm
1184 2006 1428 2071 Nicolaitarum.
1465 2007 1553 2094 Erpa
1570 2009 1815 2095 fornicationes,

164 2137 245 2197 qrtas
258 2112 413 2176 Nicolaus
429 2113 592 2176 tiulrmcisse
598 2113 710 2200 fertur
726 2127 833 2175 ceretro
842 2114 1015 2197 punitatem
1033 2114 1307 2194 aecclesiasticam,
1320 2113 1463 2200 appellat
1477 2113 1653 2178 doctrinam
1666 2114 1816 2196 Balaam,

164 2235 193 2284 et
215 2220 271 2283 doc
295 2244 358 2283 esse
382 2221 547 2305 contrariu
574 2219 759 2282 scandalunt
791 2220 960 2283 aecclesiae
984 2220 1066 2283 Dei:
1096 2220 1196 2283 ‘edere
1220 2234 1249 2283 et
1264 2221 1437 2307 fornicari
1442 2221 1460 2283 ².
1508 2219 1623 2284 Nonne
1647 2220 1709 2284 hoo
1733 2220 1816 2285 Rdd-
1837 2245 1866 2284 n.

164 2336 256 2410 perta
282 2324 421 2402 dicente,
446 2325 543 2388 immo
569 2323 693 2410 Spiritu
717 2335 829 2388 sancto
853 2326 886 2388 in
910 2325 1100 2411 Apocalipsi
1125 2325 1315 2407 diffiniente,
1340 2325 1522 2390 doctrinam
1546 2349 1617 2390 esso
1640 2326 1815 2390 Nicolaita-

163 2455 236 2495 rum
267 2431 374 2495 ‘edere
406 2429 438 2495 et
469 2431 648 2514 fornicari’,
680 2432 861 2496 rectissime
892 2431 1080 2518 predicatur
1110 2432 1306 2496 servandum
1337 2432 1425 2518 quod
1456 2457 1475 2496 a
1501 2433 1656 2497 Romanis
1688 2455 1816 2519 quoque

117 2565 144 2602 aa
163 2537 372 2624 pontificibus
396 2547 446 2602 est
467 2535 664 2619 roboratum,
689 2537 824 2619 seilicet,
849 2549 884 2602 ut
907 2538 1041 2602 edentes
1066 2535 1239 2603 interdicta
1263 2537 1325 2602 sibi
1348 2539 1534 2604 multotiens
1558 2540 1738 2604 aecclesiae
1763 2541 1816 2603 sti-

164 2645 295 2731 pendia,
321 2645 396 2708 solis
421 2644 661 2709 continentibus
678 2644 798 2727 debita,
823 2667 897 2709 cum
921 2646 984 2731 ipsi
1008 2646 1072 2709 sint
1088 2643 1290 2730 voluptatum
1310 2656 1482 2728 amatores,
1506 2648 1610 2731 magis
1627 2669 1725 2733 quam
1741 2646 1816 2729 Dei,

164 2763 343 2816 caveantur
366 2753 450 2816 sicut
472 2751 618 2816 homines
642 2753 773 2816 veritati
802 2750 941 2816 rebelles
972 2753 1006 2815 in
1036 2751 1091 2816 illa
1115 2751 1349 2816 Nicolaitarum
1380 2752 1537 2833 doctrina,
1568 2753 1603 2817 id
1627 2765 1676 2816 est
1705 2754 1739 2817 in
1762 2752 1816 2817 illo

164 2858 319 2923 scandalo
335 2859 490 2940 iacentes,
508 2859 595 2945 quod
612 2858 751 2944 Spiritus
767 2858 903 2944 loquens
920 2858 1088 2922 aecclesiis
1105 2858 1223 2922 diffinit
1247 2881 1318 2924 esse
1342 2860 1377 2922 in
1393 2858 1519 2923 edendo
1544 2871 1576 2924 et
1599 2858 1816 2924 lomicando‘l

163 2966 248 3030 Nam
273 2967 300 3029 si
324 2976 380 3030 aut
402 2966 555 3030 fornicari
581 2965 766 3029 desinerent
796 2976 949 3051 recteque
973 2968 1165 3051 peniterent,
1198 2977 1253 3030 aut
1284 2965 1528 3030 aecclesiastica
1559 2965 1723 3052 stipendia
1752 2989 1817 3030 non

117 3097 144 3135 ss
164 3072 309 3154 ederent,
334 3073 367 3135 in
391 3072 446 3136 illa
470 3072 703 3136 Nicolaitarum
728 3071 876 3137 doctrina
898 3095 962 3136 non
987 3083 1105 3152 essent,
1131 3095 1215 3158 quae
1240 3083 1305 3136 est:
1331 3072 1439 3137 ‘edere
1464 3083 1497 3136 et
1519 3073 1698 3137 fornicari'.

272 3179 305 3245 S.
341 3179 427 3264 Vere
452 3180 480 3242 si
503 3179 564 3243 hoc
581 3180 687 3265 ipsum
708 3178 815 3242 ‘edere
840 3189 873 3242 et
896 3179 1063 3243 fornicari’
1089 3178 1311 3261 defenderent,
1336 3180 1364 3242 si
1387 3202 1445 3264 pro
1462 3180 1593 3243 iusticia
1616 3178 1696 3243 illud
1718 3179 1817 3244 habe-

163 3296 237 3350 rent
260 3297 292 3350 et
315 3285 501 3350 habendum
525 3284 710 3366 suaderent,
742 3297 839 3371 atque
863 3285 898 3348 id
921 3287 1131 3371 pertinaciter
1153 3285 1309 3368 facerent,
1343 3285 1412 3348 sine
1437 3284 1536 3350 dubio
1562 3286 1674 3349 cretici
1697 3296 1816 3350 essent.

163 3393 260 3457 Nunc
291 3403 409 3474 autem,
441 3393 518 3478 quia
548 3415 613 3456 non
644 3391 823 3456 defendunt
853 3391 1042 3455 scandalum
1073 3391 1151 3456 illud
1183 3413 1240 3478 pro
1271 3393 1411 3474 iusticia,
1441 3402 1580 3456 nonest
1610 3393 1656 3455 eis
1687 3395 1816 3479 proprie

164 3499 400 3564 Nicolaitarum
429 3499 553 3562 heresis
584 3497 748 3562 attributa.
795 3499 879 3562 Nam
911 3498 1089 3562 secundum
1121 3498 1208 3584 quod
1239 3500 1339 3562 eresis
1368 3509 1418 3562 est
1445 3521 1465 3562 a
1488 3498 1635 3584 patribus
1667 3499 1816 3580 diffinita,

117 3631 145 3671 so
163 3629 230 3671 non
260 3607 381 3671 factum
411 3629 559 3692 pravum,
591 3605 649 3669 sed
680 3605 840 3670 sententia
870 3628 972 3690 prava
997 3605 1221 3691 *pertinaciter
1244 3604 1380 3668 defensa
1410 3605 1489 3669 facit
1517 3606 1674 3670 creticum
1684 3611 1704 3688 ²,
1730 3604 1817 3691 quod
1837 3633 1909 3671 *aaa

165 3714 348 3791 confirmari
373 3722 481 3799 potest
503 3712 611 3777 multis
636 3713 838 3776 documentis
862 3722 1000 3798 patrum.

272 3820 309 3883 R.
344 3819 431 3884 Vere
457 3821 503 3883 sic
527 3829 656 3883 tenetur
679 3818 719 3882 de
744 3820 868 3883 cunctis
892 3817 1049 3900 eresibus,
1081 3819 1228 3904 exceptis
1259 3817 1396 3900 duabus,
1428 3817 1662 3882 Nicolaitarum
1693 3818 1818 3884 scilicet

164 3937 197 3991 et
225 3928 495 4012 symoniacorum.
542 3926 594 3990 De
619 3925 790 3989 Nicolaitis
820 3926 906 3989 enim
932 3925 1071 4010 Spiritus
1101 3924 1236 4011 loquens
1268 3925 1437 3990 aecclesiis
1467 3926 1501 3988 in
1524 3923 1726 4011 Apocalipsi,
1751 3924 1816 3989 cul-

165 4034 257 4119 pavit
280 4033 383 4097 solum
407 4032 505 4096 edere
530 4043 562 4096 et
585 4033 748 4096 fornicari.
794 4032 910 4095 Petrus
934 4041 1043 4095 autem
1067 4031 1275 4117 dampnando
1300 4031 1487 4118 Symonem,
1513 4031 1659 4117 culpavit
1680 4055 1816 4117 pravam

117 4165 145 4206 ss
165 4140 250 4204 illius
281 4140 480 4205 voluntatem
511 4150 543 4204 et
574 4140 810 4203 estimationem
841 4137 970 4202 dicens:
1001 4139 1142 4203 Pecunia
1173 4154 1224 4203 trra
1256 4155 1352 4203 tecum
1382 4142 1425 4203 sit
1453 4142 1487 4203 *in
1511 4139 1708 4225 perditione,
1740 4143 1817 4224 quin
1837 4165 1959 4214 ansae.

165 4250 356 4312 existimasti
383 4249 498 4312 danunt
522 4247 589 4311 Dei
602 4250 742 4332 pecunia
758 4246 932 4332 possideri.
979 4245 1068 4309 Ecce
1092 4269 1157 4309 non
1181 4245 1330 4332 culpatur
1352 4246 1405 4309 hic
1430 4247 1548 4309 erroris
1573 4245 1730 4327 defensio,
1759 4245 1817 4309 sed

164 4357 237 4441 ipsa
267 4355 389 4418 factum
420 4352 601 4440 precedens
632 4352 838 4433 existimatio,
869 4363 901 4416 et
930 4352 1079 4416 voluntas
1110 4352 1279 4438 peccandi,
1311 4375 1409 4438 quam
1439 4351 1527 4416 idem
1556 4350 1672 4416 beatus
1699 4352 1816 4418 Petrus

164 4463 297 4525 vocavit
320 4460 428 4524 sellem
452 4459 686 4542 amaritudinis,
711 4459 841 4523 dicens:
868 4460 906 4523 In
915 4461 1000 4547 felle
1023 4460 1251 4524 antaritudinis
1274 4474 1303 4524 et
1325 4461 1514 4546 obligatione
1529 4462 1709 4545 iniquitatis
1725 4461 1816 4525 uideo
1836 4487 1908 4525 naa.

165 4585 192 4634 te
216 4594 288 4634 esse.
338 4566 493 4633 Similiter
515 4564 572 4631 ubi
601 4566 750 4653 culpatur
776 4564 903 4629 illorum
928 4566 1025 4629 edere
1050 4576 1082 4629 et
1104 4565 1268 4647 fornicari,
1294 4566 1350 4651 qui
1374 4577 1466 4629 erant
1488 4565 1522 4628 in
1546 4565 1695 4629 doctrina
1717 4565 1815 4630 forni-

117 4701 146 4738 m
165 4677 285 4740 catoris
301 4672 439 4755 Nicolai,
464 4683 590 4738 tacetur
613 4673 691 4737 facti
715 4672 871 4754 defensio,
896 4683 928 4736 et
951 4673 1059 4758 agitur
1081 4672 1122 4736 de
1147 4671 1214 4736 solo
1231 4672 1400 4757 pravitatis
1416 4671 1513 4736 lacto.
1551 4672 1596 4735 Et
1619 4682 1706 4736 recte
1723 4673 1816 4736 nimi-

164 4806 246 4863 rum,
276 4783 353 4868 quia
370 4759 462 4861 sive,
494 4791 528 4844 ut
558 4780 690 4867 quidam
713 4779 836 4859 volunt,
867 4778 1036 4842 idolotita⁸
1060 4778 1278 4859 comederent,
1310 4788 1342 4842 et
1371 4777 1619 4861 fornicarentur,
1651 4780 1720 4843 sive
1744 4778 1817 4843 Deo

166 4888 379 4970 sanctificata,
410 4897 442 4951 et
471 4888 505 4950 in
536 4909 613 4950 usus
644 4886 878 4950 confluentium
909 4884 1070 4948 destinata
1100 4885 1297 4966 fornicantes
1329 4884 1473 4967 ederent,
1499 4907 1582 4971 quae
1608 4895 1640 4950 et
1662 4885 1816 4949 Nicolaus

166 4994 330 5059 fornicans
354 4992 482 5076 edebat,
507 5015 644 5079 quorum
668 5015 797 5079 quoque
822 4991 1028 5078 dispensator
1049 5014 1133 5055 unus
1164 4992 1248 5055 inter
1271 4989 1337 5054 VH
1361 4990 1516 5056 diaconos
1547 5001 1632 5075 erat3
1664 5014 1738 5055 cum
1761 4991 1816 5056 illo

166 5111 241 5166 sunt
264 5100 418 5188 alligandi
442 5101 476 5164 in
499 5123 563 5165 uno
587 5099 743 5164 fasciculo
768 5099 809 5164 ad
829 5097 1093 5180 comburendum,
1119 5100 1145 5162 si
1169 5122 1234 5163 non
1257 5097 1356 5162 fuerit
1379 5099 1425 5162 eis
1449 5099 1647 5184 penitentiae
1671 5097 1816 5162 remedio

118 5236 146 5274 aa
166 5209 359 5294 regulariter
382 5207 586 5273 subventum.

273 5409 299 5472 a)
322 5409 453 5460 idoloticu
471 5425 492 5459 e.

276 5574 306 5642 1)
330 5573 365 5628 In
390 5570 582 5648 Apocalypsin
606 5590 628 5626 c.
655 5570 683 5640 2,
710 5568 783 5646 opp.
809 5569 846 5626 ΙΙ
864 5565 1043 5646 (Mopuntiae
1069 5565 1176 5644 1631),
1202 5589 1236 5645 p.
1261 5569 1334 5625 490.
1458 5565 1489 5643 2)
1515 5567 1563 5640 Os.
1588 5568 1757 5628 Iosceranni
1778 5571 1821 5628 ad

168 5681 280 5738 Iuorreru
305 5679 393 5755 epist,
421 5678 520 5735 labelli
541 5677 582 5746 II,
603 5697 634 5752 p.
653 5676 726 5733 656.

1552 5795 1603 5848 28*
