4396 6390
433 404 496 464 444
723 407 901 464 GERHOHI
926 405 1158 462 PRAEPOSITI
1181 403 1590 461 REICHERSBERGENSIS
1614 403 1780 459 LIBELLI.

270 617 582 682 neerr.1s‚a.persona,
606 593 659 658 vel
681 593 823 680 plurium
847 615 1032 680 synagoga3
1057 594 1222 679 quianon
1246 603 1294 656 est
1318 591 1468 678 speciosa
1490 590 1543 654 vel
1566 591 1715 677 preciosa
1738 590 1809 654 laus
1834 592 1868 653 in
1893 613 1949 653 ore
1972 613 2141 676 pecca-

265 725 413 774 aconas.
432 703 521 784 toris,
545 701 686 765 maxime
710 701 745 764 in
761 699 917 787 obsequio
942 700 1052 764 divino
1077 721 1161 786 quae
1185 721 1245 763 sua
1267 708 1351 780 sunt,
1375 720 1440 761 non
1460 719 1543 782 quae
1560 698 1638 761 Iesu'
1652 695 1774 762 Christi
1799 696 1976 783 querentis,
2000 697 2168 783 quo-d

433 817 482 872 est
504 806 642 871 adorare
666 829 798 872 auream
823 817 972 872 statuam.

375 937 412 986 (ι).
539 915 718 1000 Propterea
747 936 887 999 namque
917 914 951 976 in
975 925 1113 999 quatuor
1142 923 1323 998 temporum
1353 911 1493 992 ieiuniis,
1522 910 1639 997 quibus
1667 933 1841 996 ymnorum
1865 923 2015 974 cantores
2042 933 2153 974 n
2186 936 2194 963 ι

432 1043 542 1084 sacros
566 1019 697 1084 ordines
720 1031 962 1106 promoventur,
987 1020 1082 1082 trium
1099 1040 1274 1105 puerorum
1297 1028 1370 1103 post
1393 1039 1512 1082 aureae
1537 1027 1661 1081 statuae
1687 1011 1921 1102 contemptum,
1946 1019 2047 1102 post'
2073 1048 2138 1069 -

432 1126 584 1192 cendium
600 1126 741 1191 fornacis
759 1125 922 1190 devictum
947 1123 1148 1190 subnectitur
1163 1147 1292 1210 ymnus,
1315 1135 1352 1188 ut
1374 1125 1575 1188 instruantur
1591 1122 1774 1204 ordinandi,
1799 1123 1899 1209 quod,
1922 1123 1983 1186 etsi
2000 1125 2050 1187 civ
2164 1147 2198 1174 τι

432 1233 582 1298 dicantur
609 1243 641 1296 et
669 1231 830 1297 habentur
852 1231 1040 1314 Ierusalem,
1072 1255 1136 1296 non
1167 1242 1276 1297 tamen
1307 1230 1402 1296 decet
1433 1253 1488 1296 eos
1518 1253 1653 1317 ymnum
1676 1230 1749 1295 Deo
1774 1251 1852 1294 vero
1878 1241 2013 1294 cantare
2036 1253 2069 1292 v·
2098 1250 2178 1258 ⁴*

433 1338 525 1403 altari
549 1361 642 1403 sacro
666 1339 858 1420 ministrare,
889 1339 951 1402 nisi
976 1349 1161 1424 contempto
1185 1341 1274 1426 prius
1298 1361 1398 1402 aureo
1422 1337 1595 1402 simulacro
1620 1337 1760 1400 exitialis
1785 1338 1965 1416 avariciae,
1990 1337 2134 1400 vict*

255 1576 414 1626 sensatae.
433 1574 491 1616 rex
515 1551 790 1616 lerosolimitanus
815 1551 993 1616 detestatur
1017 1562 1049 1616 et
1071 1551 1155 1616 odit:
1181 1553 1301 1638 quique
1325 1575 1390 1616 non
1412 1573 1531 1638 pueros
1548 1551 1681 1615 Domini
1705 1549 1829 1636 Spiritu
1852 1563 1969 1614 sancto
1993 1560 2143 1613 venit·

433 1660 513 1723 roris
537 1667 699 1744 protectos
722 1658 877 1741 incendit,
908 1659 966 1722 sed
989 1658 1153 1722 ministros
1178 1661 1264 1746 regis
1289 1657 1452 1723 Chaldeos
1475 1657 1630 1738 incendit,
1656 1659 1711 1744 qui
1736 1679 1810 1722 eum
1834 1658 1995 1737 nutriunt,
2027 1681 2066 1720 no
2129 1682 2198 1713 1-

432 1767 637 1850 extinguunt.
684 1765 786 1830 Porro
809 1777 875 1830 tres
898 1767 1002 1852 pueri,
1027 1788 1138 1830 omnes
1163 1765 1316 1830 videlicet
1338 1789 1419 1852 pure
1444 1764 1586 1830 colentes
1610 1766 1730 1830 trinum
1760 1767 1793 1828 in
1817 1765 1945 1828 unitate
1970 1763 2048 1827 Deu
2067 1793 2095 1821 ι
2145 1790 2198 1821 ιιι

433 1893 496 1936 non
521 1871 606 1935 hunc
629 1872 739 1957 ignem
762 1873 853 1936 inse
877 1873 1033 1954 nutriunt,
1058 1872 1115 1937 sed
1140 1873 1280 1954 ieiuniis,
1301 1871 1431 1959 vigiliis,
1455 1871 1654 1936 orationibus
1679 1873 1862 1958 ceterisque
1887 1869 2074 1957 spiritalib

433 1977 604 2042 exerciciis
628 1979 842 2064 restinguunt.
878 1979 930 2060 Et,
950 2003 1024 2044 cum
1048 1981 1221 2044 restinctus
1243 1979 1351 2060 fuerit,
1373 1978 1427 2042 vel
1450 1989 1485 2043 ut
1508 2001 1573 2043 non
1596 1979 1637 2042 sit
1660 1978 1749 2065 quod
1771 1977 1906 2043 senibus
1931 1979 2137 2062 contingi

433 2083 636 2170 aliquotiens,
662 2085 715 2149 vel
739 2095 837 2167 certe,
861 2095 983 2150 utnon
1007 2085 1101 2166 obsit,
1126 2108 1313 2173 quanquam
1343 2085 1408 2172 legi
1431 2084 1650 2151 membrorum
1674 2085 1864 2151 neutraliter
1887 2087 1979 2166 insit,
2005 2107 2113 2170 quo·-

432 2189 604 2255 iuvenibus
629 2192 755 2272 evenit,
787 2192 852 2278 qui,
877 2193 937 2256 etsi
961 2192 1104 2256 sentiunt
1127 2193 1160 2256 in
1184 2215 1219 2256 se
1243 2193 1350 2256 carnis
1374 2192 1667 2277 concupiscentias,
1691 2213 1757 2256 non
1778 2201 1889 2255 tamen
1915 2203 1996 2256 eunt
2020 2214 2114 2276 sper
2161 2230 2198 2257 z

279 2319 498 2380 musiacas,
529 2319 634 2384 neque
666 2321 757 2362 arma
785 2298 965 2385 iniquitatis
995 2299 1119 2362 faciunt
1149 2298 1296 2364 membra
1325 2321 1394 2380 sua,
1424 2297 1490 2384 legi
1519 2298 1584 2362 Dei
1615 2309 1722 2363 mente
1751 2297 1927 2363 serviendo
1957 2297 2071 2384 legiqu
2132 2338 2169 2361 .·-

433 2403 648 2470 membrorum
673 2405 851 2470 carnalium
874 2407 908 2469 in
932 2405 1054 2491 Spiritu
1078 2418 1200 2486 sancto,
1232 2417 1386 2493 tanquam
1409 2415 1507 2470 vento
1531 2407 1613 2470 roris
1637 2404 1746 2486 flante,
1778 2404 1980 2487 resistendo,
2014 2417 2071 2469 tun
2102 2439 2198 2474 c-

323 2535 383 2586 rus,
394 2539 412 2575 1.
432 2509 563 2575 demum
586 2511 784 2576 certificante
808 2512 880 2576 illos
903 2512 1059 2599 apostole,
1083 2512 1172 2599 quod
1193 2513 1293 2577 nichil
1316 2512 1556 2598 dampnationis
1581 2523 1630 2577 est
1654 2514 1710 2592 eis,
1736 2514 1880 2598 quinon
1905 2511 2118 2582 secundum

432 2640 563 2681 carnem
586 2617 762 2700 ambulant,
787 2618 938 2705 quodque
965 2617 1037 2700 illis,
1063 2621 1118 2705 qui
1142 2620 1296 2684 incarne
1321 2619 1524 2684 ambulantes
1549 2641 1613 2684 non
1638 2618 1816 2683 secundum
1841 2641 1977 2683 carnem
2008 2617 2106 2684 mili-

254 2748 412 2798 acsmmas.
431 2733 511 2806 tant,
536 2746 655 2788 corona
679 2724 815 2790 debetur
836 2736 991 2812 tanquam
1015 2725 1160 2812 legitime
1185 2724 1402 2810 certantibus3
1427 2725 1597 2806 accedant,
1615 2735 1752 2790 vocante
1777 2724 1848 2790 illos
1865 2725 2024 2806 Domino,
2048 2729 2097 2792 ad

348 2853 413 2895 uc.
432 2851 542 2894 sacros
565 2829 695 2895 ordines
719 2833 926 2919 accipiendos
944 2837 990 2898 'et
1012 2856 1128 2918 ymnos
1144 2833 1217 2897 Deo
1242 2833 1423 2914 canendos3
1449 2835 1527 2920 quia
1551 2849 1577 2898 te
1602 2835 1687 2898 decet
1703 2859 1826 2920 yrrruus,
1848 2833 1949 2912 Deus,
1974 2833 2010 2896 in
2032 2832 2084 2898 tali

433 2934 523 3022 Syon
550 2935 630 3001 tales
654 2939 743 3002 cives
772 2940 869 3003 etiam
900 2941 933 3003 in
963 2939 1070 3004 medio
1094 2939 1272 3022 Babilonis,
1303 2940 1337 3004 in
1365 2939 1472 3004 medio
1500 2940 1641 3004 nationis
1668 2961 1789 3026 pravae
1819 2937 1975 3003 habente.
2023 2937 2082 3004 Sed

431 3043 628 3129 peramplius
653 3056 684 3108 et
707 3045 883 3131 perfectius
907 3048 968 3112 tibi
987 3047 1136 3112 reddetur
1159 3062 1260 3112 ootwu
1286 3049 1319 3112 iu
1344 3046 1517 3112 Ierusalem
1540 3045 1606 3128 illa,
1632 3069 1715 3132 quae
1740 3069 1867 3110 sursum
1892 3056 1955 3127 est,
1985 3045 2079 3110 libera

374 3175 412 3226 (ι).
430 3151 559 3235 penitus
589 3149 631 3214 ab
655 3152 742 3216 omni
766 3152 954 3217 confusione
980 3151 1181 3235 Babilonica,
1205 3175 1290 3240 quae
1314 3165 1364 3218 est
1392 3165 1497 3217 mater
1519 3165 1639 3217 nostra.
1686 3153 1759 3218 Non
1783 3153 1929 3216 omnium
1954 3163 2004 3216 est
2032 3151 2079 3216 illa
2093 3145 2196 3216 W

431 3256 527 3320 trium
550 3279 725 3342 puerorum
747 3258 915 3344 perfectio,
939 3269 975 3322 ut
996 3282 1130 3345 ymnum
1154 3270 1286 3324 cantare
1311 3261 1435 3345 possint
1459 3261 1603 3324 interra
1627 3259 1742 3324 aliena.
1778 3259 1875 3324 Unde
1899 3270 1934 3323 et
1957 3259 2078 3323 dicunt:

292 3387 412 3438 ruisse.
434 3361 593 3439 Quomodo
616 3367 811 3430 cantabimus
834 3367 989 3430 cauticum
1005 3367 1141 3430 Domini
1162 3370 1196 3431 r'u
1219 3382 1304 3431 terra
1327 3369 1457 3432 alicua?
1504 3366 1570 3432 Sed
1593 3367 1626 3430 in
1646 3366 1823 3431 Ierusalem
1847 3365 1908 3430 tibi
1932 3364 2081 3431 reddetur

431 3478 542 3532 votum
573 3468 614 3533 ab
638 3470 787 3535 omnibus
811 3471 1076 3536 lerosolimitanis
1104 3472 1241 3554 civibus,
1270 3471 1400 3559 quando
1429 3495 1505 3536 caro
1530 3473 1682 3554 humana,
1710 3495 1773 3559 que
1803 3495 1890 3536 nunc
1922 3482 2012 3537 terra
2039 3485 2081 3537 est

431 3574 538 3638 aliena
557 3577 784 3663 corruptibilis,
809 3577 933 3642 scilicet
957 3601 1016 3642 sua
1032 3580 1237 3664 corruptione
1257 3601 1441 3665 aggravans
1457 3580 1609 3662 animam,
1632 3577 1869 3665 quantumlibet
1884 3577 2082 3665 spiritalibus

431 3703 470 3744 ac
501 3681 695 3748 caelestibus
726 3686 894 3767 intentam,
924 3685 1022 3750 fuerit
1052 3687 1085 3748 in
1109 3685 1220 3749 electis
1244 3687 1374 3749 omnino
1398 3684 1654 3772 incorruptibilis
1678 3696 1712 3750 et
1733 3683 1944 3771 inpassibilis.
1992 3685 2083 3749 Nunc
2099 3709 2122 3748 ιι

430 3809 518 3869 ver0,
543 3789 603 3852 etsi
626 3799 723 3854 vento
748 3792 828 3854 roris
852 3789 949 3855 flante
973 3793 1036 3855 viri
1059 3792 1220 3878 spiritales
1244 3791 1346 3856 afflati
1370 3803 1403 3857 et
1426 3793 1611 3878 refrigerati
1635 3802 1768 3857 cantant
1790 3815 1927 3878 ymnum
1951 3792 2083 3856 Domini

351 3921 411 3962 ms.
429 3894 463 3956 in
486 3903 572 3958 terra
594 3894 710 3977 aliena,
734 3907 843 3960 tamen
867 3909 900 3961 et
922 3897 968 3962 illi
992 3898 1107 3964 crebro
1132 3897 1332 3984 suspendunt
1349 3921 1472 3985 organa
1495 3901 1529 3963 in
1546 3898 1700 3964 salicibus
1724 3900 1757 3962 in
1774 3897 1882 3963 medio
1899 3897 2083 3964 Babilonis:

430 4002 540 4086 etqui
564 4011 639 4065 sunt
661 4001 802 4087 fragiles,
827 4003 933 4068 adhuc
957 4006 990 4068 in
1007 4005 1094 4070 lucta
1113 4005 1220 4069 carnis
1243 4006 1423 4088 inferiores,
1448 4007 1577 4071 omnino
1603 4008 1827 4071 conticescunt
1851 4004 1892 4069 ab
1909 4027 2080 4091 ymnorum

350 4108 557 4174 decentiae
588 4107 765 4172 exultativo
797 4132 835 4174 ac
866 4133 964 4196 super
993 4110 1127 4176 flumina
1156 4111 1323 4176 Babilonis
1354 4111 1534 4177 residentes
1566 4111 1659 4178 dulce
1693 4110 1815 4177 habent
1844 4111 1922 4175 flere
1954 4113 2083 4197 suisque

429 4225 607 4299 pascuntur
628 4212 781 4296 lacrimis,
804 4216 1032 4282 manducando
1053 4218 1147 4282 slmul
1162 4240 1281 4304 panem
1298 4218 1427 4284 doloris.
1463 4220 1572 4284 Mente
1597 4221 1697 4305 igitur
1720 4220 1753 4282 in
1769 4217 1949 4283 Ierusalem
1972 4241 2083 4304 super·
2101 4239 2124 4280 ιι

430 4343 507 4384 ιιιιιι
530 4321 773 4406 proficiscentes
797 4322 946 4410 illiusque
970 4326 1158 4388 memoriam
1182 4327 1216 4389 in
1243 4326 1404 4412 principio
1429 4325 1557 4390 leticiae
1589 4348 1667 4390 suae
1697 4337 1856 4412 ponentes
1877 4335 1954 4389 vota
1976 4324 2082 4388 laudis

372 4455 410 4506 u).
430 4437 462 4490 et
485 4428 660 4510 gratiarum
684 4430 851 4492 actiones*
874 4441 1004 4512 vovent,
1029 4453 1112 4517 quae
1135 4432 1266 4496 tandem
1290 4434 1323 4496 in
1346 4432 1525 4498 Ierusalem
1548 4431 1735 4519 persolvent
1758 4442 1790 4495 et
1813 4429 1961 4495 reddent.
2006 4430 2081 4512 Sed,

430 4533 583 4617 quoniam
605 4543 779 4620 antequam
803 4538 1012 4621 perveniatur
1034 4539 1068 4601 in
1084 4537 1171 4602 illam
1187 4538 1375 4621 Ierusalem,
1400 4539 1478 4602 dum
1501 4539 1664 4624 proticisci
1687 4560 1774 4602 nunc
1797 4539 1972 4623 incipimus
1997 4539 2084 4602 etin

431 4638 650 4704 convertendo
674 4642 895 4726 captivitatem
920 4642 1019 4728 Syon,
1049 4645 1142 4730 quasi
1171 4645 1282 4708 laxata
1305 4645 1505 4730 captivitate,
1536 4645 1690 4709 restincto
1720 4666 1781 4730 per
1803 4655 1981 4730 martyrum
2013 4667 2083 4708 san-

430 4745 562 4828 guinem
585 4744 776 4811 Babilonico
800 4748 886 4832 igne,
911 4749 1046 4813 alteram
1070 4748 1284 4832 Babiloniam,
1312 4750 1348 4814 id
1371 4762 1420 4815 est
1443 4751 1589 4832 Romam,
1613 4750 1762 4815 videmus
1791 4761 1824 4814 et
1846 4749 2028 4836 gaudemus
2051 4751 2084 4814 in
2100 4773 2125 4812 ιι

431 4851 596 4914 civitatem
613 4849 702 4937 Syon
719 4863 963 4918 commutatam:
994 4856 1036 4920 Te
1059 4857 1144 4922 decet
1162 4883 1285 4944 patruus,
1310 4858 1407 4938 Deru,
1433 4861 1465 4922 iu
1483 4857 1578 4945 Spu-u,
1602 4858 1637 4922 id
1660 4867 1709 4922 est
1732 4858 1767 4920 in
1790 4857 1952 4922 aecclesia
1975 4857 2083 4922 catho·

430 4957 495 5020 lica
517 4956 606 5020 Petri
630 4959 767 5043 apostoli
790 4959 854 5023 fide
877 4961 1004 5024 firmata
1028 4973 1060 5025 et
1082 4985 1142 5048 per
1164 4962 1326 5048 apostolos
1350 4965 1502 5049 virosque
1527 4963 1722 5050 apostolicos
1747 4964 1884 5046 erudita,
1909 4966 2003 5050 quasi
2026 4986 2085 5050 per

274 5093 410 5141 maaser.
431 5062 603 5126 Iererniam
619 5074 651 5127 et
666 5063 827 5150 Aggeum.
862 5067 978 5131 Petrus
995 5069 1116 5154 quippe
1135 5068 1309 5154 apostolus,
1332 5071 1387 5156 qui
1411 5071 1607 5156 respiciente
1631 5093 1665 5136 se
1681 5071 1824 5134 Domino
1848 5069 1939 5134 flevit
1963 5093 2082 5150 amare,

289 5179 586 5254 r·.1u,r.tanquam
615 5171 650 5233 in
680 5170 962 5238 lamentationibus
990 5175 1148 5239 Ieremiae
1179 5177 1368 5261 peregrinos
1399 5178 1488 5240 cives
1518 5177 1696 5241 Ierusalem
1727 5177 1824 5241 docet
1858 5177 2020 5242 seminare
2051 5179 2083 5240 in

430 5274 582 5358 lacrimis,
608 5277 694 5362 quod
717 5289 790 5362 post
812 5289 951 5343 metatur
977 5283 1012 5344 in
1035 5280 1244 5345 exultatione.
1292 5280 1354 5347 Cui
1378 5283 1521 5347 sociatur
1542 5283 1664 5350 Paulus
1689 5282 1865 5369 apostolus,
1890 5283 1979 5347 velut
2002 5283 2083 5348 alter
2100 5305 2124 5344 ιι

431 5380 575 5466 Aggeus,
600 5383 688 5468 quod
710 5385 942 5471 interpretatur
958 5386 1151 5473 ‘solempnis’
1169 5388 1221 5450 vel
1239 5388 1404 5452 ‘sublimis'
1418 5395 1439 5471 1,
1464 5391 1617 5476 quoniam
1634 5401 1746 5476 raptus
1769 5413 1871 5476 usque
1888 5388 1931 5454 acl
1947 5391 2082 5453 tercium

538 5579 564 5643 a)
586 5584 702 5634 actionis
721 5585 792 5635 codd.

541 5741 570 5817 1)
595 5743 644 5816 Cf.
668 5766 759 5820 supra
776 5768 809 5823 p.
828 5747 900 5817 442,
926 5769 954 5804 u.
974 5747 1001 5804 2.
