4478 6396
582 347 773 406 EPISTOLA
798 351 852 406 AD
875 349 1151 407 INNOOENTIUM
1174 351 1318 406 ΡΑΡΑΜ.
1716 345 1778 410 237

124 551 205 600 errnt
228 540 262 600 in
277 538 379 623 epulis
394 540 463 601 ants
477 537 628 614 maculae,
648 540 846 602 convivantes
867 541 936 602 sine
959 541 1079 620 timore,
1102 541 1281 626 semcupsos
1289 553 1464 626 poscentes,
1487 539 1583 605 trabes
1603 544 1673 606 sine
1688 567 1783 628 aquo,

126 666 258 727 quaec
281 647 379 708 uentis
402 645 681 730 circumferuntur,
705 646 833 709 arbores
852 647 1081 732 autumpnales,
1104 647 1332 734 infructuosae,
1356 646 1405 710 bns
1420 660 1569 726 mortuae,
1593 648 1782 728 eradicatae,

119 750 247 834 flnctus
262 751 339 838 seri
358 754 470 831 mares,
494 751 711 838 despumantes
732 775 807 815 suas
830 753 1042 840 confusiones,
1072 752 1181 817 sidero
1204 754 1354 816 ararnio.
1402 750 1446 815 Et
1468 762 1542 837 post
1565 753 1691 839 aliqua:
1724 755 1784 820 Vos

128 871 247 937 autern,
270 858 447 938 karissimi,
470 881 619 922 memores
642 872 732 922 estote
756 860 928 936 uerborum,
952 883 1032 943 qnae
1040 859 1191 946 predicta
1212 873 1285 923 sunt
1306 860 1345 923 ab
1366 859 1517 944 apostoles
1540 859 1666 925 domini
1684 865 1787 926 noemi

92 985 107 1022 e
131 961 210 1026 Iesu
235 963 365 1044 Chresti,
396 967 454 1050 qui
475 965 620 1029 dicebant
642 966 739 1044 uobis,
770 967 919 1050 quoniam
944 969 978 1028 in
1002 968 1171 1030 nouissimo
1195 980 1329 1052 tempore
1353 968 1475 1030 uenient
1497 967 1653 1048 illusores,
1677 993 1782 1032 secun-

132 1069 212 1132 dnm
233 1094 290 1134 sna
314 1071 476 1135 desideria
499 1072 693 1136 ambulantes
716 1074 750 1135 in
772 1074 939 1157 impietate.
980 1071 1031 1135 Hi
1050 1087 1122 1136 sunt
1144 1074 1203 1157 qni
1222 1087 1384 1160 recrepant
1406 1075 1595 1159 serncttpsos,
1619 1076 1783 1156 animales,

132 1179 283 1262 spiritum
306 1201 369 1241 non
384 1179 536 1242 habentes.
572 1177 645 1240 Hac
661 1176 839 1262 apostolica
855 1175 1003 1242 doctrina
1019 1177 1226 1263 suffragante,
1252 1199 1365 1242 sanum
1382 1177 1579 1243 arbitramur
1594 1178 1783 1244 subtrahere

133 1305 196 1346 nos
219 1281 260 1346 ab
284 1285 372 1346 omni
396 1284 494 1347 fratre
518 1282 705 1348 ambulante
732 1283 925 1366 inordinate,
956 1285 1098 1348 maxime
1122 1282 1163 1349 ab
1187 1283 1248 1367 his,
1273 1286 1329 1370 qui
1353 1296 1528 1371 segregant
1551 1288 1741 1372 semetipsos
1765 1309 1785 1350 a

135 1387 257 1453 Christi
281 1411 427 1475 corpore,
452 1389 529 1454 dum
551 1389 677 1455 faciunt
700 1413 783 1476 quae
808 1400 882 1454 sunt
905 1390 1067 1477 prohibita
1097 1390 1157 1455 sub
1184 1391 1400 1456 anathemate.
1448 1390 1520 1456 Non
1549 1394 1633 1456 enim
1665 1393 1785 1458 sufficit

83 1520 115 1558 10
135 1495 199 1559 illis
228 1494 398 1559 ambulare
430 1496 626 1578 inordinate,
659 1497 722 1560 nisi
752 1507 991 1582 persequantur
1019 1497 1166 1562 volentes
1196 1496 1363 1562 ambulare
1394 1497 1551 1562 ordinate.
1598 1497 1694 1564 Unde
1725 1523 1784 1564 nos

138 1603 270 1684 miseri,
288 1605 345 1689 qui
364 1603 530 1689 regulares
547 1603 696 1686 dicimur,
720 1604 898 1689 premimur
921 1627 941 1667 a
964 1602 1174 1687 secularibus,
1199 1605 1355 1690 precipue
1379 1603 1421 1669 ab
1445 1605 1504 1686 his,
1530 1627 1668 1691 quomm
1683 1605 1783 1695 duces
1803 1629 1880 1670 *nen

135 1709 189 1771 isti
212 1719 303 1772 sunt:
329 1710 482 1775 Nicolaus
505 1710 689 1792 inmundus,
715 1711 837 1796 Symon
860 1732 986 1795 magus,
1014 1733 1034 1773 a
1058 1710 1175 1797 quibus
1199 1709 1335 1792 duobus,
1360 1712 1454 1797 quasi
1478 1734 1497 1776 a
1520 1711 1647 1776 duabus
1671 1712 1783 1777 caudis
1804 1737 1911 1786 narn.

134 1816 292 1879 dcionum
315 1816 541 1902 fumigantium
567 1827 745 1902 gravantur
767 1816 891 1880 lumina
914 1815 1156 1898 aecclesiarum,
1181 1815 1258 1881 dum
1281 1819 1362 1899 istis,
1393 1829 1548 1904 tanquam
1578 1820 1613 1883 in
1636 1842 1710 1884 arce
1735 1842 1783 1883 se-

134 1921 298 2004 dentibus,
316 1925 393 2008 quia
413 1922 581 2008 president
603 1923 784 1987 aecclesiae
807 1921 1058 2006 cathedralibus,
1081 1945 1142 1988 nec
1167 1923 1271 1988 bonae
1286 1925 1460 1988 voluntatis
1484 1926 1629 2011 episcopi
1653 1925 1783 1990 domum

89 2053 117 2090 rs
136 2029 200 2092 Dei
219 2029 332 2094 valent
355 2052 427 2094 cum
445 2029 624 2094 hlathathia
646 2028 815 2111 mundare,
839 2029 892 2094 vel
916 2029 1027 2094 saltem
1052 2032 1086 2094 in
1109 2029 1356 2117 baptismalibus
1380 2030 1549 2096 aecclesiis
1573 2032 1783 2119 apostolicam

136 2137 237 2200 uitam
260 2135 418 2222 plantare,
443 2159 526 2222 quae
550 2147 694 2218 cunctas,
719 2136 815 2200 etiam
841 2136 1018 2201 aecclesias
1041 2136 1243 2223 episcopales
1267 2148 1300 2201 et
1322 2139 1474 2202 matrices
1502 2137 1638 2203 deberet
1667 2138 1783 2226 guber-

135 2265 226 2306 nare.
261 2243 336 2308 Huc
353 2242 490 2325 accedit,
507 2243 744 2329 quodquidam
768 2243 914 2329 episcopi
937 2243 979 2308 ad
1002 2243 1064 2308 hoc
1087 2244 1259 2329 negocium
1284 2243 1462 2308 secundum
1486 2245 1675 2332 prophetam
1697 2245 1784 2310 evel-

136 2349 236 2428 lendi,
253 2348 451 2430 destruendi,
469 2349 689 2435 dispergendi,
706 2349 896 2435 dissipandi,
914 2349 1098 2432 edificandi,
1122 2350 1300 2436 plantandi,
1325 2352 1421 2414 nimis
1445 2351 1654 2416 inveniuntur
1670 2353 1783 2438 tepidi.
1805 2380 1847 2418 nr.
1856 2381 1876 2428 1,
1885 2379 1919 2418 so.

243 2456 357 2542 Igitm,
382 2479 400 2520 c
423 2479 511 2542 papa
533 2455 713 2537 Innocenti,
745 2456 954 2542 apprehende
984 2479 1075 2520 arma
1105 2468 1138 2521 et
1160 2467 1298 2539 scutum,
1322 2468 1355 2521 ct
1377 2479 1518 2544 exsurge
1547 2459 1661 2544 paucis
1691 2457 1785 2523 honis

90 2586 118 2625 so
136 2562 170 2626 in
195 2562 401 2627 adiutorium.
447 2563 539 2626 Mitte
567 2563 681 2627 saltem
708 2563 751 2626 ad
774 2563 945 2649 episcopos
968 2573 1074 2628 terrae
1098 2563 1299 2628 Teutonicae
1322 2587 1422 2628 unum
1446 2563 1588 2628 edictum
1612 2565 1715 2628 simile
1739 2564 1784 2629 illi

137 2668 365 2755 Gregorianae
389 2671 578 2750 sententiae,
603 2693 668 2755 qua
682 2669 809 2734 Victori
833 2670 986 2756 episcopo
1010 2669 1155 2735 scribens
1179 2668 1297 2734 dicit1:
1324 2671 1477 2756 Quisquis
1499 2672 1545 2736 ad
1566 2673 1622 2736 hoc
1638 2674 1785 2759 facinus,

137 2774 292 2840 videlicet
315 2778 482 2862 symoniae
506 2799 544 2840 ac
561 2775 787 2862 neophitorum
803 2775 954 2859 heresim,
979 2777 1207 2842 emendandum
1224 2779 1334 2865 officii
1353 2781 1408 2842 sui
1428 2780 1676 2844 consideratione
1699 2780 1785 2844 uehe-

137 2898 255 2949 menter
277 2909 339 2948 non
361 2887 524 2964 emerserit,
555 2908 622 2948 cnm
647 2887 717 2970 ipso
740 2907 772 2948 se
795 2884 907 2949 habere
936 2908 999 2948 non
1022 2885 1139 2949 dubitet
1157 2887 1343 2970 portionem,
1374 2911 1394 2948 a
1418 2909 1478 2970 quo
1494 2888 1593 2971 prins
1616 2887 1672 2950 hoc
1688 2911 1784 2973 psent-

137 2993 222 3055 liare
236 2992 401 3078 flagitium
423 2994 557 3077 sumpsit
578 2991 752 3055 scordium.
788 2990 853 3054 Dic
877 2999 910 3054 et
931 3001 967 3054 tu
990 2991 1152 3076 episcopis
1176 2989 1335 3071 omnibus,
1360 2989 1448 3076 quod
1471 2992 1498 3054 si
1521 2993 1593 3077 quis
1617 3013 1676 3077 pro
1700 3014 1785 3056 ccm-

91 3119 119 3158 ιο
136 3097 238 3160 missa
267 3095 330 3160 sibi
358 3106 517 3182 potestate
540 3097 751 3161 vehementer
773 3101 851 3161 *non
875 3097 1034 3160 exarserit
1064 3096 1106 3160 ad
1135 3096 1346 3184 plantandam
1369 3097 1470 3160 vitam
1500 3096 1721 3183 apostolicam,
1752 3101 1785 3163 in
1805 3125 1874 3166 aar.

138 3225 204 3289 qua
234 3213 349 3289 regnat
373 3202 530 3284 Christus,
561 3213 594 3267 et
623 3202 877 3289 explantandam
907 3203 1128 3289 irregularem,
1159 3205 1192 3266 in
1223 3225 1288 3289 qua
1317 3213 1432 3287 regnat
1459 3201 1690 3287 Antichristus,
1720 3228 1785 3269 non

138 3309 324 3374 dubitatae
349 3311 541 3397 participem
565 3309 812 3396 dampnationis,
837 3333 935 3396 quam
958 3308 1152 3374 facientibus
1176 3332 1250 3374 cum
1274 3307 1550 3373 consentientibus
1574 3308 1676 3374 dictat
1698 3312 1787 3397 rigor
1803 3341 1868 3380 noua
1876 3342 1896 3389 1,
1904 3339 1938 3380 ss.

138 3417 309 3503 apostolici
339 3418 505 3481 sermonis.
551 3417 605 3481 De
634 3439 687 3480 me
710 3439 788 3481 vero
813 3419 961 3481 estimato
990 3415 1077 3502 quod
1099 3415 1197 3499 velis3
1230 3438 1290 3501 ego
1320 3413 1379 3479 tibi
1410 3438 1481 3479 sum
1512 3427 1548 3484 et,
1574 3438 1628 3480 erc
1658 3439 1787 3504 semper

138 3523 254 3588 fidelis.
300 3524 352 3605 Et,
376 3547 417 3588 ne
442 3525 514 3609 quis
537 3522 596 3588 titi
620 3524 817 3610 persuadeat
838 3523 1010 3610 profanum
1034 3523 1146 3588 cretici
1169 3544 1286 3586 nomen
1311 3521 1352 3586 ab
1378 3521 1560 3586 hominibus
1584 3522 1785 3609 voluptatum

93 3655 120 3693 sn
139 3630 338 3695 amatoribus
369 3632 472 3716 magis
503 3653 601 3716 quam
625 3630 700 3710 Dei,
731 3630 810 3694 mihi
833 3633 996 3694 veraciter
1017 3630 1150 3716 imponi,
1175 3651 1256 3715 quos
1280 3629 1353 3693 Deo
1376 3629 1504 3693 volente
1536 3629 1610 3694 odio
1640 3630 1786 3716 perfecto

139 3737 205 3820 odi,
230 3738 321 3820 scito,
345 3751 381 3801 tu
403 3747 496 3823 pater
519 3739 573 3819 mi,
598 3759 695 3824 quem
718 3759 860 3822 agnosco
875 3737 1055 3822 legitimum
1071 3757 1291 3800 successorem
1306 3735 1393 3799 Petri
1412 3736 1558 3820 apostoli,
1583 3757 1635 3800 me
1659 3759 1787 3824 semper

139 3866 211 3907 esse
235 3856 385 3929 paratum
408 3844 596 3908 satisfacere
621 3845 708 3908 osnni
730 3845 879 3930 poscenti
901 3844 1060 3907 rationem
1083 3842 1124 3906 de
1149 3865 1197 3924 ea,
1222 3865 1304 3928 quae
1329 3843 1361 3905 in
1385 3864 1436 3906 me
1461 3853 1519 3926 est,
1544 3865 1612 3928 spe,
1640 3843 1785 3930 nihilque

138 3973 191 4014 me
222 3951 432 4036 pertinaciter
461 3950 634 4032 affirmare,
666 3952 722 4036 qui
751 3950 902 4036 idipsum,
935 3949 1022 4035 quod
1052 3949 1135 4032 dicu,
1168 3971 1296 4035 semper
1326 3972 1395 4012 sum
1427 3959 1459 4012 et
1489 3949 1535 4013 fui
1562 3951 1786 4036 paratissimus
1886 3931 1889 3938 ¹

138 4067 275 4136 mutare,
300 4057 327 4120 si
344 4058 397 4120 cui
413 4055 645 4121 catholicorum
660 4056 791 4120 videtur
813 4079 833 4120 a
848 4078 926 4120 vero
950 4055 1117 4120 dissonare
1141 4056 1323 4141 poteritque
1347 4055 1409 4119 hoc
1429 4054 1665 4120 rationabiliter
1681 4067 1785 4120 osten-

94 4187 120 4226 a
138 4163 228 4228 dere.
274 4163 426 4249 Diligunt
448 4175 555 4228 autem
579 4186 630 4227 me
655 4165 704 4227 sui
728 4164 833 4249 gratia
856 4162 1008 4226 catholici
1032 4184 1097 4226 non
1121 4162 1223 4226 solum
1239 4161 1351 4225 clerici
1374 4172 1406 4225 et
1428 4162 1589 4244 monachi,
1614 4162 1673 4227 sed
1689 4165 1785 4227 etiam

139 4270 377 4357 archicpiscopi
401 4280 433 4334 et
457 4271 612 4356 episcopi,
637 4268 810 4356 specialius
833 4280 942 4332 tamen
966 4269 1103 4333 domnus
1121 4266 1368 4354 salzburgensis
1392 4278 1424 4331 et
1448 4267 1585 4332 domnus
1601 4269 1785 4334 Ravennae.

140 4376 278 4459 Quibus,
303 4377 380 4441 dum
403 4378 596 4441 innotuisset
619 4376 757 4462 qualitas
780 4377 867 4440 vitae
892 4397 931 4439 ac
955 4375 1121 4440 doctrinae
1145 4397 1247 4455 meae,
1272 4397 1354 4439 unus
1379 4397 1499 4456 eorum,
1520 4374 1675 4440 videlicet
1697 4375 1785 4442 Sala-

139 4484 311 4569 purgensis
340 4484 425 4546 inter
446 4482 544 4546 ΙΠΙοἳ
568 4484 706 4547 virtutes
736 4482 873 4569 amplius
901 4481 1142 4546 commendavit
1170 4481 1249 4544 mihi
1279 4480 1518 4564 fortitudinem
1549 4482 1631 4545 alter
1662 4483 1787 4548 scilicet

139 4589 314 4653 &vennas
343 4589 520 4654 inculcavit
549 4589 686 4675 amplius
714 4590 947 4675 temperantiae
972 4589 1175 4652 suavitatem.
1221 4585 1328 4650 Ambo
1353 4609 1430 4651 vero
1454 4600 1658 4668 monuertmt,
1682 4601 1717 4653 ut
1740 4593 1786 4654 ita

95 4721 122 4759 so
140 4696 226 4760 dicto
252 4697 411 4759 *veritatis
442 4697 624 4760 testimonio
649 4719 668 4759 a
690 4719 743 4760 me
768 4698 845 4760 satis
875 4719 934 4781 pro
964 4718 1036 4759 meo
1060 4694 1189 4759 modula
1214 4717 1275 4778 ego
1299 4693 1384 4758 ultra
1406 4695 1618 4780 quiescerem,
1644 4696 1730 4782 quod
1754 4707 1787 4760 et
1806 4724 1881 4764 aar.

140 4825 200 4888 ego
224 4801 436 4866 libentissime
460 4802 613 4866 facerem.
653 4801 720 4867 Sed
742 4800 920 4866 insatiabili
942 4801 1017 4866 odio
1041 4800 1256 4866 adversantur
1276 4823 1369 4865 meae
1386 4801 1497 4887 quieti,
1514 4825 1594 4888 quos
1611 4802 1785 4888 aliquando

139 4931 219 4972 vera
242 4909 353 4973 dicens
378 4907 507 4972 offendi.
554 4908 626 4973 Non
644 4911 729 4972 enirn
745 4931 828 4994 nego
845 4931 896 4972 me
913 4908 1088 4994 aliquando
1112 4909 1211 4971 ivisse
1236 4907 1278 4971 ad
1295 4905 1494 4972 succidenda
1511 4907 1599 4993 ligna
1616 4907 1785 4992 silvestria,

140 5014 227 5098 dum,
251 5015 397 5101 apostolo
420 5026 582 5097 monente,
606 5015 760 5101 redargui
783 5037 883 5101 opera
905 5013 1113 5079 tenebrarum
1136 5013 1353 5098 infructuosa3
1378 5015 1411 5078 in
1434 5035 1498 5100 quo
1521 5016 1658 5100 negocio
1682 5015 1787 5100 potuit
1805 5045 1934 5096 apaan.

139 5121 220 5202 fieri,
244 5131 280 5186 ut
301 5122 422 5186 ferrum
447 5121 486 5186 de
503 5120 673 5187 manubrio
690 5122 835 5208 elapsum
851 5143 1007 5186 excessus
1022 5120 1176 5184 videlicet
1198 5122 1455 5206 increpationum
1478 5120 1603 5184 lederet
1618 5121 1670 5185 vel
1688 5121 1785 5185 offen-

96 5253 123 5290 a
140 5228 232 5292 deret
254 5230 448 5314 proximum,
479 5231 570 5293 cuius
602 5239 711 5292 tamen
734 5229 821 5292 vitae
845 5227 1016 5292 insidiatus
1039 5250 1104 5291 non
1129 5250 1209 5290 suns.
1257 5225 1325 5292 Sed
1347 5249 1442 5291 unam
1467 5227 1585 5312 refugii
1610 5229 1785 5310 civitatem,

140 5334 319 5400 aecclesiae
350 5335 474 5400 scilicet
502 5334 761 5421 indissipabilem
791 5335 948 5399 unitatem
978 5335 1034 5416 ita,
1066 5357 1107 5398 ex
1132 5356 1194 5419 quc
1224 5355 1339 5420 sapere
1364 5336 1446 5420 cepi,
1479 5356 1606 5420 semper
1630 5333 1730 5398 dilexi
1755 5347 1787 5398 et

140 5441 249 5527 diligo,
277 5440 364 5528 quod
392 5452 527 5530 mqrtem
558 5441 698 5506 evadere
728 5465 780 5505 me
811 5462 916 5527 spero,
947 5449 1056 5504 tuente
1087 5462 1191 5504 ineam
1224 5442 1418 5526 parvitatem
1449 5463 1567 5526 magno
1598 5452 1630 5504 et
1661 5463 1785 5506 summo

249 5697 277 5766 1)
306 5699 395 5773 apat.
423 5697 490 5768 ΧΗ,
516 5699 545 5768 a,
573 5698 640 5755 sn.
666 5699 705 5770 n,
724 5720 757 5774 p.
777 5699 849 5755 aar.
