4386 6390
936 413 1136 472 GUALTERI
1160 413 1211 468 ΑΒ
1234 411 1385 469 INSULIS
1410 411 1599 468 CARMINA.

725 603 775 665 12.
811 599 916 665 Nemo
940 600 1023 666 iuste
1046 600 1158 664 vivere
1182 601 1273 664 novit
1296 622 1402 687 neque
1426 600 1491 685 pie,

808 707 961 772 Pastores
984 705 1122 772 ecclesie
1146 706 1224 771 facti
1247 717 1321 772 sunt
1344 707 1446 794 arpie.

808 814 897 879 Ecce
920 813 986 878 iam
1009 812 1205 900 completum
1229 823 1279 878 est
1301 812 1380 878 illud
1403 811 1580 876 Iheremie:

808 920 1049 1008 Iacentsancti
1074 918 1199 1007 lapides
1222 919 1256 984 in
1279 921 1386 1006 capite
1409 919 1483 983 viae
1492 929 1514 958 ⁸·
1526 923 1547 982 1.

723 1049 773 1110 13.
809 1045 886 1110 Mea
908 1067 988 1131 gens
1012 1045 1189 1130 antiquitus
1213 1043 1279 1109 dici
1302 1044 1461 1125 Nazarea,

808 1151 850 1218 ld
872 1161 921 1217 est
945 1161 1068 1234 sancta,
1091 1150 1206 1237 potuit,
1230 1150 1289 1215 sed
1311 1173 1398 1215 nunc
1419 1149 1582 1236 pharisee,

809 1259 849 1324 In
873 1258 937 1324 duo
960 1281 1012 1322 mc
1036 1257 1218 1340 dividuntb,
1243 1267 1372 1322 etcum
1395 1279 1460 1322 non
1484 1257 1634 1336 simma,

808 1365 950 1430 Praelati
974 1365 1084 1452 partiti
1108 1375 1182 1428 sunt
1204 1365 1398 1428 vestimenta
1420 1369 1526 1428 moal.

725 1493 773 1556 14.
809 1491 879 1556 Iam
902 1511 1019 1555 casura
1041 1488 1165 1571 videor,
1189 1490 1267 1576 quia
1289 1499 1356 1554 tota
1379 1498 1467 1570 nuto,

809 1597 885 1674 Mea
909 1605 1022 1660 carent
1043 1595 1153 1660 menia
1176 1593 1292 1680 gladiis
1316 1605 1348 1660 et
1372 1605 1462 1660 scuto
1472 1606 1495 1676 ⁰,

810 1702 935 1767 Aurum
959 1724 1066 1766 meum
1091 1702 1197 1767 scoria
1219 1701 1315 1766 vilius
1339 1711 1389 1766 est
1411 1701 1477 1767 luto

809 1810 853 1874 Et
875 1811 1028 1896 princeps
1050 1808 1243 1895 provincied
1266 1809 1354 1873 facta
1376 1807 1436 1873 sub
1459 1809 1579 1874 tributo
1590 1813 1611 1873 ³.

726 1937 776 1998 15.
813 1933 880 2000 Sed
902 1955 943 1998 ne
967 1956 1025 1997 vos
1049 1932 1212 1997 detineam
1236 1931 1365 1997 turbine
1389 1955 1583 2017 sermonum,

809 2039 925 2105 Mundi
948 2049 1048 2126 caput
1069 2039 1200 2121 corruit,
1223 2061 1288 2104 non
1311 2039 1410 2104 habet
1432 2050 1613 2127 patronum,

809 2145 916 2212 Hodie
940 2147 1136 2234 requiritur
1159 2147 1262 2210 virtus
1287 2145 1476 2232 Scipionum
1487 2147 1508 2228 ¹,

809 2253 1049 2340 Marcellusque
1073 2253 1192 2341 loquax
1217 2264 1250 2317 et
1272 2254 1404 2318 nomina
1426 2275 1512 2318 vana
1536 2253 1695 2318 Catonum
1705 2257 1726 2317 ⁴.

726 2381 775 2444 16.
812 2379 921 2442 Veni⁸
945 2379 1065 2443 coniux
1088 2378 1225 2464 optime!
1249 2400 1325 2442 nam
1349 2377 1446 2443 hinch
1470 2377 1566 2443 turba
1587 2379 1680 2460 Reni,

809 2485 903 2550 Illinc
927 2507 978 2549 me
1003 2508 1076 2549 cum
1101 2483 1238 2550 Gallicis
1261 2484 1406 2549 lacerant
1429 2483 1601 2549 Bethania

810 2593 908 2675 Veni,
932 2614 973 2656 ne
997 2591 1194 2674 tardemusl,
1220 2602 1252 2656 et
1277 2590 1373 2680 [mel]
1398 2591 1595 2655 merentem¹
1623 2590 1704 2654 leni!

809 2697 864 2763 Nil
887 2698 967 2763 mihi
990 2697 1162 2780 rescribas,
1187 2709 1330 2764 attamen
1353 2699 1422 2784 ipse
1446 2699 1563 2762 veni!⁶

728 2826 777 2887 17.
812 2821 866 2887 Me
891 2822 1052 2888 desertam
1077 2822 1208 2888 creditis
1231 2823 1366 2888 forsitan
1390 2845 1432 2886 ex
1455 2832 1522 2887 toto

811 2928 877 2995 Sed
901 2951 1054 3015 sponsum
1078 2929 1120 2994 ad
1143 2929 1272 3016 nuptias
1281 2941 1312 3011 ¹¹¹,
1336 2929 1428 2992 hoste
1452 2930 1517 2992 iam
1541 2939 1673 3010 remoto,

810 3035 985 3122 Aspiciens
1009 3035 1147 3121 alonge
1171 3035 1355 3100 venientem
1379 3035 1477 3100 noto’.

812 3142 890 3208 sion
914 3142 960 3206 ait
983 3152 1015 3207 et
1037 3141 1133 3228 longo
1158 3143 1319 3206 consumit
1341 3141 1462 3228 gaudia
1484 3146 1600 3206 voto.⁷

1234 3339 1282 3414 11.

1028 3475 1248 3541 ‘Galterus
1276 3476 1322 3540 de
1347 3476 1500 3542 Insula.

698 3583 815 3665 Quod
844 3606 951 3670 papa
981 3585 1037 3647 sit
1066 3606 1241 3646 summus
1273 3595 1312 3646 et
1341 3583 1569 3670 imperator
1599 3581 1672 3646 sub
1703 3584 1827 3670 ipsos

747 3712 775 3772 1.
811 3708 913 3772 Totus
937 3707 1031 3772 hrains
1055 3708 1209 3794 temporis
1233 3707 1311 3772 ordo
1336 3710 1427 3772 sivep
1452 3717 1553 3772 status

810 3813 863 3878 Ab
888 3815 1020 3900 antique
1043 3813 1125 3899 legis
1149 3823 1220 3878 ests
1243 3813 1331 3879 fonte
1356 3814 1561 3897 derivatus¹;

810 3922 997 3986 Praesentis
1021 3920 1159 3985 ecclesie
1182 3931 1276 3986 tenor
1299 3932 1332 3985 et
1355 3931 1486 3986 ornatus

812 4027 850 4091 ln
874 4029 966 4113 aquis
991 4027 1105 4092 diluvii
1128 4027 1188 4092 fuit
1211 4028 1377 4114 figuratus.

745 4155 775 4216 2.
811 4152 950 4216 Notatur
973 4152 1113 4217 ecclesia
1136 4154 1260 4217 mistice
1285 4175 1343 4238 per
1366 4152 1508 4232 archam,

812 4257 953 4322 Mundus
976 4281 1036 4344 per
1059 4258 1232 4341 diluvium3
1257 4258 1314 4323 sed
1338 4281 1379 4323 ue
1402 4258 1512 4324 verbis
1535 4281 1684 4345 parcam:

811 4366 876 4429 Per
898 4365 968 4430 Noe
993 4364 1173 4450 colligimus
1197 4387 1356 4430 summum
1380 4365 1598 4452 patriarcham

812 4472 924 4536 Totius
948 4471 1086 4537 ecclesie
1110 4481 1209 4560 caput
1232 4482 1264 4536 et
1287 4472 1505 4536 monarcham.

745 4599 775 4660 3.
810 4595 862 4659 Ibi
885 4596 955 4660 Noe
979 4594 1128 4661 manibus
1152 4596 1291 4678 mundis,
1316 4597 1413 4661 corde
1437 4597 1557 4662 mundo

811 4703 980 4766 Universis
1004 4705 1167 4789 imperans
1191 4704 1295 4767 caruit
1318 4703 1499 4768 secundo⁸:

544 4903 571 4968 a)
593 4906 701 4972 plateae
722 4906 822 4956 Threci.
914 4903 942 4969 b)
964 4907 1053 4958 Unam
1074 4906 1141 4956 duas
1160 4907 1266 4957 faciunt
1286 4907 1360 4957 Harl.
1452 4904 1477 4968 c)
1499 4907 1563 4957 Mea
1581 4905 1787 4973 propugnacula
1806 4908 1874 4957 muri
1894 4913 1992 4959 carent
2010 4917 2094 4960 scuto

439 4996 514 5046 Harl.
569 4993 597 5057 d)
619 4997 744 5062 princeps
763 4996 965 5060 provinciarum
984 4995 1060 5045 Harl.
1079 5003 1103 5045 et
1119 4995 1220 5045 lhrcni.
1284 4993 1309 5056 e)
1332 4996 1449 5045 Ubinam
1470 5001 1511 5046 est
1529 4996 1610 5046 hodie
1630 4995 1706 5046 Harl.
1760 4992 1842 5056 Μία
1859 5011 1943 5046 ram
1962 4997 1993 5046 in
2010 4997 2095 5048 audire

436 5093 492 5149 pom
508 5093 645 5151 sequentem
663 5084 760 5149 lepitar.
797 5083 924 5144 Orchiam,
949 5100 1020 5149 quan
1044 5083 1190 5144 arrh-iberam,
1215 5084 1287 5134 hahet
1312 5085 1387 5135 Harl.
1460 5081 1488 5150 g)
1509 5085 1637 5150 stropham
1651 5087 1691 5134 16.
1710 5101 1757 5134 om.
1777 5084 1864 5135 Harl.
1953 5083 1983 5148 h)
2005 5087 2051 5136 hic
2071 5105 2092 5136 c.
2110 5098 2136 5136 w

438 5173 457 5234 i)
481 5174 618 5224 tardamus
636 5191 657 5223 c.
739 5170 768 5234 lr)
789 5173 855 5222 deest
872 5190 892 5222 c.
979 5171 998 5236 l)
1019 5179 1152 5224 merentes
1172 5191 1192 5224 a.
1271 5171 1307 5235 ιιι)
1329 5176 1439 5240 rmpsias
1458 5192 1478 5225 c.
1563 5173 1592 5235 n)
1614 5175 1681 5224 haec
1702 5174 1777 5224 Harl.
1860 5171 1887 5234 ο)
1909 5171 2042 5224 Galterus
2058 5201 2091 5209 -

437 5265 498 5329 ipso
517 5262 594 5312 minio
611 5262 696 5327 script.
768 5257 796 5328 p)
817 5261 846 5312 su
864 5279 884 5312 c.
957 5258 985 5327 q)
1006 5279 1111 5312 aarum.
1184 5259 1206 5322 r)
1229 5262 1362 5313 dirivatus
1380 5281 1401 5313 c.

549 5441 577 5512 1)
602 5442 804 5511 Thrcrri.4‚l.
908 5441 939 5512 2)
964 5443 1024 5499 Ioh.
1044 5443 1093 5513 19,
1113 5443 1163 5498 23.
1267 5438 1296 5521 3)
1321 5443 1426 5500 Threci
1448 5443 1519 5512 1,1.
1623 5443 1654 5514 4)
1679 5443 1789 5500 Lucan.
1814 5441 1986 5512 bellans,
2013 5444 2087 5501 313.

440 5549 470 5618 5)
496 5549 519 5605 Ι.
545 5569 567 5605 c.
597 5549 706 5606 incolae
728 5547 827 5624 oppidi
849 5547 980 5618 ‘Bodas
1012 5551 1054 5606 ad
1069 5549 1186 5625 stuariam
1211 5550 1362 5624 ‘Aveyrorr'
1393 5549 1422 5606 ia
1453 5549 1579 5606 districtu
1602 5549 1757 5623 ‘Aueprorr’
1788 5549 1842 5607 siti.
1891 5547 1939 5622 Cf.
1967 5550 2037 5606 Luc.
2064 5550 2087 5618 I,

440 5655 521 5724 402‚·
546 5655 643 5712 Sidon.
660 5653 836 5730 Apollinaris
854 5652 949 5712 Oarm.
969 5655 1082 5726 XXIV,
1102 5657 1151 5712 33.
1193 5655 1270 5720 Quos
1292 5658 1461 5714 solummodo
1483 5657 1606 5730 rhythmi
1628 5677 1715 5714 caasa
1725 5665 1813 5731 pocta
1829 5657 1880 5713 hoc
1903 5657 1962 5713 loco
1978 5657 2089 5714 videtur·
2106 5675 2133 5713 as

438 5761 590 5818 induxisse.
684 5759 714 5830 6)
734 5759 783 5818 Ου.
802 5761 965 5829 Herm.
1058 5755 1087 5828 7)
1106 5761 1176 5818 Stat.
1201 5762 1415 5832 Thaleta
1470 5805 1473 5810 .
1508 5761 1539 5832 8)
1564 5763 1629 5820 lc.
1655 5763 1765 5822 dilavio.
