4418 6412
452 418 516 480 424
751 424 934 480 ΟΕΒΗΟΗῈ
955 423 1188 480 PRAEPOSITI
1211 421 1620 479 REICHERSBERGENSIS
1645 421 1811 477 LIBELLI.

453 611 584 676 Dicitur
606 621 714 675 autem
738 611 800 676 hoc
825 610 991 696 discipulis
1014 611 1178 692 veritatis3
1210 632 1275 673 non
1299 608 1487 674 sedentibus
1511 613 1545 674 in
1569 611 1703 673 conscilio
1727 611 1889 688 vanitatis,
1913 607 1946 671 in
1972 629 2035 694 quo
2058 631 2101 672 se-

452 717 530 782 dent
560 739 659 803 snper
685 716 857 781 cathedras
887 715 1091 804 pestilentiae
1116 718 1171 802 qui
1195 715 1362 780 celebrant
1392 725 1628 780 sacramentum
1653 737 1777 778 summe
1802 712 2010 778 obedientiae.
2034 737 2102 778 cum

453 824 586 888 crimine
606 825 782 910 pertinacis
806 822 1057 904 inobedientiae,
1082 823 1114 886 in
1132 845 1268 908 quorum
1285 821 1345 887 sub
1363 822 1566 886 anathemate
1583 821 1636 886 vel
1653 821 1994 886 excommunicatione
2012 822 2103 884 inter·

451 929 547 994 dictis
577 930 684 994 missis
714 930 905 1016 recognosci
932 940 1038 1015 potest
1060 931 1189 993 vanitas
1212 929 1393 993 vanitatum
1425 929 1600 992 mentiente
1624 927 1834 1006 Antichristo,
1860 927 1950 1013 quod
1974 928 2016 990 sit
2038 927 2103 1013 ipse

299 1061 433 1110 aurun.
452 1037 564 1101 similis
589 1033 728 1116 Christo,
759 1036 935 1100 mentiente
959 1033 1099 1116 diabolo,
1124 1035 1213 1122 quod
1236 1036 1277 1099 sit
1304 1036 1373 1120 ipse
1398 1033 1511 1098 similis
1536 1032 1703 1097 altissimo.
1751 1033 1844 1099 Sicut
1867 1035 1957 1097 enim
1979 1032 2104 1097 Pharao
2125 1065 2200 1118 Q

287 1130 432 1235 fflffl}
450 1165 510 1230 per
533 1166 607 1207 suos
631 1163 744 1227 magos
768 1143 803 1205 in
826 1140 1036 1238 similitudine
1061 1143 1226 1227 signorum
1250 1156 1379 1206 certans
1403 1151 1515 1205 contra
1531 1139 1668 1226 Moysen
1692 1151 1725 1203 ct
1742 1139 1855 1203 Aaron
1872 1137 2105 1204 ‘contendebat

450 1247 556 1312 videri
580 1248 693 1313 similis
709 1249 861 1329 Domino,
886 1249 933 1312 sic
956 1247 1052 1312 modo
1068 1246 1288 1312 Antichristus
1305 1247 1357 1312 vel
1381 1245 1529 1311 diabolus
1553 1269 1612 1333 per
1636 1269 1710 1310 suos
1735 1245 1870 1310 clericos
1895 1247 1929 1310 in
1946 1245 2104 1310 aecclesia

450 1357 653 1442 negotiantes
677 1377 751 1420 curn
776 1354 918 1440 Spmnnc
948 1377 1055 1440 mago,
1085 1365 1116 1418 et
1143 1355 1341 1419 fornicantes
1365 1376 1439 1418 eum
1462 1353 1609 1434 Nicolao,
1640 1365 1737 1439 atque
1768 1352 1903 1438 insuper
1932 1352 2103 1417 interdicta

451 1461 560 1526 officia
575 1473 798 1549 presumentes
814 1460 982 1526 contendit
1002 1472 1114 1525 contra
1129 1461 1299 1526 veritatem
1322 1483 1383 1547 per
1405 1471 1681 1526 sacramentorum
1705 1458 1962 1540 similitudinem,
1986 1460 2021 1522 in
2037 1460 2102 1545 qui-

449 1567 511 1633 bus
534 1580 643 1633 tamen
665 1591 732 1632 non
755 1569 859 1654 magis
883 1577 1036 1655 operatur
1053 1567 1174 1654 digitus
1190 1568 1265 1648 Dei,
1291 1569 1422 1654 spiritus
1438 1568 1594 1649 veritatis,
1619 1589 1716 1653 quam
1740 1567 1774 1629 in
1797 1565 1888 1630 falsis
1912 1566 2016 1651 signis
2039 1589 2101 1630 ma·
2125 1601 2155 1642 10

450 1697 565 1762 gerum
579 1674 770 1756 Pharaonis,
795 1685 934 1760 excepto
958 1697 1036 1738 sane
1060 1673 1213 1760 baptismi
1238 1687 1451 1754 sacramento,
1476 1673 1684 1761 quodetiam
1707 1695 1767 1760 per
1783 1671 1964 1760 quemlibet
1986 1672 2100 1738 laicum

449 1782 513 1846 ritu
537 1780 779 1846 aecclesiastico
804 1780 1002 1845 celebratum
1026 1782 1095 1844 sine
1120 1779 1218 1844 dubio
1242 1792 1348 1845 ratum
1371 1793 1430 1847 est.

556 1887 631 1952 Huc
654 1888 792 1970 accedit,
817 1887 904 1975 quod
927 1887 1111 1952 huiusmodi
1133 1887 1387 1974 pseudoclericis
1410 1911 1476 1953 non
1500 1899 1549 1953 est
1576 1887 1784 1952 interdictum
1811 1888 1875 1952 nisi
1899 1886 2013 1951 altaris
2037 1887 2099 1952 offi-

450 1995 536 2060 cium
567 2005 599 2059 et
629 1994 907 2060 aecclesiasticum
938 1993 1132 2059 beneficium
1168 1993 1278 2060 altaris
1310 1996 1465 2059 ministris
1497 1993 1652 2058 debiturn.
1706 1993 1891 2059 Tolerando
1923 2016 2003 2078 ergo
2033 1993 2099 2058 illos

449 2100 652 2188 baptizantes
683 2113 739 2166 aut
769 2101 832 2166 alia
862 2101 971 2167 officie
1000 2102 1125 2166 minora
1149 2101 1289 2188 quedam
1320 2102 1603 2182 amministramus,
1634 2102 1669 2165 in
1698 2101 1870 2166 interdicto
1901 2100 1966 2164 illis
1995 2099 2098 2164 altaris
2114 2127 2131 2166 a

449 2209 628 2274 ministerio
652 2210 698 2274 eis
722 2208 796 2274 nolo
821 2209 1070 2290 communicare,
1102 2231 1142 2273 ne
1172 2209 1322 2272 inveniar
1346 2207 1463 2273 sedens
1493 2212 1529 2273 in
1552 2211 1685 2273 coneilio
1709 2211 1858 2273 sanitatis
1890 2217 2005 2272 contra
2028 2205 2099 2272 obe·

449 2314 605 2380 dientiam
619 2316 777 2396 veritatis,
795 2337 857 2402 qne
874 2315 961 2380 sedis
985 2314 1181 2401 apostolicae
1197 2313 1381 2401 presulibus
1405 2314 1501 2380 docet
1524 2313 1752 2379 abstinendum
1775 2337 1795 2378 a
1818 2312 1951 2379 talibus.
1987 2314 2098 2378 Utrum

449 2444 527 2486 vero
552 2421 742 2486 conficiatur
758 2420 879 2486 Christi
903 2443 1021 2508 corpus
1043 2423 1078 2486 in
1094 2443 1206 2487 eorum
1229 2423 1336 2486 missis
1358 2435 1473 2502 necue,
1498 2421 1697 2508 superfluum
1721 2430 1770 2486 est
1792 2421 2005 2506 investigare,
2029 2443 2099 2486 eum

450 2529 519 2592 sine
543 2527 642 2593 dubio
658 2527 738 2592 illud
754 2539 889 2610 constet,
914 2529 1002 2615 quod
1025 2530 1116 2616 ipsae
1139 2529 1220 2593 tales
1237 2530 1356 2594 missae
1373 2527 1432 2592 sub
1450 2528 1785 2593 excommunicatione
1809 2537 1885 2592 sunt
1907 2527 2099 2592 interdictae

452 2657 472 2698 a
494 2656 579 2699 nono
602 2633 713 2700 Leone
738 2645 771 2699 et
794 2657 813 2698 a
835 2657 922 2722 pepe
945 2634 1102 2722 Nycolao,
1134 2637 1217 2700 sicut
1240 2657 1409 2700 successor
1432 2657 1543 2699 eorum
1565 2634 1755 2699 Alexander
1784 2639 1871 2722 papa
1902 2645 2101 2699 contestatur
2117 2661 2138 2698 ra

450 2740 600 2805 dicens¹:
632 2741 842 2828 Precipiendo
865 2743 1062 2820 mandamus,
1087 2757 1119 2805 ut
1140 2743 1247 2806 nullus
1270 2745 1397 2806 reusam
1422 2742 1535 2806 audiat
1550 2743 1740 2830 presbyteri,
1770 2767 1859 2828 quem
1887 2744 1949 2807 scit
1976 2741 2100 2807 indubi-

450 2861 550 2912 tanter
572 2849 775 2912 cortcubinam
799 2848 911 2912 bahem
934 2862 990 2912 aut
1010 2849 1277 2913 subrittroductam
1306 2850 1477 2913 mulierem.
1524 2848 1612 2913 Unde
1639 2851 1732 2914 etiam
1755 2864 1864 2914 sancta
1886 2850 2027 2936 synodus
2050 2851 2102 2914 hec

449 2979 470 3018 a
493 2958 595 3043 capite
617 2956 674 3019 sub
698 2956 1013 3020 eucommunicatione
1036 2957 1144 3019 statuit
1167 2955 1291 3020 dicens:
1314 2955 1510 3042 ‘Quicunque
1532 2956 1760 3036 sacerdotum,
1785 2957 2003 3037 diaconorum,
2032 2958 2100 3020 sud·

449 3061 653 3126 diaconorum
670 3076 746 3148 pest
760 3065 955 3126 consitutum
979 3063 1084 3126 beatae
1107 3065 1274 3126 memoriae
1290 3062 1526 3147 predecessoris
1548 3066 1651 3128 nostri
1670 3065 1866 3127 sanctissimi
1878 3087 1970 3149 pape
1985 3063 2102 3128 Leonis

448 3181 504 3233 aut
524 3167 666 3256 Nysaioi
694 3167 731 3232 de
761 3171 900 3233 castitate
931 3170 1116 3232 clericorum
1140 3171 1343 3234 concubinam
1362 3170 1474 3255 palum
1499 3169 1626 3234 duxerit
1648 3170 1697 3233 vei
1718 3169 1843 3234 ductam
1870 3193 1931 3234 aon
1961 3171 2100 3255 reliquit,
2118 3157 2142 3232 ss

448 3299 488 3340 ea·
501 3289 598 3362 parte
622 3277 839 3362 omniptotentrir
862 3275 929 3340 Dei
949 3274 1152 3339 auctoritatel’
1177 3277 1333 3340 beatorum
1361 3277 1571 3362 apostolorum
1588 3277 1777 3362 principum
1800 3276 1892 3341 Petri
1911 3273 1981 3364 [ct]
2005 3275 2104 3341 Pauli

442 3384 643 3469 precipimus
665 3395 694 3446 et
716 3384 841 3446 omnino
865 3383 1110 3447 contradicimus
1119 3393 1143 3460 ⁰,
1171 3397 1205 3446 ut
1233 3385 1361 3447 missam
1385 3407 1447 3446 uon
1470 3397 1578 3463 canat,
1609 3407 1707 3469 neque
1730 3385 1925 3470 euarspelium
1957 3398 2014 3447 aut
2036 3386 2099 3470 epi·

449 3489 560 3554 stolam
589 3489 635 3553 ad
662 3491 791 3553 musam
822 3491 912 3576 lepat,
943 3513 1040 3575 neque
1070 3492 1104 3553 in
1124 3491 1312 3574 presbiterio
1335 3487 1427 3552 cumd
1450 3490 1500 3554 his
1530 3490 1576 3553 od
1596 3489 1709 3554 divina
1740 3489 1864 3576 officia,
1895 3492 1955 3576 qui
1969 3491 2100 3578 prefate

449 3597 664 3660 emetitutioni
683 3593 856 3660 obedientes
872 3595 1011 3682 fuerint,
1035 3609 1160 3658 araneat
1181 3619 1277 3680 neque
1294 3610 1421 3682 partem
1443 3599 1483 3660 ab
1507 3597 1658 3660 aecclesia
1682 3595 1861 3683 suscipiat’.

555 3699 648 3766 Haec
672 3700 712 3764 de
736 3701 928 3765 incestuosis
953 3700 1041 3765 dicta
1064 3700 1237 3781 sufficiant,
1260 3722 1301 3764 ne
1318 3702 1390 3786 quis
1414 3700 1539 3766 dubitet
1562 3700 1622 3766 sub
1642 3702 1979 3767 excommunicatione
2003 3703 2100 3766 inter·
2119 3728 2144 3766 so

449 3807 537 3872 dicta
560 3829 632 3872 esse
655 3803 783 3872 illorum
806 3807 913 3872 officia
934 3817 967 3871 et
989 3807 1119 3871 omnino
1139 3807 1324 3893 respuenda
1347 3807 1516 3872 sacrificia.
1551 3808 1648 3873 Nunc
1672 3808 1713 3873 de
1737 3809 1950 3874 conducticiis
1976 3832 2100 3874 eorum-

449 3936 512 4001 que
537 3911 787 3978 conductoribus
811 3924 843 3978 et
866 3912 1015 3978 omnibus
1030 3909 1072 3976 'in
1088 3914 1183 3978 domo
1200 3913 1265 3978 Dei
1281 3912 1544 4000 negociantibus:
1568 3915 1656 4001 quod
1676 3915 1874 3980 anathemati
1897 3914 2100 3996 subiaceant,

449 4020 585 4085 assertio
613 4032 723 4085 nostra
750 4031 860 4106 posset
888 4020 1020 4106 requiri.
1069 4019 1135 4085 Sed
1158 4043 1223 4085 non
1246 4031 1296 4084 est
1317 4023 1513 4102 necessaria,
1538 4044 1611 4086 cum
1635 4021 1697 4087 hoc
1720 4021 1906 4109 plenissime
1931 4022 2100 4087 confirmet

448 4126 595 4192 Pascalis
618 4150 702 4214 pape
727 4125 898 4191 decretalis
928 4126 1064 4212 epistola
1086 4125 1384 4192 Mediolanensibus
1413 4127 1569 4210 deserat,
1600 4129 1633 4192 in
1658 4151 1723 4215 qua
1746 4129 1792 4194 sic
1817 4129 1913 4194 dicit:
1947 4131 2100 4196 Fraterae

449 4237 558 4300 mortis
588 4238 705 4300 crimen
735 4237 873 4298 ⁴irrenrrit
900 4237 1059 4320 quisquis,
1091 4235 1164 4298 dum
1188 4249 1305 4320 potest,
1328 4236 1471 4323 fratrem
1499 4262 1518 4300 a
1543 4251 1638 4300 morte
1667 4239 1795 4301 stenima
1826 4238 1980 4325 defendit.
2033 4238 2101 4302 Nos
2119 4259 2145 4301 se

450 4365 569 4426 quoque
600 4344 658 4425 qui
685 4343 883 4406 eccellentiae
911 4356 1030 4406 uestrae
1057 4365 1209 4405 armatum
1234 4341 1404 4406 discrimen
1427 4343 1620 4423 audiuimus,
1649 4347 1767 4408 usnimi
1786 4359 1891 4409 rectam
1907 4369 2027 4431 penam
2053 4348 2100 4408 in·

324 4473 432 4521 saeua
449 4450 617 4527 currimus,
647 4450 680 4511 si
700 4462 843 4529 tacemus,
868 4448 1005 4513 Domino
1021 4449 1240 4535 prophetante,
1270 4451 1347 4533 quia
1363 4450 1512 4536 profecto
1535 4453 1716 4536 sanprsinenr
1734 4451 1862 4539 frendit,
1893 4453 1952 4538 qui
1980 4454 2099 4537 iniqui-

450 4567 540 4617 tatem
564 4556 756 4639 impiorum⁰
781 4557 909 4619 tacendo
933 4556 1122 4620 dissimulat.
1170 4555 1364 4619 Audivimus
1387 4558 1469 4618 anim
1493 4556 1579 4642 quod
1600 4557 1693 4620 ualde
1715 4560 1882 4637 miramur,
1906 4558 1993 4644 qued
2013 4562 2104 4622 sacri

357 4685 432 4729 *assu
450 4659 539 4745 apud
553 4684 606 4724 vos
625 4660 754 4724 ordines
766 4664 915 4746 pecuniis
931 4663 1158 4741 distrahuntur,
1178 4661 1251 4725 darn
1269 4663 1444 4746 quicumque
1461 4663 1536 4726 *tale
1552 4663 1681 4748 aliquid
1695 4667 1953 4750 attemptaverant,
1974 4668 2100 4730 amitino

451 4766 581 4830 heretici
602 4769 837 4853 comprobentur
853 4767 978 4853 Spiritu
1001 4783 1106 4832 sancto
1122 4792 1186 4853 per
1204 4767 1393 4854 Greporium
1417 4770 1584 4848 irrtonante,
1609 4771 1685 4855 quia
1701 4773 1846 4856 quisquis
1853 4795 1917 4856 per
1927 4775 2099 4857 peccuniam
2117 4795 2143 4832 ro

451 4873 628 4953 ordinatur,
652 4873 698 4937 ad
719 4874 784 4952 hoc,
808 4888 842 4937 ut
856 4877 920 4960 ¹fiat
942 4875 1102 4954 hereticus,
1120 4888 1331 4960 promouetur.
1368 4873 1413 4938 Et
1434 4889 1467 4938 ut
1489 4889 1611 4939 nostrae
1628 4878 1805 4963 papiaulae
1828 4877 1921 4942 huius
1944 4901 2006 4942 non
2023 4902 2099 4965 pre·

451 4982 648 5064 sumptionis,
678 4979 736 5043 sad
764 4982 886 5044 timoris
916 5005 1043 5044 causam
1059 4981 1169 5068 fuisse
1192 4995 1405 5060 monstremus,
1429 4983 1534 5045 deame
1561 4981 1644 5046 idem
1666 4987 1872 5069 prosequitur
1880 4983 1904 5046 ¹:
1933 4984 2101 5070 ‘Quisquis

452 5099 559 5149 cauma
582 5089 805 5172 symoniacam,
836 5101 864 5150 et
885 5087 1104 5173 neophytorum
1130 5087 1262 5151 heresim
1287 5111 1348 5173 pre
1372 5088 1483 5175 officii
1506 5091 1560 5152 sui
1588 5089 1653 5153 loco
1677 5089 1866 5154 uehementer
1889 5115 1951 5155 non
1973 5094 2099 5170 arserit,

557 5333 584 5398 a)
606 5337 734 5388 sacerdos
748 5335 792 5386 vel
812 5337 944 5388 diaconus
963 5343 1025 5403 post
1046 5338 1118 5389 Oeae.
1131 5339 1203 5388 Rasa.
1276 5337 1305 5403 b)
1326 5347 1353 5390 et
1372 5348 1443 5392 auct.
1459 5339 1530 5392 Casu.
1543 5342 1616 5392 Ram.
1690 5337 1716 5403 c)
1737 5342 1925 5393 interdicimus
1941 5344 2014 5395 conc.
2027 5344 2099 5395 Bam.

452 5423 480 5488 d)
502 5426 760 5477 addivinaofficia
780 5426 901 5478 cumbis
922 5427 994 5478 eoas.
1014 5427 1086 5477 Boni.
1159 5426 1185 5490 e)
1207 5429 1352 5494 impiorum
1371 5430 1544 5495 iniquitatem
1563 5431 1593 5482 P.
1666 5427 1688 5492 f)
1710 5431 1858 5496 Gregorius
1880 5432 1941 5482 cdd.
1962 5433 1993 5482 P.
2117 5441 2141 5480 re

560 5658 589 5730 1)
617 5658 700 5718 Cone.
726 5660 807 5718 Rom.
832 5680 859 5718 a.
880 5659 974 5731 1063,
999 5681 1021 5718 c.
1048 5661 1076 5731 3,
1109 5662 1208 5720 statui
1231 5663 1315 5733 XIX,
1341 5666 1391 5722 col.
1412 5662 1505 5722 1025.
1630 5661 1661 5738 2)
1687 5665 1743 5721 Ed.
1770 5665 1807 5721 F.
1830 5665 1953 5735 llmner,
1979 5666 2041 5723 Lib.
2066 5668 2100 5723 ds

449 5766 495 5823 tiu
517 5765 541 5836 I,
561 5786 594 5842 p.
613 5767 641 5824 5.
