4478 6396
738 372 856 426 LIBER
879 373 932 427 DE
957 372 1191 430 SIMONIACIS.
1729 374 1792 436 241

127 578 336 644 saperemus.
382 557 455 624 Hoc
486 571 595 623 autem
626 558 701 623 ideo
730 582 796 623 non
827 559 911 641 dico,
943 561 1030 647 qnod
1060 572 1092 627 te
1123 563 1217 628 aliter
1247 587 1363 650 sapere
1395 566 1536 648 credam,
1565 590 1663 654 quam
1686 591 1721 632 se
1744 569 1793 633 rei

127 667 259 729 veritas
282 664 391 748 habet,
416 666 473 730 sed
490 668 567 753 quia
589 666 731 730 multcs⁸
753 665 890 730 multum
913 678 1033 752 movet,
1059 669 1147 755 quod
1169 693 1228 735 nos
1245 673 1301 757 qni
1318 672 1407 738 velut
1423 673 1646 760 exploratores
1670 674 1711 739 ab
1728 697 1792 739 uno

131 771 269 836 domino
292 774 383 836 missi
407 796 526 854 sumus,
550 795 617 838 non
640 796 700 859 per
715 774 825 836 omnia
847 773 970 837 unumb
995 786 1027 839 et
1050 776 1084 839 id
1108 777 1214 862 ipsum
1232 777 1380 843 dicimus.
1416 780 1501 844 Nam
1526 782 1610 845 sicut
1626 781 1791 868 quondam

130 878 233 943 Iosue
258 890 290 944 et
306 879 431 966 Caleph
454 879 611 966 populum
626 878 729 944 Israel
753 879 1010 946 confortantibus
1034 883 1077 947 ad
1101 885 1366 950 exterminandos
1389 885 1588 952 habitatores
1613 897 1698 953 terre
1717 912 1791 974 pro·

103 988 298 1051 amissionis
323 987 380 1051 alii
395 986 618 1073 exploratores
643 988 698 1072 qni
721 987 851 1051 fuerant
875 1009 947 1052 cnm
969 990 1016 1052 eis
1040 989 1211 1054 dicebant:
1236 992 1444 1078 Nequaquam
1469 993 1515 1058 ad
1536 995 1617 1059 luae
1633 997 1791 1082 populum
1810 1015 1959 1067 suarum

135 1097 277 1160 aalma
291 1095 468 1176 ascendere,
485 1099 561 1180 quia
571 1097 698 1182 fortior
713 1097 803 1159 uobis
818 1109 871 1176 est,
887 1096 934 1159 ita
949 1118 1036 1160 nunc
1048 1095 1193 1161 Romane
1211 1097 1298 1161 sedis
1313 1098 1522 1184 pontificibus
1537 1100 1648 1166 Leone
1655 1101 1756 1165 VIIII
1766 1113 1789 1184 ⁰,

133 1201 283 1287 Nycolao
305 1201 348 1284 Π,
372 1199 563 1266 Alexandro
586 1201 652 1282 Hd,
678 1199 860 1286 Gregorio⁰
882 1201 957 1265 VH.
983 1204 1165 1289 ceterisque
1196 1203 1324 1269 illorum
1355 1206 1598 1271 successoribus
1621 1230 1724 1294 usquc
1748 1208 1791 1272 ad
1809 1229 1879 1270 *esc

133 1309 260 1373 nostris
282 1309 437 1394 temporis
460 1331 579 1394 papam
603 1307 830 1372 Innocentium
854 1309 1112 1374 confortantibus
1135 1309 1201 1374 Dei
1231 1311 1388 1397 populum
1418 1311 1461 1376 ad
1485 1315 1790 1378 exterminationem

134 1417 397 1502 symoniacorum
421 1425 454 1480 et
477 1415 623 1496 aliorum,
648 1413 767 1500 quibus
791 1414 868 1478 dum
892 1414 1137 1481 aecclesiastica
1168 1416 1262 1481 simul
1287 1429 1319 1482 et
1343 1419 1451 1483 officia
1475 1429 1507 1483 et
1531 1419 1692 1485 beneficia
1715 1431 1790 1486 sunt

83 1555 113 1592 ro
134 1522 319 1604 interdicta,
344 1523 438 1608 quasi
461 1533 549 1586 terra
564 1522 787 1608 promissionis
804 1533 853 1588 est
870 1523 916 1586 eis
934 1520 1131 1587 abiudicata.
1167 1522 1444 1607 Confortantibus,
1468 1527 1613 1612 inquam,
1637 1528 1708 1590 istis
1724 1527 1789 1592 Dei

133 1629 290 1716 populum
313 1629 356 1693 ad
379 1630 656 1716 expugnationem
679 1628 801 1710 talium,
832 1652 898 1693 non
921 1629 1040 1694 desunt
1063 1629 1181 1694 eruditi
1203 1631 1436 1716 scripturarum
1459 1632 1598 1696 lectores
1621 1643 1788 1720 tamquam

133 1749 219 1802 terre
243 1738 466 1823 promissionis
490 1736 713 1823 exploratores
740 1736 803 1799 illis
828 1735 1088 1822 exploratoribus
1113 1759 1256 1802 consona
1279 1738 1425 1803 dicentes
1450 1741 1505 1826 qui
1529 1738 1699 1804 dixenmt:
1723 1742 1788 1807 Ne·
1807 1764 1838 1804 rs.

134 1856 315 1932 quaquamss
346 1845 392 1910 ad
419 1846 501 1910 huuc
524 1846 680 1932 populum
711 1845 851 1908 calanus
881 1845 1058 1924 meander-e,
1089 1847 1166 1930 quia
1187 1846 1314 1933 fortior
1342 1848 1432 1910 uobis
1462 1861 1513 1911 est.
1561 1847 1621 1912 Ibi
1648 1849 1789 1914 vt'dt'mus
1807 1871 1880 1911 mss.

133 1967 271 2017 momtra
296 1952 430 2038 quedam
438 1953 585 2040 filiorum
601 1951 714 2017 Euaclr
739 1951 905 2038 deperiere
925 1951 1101 2040 piqauteoh,
1126 1953 1240 2037 quibus
1255 1957 1434 2039 cosuparati
1454 1957 1551 2039 quasi
1572 1955 1685 2020 laetate
1701 1957 1787 2022 oide—
1876 1961 1878 1966 ’

88 2062 254 2127 rebamur.
302 2057 425 2123 Contra
454 2059 523 2140 hos,
554 2057 632 2123 licet
660 2081 720 2144 per
743 2080 802 2122 ora
824 2079 1003 2144 paucorum
1027 2057 1146 2122 clamat
1170 2059 1312 2144 spiritus,
1338 2061 1394 2145 qui
1418 2071 1487 2124 erat
1510 2061 1545 2123 in
1568 2060 1663 2125 Iosue
1688 2071 1786 2148 atquc

133 2165 276 2252 Caleph:
299 2167 350 2230 Ne
374 2169 509 2232 timetis
526 2168 682 2253 populum
707 2180 809 2230 terrae
831 2167 935 2248 butus,
959 2168 1037 2252 quia
1059 2169 1141 2230 sicta
1151 2191 1271 2253 panem
1295 2169 1341 2231 ita
1364 2192 1415 2232 eos
1423 2193 1594 2254 possumus
1617 2169 1787 2253 deuorare,·
1806 2191 1908 2241 turus.

131 2277 259 2339 recessit
280 2276 320 2338 ab
344 2275 415 2338 illes
438 2298 526 2338 antae
541 2275 736 2360 presidium,
768 2273 914 2349 damiata
943 2275 1104 2338 seducam
1134 2288 1187 2354 est,
1217 2275 1312 2338 solite
1344 2289 1485 2340 metuere.
1532 2274 1579 2338 Ut
1602 2275 1702 2360 igitur
1725 2297 1785 2361 ego

130 2381 238 2466 potius
263 2402 337 2444 cum
361 2381 476 2467 paucis
493 2381 624 2444 veritati
640 2401 825 2460 consonam,
851 2402 948 2465 quam
971 2401 1045 2443 cum
1069 2378 1178 2443 multis
1202 2401 1318 2461 errem,
1342 2402 1402 2465 per
1416 2390 1506 2444 tuam
1521 2389 1691 2465 paternam
1710 2405 1785 2467 pru-

131 2485 275 2551 dentiam
306 2488 422 2552 instrui
446 2488 553 2575 cupio,
585 2510 628 2550 an
650 2487 685 2560 in
708 2486 768 2569 his,
793 2509 856 2572 que
881 2487 1027 2550 continet
1049 2484 1251 2573 subsequens
1274 2486 1413 2568 libellus,
1437 2488 1583 2551 veritatis
1608 2498 1640 2552 et
1663 2486 1785 2552 sobrie·

85 2625 111 2663 so
130 2595 206 2658 tatis
228 2592 352 2658 verbai
384 2595 526 2681 'loquar,
558 2595 623 2658 ank
653 2589 743 2658 aliud
773 2592 832 2658 tibi
857 2592 1017 2672 videatis,
1049 2595 1134 2657 sicut
1156 2617 1176 2658 a
1198 2593 1361 2658 nonnullis
1392 2604 1533 2680 putatur,
1565 2616 1603 2658 eo
1635 2594 1721 2681 quod
1750 2595 1786 2658 in
1805 2619 1879 2664 aaa

130 2693 221 2766 curia
237 2700 509 2788 Babenbergensi
531 2724 592 2767 nec
616 2701 695 2765 mibi
711 2715 779 2766 'nec
803 2700 1000 2765 adversariis
1017 2701 1241 2765 meisfortiter
1256 2701 1420 2765 astitistil.
1457 2701 1542 2787 Opto
1567 2711 1674 2766 autem
1699 2701 1785 2766 hunc

130 2807 276 2872 libellum
300 2808 406 2894 sigillo
429 2819 539 2872 nostro
556 2808 702 2872 clausum
718 2808 765 2872 sic
781 2805 982 2871 inlibatumm
1006 2807 1049 2871 ad
1072 2817 1103 2871 te
1128 2809 1311 2893 pervenire,
1335 2818 1371 2873 ut
1395 2809 1602 2872 examinetur
1623 2819 1655 2872 tc
1680 2809 1784 2894 primo

130 2927 163 2979 et
187 2916 214 2978 si
238 2914 375 2997 iudicas,
405 2914 473 2980 solo
497 2915 629 2984 lectore.
677 2914 713 2980 Si
736 2924 845 2978 autem
868 2913 1034 2978 videbitur
1057 2915 1185 3001 spiritui
1208 2915 1339 3001 pietatis
1363 2912 1539 2980 habitatori
1561 2915 1608 2978 tui
1631 2916 1783 3000 pectoris,

130 3032 166 3087 ut
191 3022 235 3086 ad
257 3020 469 3108 plurimorum
492 3023 603 3086 veniat
632 3021 797 3104 noticiam,
828 3031 906 3084 tunc
936 3043 1026 3107 rogo,
1057 3023 1086 3084 si
1116 3045 1179 3107 que
1210 3033 1285 3085 sunt
1314 3023 1348 3085 in
1376 3043 1414 3085 eo
1446 3021 1650 3106 corrigenda,
1673 3021 1726 3085 vel
1750 3033 1785 3085 tu

83 3160 109 3200 ss
130 3123 276 3214 corrigas
306 3128 359 3193 vel
389 3129 469 3193 mihi
499 3127 693 3214 corrigenda
722 3149 890 3214 suggeras.
943 3127 1070 3192 Poteris
1102 3129 1188 3192 enim
1217 3151 1277 3215 per
1307 3127 1473 3193 dominum
1502 3127 1632 3191 Adaml
1662 3129 1784 3215 scripta

130 3238 246 3322 quevis
270 3235 311 3300 ad
335 3259 387 3300 me
411 3237 640 3316 transmittere,
661 3231 753 3322 'quod
776 3245 809 3299 et
831 3256 921 3320 rogo,
952 3257 994 3299 ne
1023 3236 1189 3322 pigriteris
1219 3235 1338 3316 facere,
1370 3235 1524 3321 quoniam
1548 3234 1706 3320 opuscula
1727 3245 1784 3298 tua

129 3341 230 3428 diligo
255 3353 287 3408 et
311 3343 439 3429 spiritui
454 3343 601 3408 veritatis
624 3364 684 3428 per
702 3352 734 3406 tc
757 3340 914 3406 mundum
930 3343 1080 3427 arguenti
1103 3343 1225 3427 gratias
1249 3363 1347 3426 agere
1372 3341 1470 3406 soleo.
1509 3339 1562 3405 Ab
1586 3339 1648 3404 hac
1672 3342 1782 3426 itaque

128 3451 308 3536 gratiamm
332 3451 460 3514 actione
485 3451 526 3513 sit
546 3449 642 3513 huius
666 3447 767 3512 libelli
790 3449 914 3512 nostri¹¹
937 3447 1119 3530 exordium,
1143 3446 1217 3512 Deo
1240 3457 1375 3533 regente
1400 3447 1549 3533 spiritum
1573 3458 1606 3510 et
1621 3446 1782 3511 calamum

127 3567 285 3621 nostrum.
331 3556 478 3643 Explicit
500 3556 687 3642 prologus0.

82 3821 109 3860 a
193 3787 410 3863 1N01P1Tv
436 3787 685 3864 LIBELLUS
711 3787 782 3860 DE
809 3785 888 3879 EO,
917 3784 1062 3876 QUOD
1091 3783 1336 3860 PRINCEPS
1361 3785 1532 3860 MUNDI
1558 3783 1717 3860 HUIUS
1800 3823 1933 3872 aaran.

693 3905 787 3980 IAM
813 3903 1095 3982 IUDICATUS
1123 3903 1214 3979 SIT.

137 4119 138 4122 Ἴ
236 4044 367 4110 Gratias
391 4068 454 4132 ago
478 4045 606 4132 spiritui
621 4044 779 4126 veritatis,
804 4045 859 4130 qui
882 4053 949 4106 tam
972 4043 1007 4106 in
1023 4041 1129 4123 dictis,
1154 4063 1252 4127 quam
1276 4041 1454 4126 inscriptis
1478 4039 1542 4103 tuis
1561 4041 1668 4125 arguit
1690 4062 1781 4103 mun-
1869 4040 1887 4120 ’Ἴ

128 4152 207 4217 dum
230 4151 270 4217 de
294 4163 431 4238 peccato
456 4162 489 4216 et
512 4151 553 4215 de
576 4151 722 4215 iusticia:
748 4149 788 4214 de
812 4159 948 4236 peccato
974 4149 1116 4235 quidem,
1142 4149 1219 4234 quia
1241 4171 1306 4212 non
1323 4146 1459 4211 credunt
1482 4147 1515 4210 in
1532 4145 1707 4228 Christum,
1725 4146 1781 4232 qui

126 4260 227 4324 licet‘l
249 4259 360 4324 verbis
385 4259 608 4340 confiteantur,
640 4257 735 4322 factis
765 4267 874 4321 tamen
901 4267 1025 4341 negant
1048 4279 1132 4338 eum,
1158 4255 1197 4318 de
1222 4255 1352 4318 iusticia
1374 4276 1451 4318 vero
1477 4275 1575 4340 quam
1600 4254 1646 4317 sic
1670 4251 1780 4316 divine

83 4392 108 4430 a
128 4368 238 4454 gracie
263 4368 421 4453 assignas,
446 4377 569 4430 utnon
592 4366 696 4450 magis
720 4363 818 4428 liceat
847 4363 969 4428 homini
1000 4361 1132 4449 gloriari
1163 4362 1203 4426 de
1232 4362 1362 4425 iusticia
1385 4359 1447 4424 sibi
1472 4360 1629 4423 divinitus
1653 4358 1780 4442 collata,

128 4497 225 4562 quam
250 4473 290 4538 dc
314 4472 370 4537 illa
394 4472 514 4538 Christi
538 4471 735 4554 obedientia,
760 4471 800 4534 de
826 4492 891 4556 qua
919 4469 1041 4556 pendet
1072 4470 1176 4533 omnis
1205 4479 1336 4532 nostrar
1362 4468 1499 4532 iusticia.
1549 4466 1642 4546 Quae
1673 4477 1781 4530 autem

128 4593 179 4646 est
200 4580 256 4644 illa
280 4579 476 4663 obedientia,
500 4581 564 4644 nisi
581 4601 678 4666 quam
702 4578 772 4664 ipse
797 4577 972 4662 designans
996 4577 1057 4640 ait:
1081 4577 1139 4641 Ad
1153 4591 1279 4663 patrem
1305 4576 1385 4640 'vado
1409 4589 1438 4639 et
1460 4577 1525 4638 iam
1549 4599 1610 4638 aon
1634 4574 1781 4638 videbitis
1800 4597 1932 4647 Ioh.16,10.

108 4713 184 4754 use.
222 4688 327 4772 Dixit
357 4689 443 4752 enim
473 4687 535 4751 hoc
566 4709 606 4750 ea
635 4697 741 4768 nocte,
770 4707 835 4771 qua
862 4682 1051 4748 medebatur
1074 4683 1118 4747 ad
1139 4693 1286 4764 mortem,
1310 4680 1435 4744 vadens
1458 4703 1518 4767 per
1541 4681 1645 4766 ipsam
1668 4679 1780 4743 mortis
1807 4677 1813 4689 '

128 4794 345 4860 obedientiam
372 4793 414 4858 ad
437 4803 563 4880 patrem
587 4793 719 4879 suisque
743 4790 939 4877 sequacibus
969 4800 1070 4855 totam
1101 4790 1196 4854 huius
1220 4787 1427 4852 obedientiae
1451 4786 1639 4872 relinquens
1663 4785 1781 4849 utilita-

82 4928 111 4965 40
128 4913 204 4967 tem.
250 4901 303 4966 De
326 4901 383 4965 illa
406 4903 493 4966 enim
517 4899 638 4965 Christi
668 4897 856 4964 obedientia
885 4908 953 4962 tota
983 4897 1232 4962 christianorum
1257 4895 1404 4960 consistit
1430 4895 1561 4958 iusticia
1587 4893 1678 4956 iuxta
1701 4892 1781 4955 illud

235 5117 262 5182 s)
284 5119 385 5171 multos
404 5120 448 5180 bis,
467 5120 541 5170 senwt
557 5119 605 5169 det.
622 5121 644 5169 l.
742 5115 771 5179 b)
794 5134 819 5168 u.
841 5125 869 5168 et
886 5117 914 5167 in
932 5133 1011 5181 marq.
1030 5115 1113 5180 suppl.
1129 5117 1152 5164 l.
1243 5109 1269 5175 c)
1291 5113 1322 5163 L.
1343 5138 1375 5146 -
1396 5113 1429 5161 N.
1450 5113 1489 5161 11.
1508 5110 1536 5160 ia
1554 5128 1633 5176 marg.
1652 5111 1735 5175 mppt.
1750 5111 1779 5170 1;

129 5209 264 5262 Nicholao
283 5210 405 5260 secundo
424 5209 517 5260 Leone
537 5225 611 5258 nono
631 5210 655 5258 2.
746 5203 774 5268 d)
796 5207 917 5258 secundo
938 5208 962 5256 2.
1053 5201 1078 5266 e)
1102 5204 1183 5268 Greg.
1202 5219 1249 5253 om.
1270 5204 1294 5252 2.
1385 5199 1454 5262 fln.
1473 5207 1492 5250 t.
1511 5200 1540 5248 in
1558 5217 1636 5265 ntarq.
1655 5199 1738 5263 suppl.
1757 5199 1780 5247 1.
1808 5209 1813 5220 ·

128 5297 157 5364 g)
178 5299 289 5365 maciem
307 5297 440 5358 valemus,
459 5298 525 5364 prod
543 5297 591 5348 del.
607 5300 629 5348 1.
708 5294 737 5359 h)
759 5301 897 5361 gyganteo
918 5297 942 5345 2.
1023 5291 1044 5356 i)
1065 5293 1107 5343 sis
1126 5292 1172 5358 lapi
1186 5299 1268 5356 potest
1287 5292 1310 5340 1.
1384 5286 1413 5350 k)
1436 5306 1471 5339 an
1491 5313 1524 5322 -
1544 5289 1681 5338 iudicatus
1700 5288 1735 5336 sit
1752 5287 1780 5335 ia

95 5397 111 5414 ⁸
128 5407 209 5454 cury.
221 5387 313 5453 tsl'.
332 5388 415 5453 mppt.
432 5391 469 5437 1.·
554 5383 573 5450 Ι)
596 5387 727 5437 abstitisti
747 5388 771 5436 2.
868 5380 904 5445 m)
925 5381 1061 5433 illibatum
1081 5385 1106 5432 2.
1200 5377 1229 5442 n)
1250 5379 1315 5429 deest
1334 5381 1358 5429 2.
1391 5425 1392 5428 ,
1450 5375 1478 5440 ο)
1501 5375 1620 5442 epistola
1637 5371 1737 5438 (minio)
1756 5377 1780 5425 2.

83 5489 110 5528 tt
128 5475 157 5544 p)
179 5478 280 5543 Incipit
300 5476 370 5528 liber
387 5477 478 5527 fratris
498 5475 600 5527 Gernlfi
621 5477 655 5525 sd
675 5475 802 5526 domnum
823 5474 854 5523 B.
873 5472 1001 5522 abbatem
1020 5472 1053 5522 de
1073 5469 1238 5536 symoniacis
1259 5471 1283 5518 2.
1339 5465 1367 5532 q)
1388 5467 1499 5532 sequitur
1519 5482 1588 5525 eum,
1607 5465 1673 5531 quod
1690 5465 1738 5515 det.
1757 5465 1780 5514 1.

128 5564 152 5630 r)
172 5569 238 5617 inst.
256 5583 282 5616 n.
302 5568 327 5617 2.

237 5747 266 5818 1)
291 5747 423 5805 Abbatem
448 5746 663 5805 Eberacensem.

198 5867 300 5920 Libelli
318 5869 352 5920 do
373 5868 430 5920 lite.
461 5869 517 5918 111.
