4426 6398
464 361 529 426 ιιι
944 329 948 340 ’
971 365 1207 424 moseres
1230 363 1521 422 eeoescsusns.
1556 365 1607 422 ru

464 556 569 644 cesari
591 577 656 644 quq
679 565 755 621 sunt
776 555 909 621 cesaris.
944 553 1123 641 Alioquin·
1138 577 1204 620 non
1220 553 1371 641 impleret
1385 573 1514 618 omnem
1536 552 1709 634 iusticiam,
1733 552 1761 618 si
1785 551 1848 616 hoe
1864 551 1920 616 vel
1935 552 2109 638 preciperet

445 651 516 727 ¹vel
539 671 653 750 ageret
675 683 857 749 perperam.
904 659 972 727 Sed
1000 661 1034 724 in
1065 661 1128 726 iiel
1152 659 1301 726 omuibus
1329 657 1478 746 implevit
1499 658 1671 722 iusticiam.
1717 657 1866 722 lustume
1891 658 2015 744 quippe
2038 669 2109 740 erat,

467 777 503 832 ιιι
531 765 675 833 humens
703 766 875 832 infimitas
904 766 1015 853 divine
1045 765 1240 832 subderetur
1268 765 1430 853 potestati.
1476 763 1624 830 Christus
1646 785 1788 850 namque
1812 762 1997 829 seeundum
2018 763 2109 829 homi-

467 895 543 940 nem
566 883 644 938 tune
666 871 813 938 infirmus
837 881 917 955 erat,
940 873 1062 962 cesaris
1084 894 1163 938 vero
1186 880 1330 960 potestas
1352 870 1475 936 divina.

570 978 682 1060 Quare
698 987 731 1043 et
746 977 964 1046 sanctissimi(¹
986 978 1173 1045 sacerdotes
1191 976 1314 1044 subditi
1336 987 1413 1042 sunt
1433 975 1566 1063 regibus
1588 985 1744 1064 tanquam
1767 974 1901 1042 Christo
1926 977 2040 1063 eisque
2062 975 2135 1042 ιιι-ι

464 1086 613 1174 sequium
636 1093 793 1174 prestent,
817 1086 894 1171 quia
922 1085 957 1150 in
979 1083 1112 1172 regibus
1136 1107 1211 1150 eum
1232 1093 1425 1170 regnantem
1447 1082 1631 1170 intelligunt
1653 1092 1687 1148 ει
1708 1082 1934 1148 dominantem
1958 1081 2110 1148 omuibus.

462 1190 515 1258 Ae
537 1212 598 1280 per
623 1191 686 1257 hoe
709 1190 851 1278 denique
874 1189 952 1256 dum
975 1212 1035 1278 per
1056 1211 1152 1278 reges
1174 1191 1295 1256 intrant
1317 1190 1352 1254 iu
1374 1189 1460 1255 ovile
1484 1191 1603 1272 ovium,
1626 1188 1661 1254 id
1684 1190 1791 1255 estin
1813 1199 2012 1276 potestatem
2035 1191 2111 1277 regi·

463 1297 570 1380 minis,
594 1319 655 1384 per
676 1297 817 1362 hostium
840 1296 875 1362 id
899 1305 948 1361 est
970 1319 1031 1383 per
1046 1294 1211 1362 Christum
1233 1297 1364 1378 intrant,
1388 1306 1421 1361 et
1438 1305 1584 1383 pastores
1603 1305 1678 1361 sunt
1695 1296 1816 1362 ovium.
1850 1296 1927 1360 Rex
1950 1297 2038 1362 enim
2059 1318 2112 1382 per

324 1389 444 1496 Ῑοζῗὶὲξζζ
464 1413 658 1493 ροιεειειειιι
675 1401 824 1470 Christus
847 1413 897 1468 est
916 1411 950 1466 ει
965 1400 1113 1468 Christum
1134 1402 1284 1468 hostium.
1316 1402 1522 1489 Quicumque
1540 1403 1641 1489 igitur
1657 1423 1718 1490 per
1735 1402 1823 1488 regis
1838 1410 2037 1489 potestatem
2053 1403 2111 1466 'in

356 1533 445 1575 raes.
462 1519 559 1592 trant,
582 1531 643 1598 per
664 1507 829 1574 Christum
851 1509 984 1574 intrant.
1028 1508 1080 1574 Ae
1103 1530 1163 1595 per
1184 1508 1247 1574 hoc
1269 1510 1392 1574 intrant
1414 1530 1474 1596 per
1495 1508 1636 1574 hostium
1659 1517 1692 1574 et
1720 1519 1867 1596 pastores
1897 1519 1976 1574 sunt
1998 1509 2111 1574 ovium.
2127 1533 2148 1572 ιι

339 1640 444 1693 reses.
569 1615 621 1681 Ita
636 1637 715 1702 ergo
730 1625 877 1703 potestas
896 1615 983 1700 regis
999 1613 1148 1680 Christus
1163 1625 1222 1697 est,
1246 1616 1332 1681 sieut
1354 1625 1387 1680 et
1401 1616 1559 1682 Domum
1581 1615 1803 1703 estforts'tudo
1819 1616 1931 1702 plebis
1952 1640 2019 1696 erse,
2042 1616 2113 1702 quis

462 1743 568 1809 neque
584 1743 645 1786 rex
661 1722 836 1809 quiequam
851 1730 959 1808 potest
976 1721 1046 1786 sine
1063 1719 1214 1804 Christo,
1226 1720 1285 1786 sed
1306 1722 1378 1808 ipse
1401 1721 1436 1786 in
1450 1720 1570 1809 populo
1585 1721 1678 1786 fortis
1697 1731 1747 1786 est
1762 1731 1795 1786 ει
1810 1721 1864 1784 iue
1879 1742 1961 1807 rege
1979 1721 2111 1807 potest‘,

302 1816 444 1922 “·},‚¹',⁸,'⁸¹'
463 1829 506 1894 ad
521 1851 618 1916 quem
634 1827 769 1894 dieitur:
798 1827 867 1892 Tae
886 1843 930 1893 est
947 1831 1098 1915 potentie,
1117 1843 1202 1893 ιιιιιιιι
1218 1853 1357 1916 repetem,
1377 1829 1522 1896 Domine.
1551 1827 1627 1914 Ipse
1644 1828 1730 1892 enim
1746 1836 1863 1914 regnet
1876 1827 1913 1892 in
1928 1826 2063 1914 regibus
2085 1837 2113 1892 et

463 1933 649 2000 dominetur
662 1933 802 2021 populis.
832 1933 878 1997 Et
892 1932 954 2023 hqc
970 1943 1021 1998 est
1042 1955 1163 2020 magna
1176 1935 1284 2020 gratie
1302 1933 1501 2020 dignationis
1517 1934 1598 2017 eius,
1620 1943 1657 1999 ut
1671 1933 1818 1999 homines
1834 1933 1916 1999 velit
1931 1933 2005 1998 fieri
2019 1935 2112 2020 perti·

463 2041 552 2128 cipes
576 2040 745 2126 potestatis
768 2061 826 2126 sue
849 2049 882 2104 et
903 2041 1077 2122 nominisss,
1100 2041 1252 2127 quatinus
1275 2050 1309 2106 et
1330 2051 1447 2127 regent
1464 2039 1621 2127 populum
1645 2050 1678 2105 et
1699 2039 1852 2105 dicannrr
1869 2039 1996 2104 christi.
2033 2039 2113 2120 Quia
2129 2062 2150 2102 ιι

462 2147 562 2233 igitur
584 2156 617 2211 ει
639 2146 786 2233 episcopi
809 2143 922 2212 christi
945 2155 1020 2210 sunt
1042 2155 1076 2211 et
1098 2168 1192 2232 reges
1216 2146 1326 2212 eleves
1349 2147 1442 2234 regni
1469 2146 1613 2236 celorum
1640 2147 1814 2234 accipiunt,
1843 2167 1909 2234 quq
1939 2147 2047 2232 magis
2075 2145 2114 2210 ad

463 2254 588 2340 regiam
603 2262 797 2341 potestatem
813 2253 987 2339 pertinent,
1007 2275 1105 2340 quam
1121 2253 1164 2318 ad
1179 2252 1425 2320 sacerdotalem.
1454 2253 1561 2340 Regni
1577 2253 1663 2318 enim
1679 2251 1822 2340 celorum
1839 2251 1952 2317 eleves
1968 2252 2112 2333 dicimus,

463 2381 527 2424 uon
544 2359 718 2425 sacerdotii
734 2358 887 2446 eplorum,
903 2381 964 2446 per
978 2359 1066 2446 quod
1081 2359 1268 2426 sacerdotes
1284 2360 1454 2447 signentur
1468 2359 1561 2424 forel
1577 2359 1676 2425 etiam
1691 2381 1795 2445 reges.
1826 2358 1913 2424 Nam
1930 2358 2042 2424 eleves
2057 2359 2112 2422 iste

463 2466 595 2554 proprie
625 2465 712 2553 regis
742 2475 827 2550 sunt,
859 2466 1014 2553 quoniam
1043 2489 1180 2553 regnum
1210 2466 1313 2532 honor
1333 2465 1484 2553 proprius
1506 2465 1594 2552 regis
1617 2475 1676 2530 est
1724 2465 1789 2546 Qui
1812 2467 1911 2530 etiem
1935 2487 1997 2552 per
2019 2463 2112 2530 bene·

295 2598 315 2636 1.
323 2595 445 2645 oseae.
465 2571 617 2637 dictionis
640 2581 880 2637 sacramentum
903 2571 1043 2638 efficium
1065 2571 1204 2638 christus
1226 2571 1372 2654 Domini,
1396 2582 1430 2638 et
1451 2572 1529 2659 quie
1551 2572 1681 2638 adheret
1702 2573 1850 2654 Domino,
1873 2597 1957 2638 unes
1979 2593 2055 2636 eum
2077 2593 2112 2636 eo
2128 2595 2150 2633 ιι

331 2701 444 2751 reseas.
466 2693 511 2746 eet
531 2681 675 2766 spirituc.
715 2677 797 2744 lude
821 2678 868 2760 tit,
891 2689 929 2744 ιιι
951 2689 983 2744 ει
1005 2679 1087 2766 ἰρεε,
1110 2680 1146 2744 in
1167 2679 1284 2766 spiritu
1306 2677 1439 2766 quidem
1463 2676 1594 2760 Christi,
1618 2677 1695 2744 ιὶιιι1
1717 2679 1818 2744 eluere
1840 2679 1957 2744 Dae-id
1981 2693 2012 2744 et
2032 2701 2112 2765 ecep-

341 2807 371 2848 ιι.
379 2806 414 2856 ιι,
422 2807 443 2848 ι.
466 2801 548 2850 hum
572 2785 682 2851 ἆοιιιιιε
705 2785 820 2867 Israel,
844 2788 903 2872 qui
922 2789 1078 2872 aperitet
1098 2811 1186 2851 ιιειιιο
1209 2785 1340 2865 rhedis,
1364 2785 1487 2851 elcads't
1509 2799 1537 2850 et
1558 2809 1646 2851 nemo
1673 2788 1786 2873 aperit,
1816 2788 1876 2871 qui
1903 2785 2011 2850 educit
2032 2787 2111 2850 einc-

462 2892 545 2958 mm*
572 2892 611 2958 de
641 2891 732 2958 domo
762 2895 911 2973 wreers‘s,
940 2891 1092 2958 sedentem
1122 2895 1158 2957 ιἰι
1187 2894 1320 2958 tenebris
1349 2907 1379 2958 et
1406 2894 1518 2958 umbro
1540 2895 1660 2972 mortuis,
1690 2891 1844 2977 quoniam
1871 2891 2004 2978 accepit
2033 2890 2112 2954 hene

462 2999 612 3084 gretiam,
635 3007 672 3063 ut
702 2998 736 3062 iu
766 2997 916 3063 omnibus
940 2999 1034 3085 sequi
1056 2999 1158 3084 possit
1188 3021 1273 3081 eum,
1297 2998 1352 3085 qui
1375 2997 1449 3063 talis
1472 3008 1522 3063 est
1544 3020 1604 3085 ρει·
1625 3007 1785 3062 ιιειιιιιιιιι.
1833 2996 2066 3084 Quapropterk
2087 2997 2112 3060 si

462 3113 599 3191 oportet,
631 3103 738 3191 aperit
766 3126 827 3191 per
855 3105 994 3190 gretiam
1025 3127 1162 3191 regnum
1192 3103 1335 3192 celorum
1365 3114 1398 3169 st
1426 3126 1521 3169 nemo
1552 3103 1683 3186 claudit,
1707 3113 1741 3169 ει
1770 3103 1881 3168 educit
1904 3104 2052 3168 vinetum
2073 3102 2111 3167 de
2127 3124 2149 3164 ss

466 3209 561 3276 domo
581 3211 734 3293 carceris,
759 3209 847 3297 quod
863 3220 913 3275 est
927 3233 948 3275 e
962 3211 1107 3298 peccetis
1123 3211 1260 3294 solvere,
1284 3210 1452 3276 sedentem
1475 3209 1668 3277 intenebris
1691 3220 1725 3275 ct
1746 3208 1864 3274 umbre
1878 3211 2004 3290 mortis,
2030 3209 2112 3296 quod

464 3325 513 3382 est
536 3316 579 3381 ad
601 3337 739 3402 regnum
762 3318 829 3405 vite
852 3326 886 3382 et
908 3317 1064 3382 claritatis
1087 3317 1273 3382 transferre.
1318 3317 1515 3382 Huiusmodi
1538 3339 1616 3403 ergo
1644 3315 1747 3382 cleris
1777 3316 1879 3381 clavis
1910 3317 2005 3402 regni
2033 3315 2111 3402 eelo-

462 3445 534 3488 rum
562 3424 633 3488 iure
663 3433 771 3510 potest
800 3423 967 3511 appellari.
1012 3423 1057 3490 Et
1085 3423 1147 3511 hee
1177 3423 1328 3511 quidem¹
1354 3424 1461 3510 gratie
1490 3423 1670 3488 eommunis
1698 3432 1883 3508 astragum
1908 3421 2111 3486 etsaeerdo·

463 3539 541 3612 ιιιιιι,
565 3529 601 3594 iu
623 3529 837 3616 quantumst
859 3531 923 3616 ipsi
946 3553 1041 3616 reges
1064 3541 1148 3595 sunt.
1194 3530 1265 3596 Nee
1288 3551 1483 3617 quemquem
1506 3539 1646 3611 moveat,
1670 3528 1758 3615 quod
1787 3527 1868 3610 dixi,
1898 3529 1935 3592 in
1958 3538 2112 3614 quantum

353 3653 444 3703 *erra
463 3636 527 3722 ipsi
549 3657 646 3722 reges
669 3647 753 3718 sunt,
778 3637 856 3723 quie
879 3635 989 3701 eleves
1011 3638 1115 3723 regni,
1139 3636 1174 3701 id
1197 3647 1247 3702 est
1269 3645 1412 3724 potestas
1437 3639 1485 3700 ἐι
1506 3636 1653 3722 regimen
1675 3636 1769 3722 regni
1792 3645 1824 3700 et
1846 3656 1987 3721 regnum
2010 3636 2111 3722 ipsum
2128 3656 2150 3696 ιι

462 3741 565 3806 honor
595 3751 645 3806 εει
673 3744 824 3829 proprius
853 3764 978 3828 regum,
1009 3765 1075 3808 non
1104 3744 1203 3808 etiam
1233 3741 1448 3824 sacerdotum,
1479 3740 1538 3806 sed
1567 3743 1601 3806 in
1631 3751 1786 3828 quantum
1816 3741 2007 3806 sacerdotes
2031 3751 2111 3806 sunt

461 3846 547 3912 Nam
570 3859 603 3912 et
624 3848 742 3913 Petrus
773 3858 806 3913 et
838 3849 938 3936 opteri
968 3849 1116 3937 epostoli,
1146 3850 1335 3935 priusquam
1365 3847 1548 3914 sacerdotio
1576 3848 1798 3934 fungerentur,
1822 3835 1882 3912 sed
1912 3857 2024 3913 temen
2050 3849 2111 3913 iam

462 3976 536 4019 eum
559 3953 689 4020 Christo
718 3965 871 4042 regerent
900 3954 1076 4042 discipulos
1107 3953 1237 4036 Christi,
1268 3954 1377 4020 claves
1406 3955 1499 4040 regni
1526 3953 1668 4042 celorum
1696 3963 1894 4040 aecepemmt
1924 3976 1945 4017 a
1972 3952 2110 4018 Christo.

367 4141 369 4148 A
462 4060 535 4147 Quo
558 4083 611 4124 res
641 4059 762 4126 indicio
792 4071 851 4144 est,
881 4071 918 4126 ut
945 4084 1011 4127 non
1038 4061 1261 4128 sacerdotibus
1284 4059 1466 4126 debeantur
1487 4059 1596 4125 claves
1620 4062 1691 4148 iste,
1714 4059 1774 4125 sed
1795 4058 1941 4146 regibus.

567 4166 783 4233 Notandumm
795 4189 884 4250 vero,
902 4167 988 4255 quod
1005 4167 1179 4255 aliquando
1196 4167 1348 4232 dicuntur
1364 4166 1473 4231 eleves
1489 4167 1582 4253 regni
1599 4167 1741 4255 celorum
1757 4165 1875 4252 plurali
1888 4188 2038 4244 numero,
2057 4165 2110 4229 eli·
2127 4188 2150 4226 ει

461 4272 592 4360 quando
609 4273 710 4338 clavis
726 4273 839 4338 David
854 4272 1020 4359 singulari.
1052 4273 1118 4340 Sed
1134 4273 1215 4338 illud
1229 4295 1288 4360 per
1302 4272 1441 4359 liguram
1456 4272 1621 4360 quandem
1636 4272 1818 4354 locutionis,
1841 4272 1904 4338 hoc
1921 4281 2032 4337 eutem
2054 4293 2111 4358 per

460 4379 703 4467 proprietatem,
727 4379 805 4466 quie
827 4401 893 4444 non
916 4390 966 4445 εει
988 4381 1051 4445 nisi
1073 4402 1140 4445 une
1161 4379 1342 4466 sedemque
1373 4379 1498 4444 clavis¹²
1520 4380 1613 4465 regni
1637 4378 1779 4466 colonum
1804 4389 1837 4443 et
1859 4378 1982 4460 David,
2007 4377 2043 4442 id
2065 4388 2111 4442 ost

453 4486 549 4571 'regis
573 4483 726 4572 celorum.
774 4486 848 4550 Non
873 4487 959 4552 euim
983 4497 1033 4550 est
1056 4487 1118 4550 nisi
1141 4509 1207 4551 uno
1229 4485 1409 4572 eademque
1433 4495 1577 4572 potestas
1607 4495 1640 4550 et
1662 4486 1765 4550 virtus
1795 4495 1828 4550 et
1850 4485 2014 4571 sapientia
2036 4484 2109 4565 Dei,

460 4613 520 4677 per
547 4613 645 4678 quem
674 4613 769 4679 reges
797 4604 936 4679 regnent
964 4603 997 4656 et
1026 4592 1211 4657 secerdotes
1242 4591 1446 4658 sanctificent
1473 4600 1506 4656 et
1528 4592 1657 4678 utrique
1680 4590 1835 4656 iudicent.
1883 4591 1971 4670 Quia
1992 4592 2110 4655 necin

460 4696 534 4762 Deo
560 4696 683 4784 duplex
706 4709 756 4764 εει
778 4709 932 4785 ροιεειεε,
957 4698 1079 4785 duplex
1101 4699 1213 4780 virtus,
1238 4697 1360 4784 duplex
1387 4699 1556 4784 sapientie,
1580 4721 1642 4762 nee
1664 4698 1699 4761 in
1722 4696 1855 4784 regibus
1879 4707 1911 4761 et
1935 4697 2109 4762 secerdoti·
2126 4719 2150 4758 so

460 4800 521 4866 bus
545 4801 609 4868 elia
631 4813 737 4890 potest
768 4827 849 4887 esse,
880 4827 978 4891 quam
1009 4827 1073 4892 que
1102 4805 1137 4868 in
1159 4804 1232 4869 Deo
1263 4814 1313 4869 est
1342 4814 1496 4890 potestas,
1520 4806 1622 4868 virtus
1653 4815 1685 4868 ει
1708 4804 1877 4890 sapientie,
1902 4805 1980 4890 quia
2003 4814 2111 4891 preter

459 4908 569 4973 Deum
591 4909 681 4974 nulla
703 4920 810 4996 potest
832 4911 981 4993 inveniri,
1004 4910 1094 4975 nulle
1116 4912 1263 4996 eogitari,
1287 4910 1376 4975 nulla
1398 4909 1551 4995 confingi.
1598 4910 1806 4996 Quepropter
1835 4911 1863 4974 si
1889 4932 1950 4974 rex
1973 4911 2110 4974 instituit

459 5013 672 5100 sacerdotem,
696 5016 749 5080 vel
772 5015 924 5081 sacerdos
946 5039 1068 5102 regem,
1093 5040 1157 5081 non
1180 5016 1275 5081 homo
1298 5018 1438 5082 instituit
1460 5017 1632 5100 hominem,
1657 5016 1714 5082 sed
1737 5027 1851 5081 saneta
1865 5016 1931 5081 Dei
1955 5027 2108 5103 potestas,

460 5131 573 5186 sancta
595 5123 708 5205 virtus,
733 5131 846 5186 sancta
869 5123 1029 5208 sapientie
1052 5133 1084 5187 ει
1106 5124 1204 5188 istum
1227 5123 1364 5187 instituit
1388 5133 1420 5186 et
1441 5123 1532 5187 illum
1556 5122 1654 5188 alium
1678 5123 1868 5209 paralium.

566 5336 593 5402 a)
614 5339 753 5404 Alioquim
767 5341 800 5390 A.
863 5337 892 5403 b)
913 5341 955 5390 his
975 5339 1007 5390 Β.
1071 5337 1097 5402 ε)
1119 5340 1227 5391 Iustum
1239 5367 1272 5375 -
1286 5340 1341 5390 div.
1361 5341 1378 5391 l.
1392 5341 1416 5391 4.
1435 5357 1482 5390 orn.
1496 5341 1529 5391 B.
1584 5337 1612 5404 d)
1633 5340 1784 5391 sanctisimi
1803 5340 1836 5390 B.
1893 5338 1918 5400 ε)
1940 5357 2063 5406 supertes.
2077 5339 2108 5389 A.
2125 5346 2150 5386 so

458 5425 536 5490 fleu
554 5429 672 5495 potens?
753 5425 782 5494 g)
802 5428 831 5478 ιἰι
849 5431 899 5480 loeo
917 5446 974 5480 raso
993 5427 1026 5478 A.
1107 5426 1136 5491 h)
1158 5431 1240 5481 etiem
1259 5445 1319 5480 esso
1338 5429 1371 5479 B.
1455 5427 1476 5491 i)
1497 5435 1608 5480 unctum
1630 5429 1662 5478 A.
1746 5426 1776 5490 ιι)
1799 5430 1901 5494 Quapr.
1921 5453 1956 5464 -
1976 5428 2108 5496 appellari

460 5517 644 5568 esseest.
719 5513 738 5580 l)
759 5533 806 5567 om.
820 5517 853 5567 B.
926 5514 963 5580 ιιι)
984 5518 1047 5570 Not.
1067 5543 1100 5552 -
1120 5517 1273 5584 paralium
1292 5517 1478 5568 tremes.
1550 5515 1579 5578 ιι)
1600 5533 1613 5566 s
1632 5533 1754 5583 superest.
1773 5517 1807 5568 A.

568 5693 598 5770 1)
623 5694 672 5769 Cf.
690 5696 851 5767 formulam
874 5697 1091 5756 consecrationis
1112 5697 1197 5770 infra
1214 5717 1248 5773 p.
1266 5697 1339 5769 678,
1363 5717 1392 5754 ιι.
1411 5697 1440 5755 5.
