4386 6390
853 387 1047 444 DEPENSIO
1072 387 1149 443 PRO
1174 386 1287 444 FILIIS
1311 387 1663 446 PRESBYTERORUM.

690 591 724 642 ot
753 575 849 657 Quod
873 585 1110 640 sacramentum
1133 574 1256 640 lavacri
1279 575 1416 662 nequit?
1440 574 1502 640 boc
1526 574 1756 640 documentum

754 683 819 763 Qui
843 681 930 747 clero
953 681 1065 762 tradis,
1090 680 1210 746 declivi
1233 681 1360 746 tramite
1384 681 1488 746 vadis.

752 788 826 854 Non
848 790 963 875 magis,
988 799 1023 852 ut
1046 787 1155 870 credo,
1179 789 1280 875 panni
1302 787 1391 852 lavat
1413 787 1479 854 ulla
1501 788 1647 874 nigredo,

753 895 861 976 Quam
884 895 1090 960 sacri-fontis
1114 896 1216 958 virtus
1240 896 1391 981 contagia
1415 896 1525 960 sontis.

752 1003 817 1068 Hic
841 1002 919 1066 satis
942 1001 1092 1084 ostendit,
1116 1011 1172 1066 tua
1195 1024 1259 1088 quo
1284 1002 1467 1066 sententia·
1491 1001 1610 1067 tandit:

690 1125 724 1174 70
752 1108 923 1174 Ecclesiab
947 1107 1059 1172 florem
1083 1107 1265 1173 subducere
1288 1109 1338 1172 vis
1361 1109 1520 1194 potiorem
1529 1119 1552 1190 ⁰,

752 1217 880 1303 Perque
904 1215 1036 1280 modum
1059 1213 1157 1280 talem
1179 1214 1301 1279 moliris
1325 1213 1546 1280 canonicalem

752 1321 963 1387 Adniohilare
988 1321 1132 1403 chorum,
1155 1320 1249 1386 turbe
1274 1343 1412 1408 querens
1436 1321 1667 1388 monachorum

752 1429 798 1494 Ut
821 1429 945 1493 totum‘1
968 1427 1071 1508 detur,
1096 1427 1298 1516 reprobatis⁰
1323 1427 1410 1514 quod
1433 1429 1594 1514 rapietur;

752 1537 898 1600 Insanire
924 1535 1021 1600 doces
1045 1535 1241 1600 monachos‘
1266 1535 1343 1598 satis
1367 1547 1442 1599 ante
1465 1535 1602 1600 feroces.

690 1661 723 1710 75
808 1642 896 1723 Quid
920 1642 1024 1707 sancti
1046 1653 1155 1728 patres
1178 1642 1310 1724 faciant,
1336 1641 1493 1707 attendite
1517 1642 1649 1707 stanes!

751 1749 857 1836 Impia
880 1748 934 1814 lex
957 1749 1071 1814 borum
1095 1759 1175 1812 nos8
1199 1750 1290 1834 ponit
1312 1750 1347 1812 in
1370 1771 1425 1814 ore
1448 1748 1607 1838 luporum,

751 1856 900 1921 Presidio
924 1877 1060 1942 quornm
1085 1855 1332 1940 durigenoris1¹
1357 1855 1587 1922 monachorum

754 1961 926 2028 Debuerat
947 1961 1020 2026 finis
1044 1960 1290 2028 vehementibus
1314 1985 1385 2027 esse
1409 1964 1541 2052 rapinis.

751 2071 852 2134 Rome
877 2091 1038 2150 censores,
1063 2091 1200 2156 quornm
1223 2081 1313 2134 notat
1336 2071 1420 2134 actio
1444 2093 1561 2152 mores,

689 2194 723 2244 00
752 2175 891 2258 Quando
914 2198 974 2241 nos
997 2175 1119 2258 ledum,
1143 2177 1239 2240 nimis
1262 2175 1343 2241 boc¹
1370 2176 1432 2242 sibi
1455 2177 1584 2263 profore
1609 2177 1755 2242 credunt.

750 2285 818 2349 Nos
841 2283 898 2348 ubi
921 2283 1130 2364 dedecorant,
1154 2280 1201 2346 ibi
1224 2305 1258 2347 se
1282 2283 1492 2348 vehementer
1514 2283 1683 2366 honorant,

751 2391 870 2478 Deque
894 2389 1021 2478 probris
1044 2390 1180 2454 fratrum
1202 2389 1272 2454 vult
1295 2413 1442 2455 crescere
1466 2389 1569 2476 gloria
1592 2400 1730 2478 patrum.

750 2497 846 2562 Hocl
869 2499 925 2584 qui
947 2496 1050 2561 verba
1073 2507 1185 2561 serunt
1208 2507 1240 2561 et
1262 2496 1417 2562 bonorem
1441 2520 1538 2584 quem
1562 2497 1625 2562 sibi
1648 2508 1787 2585 querunt

753 2603 966 2690 Magnifioare
989 2615 1114 2690 putant,
1140 2603 1215 2668 dum
1239 2626 1298 2669 nos
1321 2604 1356 2668 in
1379 2603 1474 2669 sorde
1497 2604 1653 2686 volutant,

690 2727 723 2776 00
753 2710 827 2791 Qua
851 2713 960 2797 specie
984 2709 1108 2775 fraudis
1130 2710 1257 2796 pondus
1281 2710 1446 2775 cumulant
1470 2709 1531 2775 sibi
1555 2711 1686 2776 laudis?

753 2818 826 2882 Non
850 2817 1115 2882 commendarent
1137 2816 1221 2882 bene
1246 2839 1291 2898 se,
1314 2819 1378 2882 nisi
1400 2840 1459 2883 nos
1482 2818 1695 2905 reprobarent

751 2923 915 2988 Affectum
939 2924 1036 2988 talem
1059 2947 1124 2989 non
1148 2925 1262 2988 estimo
1286 2924 1496 3010 spiritualem.

751 3032 855 3112 Nosti,
880 3053 1004 3096 summe
1027 3041 1129 3117 pater,
1155 3031 1271 3117 quam¹
1298 3053 1376 3095 vera
1400 3031 1554 3118 superbia
1576 3043 1679 3096 mater

751 3139 840 3203 Huic
864 3139 905 3202 sit
928 3137 1075 3220 decret03
1101 3137 1187 3225 quod
1211 3148 1297 3202 stare
1321 3139 1377 3202 diu
1400 3137 1616 3225 probibetom!

690 3261 724 3310 00
753 3245 851 3326 ‘qu
875 3255 1111 3332 precesserunt,
1135 3245 1235 3310 nichil
1257 3245 1389 3330 ingenio
1412 3244 1599 3328 valuerunt3

752 3352 788 3417 Si
812 3352 891 3438 qnid
915 3353 1114 3416 sensissent¹¹
1137 3353 1310 3438 sapienter,
1335 3351 1422 3416 idem
1445 3353 1647 3416 statuissent!

750 3459 820 3523 Hos
845 3481 1061 3546 preponamus
1085 3459 1208 3545 primis,
1232 3458 1281 3523 his
1305 3457 1391 3523 dona
1413 3459 1564 3540 feramus,

752 3565 818 3646 Qui
841 3577 1080 3652 perspexerunt
1103 3587 1152 3646 ea,
1177 3587 1239 3652 que
1263 3566 1383 3651 primos
1407 3565 1578 3630 latuerimt.

751 3671 898 3736 Infusum
922 3672 1042 3737 mundo
1065 3673 1214 3737 novitcr⁰
1238 3671 1278 3736 de
1302 3671 1390 3736 fonte
1414 3672 1574 3758 profundo

691 3795 725 3844 05
754 3779 947 3866 Spectantes
970 3779 1089 3861 lumen,
1114 3779 1215 3844 Rome
1238 3779 1392 3843 miremur
1415 3781 1569 3844 acumen!

752 3887 827 3951 Huc
852 3886 1110 3950 descendentesp
1135 3908 1176 3949 ex
1201 3884 1290 3950 Urbe
1314 3886 1376 3950 viri
1400 3887 1563 3972 sapientes

753 3992 855 4079 Alpes
878 3993 1070 4057 transissent
1092 3993 1222 4074 frustra,
1245 3993 1308 4056 nisi
1332 3993 1411 4079 quid
1434 3995 1630 4058 statuissent.

751 4100 827 4164 Non
849 4101 939 4187 prius
963 4099 1108 4163 auditum
1131 4098 1230 4164 debet
1251 4099 1506 4164 transcendereq
1530 4101 1636 4183 ritum,

752 4206 796 4270 Et
820 4205 923 4287 decet,
948 4216 983 4270 ut
1006 4205 1121 4270 fundat
1144 4217 1261 4288 novas,
1286 4206 1416 4292 quando
1440 4207 1555 4292 sophia
1578 4207 1762 4272 redundat'.

673 4330 723 4379 100
752 4313 819 4380 Sed
841 4324 951 4377 tamen
973 4313 1049 4377 huic
1073 4314 1162 4398 genti
1185 4325 1250 4378 tam
1274 4323 1397 4394 sancte,
1421 4323 1487 4378 tam
1511 4315 1659 4400 sapienti,

753 4419 788 4486 Si
812 4420 884 4506 quis
908 4419 994 4484 dona
1017 4420 1100 4484 ferat
1122 4421 1315 4506 veniamque
1340 4419 1411 4484 dari
1434 4418 1495 4484 sibi
1520 4433 1644 4507 querat,

751 4526 805 4590 Ex
827 4527 889 4592 hoc
913 4526 1116 4613 dampnatus,
1141 4526 1248 4612 quod*
1274 4528 1314 4591 sit
1337 4528 1406 4591 sine
1431 4528 1565 4592 crimine
1589 4539 1693 4611 natus,

751 4633 814 4696 Vel
838 4634 1003 4720 proprium
1028 4634 1150 4697 crimen
1174 4655 1301 4698 sacrum
1326 4633 1456 4698 claudat
1479 4633 1542 4699 sibi
1564 4635 1673 4716 limen,

752 4739 903 4804 Inveniet
925 4741 1019 4804 mites
1043 4751 1166 4804 mutato
1189 4741 1258 4804 iure
1283 4741 1444 4820 Quirites:

675 4863 725 4912 105
754 4846 889 4911 Munere
912 4845 1094 4927 flectentur,
1118 4845 1272 4911 tribuenti
1295 4848 1564 4933 compatientur‘,

751 4953 876 5017 Blande
901 4953 1015 5017 frontis
1040 4965 1142 5036 erunt,
1168 4953 1348 5018 dimittent¹²
1374 4953 1461 5039 quod
1484 4965 1674 5019 statuerunt.

540 5169 567 5232 a)
589 5173 729 5222 sentencia
742 5171 776 5221 D.
831 5169 859 5234 b)
874 5170 949 5245 llccl.
962 5172 995 5222 L.
1050 5169 1075 5234 c)
1098 5171 1237 5223 meliorem
1250 5171 1281 5220 L.
1337 5168 1474 5233 dlrotum
1487 5172 1522 5222 D.
1579 5169 1604 5235 e)
1624 5173 1798 5238 reprobatum
1815 5171 1890 5223 111).
1946 5171 2084 5234 00000-

432 5277 480 5312 000
498 5259 531 5311 L.
604 5257 632 5326 g)
654 5277 702 5311 vos
722 5260 749 5310 V.
823 5258 851 5324 h)
874 5261 958 5312 durae
977 5263 1066 5326 gentis
1087 5261 1121 5311 D.
1202 5257 1222 5322 ί)
1243 5262 1287 5311 bic
1306 5260 1338 5310 L.
1411 5257 1440 5324 k)
1463 5262 1500 5310 Hi
1518 5261 1550 5311 L.
1625 5259 1643 5322 Ι)
1666 5264 1731 5326 quia
1751 5261 1777 5310 Γ.
1850 5259 1887 5322 ιιι)
1908 5263 2036 5328 proibet-o
2057 5263 2084 5313 V.

433 5345 460 5411 n)
483 5355 626 5400 0000οι0οι
644 5349 680 5398 D.
764 5347 791 5412 c)
814 5351 947 5401 vomitum
966 5350 1000 5400 D.
1085 5347 1113 5414 p)
1136 5349 1248 5400 decend.
1268 5349 1294 5398 Γ.
1380 5346 1408 5415 q)
1430 5350 1655 5401 000000001οιοΥΙ
1740 5349 1763 5414 r)
1785 5351 1849 5416 qnid
1869 5351 1903 5400 D.
1989 5348 2014 5413 0)
2037 5353 2085 5417 qui
2104 5364 2129 5403 st

434 5435 523 5502 (quod
541 5436 579 5500 D)
600 5439 635 5488 sit
654 5454 715 5488 curn
737 5437 766 5486 L.
785 5438 812 5488 D
827 5456 876 5503 pro
896 5438 968 5503 quod
987 5440 1022 5489 sit
1041 5440 1109 5489 aine.
1180 5436 1202 5500 t)
1225 5440 1421 5504 conpacientur
1440 5439 1467 5489 V.
1541 5436 1569 5501 n)
1591 5439 1747 5491 rescindent
1766 5439 1804 5502 L;
1824 5441 1968 5490 mutabunt
1987 5441 2023 5490 D.

546 5635 575 5708 1)
600 5637 681 5694 Haec
703 5657 790 5713 usquc
812 5639 954 5694 redundat
977 5658 1004 5694 o.
1023 5637 1074 5693 99,
1100 5658 1136 5695 ac
1158 5638 1252 5695 anieno
1276 5657 1379 5708 eorum,
1404 5638 1452 5714 qui
1474 5638 1632 5696 occisoribus
1647 5638 1702 5696 illis
1717 5639 1855 5696 Rornam's
1877 5639 2083 5711 adhaerebant,

433 5744 509 5801 dicta
533 5763 590 5802 esse
607 5752 697 5820 patet,
722 5764 838 5820 quorum
862 5743 1020 5820 superbiam
1040 5753 1127 5820 poeta
1145 5764 1202 5820 per
1225 5745 1344 5802 ironiam
1368 5745 1512 5802 illustrare
1533 5745 1586 5803 sibi
1600 5745 1761 5822 proposuit.
