4478 6396
670 366 909 424 OPUSCULUM
932 367 984 422 DE
1008 365 1182 422 carmelo
1207 367 1285 422 DEI.
1745 363 1806 426 183

141 553 271 617 tionem
295 557 459 640 pertinere
484 554 663 638 significat3
688 555 781 618 iuxta
803 554 941 618 formam
966 553 1091 618 scilicet
1115 576 1212 639 quam
1236 555 1269 616 in
1293 551 1432 617 Actibus
1456 554 1674 640 apostolorum
1699 578 1807 621 serva-
1826 583 1958 632 551155.

143 669 216 722 tam
248 672 386 742 constat,
417 655 473 725 ¹ubi
501 662 618 726 Petrus
650 685 723 726 cum
754 661 887 747 reliquis
919 659 1073 747 apostolis
1097 657 1199 723 verbo
1231 671 1263 723 et
1288 660 1425 724 orationi
1448 662 1589 743 vacavit,
1622 661 1807 748 Stephanus

145 787 225 829 cum
256 765 390 853 reliquis
422 769 568 831 diaconis
601 769 634 831 in
659 768 831 832 viduarum
859 790 897 831 ac
921 788 1105 855 pauperum
1135 767 1365 851 procuratione
1395 767 1600 831 ministravit.
1648 769 1734 833 Hinc
1759 783 1807 834 est

148 872 240 957 quod
270 874 304 936 iu
329 875 429 937 sacris
454 873 634 938 sationibus
657 875 847 960 precipitur,
872 884 907 938 ut
929 895 1125 959 unaqueque
1155 870 1360 958 baptismalis
1389 873 1549 938 aecclesia
1572 897 1738 961 nunquam
1761 877 1808 941 ita

108 1003 125 1041 5
150 979 193 1042 511
218 978 346 1043 clericis
371 978 541 1044 destituta:
567 981 645 1067 quin
669 978 711 1044 ad
735 982 840 1044 minus
864 978 1092 1066 presbyterum
1109 977 1228 1044 babeat
1251 989 1284 1042 51
1303 978 1486 1061 (1155511515,
1503 980 1658 1045 videlicet
1673 994 1808 1069 propter

154 1085 401 1171 ‘predicationis
426 1098 459 1150 et
482 1086 734 1172 dispensationis
759 1088 924 1172 geminum
949 1086 1102 1151 officium.
1150 1084 1246 1166 Quia,
1277 1086 1361 1151 sicut
1384 1085 1564 1172 predicatio
1588 1086 1903 1173 5511155555155.

151 1193 349 1276 permittitur
378 1193 428 1256 bis
460 1195 514 1280 qui
546 1204 620 1257 sunt
649 1194 735 1256 infra
757 1191 1029 1279 presbyteratum,
1059 1193 1106 1256 ita
1136 1191 1453 1256 aecclesiasticarum
1484 1215 1591 1257 rerum
1622 1193 1806 1260 distributio

152 1321 318 1384 nunquam
350 1310 438 1364 recte
470 1301 667 1386 permittitur
698 1299 747 1363 his
779 1300 835 1386 qni
865 1310 940 1363 sunt
969 1298 1054 1362 infra
1082 1298 1299 1363 diaconatum.
1346 1298 1492 1385 Ideoque
1516 1299 1576 1363 soli
1599 1300 1729 1364 diaconi
1753 1314 1809 1366 aut

151 1403 335 1491 presbyteri
359 1429 470 1470 curam
496 1406 617 1470 debent
639 1404 759 1470 habere
784 1406 955 1470 viduarum
981 1407 1082 1490 gratis
1107 1403 1148 1468 ab
1173 1404 1334 1469 aecclesia
1358 1404 1418 1469 sub
1443 1408 1622 1470 communis
1646 1408 1734 1471 vitae
1758 1429 1806 1472 re-

104 1537 132 1576 ιο
151 1511 229 1596 gula
253 1511 293 1575 de
317 1523 434 1598 quarta
456 1523 548 1599 parte
574 1512 775 1577 decimarum
799 1514 846 1576 sie
870 1511 1118 1598 pascendarum,
1150 1523 1185 1574 ut
1215 1511 1302 1597 quod
1327 1511 1433 1575 viduis
1465 1510 1506 1575 ob
1535 1512 1638 1576 solam
1670 1537 1806 1601 pauper-

152 1629 251 1682 tatem
276 1629 308 1682 et
331 1617 453 1682 bonum
477 1620 696 1684 testimonium
720 1620 813 1682 iuxta
828 1619 923 1683 Pauli
948 1618 1128 1682 doctrinam
1145 1618 1304 1704 eligendis
1328 1620 1447 1704 poterit
1471 1642 1651 1705 superesse,
1675 1621 1806 1708 pupillis
1827 1649 1983 1697 11115515.

152 1734 184 1787 51
200 1726 318 1788 5515115
342 1727 571 1789 necessitatem
588 1723 787 1811 patientibus
812 1736 845 1789 51
868 1724 909 1789 ab
931 1725 1101 1807 aecclesia,
1126 1735 1280 1810 tanquam
1305 1748 1324 1788 a
1347 1735 1460 1806 matre,
1486 1749 1579 1812 opem
1597 1728 1806 1813 poscentibus

152 1830 290 1895 fideliter
313 1829 373 1894 sub
398 1834 582 1896 testimonio
607 1831 729 1896 Christi
753 1843 785 1895 et
808 1832 989 1896 aecclesiae
1021 1831 1215 1913 conferatur,
1247 1841 1407 1917 quatenus
1430 1834 1653 1919 unusquisque
1682 1857 1807 1920 pauper
1825 1859 1984 1911 suasam.

151 1938 239 2023 apud
262 1961 355 2002 suam
379 1951 515 2002 matrem
540 1949 666 2024 portam
690 1939 787 2002 fontis
811 1940 973 2021 inveniat3
1005 1938 1061 2002 ubi
1092 1939 1132 2002 de
1164 1937 1285 2002 munda
1316 1937 1492 2002 elemosina
1522 1963 1615 2004 suum
1643 1939 1804 2005 desectum

109 2073 133 2110 15
151 2045 286 2125 reficiat,
311 2045 443 2131 quando
468 2045 557 2109 illum
581 2057 675 2131 porta
699 2045 893 2132 sterquilinii
916 2067 980 2108 non
1004 2046 1184 2131 inpinguat.
1825 2075 1898 2115 1511.

262 2173 335 2233 135.
372 2170 446 2234 Η55
470 2171 555 2233 55151
573 2168 672 2233 distat
695 2171 779 2234 inter
796 2169 1059 2234 elemosinatores
1084 2169 1190 2234 adhuc
1214 2171 1346 2255 propria
1365 2171 1541 2235 retinentes
1566 2181 1598 2234 et
1621 2193 1741 2257 magna
1764 2195 1806 2236 ex

151 2287 242 2362 parte
267 2276 389 2340 mundo
414 2277 603 2358 servientes,
628 2288 726 2362 atque
743 2276 838 2340 illos‘
854 2275 1095 2362 dispensatores
1115 2275 1278 2340 facultatis
1302 2275 1577 2359 aecclesiasticae,
1602 2301 1682 2364 quos
1706 2279 1804 2343 nichil

151 2405 243 2446 suum
267 2381 437 2464 habentes,
464 2382 552 2448 nulla
576 2406 636 2446 sua
659 2395 842 2470 querentes,
874 2383 1024 2469 providet
1048 2383 1277 2468 episcopusin
1302 2383 1437 2468 singulis
1461 2382 1709 2470 baptismalibus
1733 2408 1804 2449 aec-

151 2489 275 2552 clesiis:
308 2501 353 2572 ut,
385 2491 469 2554 sicut
492 2490 614 2554 munda
638 2501 687 2554 est
711 2513 797 2576 aqua
820 2490 918 2554 sontis
942 2491 975 2552 in
1000 2490 1242 2575 comparatione
1267 2490 1429 2572 stercoris,
1461 2491 1508 2553 sic
1532 2490 1655 2554 munda
1678 2493 1719 2555 sit
1742 2491 1804 2555 ele-

106 2625 131 2662 so
150 2597 276 2660 mesina
308 2596 488 2660 aecclesiae
519 2598 619 2682 gratis
648 2597 850 2682 accipientis,
881 2597 983 2681 gratis
1014 2595 1131 2676 dantis,
1162 2596 1197 2658 in
1220 2594 1305 2659 illius
1330 2595 1526 2660 elemosinae
1551 2599 1804 2684 comparatione,

150 2725 248 2788 quam
274 2703 437 2767 5551115155
461 2704 586 2768 1551551
609 2701 650 2767 (15
674 2703 772 2767 lucris
796 2703 899 2789 iniqui
923 2725 1117 2766 mammone.
1824 2726 1981 2775 1151151511.

261 2822 334 2883 136.
370 2819 449 2884 Ideo
480 2821 585 2884 sancti
609 2831 640 2883 et
664 2819 759 2883 electi
790 2819 891 2883 duces
914 2817 1016 2881 Israel
1040 2840 1060 2882 a
1082 2816 1267 2904 Babylonia
1297 2819 1430 2901 reversi,
1462 2841 1527 2883 non
1558 2831 1632 2883 sunt
1663 2823 1804 2884 contenti

151 2925 343 2990 reedificare
367 2937 493 3012 portam
518 2926 722 3012 sterquilinii,
748 2925 806 2989 sed
829 2926 904 2989 huic
929 2924 1127 2989 addiderunt
1150 2935 1276 3011 portam
1300 2925 1408 2989 fontis.
1455 2925 1645 2991 Elemosina
1662 2928 1748 2990 enim
1765 2927 1804 2991 de

152 3055 337 3096 mammona
358 3033 550 3119 iniquitatis,
574 3032 664 3097 velut
687 3032 827 3118 quedam
852 3031 1017 3118 pinguedo
1042 3033 1204 3113 stercoris,
1229 3043 1322 3096 curat
1346 3032 1483 3096 divitum
1508 3033 1720 3116 sterilitatem,
1749 3033 1804 3098 ad-

106 3167 132 3204 15
150 3139 296 3203 iuvando
320 3162 500 3225 pauperum
524 3139 726 3222 ariditatem,
759 3149 791 3202 et
814 3140 848 3202 in
872 3136 1009 3225 spiritali
1033 3137 1210 3202 Ierusalem
1235 3149 1361 3224 portam
1386 3139 1580 3226 sterquilinii
1603 3153 1806 3226 representat.

151 3248 208 3331 qui
239 3269 298 3332 per
328 3247 411 3311 hanc
442 3246 535 3310 dives
566 3245 702 3332 quilibet
732 3269 771 3310 ac
801 3245 996 3332 publicanus
1027 3267 1101 3309 cum
1132 3244 1261 3310 Zacheo
1294 3245 1394 3310 divite
1425 3269 1463 3310 ac
1494 3244 1679 3332 publicana,
1712 3250 1804 3332 quasi

151 3352 296 3416 camelus
320 3353 547 3439 perforamen
572 3375 660 3434 acus,
691 3353 807 3416 11511511
835 3353 870 3415 15
894 3363 1039 3415 sanctam
1063 3362 1249 3416 sanctorum
1274 3353 1456 3434 civitatem3
1489 3354 1515 3416 si
1539 3363 1648 3417 tamen
1676 3355 1723 3418 ita
1746 3377 1804 3418 sua
1824 3323 1981 3423 libidis?

151 3459 283 3541 tribuat,
308 3471 343 3524 ut
366 3459 473 3524 aliena
496 3459 622 3524 reddat.
1824 3431 1877 3470 ¹⁴³⁰·
1886 3429 1962 3478 18116-

263 3579 335 3640 137.
370 3575 489 3640 Aliena
512 3599 576 3639 non
600 3586 675 3640 sunt
697 3575 816 3657 danda,
841 3573 898 3638 55(1
921 3573 1099 3639 reddenda.
1136 3574 1229 3654 Quae
1253 3575 1281 3637 si
1304 3597 1368 3638 non
1392 3585 1528 3660 possunt
1550 3574 1644 3638 reddi
1668 3577 1701 3639 in
1726 3597 1803 3662 qua-

107 3709 133 3749 55
153 3682 315 3768 druplnm,
345 3682 524 3746 reddantur
547 3683 661 3747 saltem
685 3704 789 3769 usque
819 3681 862 3745 ad
887 3681 1061 3767 ‘simplum
1109 3680 1274 3760 Quamdiu
1298 3682 1383 3744 euim
1409 3681 1550 3746 scienter
1573 3683 1645 3768 quis
1668 3696 1804 3767 usurpat
1822 3705 1895 3746 1555.

153 3789 306 3872 51155551,
337 3788 371 3853 id
394 3791 511 3876 ipsum,
543 3789 630 3875 quod
654 3788 706 3853 vel
731 3789 771 3853 (15
797 3811 854 3852 555
878 3787 989 3852 labore
1013 3787 1065 3851 vel
1090 3810 1132 3850 ex
1155 3781 1327 3872 parentum
1358 3789 1564 3852 successione
1595 3789 1690 3875 quasi
1720 3789 1802 3852 iuste

154 3896 285 3961 videtur
307 3895 438 3979 habere,
463 3895 525 3960 sibi
550 3909 598 3959 est
621 3897 773 3960 alienum.
821 3895 986 3981 Scriptum
1010 3904 1060 3958 est
1083 3895 1185 3958 enim:
1218 3894 1260 3958 Si
1280 3896 1442 3959 5155115115
1458 3895 1574 3982 fideles
1596 3920 1658 3959 non
1674 3897 1961 3983 saciacensem.

154 4005 239 4090 qaod
261 4019 395 4068 55511551
418 4019 471 4084 551,
495 4007 567 4089 quis
591 4005 680 4068 dabit
703 4004 813 4067 551151
859 4002 932 4066 1155
948 4024 1025 4086 ergo
1050 4000 1174 4086 aliquid
1196 4001 1279 4063 iuste
1304 3999 1448 4085 possidet
1471 4011 1583 4087 raptor
1606 4013 1639 4066 et
1662 4012 1805 4066 retentor

154 4109 344 4191 alienorum,
370 4111 456 4196 quia,
481 4111 540 4173 etsi
564 4109 681 4173 nobilis
713 4109 849 4190 dicatur,
880 4131 942 4172 nec
966 4130 1001 4172 se
1025 4108 1132 4193 ipsum
1155 4107 1309 4193 possidet,
1334 4129 1408 4171 cum
1432 4107 1474 4170 sit
1497 4130 1610 4172 servus
1634 4120 1681 4173 tot
1704 4109 1803 4172 domi-

108 4245 134 4284 15
154 4239 269 4280 551551
292 4227 371 4302 quot
394 4217 563 4280 viciorum.
612 4216 676 4296 Qui
708 4217 734 4278 si
764 4217 820 4279 uni
850 4215 982 4279 domino
1012 4215 1158 4298 serviret,
1190 4225 1346 4300 precepta
1375 4212 1461 4277 illius
1491 4224 1566 4278 ante
1598 4216 1709 4279 omnia
1740 4238 1804 4279 ser·

153 4324 272 4405 vando,
297 4325 424 4388 etiamsi
448 4345 562 4387 servus
587 4323 758 4402 diceretur,
787 4320 871 4385 liber
893 4332 990 4385 esset.
1036 4321 1131 4385 Nunc
1156 4331 1264 4385 autem
1288 4344 1362 4385 cum
1386 4321 1427 4384 sit
1451 4343 1565 4386 servus
1589 4321 1804 4407 malignorum

154 4432 324 4517 spirituum
348 4429 517 4516 multiplici
542 4430 684 4494 dominio
709 4430 899 4506 communis,
925 4429 1054 4492 omnino
1080 4440 1128 4491 est
1151 4427 1335 4491 inmundus.
1382 4427 1421 4491 In
1445 4426 1517 4512 lege
1543 4429 1627 4492 enim
1645 4431 1804 4493 515115111-
1823 4453 1982 4500 55151511.

153 4537 309 4601 mundum
333 4559 503 4601 commune
528 4536 656 4618 dicitur,
681 4537 758 4621 quia
781 4533 938 4622 quicquid
966 4536 1022 4598 nni
1051 4535 1181 4599 domino
1212 4557 1277 4598 non
1308 4534 1417 4612 servit,
1449 4534 1557 4598 multis
1587 4535 1803 4620 malignorum

153 4647 325 4730 spirituum
350 4642 623 4708 dominationibus
648 4642 829 4724 subactum,
854 4642 900 4705 sic
925 4665 944 4705 a
966 4641 1152 4705 mundicias
1176 4651 1307 4704 auctore
1332 4640 1509 4705 alienatum
1533 4664 1593 4727 per
1608 4642 1724 4705 multos
1749 4642 1803 4706 do-

107 4780 134 4818 15
153 4753 257 4816 151555
282 4761 436 4815 vexatur:
461 4761 496 4814 ut
519 4763 607 4814 recte
632 4749 692 4813 sub
717 4749 831 4813 eadem
857 4748 1093 4834 significatione
1117 4746 1309 4811 inmundum
1333 4757 1366 4810 et
1388 4769 1559 4811 commune
1584 4748 1721 4812 dicatur.

259 4921 392 4994 Isydorus
415 4922 443 4975 in
459 4921 529 4975 vss⁰
545 4921 616 4974 libro
641 4915 920 4990 ethimologiarum1:
948 4915 1120 4992 Quicumque
1143 4915 1226 4971 aliter
1241 4935 1358 4972 sacram
1377 4915 1548 4990 scripturum
1571 4916 1698 4992 1515111911
1721 4936 1804 4992 quara
1824 4934 1885 4976 155,

152 5047 250 5084 serenas
273 5059 316 5066 —
338 5059 382 5066 —
405 5035 497 5084 tamen
522 5025 638 5082 51511515
660 5025 804 5100 appellari
821 5032 921 5099 potest.

261 5134 419 5206 Cyprianus
442 5135 538 5188 martir
561 5135 596 5188 ad
622 5135 753 5204 Magnum
778 5129 855 5186 ait‘2:
881 5131 996 5186 Alienus
1012 5130 1072 5208 Jiot
1094 5138 1119 5184 et
1135 5129 1286 5203 profanus
1309 5159 1352 5167 -
1376 5160 1414 5167 —
1442 5129 1589 5186 ananiense
1613 5129 1747 5186 habitunt.

261 5241 415 5313 Gregorius
439 5241 556 5313 Syagrio
580 5235 872 5312 Augustudunensiiz
906 5235 1026 5294 05511115
1057 5255 1122 5312 erpo
1149 5236 1298 5291 5151555115
1323 5244 1348 5291 51
1371 5237 1497 5293 cavenda
1521 5237 1667 5292 5511155115
1690 5235 1803 5306 astutio,
1824 5256 1839 5292 r.
1848 5255 1881 5294 (15.

107 5367 133 5404 sc
152 5378 197 5387 -
222 5379 264 5386 —
287 5348 345 5404 Dei
367 5347 545 5404 ἱνα-5551115111
568 5366 625 5402 555
644 5347 753 5420 placat,
778 5346 830 5402 5511
850 5343 954 5401 irritat.

260 5487 287 5548 a)
309 5485 371 5536 illas
390 5504 410 5536 c.

264 5612 293 5690 l)
318 5615 352 5672 L.
377 5617 395 5670 1.
421 5614 501 5688 VIII,
529 5616 557 5683 5,
576 5613 626 5670 70.
743 5612 773 5680 2)
805 5611 853 5682 Cf.
887 5611 932 5667 l)e
962 5611 1068 5667 (51111515
1096 5610 1227 5666 ecclcsiae
1258 5629 1279 5665 c.
1306 5609 1334 5677 6,
1369 5607 1441 5684 opp.
1474 5609 1516 5664 ed.
1542 5609 1648 5665 Harlel
1671 5629 1703 5684 p.
1729 5608 1802 5666 214.

145 5721 185 5796 3)
210 5723 303 5798 Epist.
328 5721 382 5792 IX,
409 5721 482 5791 218,
511 5720 578 5778 ΕΕ.
603 5721 643 5790 ΙΙ,
663 5741 697 5794 p.
717 5719 788 5774 207.
