4426 6398
615 426 852 504 racusanus
875 427 1165 488 naonncausns
1196 430 1234 488 v.
1686 424 1751 490 oss

98 616 268 704 appellans
293 616 503 680 christianum
525 614 692 703 populum,
715 615 819 681 idest
842 626 989 681 sanctam
1013 616 1187 706 ecclesiam
1209 617 1243 680 in
1267 615 1388 682 mundo
1412 615 1518 682 adhuc
1541 620 1752 705 peregrinan-

97 735 175 790 tem.
213 723 310 788 Hanc
335 724 454 809 quippe
479 721 704 809 principaliter
724 723 810 808 regit
833 722 1044 798 sacerdotalis
1068 725 1243 788 auctoritas
1268 733 1301 787 et
1323 725 1441 810 regalis
1465 735 1619 812 potestas.
1654 724 1751 800 Unde

100 842 133 896 et
155 832 269 895 merito
291 831 511 917 principatum
534 840 646 916 sancte
671 829 809 918 ecclesie
832 839 969 918 utraque
992 829 1113 896 babere
1131 829 1319 913 dinoscitur,
1344 833 1422 917 quia
1445 830 1486 896 ab
1503 841 1641 919 utraque
1664 834 1752 919 prin·

100 937 248 1024 cipaliter
279 938 412 1023 regitur.
459 937 574 1023 Neque
601 937 687 1018 enim
711 935 814 1001 altera
837 937 906 1003 sine
930 936 1034 1001 altera
1056 936 1200 1002 obtime·
1224 934 1461 1026 salubriterque
1485 949 1663 1024 regeretur,
1694 939 1752 1004 sed

67 1054 282 1131 sutranque¹
316 1042 417 1108 habet
449 1044 683 1126 necessariam,
714 1053 750 1108 ut
780 1042 923 1126 obtime*
954 1042 1191 1130 salubriterque
1226 1055 1367 1130 regatur.
1421 1044 1507 1109 Nam
1542 1045 1752 1111 sacerdotalis

100 1141 276 1216 auctoritas
306 1150 349 1215 ad
378 1151 439 1215 hoc
470 1151 656 1215 necessaria
679 1159 738 1233 est,
761 1161 798 1214 ut
821 1151 933 1237 expiet
954 1173 1014 1214 nos
1037 1161 1070 1215 et
1092 1151 1211 1216 doceat
1234 1161 1266 1215 et
1290 1162 1403 1216 contra
1432 1151 1614 1216 invisibiles
1642 1153 1752 1218 hostes

101 1257 235 1322 sollicite
259 1257 409 1343 invigilet
432 1267 464 1321 et
486 1279 545 1342 pro
568 1257 713 1342 peccatis
737 1256 848 1343 populi
871 1255 958 1320 dona
982 1256 1099 1322 offerat
1118 1266 1151 1321 et
1173 1257 1333 1322 sacrificia
1343 1261 1365 1322 ¹.
1406 1257 1537 1344 Regalis
1561 1281 1639 1324 vero
1662 1269 1752 1345 potc-

100 1375 166 1429 stas
190 1363 316 1429 adhoc
341 1363 490 1428 ordinata
513 1374 563 1428 est
585 1385 606 1427 a
628 1362 712 1444 Deo,
736 1373 772 1428 ut
795 1386 814 1426 a
836 1359 947 1449 pravis
971 1373 1003 1428 et
1026 1363 1146 1450 iniquis
1176 1363 1361 1428 hominibus
1393 1376 1540 1429 sanctam
1569 1365 1751 1452 ecclesiam,

100 1473 204 1560 ipsam
229 1493 358 1558 quoque
382 1469 618 1535 sacerdotalem
642 1470 878 1553 auctoritatem,
902 1480 1053 1557 protegat
1076 1481 1108 1535 et
1131 1480 1260 1535 tueatur
1283 1481 1315 1535 et
1339 1482 1452 1536 contra
1474 1470 1620 1536 visibiles
1643 1472 1752 1537 hostes

57 1605 83 1645 ro
100 1602 159 1666 pro
183 1579 252 1642 eius
277 1577 465 1642 defensione
489 1576 642 1662 regaliter
664 1587 878 1664 potenterque
901 1576 1070 1663 prelietur.
1113 1575 1211 1657 Quod
1234 1577 1366 1664 quidem
1395 1578 1591 1642 sacerdotali
1614 1581 1752 1644 auctori-

100 1686 181 1750 tatib
204 1685 337 1750 minime
361 1683 459 1748 licere
484 1683 682 1748 conceditur.
717 1683 791 1748 Hac
808 1684 928 1770 quippe
954 1683 994 1748 do
1018 1706 1118 1748 causa
1140 1707 1200 1748 rex
1223 1683 1366 1770 gladium
1390 1695 1506 1770 portat,
1532 1687 1616 1750 sicut
1630 1685 1752 1750 Paulus

101 1793 189 1874 dicit,
213 1793 331 1857 vindex
353 1795 387 1857 in
411 1817 479 1855 cnrn
503 1794 562 1877 an'
581 1792 663 1856 mole
687 1805 844 1878 operatur,
871 1794 1014 1856 minister
1037 1791 1104 1856 Dei
1131 1791 1165 1854 in
1189 1790 1250 1854 hoc
1270 1792 1379 1878 ¹ipsum
1405 1793 1608 1857 constitutus.
1655 1791 1752 1857 Unde
1773 1819 1906 1867 naarai.

100 1907 133 1962 et
154 1899 270 1962 Petrus
295 1896 459 1984 apostolus
483 1898 632 1983 precipit,
655 1907 691 1962 ut
715 1920 826 1961 omnes
856 1899 990 1962 subiecti
1009 1900 1073 1963 sint
1100 1901 1173 1986 repr'
1199 1900 1295 1984 qimai
1313 1899 1504 1985 precedenti
1531 1902 1597 1964 sice
1621 1900 1753 1965 ducibus
1773 1925 1931 1975 trenam.

101 2021 248 2092 tanquam
272 2007 311 2070 ab
335 2029 369 2070 co
392 2008 499 2070 missis
522 2005 568 2069 nd
589 2004 761 2069 uindictam
784 2005 1037 2092 malefactorum,
1069 2005 1193 2069 laudens
1223 2029 1295 2069 cero
1327 2007 1485 2069 bonorum.
1533 2005 1606 2070 Hoc
1631 2009 1751 2094 quippe

57 2139 82 2178 rs
100 2114 186 2197 regis
217 2122 266 2176 est
295 2112 364 2175 sive
395 2111 525 2193 ducum,
555 2133 621 2174 non
651 2099 828 2175 sacerdotis
859 2109 1013 2175 officium.
1062 2111 1152 2174 'Rex
1183 2112 1270 2174 enim
1295 2109 1424 2176 Christo
1449 2123 1637 2198 conregnat,
1669 2115 1752 2178 sicut
1771 2138 1862 2188 *aare

100 2218 214 2284 beatus
239 2217 417 2304 Gregorius
440 2217 678 2283 nazanzenus·
702 2218 874 2304 episcopus
905 2217 1092 2303 imperatori
1122 2240 1180 2282 suo
1210 2217 1338 2283 locutus
1369 2228 1417 2282 est
1448 2218 1600 2283 dicens2:
1628 2219 1751 2285 Odristo

101 2352 280 2414 conregnas,
304 2330 398 2390 immo
422 2328 457 2390 in
473 2325 596 2390 Cornu·
615 2349 709 2411 regno
732 2346 790 2410 quc
812 2339 884 2388 aunt
906 2326 1042 2389 damona
1067 2326 1241 2412 dispensas.
1285 2325 1336 2391 Ab
1360 2327 1417 2391 illo
1441 2329 1502 2392 n'bi
1522 2342 1550 2392 ct
1572 2329 1633 2414 vite
1657 2331 1749 2392 certia

101 2449 128 2498 et
143 2448 283 2520 potestas
305 2435 415 2497 mort-is
438 2432 563 2496 indulta
579 2446 632 2512 ert,
656 2445 685 2495 et
706 2432 744 2495 ab
760 2432 819 2496 illo
842 2433 904 2496 u‘br·
920 2431 1052 2520 gladius
1075 2432 1167 2497 datus
1183 2447 1236 2514 cst,
1259 2457 1321 2498 non
1345 2449 1378 2498 nt
1400 2447 1462 2498 tant
1482 2437 1631 2519 opereris,
1656 2460 1750 2520 quarn

100 2556 134 2605 nt
155 2542 353 2605 corninerist.
401 2537 557 2624 Magnum
585 2559 663 2623 ergo
692 2547 725 2601 et
754 2536 899 2601 divinum
929 2560 1046 2602 munus
1070 2549 1119 2602 est
1143 2549 1175 2603 et
1199 2538 1326 2628 celestis
1354 2539 1557 2622 investitura,
1583 2539 1669 2626 quod
1692 2563 1751 2604 rex

56 2675 82 2714 ro
102 2645 231 2712 Christo
256 2639 434 2732 conregnat
461 2655 493 2708 et
523 2645 555 2708 in
579 2667 680 2729 regno
705 2642 825 2708 Christi
850 2667 912 2730 que
937 2655 1011 2722 sunt
1041 2645 1183 2709 humana
1206 2645 1383 2732 dispensat,
1408 2655 1440 2710 et
1464 2637 1551 2732 quod
1576 2644 1695 2711 abillo
1720 2659 1753 2710 et

100 2755 167 2842 vitq
190 2747 288 2818 venia
318 2763 351 2816 et
379 2752 490 2816 mortis
521 2760 665 2836 potestas
694 2749 820 2815 indulta
844 2763 902 2834 est,
928 2763 960 2816 et
983 2752 1110 2838 gladius
1142 2753 1236 2817 datus
1261 2764 1318 2836 est,
1343 2763 1465 2817 utnon
1494 2763 1560 2816 tam
1589 2764 1751 2840 operetur,

101 2884 199 2947 quam
229 2871 265 2924 ut
294 2853 517 2923 comminetur.
556 2857 693 2922 'Beatus
724 2880 852 2946 quoque
882 2882 970 2945 papa
1002 2857 1180 2945 Gregorius
1215 2858 1265 2923 his
1302 2882 1483 2923 consonans
1518 2859 1591 2945 plus
1626 2860 1751 2946 aliquid

87 2963 190 3050 777076,
214 2961 349 3053 l0quent3
373 2965 413 3029 ad
431 2964 619 3029 Maurlllum
639 2965 900 3060 imperatorem³2
926 2983 970 3032 Ad
988 2982 1031 3032 doc
1049 2984 1115 3032 eninr
1128 2991 1237 3048 potestas
1254 2999 1329 3048 rupe-r
1345 2999 1427 3033 onntes
1444 2983 1553 3032 homines
1566 2984 1657 3048 pietati
1675 2984 1752 3033 donsi-

100 3090 190 3122 norunt
214 3089 324 3122 morum
348 3072 433 3120 celion
458 3071 519 3121 dcta
542 3078 584 3132 cat,
611 3079 641 3119 nt
664 3071 708 3135 qui
732 3071 796 3121 botro
819 3079 941 3136 appetunt
963 3071 1122 3132 adiuventur,
1142 3079 1170 3120 nt
1188 3072 1295 3121 «amram
1312 3072 1353 3122 cia
1372 3071 1466 3136 hanina
1480 3079 1574 3136 pateat,
1594 3080 1623 3121 nt
1642 3081 1752 3122 terrestre

56 3191 82 3231 ra
101 3196 203 3245 requam
215 3179 294 3228 aceri
311 3157 542 3244 agnoscerentur.
579 3161 728 3247 Itemque
746 3159 909 3224 Christum
926 3161 1051 3225 inducit
1066 3161 1251 3248 loquentem
1268 3161 1310 3225 ad
1326 3161 1463 3226 eundem
1483 3163 1711 3247 imperatorem
1721 3167 1750 3227 ⁴:

101 3269 155 3334 Epo
174 3276 195 3318 te
213 3268 244 3317 de
260 3268 359 3318 oratorio
376 3267 485 3316 consitam
503 3266 677 3326 excubitorum,
696 3266 828 3315 decernite
847 3266 1012 3316 accubitarunt
1031 3283 1142 3326 cesarem,
1161 3267 1192 3317 de
1210 3283 1290 3318 oeacre
1315 3268 1494 3332 imperawrem,
1521 3285 1572 3317 non
1597 3268 1674 3318 solum
1700 3267 1751 3330 loc,

100 3359 233 3409 sedetiam
247 3366 347 3423 patrem
364 3358 541 3423 imperatorum
554 3356 614 3422 feci.
645 3355 787 3406 &cadom
805 3371 868 3404 nreos
887 3363 927 3424 tuq
946 3358 1034 3406 manci
1051 3357 1166 3406 comm&
1205 3355 1306 3404 lterum
1327 3358 1417 3404 autem
1436 3356 1464 3404 in
1478 3353 1596 3419 epistola
1615 3355 1649 3405 ad
1663 3355 1751 3405 Thec-

101 3448 196 3498 dorum
216 3446 349 3496 medicum
368 3438 469 3494 dicitt:
498 3445 572 3496 Valde
591 3445 653 3494 milri
670 3445 764 3494 danem
782 3445 887 3506 videtu-r,
911 3453 941 3494 nt
957 3446 988 3495 ab
1006 3445 1058 3495 εἰιω
1076 3446 1173 3496 sortitio
1192 3446 1280 3494 militas
1298 3463 1353 3495 astos
1367 3445 1505 3510 probibeat,
1526 3446 1571 3511 qui
1588 3453 1612 3496 et
1629 3447 1651 3496 ci
1669 3447 1753 3496 munia

101 3539 187 3587 tribuit
204 3545 228 3586 et
245 3536 371 3586 dominari
388 3552 445 3584 cunr
462 3553 513 3584 non
531 3535 610 3584 solunt
627 3534 753 3594 militibus,
773 3534 815 3583 scd
833 3535 908 3584 etiarn
925 3535 1089 3584 rccadotihua
1107 3536 1226 3584 manescit.
1256 3533 1335 3582 Unde
1349 3533 1521 3583 manifestum
1541 3541 1591 3594 est,
1612 3534 1684 3598 quod
1703 3535 1751 3583 im-

56 3638 83 3678 to
101 3625 234 3690 potatoris
254 3625 312 3673 sive
332 3624 404 3688 regis
423 3629 545 3688 potestas
559 3626 586 3670 et
600 3637 655 3687 qua
667 3621 823 3670 dominatur
836 3622 917 3694 etiam
931 3622 1129 3680 sacerdotibus,
1144 3621 1253 3673 celestis
1267 3629 1308 3672 est
1328 3628 1354 3672 et
1374 3623 1468 3672 divina
1487 3629 1514 3672 et
1533 3621 1629 3673 celesti
1648 3624 1751 3672 iudicio
1838 3673 1839 3676 ,

101 3738 183 3788 super
201 3722 371 3771 sacerdotes
391 3721 501 3770 ctiam
520 3720 622 3784 ipsos
645 3719 772 3768 ordinata
791 3716 925 3784 precellit.
949 3689 1058 3769 ¹Unde
1083 3716 1115 3769 et
1137 3707 1208 3791 ipse
1232 3728 1374 3769 Summus
1398 3706 1546 3791 pontifex
1571 3705 1752 3770 subiectum

101 3837 135 3879 se
158 3814 294 3878 iussioni
316 3813 519 3899 imperatoris
544 3821 577 3875 et
600 3813 630 3875 ei
655 3834 697 3875 ex
720 3809 830 3876 debito
855 3809 1074 3876 obedientiam
1097 3811 1266 3898 prebuisse
1298 3813 1332 3875 in
1355 3811 1482 3899 prefata
1506 3811 1642 3898 epistola
1666 3835 1751 3876 assc-

101 3923 174 3986 ruit.
220 3907 265 3984 Et
287 3921 347 4008 hec
372 3919 503 4005 quidem
527 3916 674 3982 sublimis
698 3927 730 3982 et
752 3917 893 4003 gloriosa
916 3919 1108 3982 investitura
1132 3929 1190 4000 est,
1216 3942 1280 4005 qua
1304 3918 1395 3982 Deus
1424 3920 1652 4005 imperatorem
1683 3919 1751 3981 sive

85 4050 211 4113 ¹regem
235 4028 376 4110 investit,
401 4037 436 4091 ut
459 4024 591 4090 habeat¹
607 4035 801 4112 potestatem
830 4025 944 4090 celitus
976 4025 1086 4089 datam
1116 4049 1214 4111 super
1237 4047 1348 4090 omnes
1377 4025 1524 4089 homiues
1555 4025 1598 4090 ad
1621 4025 1693 4107 boc,
1718 4036 1753 4089 ut

56 4163 83 4204 as
103 4137 158 4221 qui
191 4133 278 4198 bona
313 4144 477 4219 appetunt
500 4131 705 4214 adiuventur,
737 4142 773 4196 ut
803 4131 945 4196 celorum
976 4133 1031 4195 via
1061 4131 1182 4218 largius
1214 4142 1339 4216 pateat,
1371 4141 1403 4195 et
1433 4141 1585 4196 terrestre
1616 4155 1752 4217 regnum

103 4242 216 4306 celesti
238 4263 339 4326 regno
360 4239 543 4321 famuletur,
567 4248 600 4302 et
622 4250 659 4302 ut
680 4239 790 4302 manui
815 4261 872 4320 sue
896 4237 1082 4302 sacerdotes
1106 4261 1181 4302 suos
1199 4237 1345 4302 Christus
1369 4240 1549 4303 committat
1573 4248 1605 4302 et
1630 4239 1752 4302 eisdem

103 4350 200 4413 etiam
224 4346 384 4412 dominari
408 4345 576 4410 concedat.
624 4344 689 4425 Qui
717 4367 795 4430 ergo
823 4345 907 4409 hanc
931 4346 1157 4409 investituram
1182 4345 1229 4408 eis
1253 4344 1380 4408 auferre
1404 4344 1527 4425 nititur,
1553 4355 1663 4408 contra
1687 4345 1751 4408 Dei

103 4455 338 4520 ordinationem
368 4453 589 4540 iudiciumque
613 4473 711 4536 agere
735 4450 875 4515 molitur.
921 4451 1045 4515 Iustum
1069 4453 1190 4538 quippe
1214 4461 1272 4534 est,
1297 4463 1332 4514 ut
1356 4450 1471 4515 eadem
1494 4473 1609 4515 manus
1634 4448 1752 4536 quibus

103 4562 288 4628 sacerdotes
312 4584 332 4624 a
347 4560 420 4624 Deo
445 4559 607 4623 commissi
632 4567 715 4638 sunt,
735 4568 771 4621 ut
795 4559 841 4621 eis
866 4559 962 4622 etiam
986 4556 1170 4623 dominetur
1192 4559 1271 4644 ipsis
1295 4555 1531 4641 sacerdotibus,
1555 4567 1681 4644 partem
1704 4558 1751 4620 in-

56 4687 86 4738 to
102 4671 257 4757 vcstiturq
280 4667 375 4732 buius
400 4666 523 4730 eisdem
547 4662 769 4728 sacerdotibus
792 4663 959 4750 largiatur.
995 4665 1189 4729 investitura
1207 4664 1280 4729 dico
1297 4664 1392 4728 huius
1416 4665 1582 4749 regiminis
1599 4663 1753 4728 videlicet

103 4788 135 4840 et
158 4775 386 4841 dominationis
410 4775 442 4836 in
459 4771 614 4858 populum
631 4780 664 4834 et
679 4771 893 4856 possessionis
909 4771 1135 4857 temporalium
1160 4795 1278 4854 rerum,
1302 4794 1367 4835 uon
1392 4770 1566 4836 sacerdotii
1591 4781 1623 4834 et
1647 4793 1752 4835 sacer-

102 4883 258 4947 dotalium
282 4882 491 4968 gratiarum‘t
526 4878 565 4942 ln
581 4877 631 4941 bis
648 4879 734 4941 enim
750 4900 928 4962 numquam
952 4876 1061 4942 audivi
1086 4878 1312 4943 investituram
1337 4879 1506 4942 nominari.
1544 4876 1626 4942 Cum
1644 4888 1750 4942 autem

103 4990 186 5054 hanc
209 4989 434 5053 investituram
458 5009 517 5050 rex
541 4983 662 5067 tribuit,
686 5006 751 5048 non
775 4983 886 5066 laicus,
911 4984 969 5047 sed
986 4985 1123 5048 christus
1140 4984 1273 5049 Domini
1297 4983 1419 5067 tribuit,
1445 4984 1584 5048 cbristus
1600 4983 1753 5048 videlicet

102 5096 236 5160 Domini
259 5118 318 5182 per
341 5095 479 5179 gratiam
503 5094 534 5156 ei
558 5113 771 5177 conregnans,
796 5092 851 5177 qui
869 5088 1016 5154 Christus
1033 5090 1181 5155 dominus
1205 5103 1254 5155 est
1275 5114 1335 5176 per
1359 5101 1518 5173 naturam,
1543 5101 1575 5154 et
1599 5090 1676 5176 quia
1699 5091 1752 5154 isti

57 5313 85 5352 45
211 5293 237 5357 a)
258 5296 295 5344 ita
313 5313 333 5344 c.
407 5291 434 5356 b)
456 5295 621 5344 auctoritate
640 5309 661 5342 c.

212 5469 241 5540 1)
268 5467 318 5541 Cf.
342 5466 487 5524 exordium
512 5473 594 5522 tract.
619 5464 653 5520 dc
676 5462 885 5520 consecratione
901 5464 1067 5541 pontificum
1091 5473 1117 5520 ct
1138 5483 1235 5540 repunt
1257 5464 1429 5521 recensionis
1451 5463 1487 5534 B,
1518 5484 1608 5540 strpra
1629 5484 1659 5539 p.
1678 5464 1751 5534 664,

103 5580 121 5634 l.
142 5575 258 5632 1-13.
351 5571 382 5648 2)
405 5572 470 5630 Non
486 5571 589 5628 incerti
682 5567 712 5640 3)
738 5567 832 5645 Epist.
850 5569 906 5638 ΙΙΙ,
925 5570 976 5638 61,
1003 5570 1070 5625 ΕΕ.
1088 5569 1112 5640 Ι,
1132 5591 1165 5646 p.
1184 5570 1256 5626 221.
1297 5571 1342 5626 Ad
1366 5573 1418 5627 hoc
1445 5603 1481 5611 -
1508 5571 1640 5644 precellit
1664 5573 1681 5628 l.
1701 5571 1751 5642 31,

102 5703 193 5760 supra
210 5703 244 5758 p.
262 5680 336 5750 670,
362 5683 380 5737 l.
398 5680 435 5735 41
456 5709 499 5718 —-
517 5679 591 5748 671,
616 5679 634 5733 l.
653 5677 704 5734 22.
797 5673 829 5750 4)
852 5675 970 5732 ibidem.
1070 5676 1100 5746 5)
1125 5676 1199 5733 ibid.
1219 5677 1269 5747 64,
1297 5677 1364 5734 ΕΕ,
1383 5677 1406 5747 Ι,
1426 5698 1458 5753 p.
1478 5677 1551 5734 226.
1645 5677 1675 5748 6)
1703 5677 1751 5749 Of.

103 5809 193 5865 snpra
210 5809 246 5864 p.
264 5788 337 5857 667,
361 5788 380 5842 l.
399 5785 499 5840 40—
517 5783 591 5854 669,
616 5784 633 5839 l.
652 5784 681 5840 5.
