4478 6442
503 413 685 471 HUNALDI
709 414 870 470 dannan*
894 416 946 470 DE
970 415 1105 472 ANULO
1130 419 1181 472 ET
1204 417 1375 474 BAOULO'.

437 601 606 666 Hactenus
630 623 672 664 ex
695 603 796 665 vetito
820 612 958 686 peecata
980 601 1070 666 fuere
1093 603 1212 685 timori,

490 707 631 794 Ipsaque
656 707 769 793 religio
793 717 896 772 terror
920 718 990 772 erat
1013 708 1139 772 sceleri.

438 813 482 877 At
505 813 601 878 modo
626 815 672 878 sic
696 815 798 895 vetiti,
823 816 870 878 sie
893 815 999 899 gretie
1022 813 1187 899 religionis

491 920 635 1002 Excidit,
659 930 695 984 ut
718 919 844 984 libitum
868 921 1006 1006 quisque
1029 931 1121 1006 putet
1143 920 1276 986 licitum.

393 1043 409 1091 o
437 1027 550 1106 Pacta,
574 1026 665 1107 tides,
689 1026 814 1108 foedus,
839 1028 1000 1111 cognatio,
1024 1027 1074 1091 ius
1098 1027 1218 1092 sociale

492 1132 628 1219 Singula
649 1131 823 1196 linnabsnt
845 1132 944 1196 robur
967 1134 1142 1220 amicitie&

439 1240 557 1305 Omnia
580 1262 667 1303 nunc
692 1249 817 1320 coeant,
842 1261 937 1303 neruo
961 1238 1094 1303 confidit
1117 1241 1149 1303 in
1173 1239 1254 1322 illis;

492 1343 617 1426 Gratia,
643 1368 739 1431 quam
763 1347 902 1431 pariunt,
926 1368 988 1410 nec
1012 1344 1109 1427 bona,
1133 1369 1194 1410 nee
1218 1345 1352 1411 stabilis.

439 1451 599 1538 Quodque
623 1451 715 1515 nefas
740 1451 857 1532 dirum,
882 1451 968 1537 quod
992 1451 1182 1516 detestabile
1207 1462 1384 1516 monstrum
1396 1457 1416 1532 ¹,

376 1575 409 1624 10
490 1557 724 1644 Blasphemare
747 1557 857 1622 Deum
880 1581 945 1622 non
968 1559 1060 1622 timet
1082 1559 1242 1644 impietas.

437 1663 503 1729 Aut
528 1666 646 1729 etenim
669 1665 796 1730 nescire
820 1665 928 1729 Deum
952 1665 1038 1728 mala
1060 1675 1169 1730 nostra
1192 1678 1346 1747 susurrat,

489 1771 556 1836 Aut
580 1795 618 1836 ea
641 1771 807 1858 negligere
831 1770 981 1857 nolleque
1006 1772 1179 1858 corripere.

437 1877 509 1942 Non
533 1877 604 1942 leve
621 1880 751 1942 crimen
775 1877 808 1942 id
832 1887 964 1942 estnec
988 1879 1035 1942 eis
1060 1877 1155 1942 modo
1179 1879 1391 1964 pernitiosum

490 1983 585 2065 Tolli,
610 1986 692 2048 scire
715 1983 790 2048 Deo
814 1983 991 2070 iudiciique
1014 1983 1145 2048 bonnm.

376 2107 408 2155 15
436 2090 521 2154 Nam
544 2091 608 2153 nisi
630 2111 806 2176 pravorum
830 2089 949 2176 culpas
965 2113 1103 2156 censura
1126 2091 1271 2177 requirit,

490 2195 560 2261 Nec
583 2195 670 2261 bone
692 2198 848 2261 iustorum
871 2197 976 2281 gratia
999 2197 1147 2261 restituit.

437 2301 492 2369 Sic
516 2304 614 2389 igitur
637 2302 713 2366 dum
738 2325 773 2366 se
798 2301 944 2366 defendit
966 2304 1097 2389 iniquus
1120 2303 1241 2389 inique,

489 2409 651 2473 Interimit
673 2411 831 2490 meritum,
856 2431 947 2494 spem
970 2420 1066 2474 necat
1089 2410 1237 2496 ecclesie.

435 2517 508 2606 Hec
531 2515 608 2580 fidei
632 2515 783 2602 dampna,
808 2514 981 2601 dispendia
1003 2515 1168 2601 religionis

374 2638 408 2688 20
488 2622 563 2686 Non
586 2632 644 2704 est,
668 2624 725 2708 qni
749 2621 856 2686 doleat
878 2623 976 2708 quive
1000 2633 1160 2708 repugnet
1183 2624 1239 2687 eis.

436 2727 563 2794 Cuncta
584 2728 693 2810 licent,
717 2727 773 2792 ubi
796 2728 891 2793 nulla.
908 2739 1034 2810 nocent,
1060 2727 1116 2792 ubi
1140 2730 1262 2793 crimen
1286 2729 1422 2794 inultum

488 2827 639 2899 Libertas
663 2835 822 2900 scelerum
846 2858 972 2899 summa
994 2837 1088 2899 ruina
1111 2834 1198 2900 boni.

436 2941 552 3005 Infima
574 2951 779 3027 quassantur,
803 2940 887 3005 male
911 2942 1033 3027 quumb
1058 2963 1208 3028 suprema
1233 2942 1397 3020 coherent,

489 3045 637 3134 Cumque
662 3057 760 3134 caput
783 3046 910 3128 titubat,
935 3057 1044 3135 cetera
1067 3046 1213 3112 membra
1237 3047 1355 3112 dolent.

374 3171 407 3218 25
436 3153 532 3218 Tanti
555 3176 673 3240 nempe
696 3153 783 3234 mali,
807 3163 873 3218 tam
898 3153 960 3218 diri
984 3155 1108 3218 semina
1131 3154 1253 3218 luctus:

489 3259 668 3330 Discordes
692 3259 755 3324 dno
780 3271 854 3323 sunt
876 3282 935 3323 rex
959 3270 991 3324 et
1014 3260 1219 3346 apostolicus.

435 3367 555 3431 Iustior
578 3366 659 3430 alter
682 3367 778 3447 enim,
803 3387 900 3450 quam
923 3389 976 3429 res
998 3377 1168 3452 tempusve
1192 3369 1346 3454 requirat,

487 3471 633 3558 Legibus
657 3472 800 3558 apponit,
825 3472 896 3535 ima
918 3471 1075 3536 moderna
1098 3483 1198 3538 creat.

435 3579 557 3644 Nititur
580 3579 721 3665 antiquis
745 3578 827 3642 alter
849 3577 991 3664 dicitque
1016 3578 1111 3643 seluti

374 3704 408 3752 30
490 3687 548 3752 Sat
571 3685 640 3750 fore
665 3695 849 3750 sanctorum
872 3686 985 3748 vivere
1009 3708 1097 3750 more
1121 3699 1260 3772 patrum.

435 3792 659 3879 Acceditque⁰
685 3791 777 3856 malis
801 3792 968 3877 utriusque
992 3814 1144 3876 suprema
1168 3801 1319 3877 potestne,

489 3900 667 3986 Impatiens
691 3899 778 3963 flecti
801 3920 862 3962 nee
887 3899 964 3962 satis
988 3908 1064 3984 apta
1086 3899 1199 3984 premi.

436 4006 488 4070 Nil
512 4007 629 4092 recipit
651 4005 793 4070 medium
817 4004 855 4068 lis
879 4004 1056 4069 inmediata
1079 4003 1226 4087 duomm,

488 4112 639 4177 Exclusit
661 4111 770 4176 media
792 4113 842 4174 vis
866 4111 1026 4197 siquidem
1049 4111 1159 4176 nimia.

373 4236 407 4284 35
435 4219 527 4305 Papa
550 4221 604 4305 pio
629 4218 735 4282 studio
758 4217 827 4282 vult
851 4217 972 4282 addere
995 4217 1169 4302 religioni?

490 4324 547 4390 Set
569 4336 678 4389 tamen
702 4335 788 4388 esset
811 4346 892 4410 opus
916 4325 1041 4389 cautius
1065 4323 1144 4388 illud
1168 4326 1231 4410 agi.

436 4432 522 4496 Sane
546 4454 610 4496 non
634 4441 721 4495 recte
747 4430 888 4494 studium
912 4429 1131 4517 dependerisd
1153 4432 1219 4512 uui,

488 4537 633 4602 Plurima
657 4561 729 4602 cum
754 4547 890 4623 pereant
912 4537 1041 4601 utiliora
1063 4535 1132 4600 tibi.

435 4645 528 4730 Papa
551 4644 677 4726 docet²,
703 4645 780 4729 quia
804 4655 878 4707 sunt
901 4642 964 4707 duo
988 4643 1117 4706 mistica
1140 4643 1233 4728 signa
1256 4663 1421 4706 sacrorum

374 4768 409 4817 40
489 4749 615 4814 Anulus
639 4759 671 4813 et
695 4749 840 4830 baculus,
865 4748 922 4812 dos
947 4771 1041 4812 sacra
1063 4748 1261 4834 pontificum.

436 4859 607 4922 Rectorem
631 4857 734 4941 virga,
760 4877 912 4940 sponsum
936 4855 1016 4918 facit
1039 4853 1153 4917 anulus
1177 4875 1258 4934 esse,

488 4964 558 5026 Nec
582 4983 709 5048 perse,
734 4963 828 5044 signa
851 4962 956 5046 gratia
980 4970 1029 5024 set
1051 4982 1110 5045 per
1134 4981 1182 5023 ea.

436 5070 500 5132 Res
524 5069 622 5154 igitur
645 5067 728 5150 talin,
753 5068 903 5152 quiores
928 5077 977 5130 est
1000 5065 1186 5151 spiritualis,

490 5175 641 5239 Donatur
664 5174 766 5236 sancti
793 5171 932 5258 Spiritus
956 5171 1100 5237 arbitrio.

374 5299 408 5345 45
437 5281 500 5346 Res
525 5281 644 5344 etenim
668 5280 760 5366 signo
785 5301 888 5361 sacra,
912 5301 964 5342 res
988 5301 1082 5343 sacra
1105 5278 1297 5365 significato,

489 5385 596 5451 Nichil
621 5386 663 5450 ud
684 5385 885 5450 mundanum
908 5388 1062 5472 respicit⁰
1086 5384 1265 5450 arbitrium.

224 5587 251 5650 a)
273 5588 391 5654 antitistis
410 5605 430 5636 c.
504 5583 532 5647 t»)
553 5585 587 5636 sie
605 5603 625 5636 c.
699 5583 725 5646 c)
747 5585 910 5650 deciditque
929 5603 949 5636 c.
1022 5583 1050 5646 d)
1071 5586 1108 5635 ita
1122 5603 1172 5650 pro
1191 5585 1324 5651 dependis
1342 5602 1363 5634 c.
1436 5583 1461 5646 e)
1484 5587 1601 5650 respirir'r
1620 5602 1640 5634 c.

227 5748 257 5824 1)
280 5750 406 5807 Juvenal.
432 5749 493 5805 Sat.
521 5749 570 5819 15,
590 5747 641 5804 21.
734 5747 764 5814 2)
792 5747 940 5805 Certamen
965 5747 1071 5805 Metelli
1092 5767 1118 5804 o.
1137 5746 1284 5817 51-58,
1308 5767 1398 5822 supra
1416 5767 1449 5822 p.
1469 5747 1541 5803 716.
1639 5789 1647 5802 .

188 5871 288 5923 Libelli
307 5871 340 5921 de
361 5869 415 5920 lite.
449 5871 502 5920 III.
1519 5869 1550 5918 91
