4418 6412
466 365 530 428 382
759 370 938 426 GERHOHI
963 368 1197 425 PRAEPOSI'I'I
1220 367 1628 425 REICHERSBERGENSIS
1652 367 1819 424 LIBELLI.

465 574 491 624 te
520 561 640 624 iubente
672 562 765 623 inuno
783 572 895 644 perte
920 557 996 620 Deo.
1047 557 1152 634 Quare
1183 579 1255 642 erqo
1285 557 1497 619 ieiunarimns
1527 569 1555 619 et
1583 579 1643 618 non
1674 555 1823 641 aspecit?
1869 554 2087 626 Humilicoinn

464 668 590 730 animas
612 679 736 730 nostros
759 679 786 728 et
810 665 962 727 nescirit?
1008 663 1093 726 Nam
1117 665 1150 727 in
1175 663 1226 726 Ιιίε
1249 663 1392 726 omnibus
1415 685 1475 725 non
1500 675 1543 725 εει
1565 686 1694 724 auersus
1710 663 1815 748 frcror
1839 663 1917 738 eius,
1940 662 1994 725 sed
2012 665 2086 732 adin

463 797 575 836 manus
605 774 673 836 eins
703 785 831 835 ertenta
883 770 982 847 (tumn
1006 771 1167 855 pacienter
1191 771 1316 833 interim
1347 768 1451 832 adhunc
1481 767 1573 831 audit
1602 791 1689 832 noces
1718 769 1895 854 sacrileqas
1918 782 1946 831 et
1966 768 2084 856 quptios

315 866 358 960 {12
368 867 402 970 ῗζζ
411 867 444 960 {ss
456 879 724 965 plasphemantes,
749 880 825 962 quio
842 876 960 940 collide
980 901 1032 940 eos
1055 876 1172 954 eduxit,
1199 889 1230 938 ut
1253 875 1406 940 occideret
1430 877 1463 939 in
1479 875 1606 938 deserto.
1643 874 1686 938 Ει
1701 875 1830 960 quidem
1846 873 1969 938 iudicia
1985 874 2086 945 Domini

298 975 443 1077 ‘²¹⁶⁹'33f‘9gj
465 1009 548 1064 vera,
580 988 652 1070 quis
681 985 823 1048 nesciat?
869 983 912 1046 At
937 983 1106 1046 ‘iudicium
1131 983 1187 1046 ltoc
1210 984 1341 1068 abyssus
1364 997 1460 1060 tanto,
1485 995 1519 1044 ιιι
1540 981 1652 1046 ridear
1674 981 1758 1045 utili
1782 1005 1844 1046 non
1869 983 2016 1046 immerito
2031 1009 2101 1070 pro-s
2158 1000 2159 1003 ’
2192 1043 2207 1053 ,

463 1095 615 1155 nunciare
639 1093 770 1170 beatium,
795 1093 933 1176 quinon
958 1090 1193 1153 scandalizatus
1209 1090 1326 1176 fuerat
1350 1091 1382 1152 in
1405 1113 1448 1153 eo.

570 1197 633 1262 Ει1
656 1197 811 1283 quomodo
835 1211 935 1261 tcnnen
961 1197 1098 1260 hermano
1122 1199 1280 1260 tenteritas
1302 1195 1397 1259 audet
1419 1195 1644 1280 reprehendere
1674 1196 1760 1280 quod
1781 1199 1912 1260 minime
1935 1197 2011 1260 nolet
2028 1223 2081 1264 con·

460 1305 661 1390 prehendere.
710 1303 925 1380 Recordemur
953 1327 1158 1389 supernorum
1191 1302 1395 1380 iudiciorum,
1426 1326 1484 1386 que
1507 1327 1527 1364 a
1550 1303 1652 1367 seculo
1678 1317 1759 1382 sunt,
1789 1306 1822 1368 ci
1835 1304 1928 1390 forte
1950 1305 1989 1366 sit
2008 1328 2081 1370 conso·

308 1435 443 1484 renen.
463 1412 549 1475 latio.
597 1410 682 1475 Nam
706 1410 839 1496 quidam
863 1412 906 1474 ita
932 1410 1034 1474 didit:
1057 1407 1179 1472 Memor
1194 1411 1260 1496 ,fui
1285 1409 1476 1472 iudiciorum
1500 1423 1621 1472 ιιιονιιιιι
1646 1435 1666 1472 a
1688 1410 1814 1473 seculo*
1839 1409 1974 1473 Domine
1994 1424 2019 1473 ει
2035 1437 2082 1474 con·
2165 1405 2166 1408 ¹

462 1518 580 1582 solatus
609 1542 686 1580 sunt.
726 1503 814 1580 Rern
845 1516 916 1580 dico
947 1518 1070 1579 nemini
1097 1517 1231 1602 equolam
1264 1529 1292 1579 et
1321 1539 1401 1578 nrrne
1431 1517 1553 1578 nemini
1580 1529 1692 1579 notam.
1741 1515 1861 1602 Nempe
1884 1517 1932 1579 sic
1954 1540 1983 1579 se
2004 1516 2084 1582 labent
2096 1545 2111 1581 ιι

462 1625 642 1688 mortalium
674 1623 786 1703 corda,
817 1622 904 1708 quod
930 1625 1047 1686 scimus
1077 1647 1144 1686 cum
1176 1645 1296 1686 necesse
1325 1645 1386 1684 non
1417 1635 1474 1700 est,
1505 1623 1538 1684 in
1569 1624 1746 1686 necessitate
1776 1625 1940 1686 nescimus.
1991 1623 2085 1709 Menses

330 1755 442 1804 ιιι.ε,ιι.
463 1731 630 1796 educturus
646 1731 802 1816 populum
832 1729 870 1792 de
893 1744 978 1793 terra
1001 1729 1124 1816 qupti
1151 1730 1309 1792 meliorem
1341 1727 1409 1792 illis
1435 1729 1600 1814 pollicitae
1630 1743 1674 1792 est
1702 1743 1827 1793 terrant.
1875 1727 1961 1792 Nam
1990 1731 2086 1814 qnando

463 1839 567 1923 ipsum
590 1838 685 1901 aliter
707 1850 885 1922 sequeretur
898 1837 1037 1921 populns
1059 1836 1160 1898 solane
1182 1837 1311 1920 sapiens
1333 1835 1474 1898 terram?
1512 1835 1645 1914 Ednnit,
1668 1835 1793 1899 eductos
1814 1849 1919 1899 tamen
1942 1838 1974 1898 in
1990 1849 2089 1916 ter-ron,
2182 1830 2183 1835 ¹

462 1968 557 2029 quam
578 1945 779 2029 promiserat,
810 1967 869 2005 reon
896 1942 1079 2006 introduxit.
1127 1941 1195 2006 Nec
1218 1957 1271 2021 est,
1302 1942 1388 2027 quod
1417 1942 1508 2006 ducis
1531 1945 1699 2006 temeriurti
1726 1945 1884 2028 imputari
1905 1956 1996 2027 queat
2016 1945 2092 2006 ιηἰιῐι

462 2065 491 2114 et
521 2053 703 2136 inopinatus
732 2064 863 2113 eventus.
915 2049 1029 2112 Omnia
1050 2049 1199 2134 faciebat
1222 2049 1359 2112 Domino
1390 2051 1572 2134 imperante,
1603 2048 1741 2112 Domino
1771 2063 1955 2135 cooperante
1985 2063 2011 2112 et
2038 2074 2095 2134 opus
2108 2072 2124 2110 n

462 2161 664 2243 confirmante
687 2157 884 2240 sequentibus
906 2157 1015 2242 siqrns.
1065 2153 1130 2218 Sed
1148 2156 1287 2241 populus
1310 2157 1376 2234 ille,
1402 2157 1517 2240 inquis,
1543 2155 1620 2218 dure
1643 2157 1776 2220 ceruicis
1791 2156 1876 2243 furt,
1903 2180 2024 2241 semper
2045 2180 2098 2220 con·

462 2265 588 2328 tentiose
611 2287 705 2350 aqeus
728 2277 835 2327 contro
860 2262 1032 2326 Dominum
1056 2276 1084 2324 et
1107 2261 1236 2348 Moysen
1258 2285 1381 2326 serrum
1406 2264 1481 2325 ειίιε.
1526 2261 1621 2326 Bene.
1664 2261 1832 2326 Increduli
1853 2264 1909 2326 illi
1930 2277 1958 2326 et
1979 2263 2100 2326 rebelles.

462 2369 513 2434 Hi
533 2383 635 2434 annm
658 2369 740 2454 qnid
747 2371 761 2432 l
806 2368 898 2454 Ipsos
928 2370 1096 2455 interroqo.
1147 2359 1303 2445 (luidone
1327 2368 1431 2432 dicere
1455 2393 1533 2454 opus
1556 2382 1609 2447 est,
1641 2369 1727 2453 quod
1740 2370 1890 2456 fatentur
1913 2371 1989 2454 ipsi.
2036 2369 2103 2434 Dico

462 2479 544 2541 enim
569 2499 682 2540 unum:
708 2475 796 2553 Quid
814 2489 959 2561 poterant
977 2477 1133 2562 prqucerc
1156 2477 1215 2560 qui
1234 2499 1356 2561 semper
1378 2477 1619 2554 revertebantur,
1642 2499 1710 2538 curn
1728 2477 1949 2540 nmbrrlarent?
1986 2475 2107 2552 ando

462 2597 491 2646 et
519 2584 576 2646 isti
596 2607 660 2668 per
690 2597 781 2646 totam
813 2585 908 2646 m'ta-rn
940 2605 1000 2644 non
1032 2581 1195 2645 redierunt
1223 2582 1316 2646 corde
1346 2583 1380 2646 in
1404 2581 1587 2669 quptum?
1635 2581 1781 2659 Quodsi
1802 2583 1982 2647 ceciderunt
2012 2584 2065 2647 illi
2088 2599 2110 2647 et
2124 2605 2143 2643 n

457 2690 625 2775 perierunt
640 2703 774 2775 propter
799 2691 993 2774 iniquitatem
1020 2713 1120 2767 suam,
1150 2691 1307 2752 miramur
1331 2691 1405 2752 ιἐιεε
1435 2689 1541 2752 eadem
1558 2690 1721 2776 facientes
1744 2689 1851 2752 endem¹
1868 2691 2012 2776 passos?
2057 2689 2113 2754 Sed

462 2795 619 2880 numquid
647 2796 776 2860 illorum
807 2820 898 2858 casus
927 2795 1081 2858 aduersus
1097 2797 1259 2880 promissa
1284 2795 1371 2859 Ilei?
1416 2795 1504 2882 Erqo
1534 2821 1588 2860 nec
1618 2798 1758 2859 istorum.
1806 2795 1916 2882 Neque
1946 2799 2031 2860 eninr
2059 2798 2113 2860 oli-

464 2901 590 2986 quando
608 2904 840 2988 promissiones
864 2901 930 2966 Dei
951 2904 1074 2966 iusticie
1091 2901 1157 2966 Dei
1170 2901 1386 2988 preiudicont.
1435 2902 1478 2966 Ει
1500 2903 1583 2967 audi
1602 2903 1703 2966 aliud.
1751 2901 1919 2967 Peccavit²
1935 2903 2115 2984 Beniamin,

462 3010 668 3096 accinqnntur
690 3009 811 3094 relique
835 3010 935 3073 cribris
958 3008 1004 3072 nd
1017 3010 1165 3073 ultionem
1188 3033 1243 3072 nec
1265 3011 1333 3073 sine
1348 3023 1425 3072 ιιιιιιι
1439 3009 1512 3073 Dei.
1549 3009 1694 3094 Denique
1717 3012 1786 3096 ipse
1810 3009 1991 3095 desipuerit
2013 3010 2116 3073 ducem

454 3115 656 3201 preliaturis.
704 3115 815 3201 Itaque
842 3116 1024 3200 preliantur
1044 3117 1128 3202 freti
1155 3130 1184 3178 et
1211 3140 1306 3179 rnanu
1331 3116 1490 3180 validiori
1516 3131 1544 3179 et
1573 3141 1669 3180 causo
1687 3118 1863 3202 potentiori
1870 3115 1883 3152 '³
1908 3130 1938 3180 et
1959 3117 2048 3201 quod
2072 3117 2118 3180 ln‘s
2134 3136 2156 3176 ιι

334 3245 442 3295 reesa.
461 3223 566 3285 moires
596 3235 640 3286 est
658 3223 780 3309 fauore
811 3222 930 3286 dim'no.
978 3221 1022 3284 At
1050 3247 1143 3308 quom
1175 3223 1329 3286 terribilis
1353 3223 1440 3286 Deus
1470 3225 1504 3286 in
1534 3224 1679 3287 consilir‘s
1707 3247 1802 3308 snper
1824 3222 1919 3309 filios
1948 3223 2116 3287 hominurn.

467 3327 569 3414 Terqa
592 3328 705 3393 dedere
728 3330 888 3393 sceleratis
912 3330 1027 3392 ultores
1049 3330 1187 3408 sceleris,
1214 3329 1416 3414 pautioribus
1435 3331 1554 3415 plures.
1604 3328 1670 3393 Sed
1691 3343 1857 3393 recurrunt
1878 3329 1925 3393 orl
1947 3329 2117 3393 Dominum

309 3449 490 3508 1nc.2o,2s.et
518 3435 677 3499 Dominus
706 3436 752 3499 od
781 3459 850 3500 eos:
879 3434 1058 3514 Ascendite,
1089 3437 1201 3520 inquit
1253 3435 1470 3500 Ascenderunt
1499 3436 1610 3516 denno,
1641 3436 1801 3522 denuoque
1824 3437 1906 3523 fusi
1933 3451 1962 3500 et
1992 3438 2122 3524 confusi

461 3555 540 3605 sunt.
588 3541 639 3606 Ita
663 3541 731 3606 Deo
748 3545 893 3627 primurn
917 3541 1044 3626 quidem
1060 3541 1204 3629 fauente,
1234 3541 1369 3606 secundo
1393 3557 1420 3606 et
1445 3544 1563 3607 iubente
1590 3545 1670 3608 iusti
1696 3545 1809 3606 iustum
1835 3557 1990 3608 certamen
2016 3546 2121 3608 ineunt

462 3662 490 3711 et
511 3650 719 3712 succzmrbunt.
757 3647 822 3712 Sed
836 3672 897 3734 quo
917 3651 1086 3713 certamine
1109 3650 1292 3736 inferiores,
1317 3673 1351 3712 eo
1359 3649 1429 3734 fide
1451 3652 1631 3736 superiores
1654 3651 1775 3713 inu-enti
1794 3663 1873 3713 sunt.
1913 3649 2004 3727 Quid
2015 3665 2120 3736 putas,
2137 3671 2161 3710 so

454 3754 605 3842 facerent
627 3756 665 3819 de
688 3779 736 3818 me
760 3757 823 3834 esti,
847 3757 967 3819 simeo
991 3755 1112 3818 hortatu
1138 3757 1247 3818 iterato
1270 3754 1481 3835 ascenderent,
1505 3757 1615 3819 iterato
1630 3757 1884 3820 succumberent?
1921 3755 2059 3833 Qrmredo
2074 3782 2120 3822 rue

461 3861 610 3925 audirent
625 3875 793 3926 monentem
809 3864 905 3926 tercio
928 3877 1064 3947 repetere
1090 3863 1157 3942 iter,
1181 3876 1317 3948 repetere
1340 3885 1428 3947 opus,
1453 3872 1543 3925 ιιιιιιὓ
1559 3863 1656 3927 semel
1677 3865 1740 3926 iarn
1766 3877 1794 3926 et
1815 3863 1951 3928 secundo
1960 3865 2124 3950 frustrati

350 3989 442 4032 nuso.
454 3968 592 4054 forent?
636 3966 681 4030 Et
703 3982 803 4031 tomen
828 3967 973 4032 Israelitc
997 3993 1091 4032 unam
1115 3983 1144 4032 et
1164 3969 1297 4031 alteram
1327 3993 1387 4032 non
1418 3983 1595 4054 reputantes
1610 3971 1857 4055 frustrationem
1888 3973 1985 4034 tercio
2002 3987 2122 4057 parent

461 4087 490 4137 et
518 4087 676 4160 superant.
730 4073 796 4138 Sed
825 4075 935 4138 dicunt
955 4075 1104 4163 forsitan
1134 4077 1206 4138 r'sti:
1236 4075 1341 4138 ‘Unde
1371 4077 1497 4154 scimus,
1528 4076 1655 4160 quoda
1680 4075 1817 4140 Domino
1846 4101 1947 4142 sermo
1979 4102 2120 4164 eqressus

460 4181 525 4245 sit?
573 4179 638 4257 Qne
661 4182 753 4268 siqua
777 4195 808 4244 tu
825 4182 930 4270 sacis,
955 4195 987 4245 ιιι
1010 4181 1174 4246 credamus
1205 4182 1301 4246 a'ttt’
1347 4181 1421 4245 Non
1451 4197 1495 4246 est
1524 4182 1610 4267 quod
1638 4184 1706 4268 epse
1736 4183 1782 4246 od
1810 4185 1868 4247 ism
1900 4185 2119 4270 respondeam,
2137 4205 2161 4244 ει

456 4287 654 4372 parcendum
686 4288 892 4352 uerecundiae
922 4313 1016 4352 meae.
1064 4287 1231 4374 Responde
1255 4301 1287 4351 tu
1306 4312 1368 4373 pro
1391 4313 1439 4352 me
1463 4303 1490 4352 et
1505 4313 1571 4374 pro
1595 4303 1621 4352 te
1645 4291 1715 4374 ipso
1739 4303 1767 4353 et
1788 4289 1958 4354 secundum
1981 4315 2030 4370 ea,
2062 4317 2120 4377 qne

461 4393 585 4456 credisti
612 4407 641 4457 ct
670 4394 784 4458 uidisti
811 4409 866 4458 aut
895 4409 974 4459 certe
1002 4394 1172 4459 secundum
1202 4392 1308 4479 quodd
1332 4396 1541 4480 inspiraverit
1563 4395 1658 4459 Deus.
1708 4393 1774 4460 Sed
1787 4398 1877 4482 form
1907 4399 2044 4461 miraris
2073 4424 2120 4462 me

459 4502 614 4584 prosequi
634 4503 695 4564 ista
719 4503 778 4586 qui
800 4501 895 4566 aliud
908 4525 1150 4588 proposueram.
1199 4501 1300 4565 Facio
1323 4525 1385 4565 non
1409 4503 1522 4565 oblitus
1531 4504 1703 4588 propositi,
1727 4503 1786 4566 sed
1806 4502 1891 4587 quod
1912 4528 1932 4566 a
1950 4507 2119 4590 proposito

462 4629 523 4669 non
547 4606 682 4670 iudicem
707 4607 855 4671 alienum.
896 4608 1016 4695 Nenqre
1040 4608 1078 4672 de
1101 4608 1360 4688 consideratione,
1385 4623 1418 4671 nt
1439 4610 1578 4687 memini,
1601 4632 1702 4672 sermo
1725 4609 1809 4672 milti
1828 4609 1874 4672 od
1895 4623 1979 4672 tua-m
2005 4610 2118 4698 diqna-

462 4716 572 4778 tionem
605 4727 650 4778 est
678 4728 707 4778 et
734 4739 809 4778 sone
841 4738 953 4801 maqna
985 4717 1044 4778 ista
1076 4739 1127 4777 res
1156 4727 1184 4777 et
1213 4739 1302 4800 eqeus
1332 4714 1580 4778 ‹torisiderotione
1610 4739 1671 4778 non
1702 4717 1843 4779 minima.
1894 4716 1987 4793 (laod
2009 4720 2043 4780 si
2071 4742 2119 4780 res
2136 4737 2162 4775 ιι

461 4844 592 4907 maqnas
608 4845 628 4884 a
644 4823 768 4907 maqnis
784 4820 985 4884 considerari
999 4834 1126 4906 oportet,
1143 4822 1198 4883 cui
1211 4845 1285 4905 eque
1309 4835 1341 4884 ut
1364 4822 1443 4885 tibi⁰
1469 4821 1506 4885 id
1526 4821 1629 4885 strcdii
1641 4823 1795 4907 competit,
1819 4823 1877 4906 qui
1883 4845 1999 4908 parem
2023 4848 2120 4910 snper

462 4940 578 4992 terram
601 4951 663 4990 non
687 4926 804 4990 habes?
850 4924 916 4990 Sat
938 4941 968 4990 tu
992 4927 1159 4991 secundum
1184 4930 1373 5012 sapientiam
1398 4941 1426 4991 et
1441 4941 1620 5013 potestatem
1647 4927 1753 4991 datam
1779 4929 1840 4992 tibi
1860 4927 1994 5015 desuper
2005 4931 2119 5017 sacres

363 5053 441 5104 ⁸p.ss.
462 5033 500 5097 de
523 5033 587 5097 leoc.
637 5032 710 5097 Non
734 5047 777 5098 est
799 5058 885 5097 meae
909 5034 1113 5097 ‘humilitates
1136 5033 1256 5097 dictare
1280 5036 1341 5098 tibi
1360 5035 1407 5097 sic
1430 5035 1480 5097 cel
1501 5036 1548 5096 sic
1563 5035 1645 5120 fieri
1666 5035 1859 5119 quidquam,·
1887 5037 2014 5122 sufficit
2044 5039 2117 5101 inti-

289 5161 442 5210 emssae.
461 5163 562 5202 rnasse
586 5155 726 5225 oportere
756 5139 886 5225 aliquid
900 5141 983 5226 fleri
1003 5139 1086 5203 unde
1109 5153 1138 5204 ει
1159 5140 1289 5204 ecclesia
1314 5139 1442 5205 letenrr‘
1467 5155 1495 5204 et
1517 5141 1694 5204 obstruatur
1718 5165 1752 5204 os
1776 5142 1964 5226 loquentium
1992 5145 2115 5230 iniqua.

460 5243 533 5308 Hec
561 5242 664 5308 abbas
688 5243 880 5308 Clarevsllis
908 5244 1090 5330 superbis.
2135 5271 2161 5310 ιε

567 5441 594 5505 ιι)
617 5461 638 5495 s.
658 5445 691 5495 D.
711 5451 738 5494 et
758 5462 780 5495 c.
800 5461 860 5494 sc.
944 5443 971 5506 b)
992 5447 1112 5511 pontiori
1132 5446 1164 5496 B.
1247 5445 1273 5508 c)
1295 5448 1397 5511 inquo
1417 5446 1449 5495 tt.
1531 5443 1559 5508 d)
1582 5447 1710 5497 tibiodd.
1730 5447 1763 5497 B.
1843 5444 1869 5506 e)
1890 5448 1926 5497 ita
1946 5447 1988 5506 B,·
2012 5449 2117 5499 deute.

459 5531 480 5592 ι’)
503 5533 659 5584 consoletur
677 5549 697 5582 e.

573 5713 601 5784 1)
626 5715 672 5770 De
695 5713 919 5771 consideratione
942 5716 959 5770 l.
977 5715 1017 5784 II,
1044 5735 1066 5770 c.
1087 5715 1114 5784 1,
1139 5713 1159 5788 ξ
1184 5715 1213 5771 2.
1307 5715 1337 5787 2)
1363 5716 1437 5774 Ibid.
1461 5713 1481 5790 ᾗ
1506 5717 1535 5773 3.
