4410 6406
515 419 526 429 ..
563 367 616 422 DE
639 364 976 424 INVESTIGATIONE
999 367 1253 425 ANTICHRISTI
1276 371 1311 425 L.
1327 371 1350 425 Ι.
1729 365 1792 428 337

126 551 261 616 noxias.
307 553 374 617 Eas
398 574 488 636 vero,
513 575 576 639 que
600 554 647 618 sic
672 554 820 619 ecclesiis
851 552 893 618 ab
917 553 1167 641 imperatoribus
1198 553 1315 620 collate
1340 555 1414 636 sint,
1438 566 1473 619 ut
1496 555 1629 642 regibus
1659 555 1702 622 ab
1726 559 1793 645 epi·

126 660 243 746 scopis
273 658 407 724 easdem
437 659 679 747 possidentibus
709 659 884 726 famulatus
908 659 1076 742 debeatur,
1101 670 1250 748 oportere
1274 669 1331 726 aut
1361 662 1498 748 imperio
1521 663 1648 728 restitui
1671 673 1728 728 aut
1750 663 1793 729 ab

126 786 246 830 eorum
273 765 518 853 possessoribus
547 767 710 854 episcopis
734 777 890 832 consueta
913 766 1056 832 hominia
1079 790 1118 832 ac
1142 768 1277 832 servitia
1307 765 1440 854 regibus
1471 767 1621 834 exhiberi
1650 771 1792 835 maxime

126 873 335 960 precipiente
359 873 421 938 hoc
437 873 580 939 Domino
604 896 644 939 ac
661 873 807 940 dicente:
832 874 968 941 Reddite
989 898 1047 961 que
1069 889 1142 940 aaut
1156 877 1275 940 cesaris
1290 878 1397 940 cesari
1416 889 1445 940 et
1467 900 1525 961 qne
1547 891 1619 942 seat
1633 877 1701 943 Dei
1713 877 1791 944 Deo.
1812 903 1970 952 saansaan

83 1004 103 1044 s
126 976 223 1044 Dum
247 1001 326 1044 vero
351 989 383 1044 et
406 979 571 1068 apostolus
594 979 727 1064 Paulus,
750 982 786 1045 in
809 1003 874 1068 quo
899 979 1048 1046 Christus
1071 979 1275 1067 loquebatur,
1301 979 1404 1046 dicat:
1435 981 1536 1048 Nemo
1559 985 1702 1049 militans
1725 985 1793 1051 Deo
1811 1009 1949 1061 armac

125 1087 333 1173 implicatae
355 1090 489 1176 repotiis
518 1089 723 1169 secularibus,
751 1103 785 1154 ut
806 1091 840 1154 ca'
852 1089 984 1175 placeat
1005 1091 1061 1153 cai
1079 1113 1112 1153 se
1131 1089 1314 1174 probaes't⁸,
1344 1087 1433 1170 satis,
1464 1088 1624 1175 inquiunt,
1656 1100 1793 1178 apparet

126 1192 322 1258 sacerdotes
345 1192 479 1280 regibus
502 1215 537 1258 se
561 1216 621 1280 per
636 1194 780 1259 hominia
803 1191 986 1280 obligantes
1001 1193 1075 1260 Deo
1099 1217 1158 1281 pro
1183 1195 1233 1258 sui
1250 1193 1350 1258 officii
1373 1192 1477 1280 gradu
1501 1194 1701 1261 sufficienter
1723 1197 1791 1284 pla-

125 1319 209 1364 cere
232 1322 297 1365 non
313 1323 420 1387 posse,
437 1299 524 1365 unde
547 1310 583 1364 ut
606 1301 637 1364 ei
659 1299 821 1387 placeant,
846 1301 899 1365 cui
923 1323 957 1365 se
981 1298 1212 1388 probaverunt,
1235 1300 1391 1365 miliciam
1407 1310 1439 1366 et
1455 1311 1574 1386 cetera,
1599 1325 1657 1389 pro
1674 1302 1792 1389 quibus

124 1403 279 1470 hominia
301 1405 434 1493 regibus
457 1404 627 1489 debentur,
652 1429 753 1492 regno
776 1405 881 1472 libera
904 1406 1099 1494 relinquant,
1123 1416 1156 1471 et
1178 1407 1242 1494 ipsi
1258 1417 1377 1472 vacent
1393 1407 1594 1474 orationibus
1611 1408 1792 1496 ovibusque

66 1539 103 1578 ro
125 1509 257 1578 Christi
279 1512 454 1600 pascendis
477 1513 658 1600 invigilent,
686 1512 729 1578 ad
752 1513 841 1600 qnod
863 1514 1001 1578 instituti
1024 1525 1109 1595 sunt,
1133 1512 1263 1578 dicente
1287 1513 1429 1579 Domino
1453 1513 1496 1578 ad
1518 1515 1669 1580 Petrum:
1693 1517 1792 1583 Pasce

123 1645 232 1708 αφιοε
254 1645 348 1701 meos,
370 1643 410 1686 ac
434 1621 552 1686 tercio:
577 1620 675 1686 Pasce
699 1645 770 1686 oves
792 1645 886 1686 meas.
922 1619 1019 1685 Unde
1043 1630 1075 1684 et
1098 1621 1168 1708 ipse
1191 1619 1308 1684 Petrus
1331 1643 1391 1707 pro
1415 1622 1465 1685 sui
1488 1621 1588 1686 officii
1611 1622 1791 1688 ministerio
1810 1647 1969 1699 namnam

123 1724 278 1813 legitime
302 1726 474 1792 sollicitus:
503 1727 577 1792 Non
601 1742 654 1808 est,
678 1727 733 1810 ait,
758 1753 870 1814 equum
892 1729 1070 1814 relinquere
1093 1751 1150 1792 noa
1172 1729 1299 1792 verbum
1323 1727 1391 1794 Dei
1410 1743 1439 1794 et
1460 1731 1643 1795 minsbtrere
1665 1733 1790 1796 oseneia
1812 1754 1916 1803 sessa.

124 1831 218 1898 Item
244 1833 315 1921 ipse
344 1834 379 1898 in
409 1833 612 1899 ordinatione
637 1832 853 1898 Clementis1:
885 1835 958 1899 Non
981 1835 1047 1900 vult
1070 1849 1107 1914 te,
1137 1833 1253 1920 inquit,
1282 1833 1427 1900 Chr-abtas
1449 1835 1600 1901 ordinare
1624 1861 1791 1902 causarum

125 1941 272 2006 iudicare
300 1943 492 2007 secularium
521 1955 577 2006 eet
605 1942 710 2006 litium
733 1943 918 2029 feretratum
948 1943 1136 2029 coquitorem
1159 1943 1242 2028 fler-i
1274 1950 1307 2005 et
1334 1951 1453 2006 cetera.
1501 1940 1599 2022 Quod
1629 1943 1656 2006 si
1683 1943 1790 2008 aiunt:

68 2073 100 2113 ss
127 2046 225 2112 ‘Non
247 2058 296 2112 est
319 2069 440 2133 equum
463 2045 666 2112 sacerdotem
682 2047 817 2112 Domini
839 2045 953 2112 relicto
976 2046 1078 2112 verbo
1094 2046 1161 2111 Dei
1183 2047 1368 2112 ministrare
1391 2048 1512 2113 mensis
1536 2058 1593 2113 aut
1615 2049 1720 2114 litium
1743 2072 1791 2114 ss·

127 2153 291 2220 cularium
314 2153 387 2218 fieri
410 2155 621 2240 cognitorem,
646 2163 767 2240 quanto
790 2153 898 2218 minus
921 2175 1041 2240 equum
1065 2164 1114 2218 est
1137 2153 1297 2218 eiusmodi
1321 2153 1434 2220 relicto
1449 2153 1551 2219 verbo
1567 2155 1633 2220 Dei
1656 2155 1790 2221 ductare

125 2260 298 2345 miliciam,
323 2262 439 2327 castris
461 2263 619 2326 interesse
642 2259 819 2347 regalibus,
843 2283 998 2347 aggerem
1022 2270 1226 2348 comportare
1250 2258 1480 2326 subvertendis
1495 2259 1642 2344 urbibus,
1666 2272 1790 2328 struere

127 2389 279 2455 perque
303 2378 335 2432 et
358 2366 535 2433 homicidia
557 2367 745 2454 frequenter
767 2367 859 2450 fiunt,
884 2389 947 2453 que
971 2368 999 2431 si
1022 2390 1081 2455 pro
1104 2378 1197 2455 parte
1227 2389 1341 2453 regum
1369 2368 1598 2454 imperantium
1628 2367 1790 2434 interdum

128 2475 216 2538 inste
240 2485 404 2560 gerantur,
429 2473 647 2540 'sacerdotem
668 2474 735 2539 Dei
759 2473 884 2539 talibus
900 2473 954 2538 vel
981 2474 1138 2538 interesse
1169 2473 1219 2538 fas
1247 2495 1312 2538 non
1341 2484 1400 2556 est,
1430 2497 1472 2539 ne
1503 2476 1607 2540 sancti
1630 2475 1792 2540 violentur
1810 2500 1888 2552 aaa.

69 2609 105 2648 ao
129 2579 274 2664 obtutus,
298 2583 362 2646 nisi
384 2581 468 2647 forte
491 2603 550 2668 pro
574 2579 763 2646 defensione
786 2581 891 2668 patrie
915 2579 957 2644 ab
981 2579 1151 2646 alienienis
1174 2580 1217 2646 ad
1233 2582 1323 2646 cives
1348 2580 1542 2646 coortandos
1566 2583 1636 2646 sius
1658 2605 1790 2669 presen-

128 2689 211 2752 tiam
234 2687 277 2753 ad
300 2699 428 2775 tempus
448 2688 627 2753 necessitas
644 2686 838 2775 expostulet,
863 2696 920 2751 aut
934 2709 993 2774 pro
1009 2686 1130 2752 divinis
1154 2685 1251 2752 rebus
1275 2687 1441 2753 incastris
1465 2687 1631 2775 regalibus
1654 2687 1790 2775 agendis

129 2805 165 2860 et
190 2795 332 2860 consiliis
356 2793 552 2860 salutaribus
580 2793 802 2860 ministrandis
826 2793 1029 2859 sacerdotem
1052 2793 1187 2858 Domini
1211 2803 1395 2858 comeatum
1418 2815 1556 2880 pergere
1579 2817 1715 2860 necesse
1739 2796 1790 2860 sit.

128 2901 222 2966 Dum
249 2901 368 2988 igitur’,
395 2903 556 2989 inquiunt,
581 2901 652 2966 ‘hec
676 2900 879 2965 divinissima
902 2899 1065 2987 euangelii
1087 2901 1249 2988 precipiat
1272 2901 1459 2983 auctoritas,
1489 2901 1573 2966 ratio
1598 2903 1789 2985 consentiat,

129 3011 311 3074 necessitas
335 3008 536 3096 expostulet:
568 3008 758 3073 dimitantur
781 3009 887 3073 cesari
911 3030 974 3094 que
999 3008 1120 3072 cesaris
1143 3017 1228 3090 sunt,
1252 3029 1294 3071 ne
1318 3004 1439 3072 talibus
1462 3007 1620 3094 implicati
1644 3009 1791 3096 episcopi

78 3143 111 3182 as
129 3115 268 3181 reddam
291 3139 358 3182 non
381 3116 506 3203 possint
528 3116 614 3198 Deo,
638 3138 702 3202 que
718 3115 784 3180 Dei
808 3125 893 3179 sunt.
940 3114 1025 3180 Nam
1048 3113 1165 3196 valde¹,
1190 3115 1291 3196 aiunt,
1316 3112 1391 3178 ‘sibi
1414 3116 1564 3202 opposita
1580 3137 1700 3180 vacare
1716 3116 1790 3182 Deo

131 3233 166 3288 et
188 3223 297 3288 seculo
327 3223 478 3288 militare.
524 3222 592 3288 Aut
615 3223 643 3286 si
666 3221 838 3309 episcopi',
870 3222 969 3303 aiunt,
995 3222 1140 3286 ‘retentis
1169 3218 1337 3307 regalibus
1360 3221 1434 3285 Deo
1465 3221 1560 3286 simul
1591 3232 1623 3286 et
1652 3223 1790 3310 imperio

129 3328 269 3394 militare
300 3339 453 3416 satagunt
483 3351 583 3416 seque
614 3328 657 3394 ad
679 3339 852 3416 utrumque
876 3350 972 3416 posse
997 3326 1147 3392 sufficere
1171 3325 1380 3410 arbitrantur,
1405 3328 1558 3414 oportet’,
1590 3330 1691 3411 aiunt,
1717 3331 1789 3394 ‘im-

129 3449 298 3524 peratores
322 3438 356 3500 in
379 3437 459 3523 ipsis
483 3458 613 3523 quoque
637 3436 800 3522 episcopis
825 3433 1014 3499 ordinandis
1038 3455 1078 3498 ac
1102 3431 1338 3498 substituendis
1360 3435 1501 3520 primum
1525 3433 1647 3500 habere
1671 3434 1788 3500 locum.

129 3543 205 3608 Non
235 3543 343 3626 enim’,
374 3544 475 3625 aiunt,
500 3543 652 3629 ‘imperio
676 3540 844 3623 condecet,
868 3551 904 3606 ut
927 3540 1045 3627 aliquis
1074 3541 1108 3604 in
1131 3540 1314 3626 principem
1345 3542 1438 3626 regni
1467 3541 1531 3605 nisi
1562 3540 1604 3606 ab
1631 3542 1702 3629 ipso
1731 3543 1788 3606 im-

85 3677 112 3718 ao
129 3661 280 3737 peratore
305 3673 348 3714 ex
371 3649 506 3714 consilio
531 3648 668 3713 aliorum
690 3648 876 3735 principum
899 3645 1109 3712 assumatur’.

236 3757 309 3822 Hec
334 3756 440 3820 ethis
464 3755 593 3837 similia,
624 3778 687 3842 que
718 3753 830 3819 inille
855 3755 1060 3819 contentione
1083 3751 1160 3817 hinc
1183 3751 1259 3817 inde
1290 3753 1333 3817 ad
1362 3752 1664 3841 alteriusutriusque
1687 3757 1788 3842 partis

131 3863 409 3929 continuationem
432 3863 485 3928 vel
508 3862 756 3927 infirmationem
781 3860 870 3926 dicta
899 3870 974 3925 sunt
996 3859 1049 3924 vel
1072 3857 1138 3923 dici
1161 3868 1346 3946 potuerunt,
1374 3859 1506 3946 longum
1530 3871 1616 3925 esset
1639 3870 1788 3926 retexere

130 3970 183 4034 vel
206 3993 270 4057 que
293 3971 405 4035 nuncii
428 3968 528 4034 medii
551 3967 694 4033 tulerunt
716 3990 755 4033 ac
779 3966 968 4032 retulerunt.
1015 3963 1171 4030 Gelasio²
1200 3987 1331 4052 nanque
1358 3989 1445 4054 papa
1467 3967 1577 4031 Remis
1601 3966 1787 4032 celebrante

131 4076 315 4160 concilium,
339 4078 535 4164 imperatore
551 4099 630 4140 vero
647 4075 803 4140 Heinrico
820 4073 990 4138 Verduni⁸
1012 4081 1165 4136 manente
1181 4093 1241 4157 per
1263 4071 1460 4137 mediatores
1483 4075 1620 4138 nuncios
1643 4097 1696 4138 res
1712 4069 1788 4161 age·

88 4182 236 4252 sabatur.
271 4183 344 4248 Hoc
369 4182 411 4248 ad
434 4205 570 4270 presens
592 4183 759 4268 negotium
783 4182 866 4246 scire
890 4181 968 4244 satis
993 4188 1051 4260 est,
1075 4179 1305 4265 imperatorem
1329 4190 1406 4243 tunc
1429 4182 1585 4266 temporis
1609 4180 1787 4246 obdurasse

130 4312 307 4373 corsuum,
331 4313 373 4356 ne
389 4289 567 4354 dimitteret
590 4288 757 4354 aecclesiis
782 4287 957 4352 electiones
980 4284 1110 4367 liberas,
1136 4286 1307 4371 episcopos
1332 4308 1461 4372 quoque
1485 4287 1603 4351 faciem
1624 4310 1715 4352 suam
1732 4287 1787 4352 ob·

130 4397 288 4479 firmasse,
318 4419 359 4460 ne
390 4397 526 4483 imperio
550 4395 674 4482 regalia
697 4395 885 4458 remitteret.
931 4392 1038 4479 Magis
1061 4414 1150 4474 vero,
1182 4390 1351 4474 dicebant,
1377 4415 1451 4479 que.
1464 4392 1563 4457 semel
1587 4393 1789 4459 sanctificata

130 4513 223 4567 erant
233 4503 388 4586 Domino,
405 4525 425 4566 a
436 4512 622 4568 sanctorum
634 4500 762 4566 dicione
779 4499 960 4565 abalienari
975 4521 1040 4563 non
1056 4521 1163 4585 posse,
1181 4496 1311 4562 dicente
1328 4521 1457 4586 quoque
1473 4498 1545 4586 lege
1563 4499 1684 4582 divina,
1701 4499 1788 4587 quod

130 4611 255 4696 siquis
278 4609 323 4691 id,
347 4609 436 4696 quod
459 4608 696 4674 sanctificatum
713 4617 762 4672 est
777 4607 930 4688 Domino,
961 4615 1087 4670 mutare
1104 4603 1252 4686 voluerit,
1278 4615 1449 4692 utrumque
1469 4628 1540 4671 esse
1557 4607 1702 4690 Domini,
1727 4608 1787 4671 sci-

84 4746 112 4784 ιο
129 4716 207 4782 licet
228 4716 263 4781 id
286 4715 374 4803 quod
394 4727 553 4780 mutatum
576 4725 625 4779 cst
641 4726 673 4779 et
688 4737 747 4801 pro
764 4736 828 4800 quo
845 4722 1003 4778 mutatum
1019 4721 1077 4776 est.
1101 4712 1166 4776 Pro
1182 4712 1262 4798 ipsis
1279 4733 1358 4775 sane
1374 4711 1539 4798 regalibus
1555 4715 1692 4802 imperio
1708 4714 1787 4779 fate-

129 4823 250 4889 bantur
273 4835 429 4890 consueta
452 4845 487 4888 se
511 4821 623 4888 debita
645 4843 880 4907 recognoscere
911 4821 1047 4905 regique
1076 4819 1198 4882 servire
1230 4816 1273 4881 ad
1297 4817 1520 4884 defensionem
1545 4843 1684 4885 coronae
1708 4843 1787 4885 suae

129 4942 260 5018 paratos
284 4953 367 5014 esse,
392 4940 548 5018 quantum
569 4951 643 4995 cum
666 4928 852 5014 integritate
876 4937 908 4991 et
931 4924 1159 4991 observatione
1184 4925 1235 4988 sui
1258 4923 1357 4988 officii
1381 4924 1535 5010 possibile
1558 4925 1651 5010 foret,
1675 4928 1787 5014 sicque

130 5061 165 5102 se
190 5039 295 5104 cesari
318 5037 503 5102 reddituros
530 5059 602 5101 esse
626 5058 689 5122 que
714 5035 835 5100 cesaris
859 5042 942 5115 sunt,
967 5042 999 5097 et
1014 5032 1088 5096 Deo
1112 5053 1174 5118 que
1198 5031 1263 5095 Dei
1287 5040 1372 5095 sunt.
1411 5031 1604 5098 Utrumnam
1628 5055 1705 5098 vero
1728 5056 1788 5121 per

130 5144 274 5210 hominia
290 5154 322 5208 et
338 5145 520 5208 iuramenta
535 5141 668 5229 regibus
685 5140 824 5228 obligari
838 5140 874 5205 id
890 5138 1091 5205 secularibus
1107 5137 1269 5224 implicari
1282 5139 1323 5202 sit
1334 5141 1484 5225 negotiis,
1501 5141 1588 5227 quod
1604 5143 1638 5204 in
1650 5140 1786 5227 apostoli

85 5277 112 5316 ss
130 5251 225 5315 Pauli
239 5250 350 5315 verbis
365 5250 600 5337 reprehensum
615 5250 649 5314 in
665 5246 890 5314 sacerdotibus
906 5258 964 5328 est,
988 5247 1052 5333 ipsi
1068 5245 1203 5309 Domini
1219 5244 1408 5309 sacerdotes
1425 5257 1457 5309 et
1473 5247 1620 5332 episcopi
1636 5246 1785 5330 viderint,

237 5387 265 5452 a)
287 5389 446 5456 reprobavit
463 5407 500 5450 c.,·
521 5405 566 5440 aas.
587 5387 646 5439 Set.

240 5508 269 5578 1)
296 5507 345 5580 Os.
364 5505 511 5566 Olaneatis
534 5507 613 5584 epist.
638 5507 662 5578 1,
687 5527 710 5564 c.
729 5506 758 5575 4,
783 5504 937 5562 Hiascdius
954 5523 987 5579 p.
1007 5502 1057 5558 32.
1161 5501 1191 5572 2)
1219 5501 1372 5561 Oorzcilium
1396 5503 1533 5561 Renease
1556 5523 1585 5561 a.
1606 5503 1699 5574 1119,
1726 5502 1785 5562 Oct.

130 5635 186 5674 non
212 5613 354 5686 Gelenius,
384 5615 436 5672 secl
459 5611 587 5672 Callatim
610 5614 650 5671 ΙΙ.
683 5612 839 5671 celebravit.
954 5609 983 5676 3)
1010 5608 1133 5686 Lapatia
1150 5627 1251 5684 papae
1274 5609 1336 5686 rapi
1365 5609 1438 5668 inter
1460 5609 1615 5668 Virdunum
1640 5620 1666 5668 et
1689 5609 1786 5668 Metire

131 5721 286 5780 occurrisse
308 5719 446 5788 Heronio
468 5719 568 5777 relatio
592 5721 626 5778 de
649 5718 764 5777 canalio
787 5716 921 5775 Remensi
942 5723 1056 5786 namet,
1079 5735 1170 5790 supra
1188 5735 1221 5791 p.
1240 5714 1292 5771 23.

201 5841 302 5894 Libelli
322 5843 355 5892 de
376 5840 432 5892 lite.
465 5841 519 5891 111.
1539 5841 1573 5890 43
