4568 6428
821 444 873 497 DE
900 441 1190 497 mussolento.
1789 429 1831 490 45

180 627 298 690 missas
322 626 498 710 celebrant,
528 629 592 694 alte
621 641 764 711 cantant,
796 628 917 714 legunt,
949 627 1157 714 psallunt⁸?’
1204 626 1308 690 Audi:
1341 627 1407 690 Suo
1432 625 1572 706 domino,
1605 624 1728 688 seilicet
1749 621 1831 685 ‘dia-
1851 646 1943 687 θην.
2020 676 2023 682 .

180 732 267 798 bolo.
315 735 429 799 Omnis
452 757 604 822 namque,
629 738 684 822 qui
708 736 788 800 facit
811 747 994 821 peccatum,
1026 733 1160 798 servusb
1188 735 1420 820 estpeeeati1.
1468 733 1511 796 Et
1534 755 1554 796 a
1576 753 1641 818 quo
1666 731 1738 816 quis
1761 730 1830 792 vin-

181 842 276 918 citur,
308 841 393 904 illius
424 851 475 905 ete
505 865 619 906 servus
649 841 799 907 efficitur.
847 842 912 906 Sed
936 843 999 928 ipsi
1024 865 1044 905 a
1068 842 1181 928 spiritu
1206 841 1428 904 fornicationis
1453 839 1530 903 victi
1556 849 1631 902 sunt
1654 849 1687 901 et
1711 838 1741 900 ei
1765 847 1832 900 toto

182 947 282 1010 corde
307 948 461 1012 serviunt.
508 948 613 1034 Igitur
636 972 700 1012 non
725 949 845 1013 Christi
869 949 1018 1029 ministri,
1051 948 1109 1012 sed
1140 949 1272 1033 spiritus
1302 947 1524 1010 fornicationis
1549 946 1634 1008 servi
1659 955 1743 1007 sunt.
1790 943 1832 1006 Et

146 1054 327 1140 equandiu
351 1056 419 1118 eius
445 1054 610 1118 dominio‘¹
638 1057 793 1136 serviunt,
819 1055 948 1120 Christo
973 1056 1096 1118 servire
1121 1077 1185 1118 non
1208 1065 1370 1140 poterunt.
1406 1051 1505 1116 Casto
1529 1064 1637 1116 autem
1661 1052 1743 1115 casti
1767 1073 1831 1114 ser-

182 1161 251 1223 vire
276 1159 405 1225 debent.
453 1161 551 1242 Quod
574 1163 627 1226 isti
651 1163 684 1226 in
708 1162 869 1226 aecclesia
893 1173 1026 1225 cantant
1050 1161 1103 1225 vel
1127 1161 1248 1246 legunt,
1280 1170 1414 1246 propter
1440 1158 1565 1222 lucrum
1595 1167 1670 1222 aut⁰
1700 1167 1833 1243 propter

182 1268 371 1331 iactantiam
394 1268 528 1332 faciunt.
574 1269 618 1332 Et
646 1269 707 1332 hoc
731 1291 795 1332 non
819 1281 868 1332 est
892 1267 1013 1332 Christi
1044 1269 1194 1348 servitus,
1226 1266 1285 1330 sed
1308 1266 1431 1330 clamor
1455 1277 1487 1329 et
1511 1267 1664 1351 strepitus
1688 1264 1761 1328 Deo
1785 1264 1831 1326 in·

181 1373 293 1437 festus.
340 1373 384 1437 At
415 1374 578 1460 inquiens:
611 1376 737 1439 ‘Nonne
762 1387 876 1440 sancta
899 1374 1002 1438 verba
1025 1373 1071 1438 ibi
1096 1373 1305 1438 recitant⁸?'
1352 1371 1456 1436 Audi:
1488 1371 1526 1435 In
1558 1372 1619 1436 hoc
1648 1371 1754 1457 magis
1784 1371 1832 1434 rei

181 1494 269 1560 sunt,
304 1504 378 1544 cum
413 1481 477 1545 sibi
514 1493 635 1546 temere
670 1484 827 1546 iustorum
863 1481 1006 1546 officium
1041 1493 1208 1567 usurpant.
1266 1481 1433 1544 Peccatori
1467 1476 1570 1544 eoiml
1609 1479 1694 1543 distr
1727 1479 1834 1542 Deus:
1852 1501 2010 1568 raram-rs.

132 1614 160 1649 ro
180 1588 299 1665 ‘Quare
322 1603 354 1652 tu
378 1615 510 1653 enarres
536 1593 673 1654 rhetitius
697 1616 781 1654 roseus
804 1605 832 1654 et
854 1592 990 1654 assumis
1013 1603 1222 1652 tentamentum
1254 1613 1354 1651 reserem
1378 1613 1440 1674 per
1464 1611 1498 1650 os
1521 1586 1630 1650 tuum?
1681 1585 1728 1650 Tu
1760 1609 1832 1648 evoro

179 1695 280 1759 odrhti
307 1695 515 1781 discpilinam
546 1712 574 1760 et
596 1700 768 1783 prot'eeisti
794 1721 949 1760 sermones
981 1721 1061 1760 rocos
1092 1711 1269 1758 retrorsum.
1319 1695 1460 1758 Fortibus
1482 1695 1689 1758 co-rreurretas
1711 1707 1741 1756 et
1763 1716 1832 1756 cum

179 1802 335 1865 adulteris
352 1805 532 1888 portionem
555 1800 657 1868 tuomi
677 1804 846 1890 porrebos'.
895 1803 983 1866 Ecce
1007 1800 1133 1865 furibus
1157 1811 1189 1864 et
1212 1800 1366 1865 adulteris
1391 1797 1575 1862 socianturl
1603 1798 1716 1862 divirm
1739 1821 1831 1878 voce,

179 1930 262 1994 quos
293 1907 375 1972 dicis
408 1907 546 1972 altisona
570 1932 651 1974 voce
675 1909 815 1995 legendo
839 1909 893 1973 vel
916 1906 1066 1973 canendo
1096 1908 1130 1971 in
1161 1907 1322 1972 aeeclesia
1345 1907 1418 1970 Deo
1450 1907 1583 1970 servire.
1631 1903 1714 1969 Cum
1746 1905 1831 1968 eninr

179 2013 346 2078 luxuriose
371 2017 486 2080 vivunt
511 2027 542 2080 et
565 2017 688 2080 monita
712 2018 944 2103 scripturarum
976 2015 1170 2101 despiciunt,
1201 2025 1359 2100 quantum
1389 2014 1421 2076 in
1450 2013 1529 2099 ipsis
1554 2023 1612 2094 est,
1641 2010 1743 2075 verba
1768 2011 1831 2074 Dei

133 2145 159 2184 rs
180 2122 403 2207 coinquinant,
428 2121 505 2186 dum
529 2146 569 2187 ea
591 2123 726 2210 polluta¹
746 2135 853 2188 mente
878 2135 910 2186 et
934 2123 1134 2186 conscientia
1157 2122 1191 2184 in
1215 2120 1377 2184 aecclesia
1400 2119 1547 2183 recitant.
1582 2118 1697 2204 Itaque
1722 2117 1832 2182 videa-

180 2251 263 2308 mus,
288 2228 397 2314 quid¹¹1
422 2231 463 2292 sit
486 2230 700 2294 ministerium
727 2231 869 2294 *eoruml
916 2231 982 2292 l'er
1004 2228 1076 2310 hoc,
1103 2227 1190 2314 quod
1214 2238 1365 2292 sacrata¹²
1389 2226 1461 2290 loca
1483 2224 1719 2311 ingrediuntur,
1740 2223 1831 2288 Chri-
1850 2250 1931 2292 ·r.us.

180 2345 266 2397 stum
291 2347 472 2399 scrutantes
502 2349 725 2422 persecuntur.
772 2337 837 2400 Per
866 2336 929 2400 hoc
959 2348 1079 2416 erstem,
1110 2333 1199 2420 quod
1229 2357 1338 2398 sacras
1362 2347 1471 2397 vestes
1501 2331 1640 2396 induunt
1663 2330 1714 2394 vcl
1739 2353 1832 2396 sacra

179 2463 263 2504 vasa
292 2453 429 2527 tangunt
438 2453 461 2523 ⁰,
491 2441 619 2506 Christo
650 2443 809 2506 violentes
840 2466 955 2507 manus
985 2443 1155 2506 iniciuntr.
1201 2441 1267 2505 Per
1297 2440 1357 2504 hoc
1388 2463 1477 2520 vero,
1509 2438 1597 2525 quod
1627 2438 1833 2525 impudenter

181 2547 299 2612 offerre
323 2560 522 2634 presumunt,
548 2549 713 2614 Christmn
737 2549 976 2636 quodammodo
993 2547 1165 2613 visibiliter
1188 2549 1220 2611 in
1245 2548 1338 2612 altari
1363 2546 1566 2632 crucifigunt.
1612 2545 1717 2631 Igitur
1740 2546 1831 2608 mini-

131 2657 316 2719 sestarium
340 2678 451 2719 eorum
476 2655 597 2720 Christi
620 2658 815 2742 persecutio,
840 2658 938 2720 immo
962 2655 1132 2721 crucifixio
1156 2654 1348 2740 appellatur.

641 2837 693 2900 23.
736 2835 796 2898 De
828 2836 1031 2899 castitate
1063 2833 1359 2920 apostolorum.

289 2956 519 3022 Sacerdotibus
550 2959 730 3024 aecclesiae
761 2959 908 3024 illicitum
936 2982 1007 3023 esse
1031 2981 1151 3023 uxores
1175 2957 1305 3038 ducere,
1337 2956 1457 3021 docent
1480 2956 1632 3042 exempla
1654 2957 1831 3042 primorum

181 3063 362 3127 aecclesiae
386 3065 602 3148 sacerdotum,
622 3066 777 3130 videlieet
800 3066 1019 3152 apostolorum
1043 3076 1076 3129 et
1091 3067 1234 3129 omniurn
1259 3062 1301 3128 ab
1318 3065 1365 3127 eis
1390 3062 1621 3144 ordinatorum,
1647 3064 1702 3148 qui
1719 3085 1831 3126 omnes

182 3182 305 3234 castam
328 3172 429 3235 vitam
453 3172 648 3255 duxerunt²,
680 3175 764 3236 sicut
794 3172 836 3237 ab
866 3175 938 3259 ipso
966 3195 1090 3237 summo
1119 3171 1289 3236 sacerdote
1318 3171 1455 3234 sorruam
1479 3181 1686 3255 acceperunt.
1734 3168 1830 3249 Quod

134 3303 162 3342 ss
181 3287 312 3341 autemq
343 3279 505 3364 opponitis
537 3280 717 3366 apostolum
748 3278 898 3344 omnibus
927 3280 1005 3342 viris
1036 3278 1176 3342 dixisse:
1212 3279 1430 3364 Unusquisque
1461 3301 1587 3341 uxorem
1619 3278 1739 3357 tabent,
1770 3275 1831 3340 hoc
1851 3301 1983 3351 neonus.

181 3383 306 3447 solumr
331 3384 422 3448 laicis
447 3408 521 3449 eum
538 3385 738 3451 concessisse
762 3385 868 3450 nullus
893 3387 1052 3472 ignorat⁸,
1078 3387 1133 3472 qui
1157 3387 1298 3449 tenuiter
1313 3384 1408 3448 Pauli
1432 3382 1585 3469 epistolas
1609 3383 1756 3469 legerit¹.
1792 3383 1831 3446 In

181 3492 346 3576 primitiva
374 3515 516 3577 namque
545 3493 706 3556 aecclesia
729 3515 850 3574 ornnes,
882 3495 938 3578 qui
968 3493 1011 3556 ad
1040 3492 1138 3557 tidem
1163 3491 1447 3572 convertebantur,
1472 3489 1609 3578 celibem
1635 3502 1667 3553 et
1690 3512 1830 3553 commu-

182 3620 255 3660 nem
280 3599 379 3661 vitam
405 3597 538 3662 duxisse
563 3621 657 3663 sacra
681 3600 874 3664 auctoritate
899 3599 1160 3685 comprobaturu.

715 3762 767 3822 24.
810 3761 869 3823 De
901 3759 1105 3824 laicorum
1134 3759 1292 3844 regula.

135 3911 163 3948 ao
289 3881 379 3962 Quos
404 3881 563 3946 Corinthii
593 3884 659 3946 iarn
690 3907 749 3969 per
770 3884 909 3948 Pardum
938 3885 1087 3948 conversi
1116 3907 1189 3948 eum
1212 3883 1332 3947 imitari
1355 3882 1487 3964 vellent,
1519 3881 1652 3967 quidam
1676 3903 1831 3945 eoruma

181 3988 318 4052 sathana
334 3990 483 4075 temptati
506 3991 541 4053 in
556 4000 679 4054 tantam
702 3989 872 4054 libidinem
897 3991 1040 4078 prolapsi
1065 4001 1149 4072 sunt,
1174 4003 1210 4054 ut
1225 3991 1323 4054 etiam
1341 4012 1414 4053 curn
1430 3989 1580 4052 novercis
1604 3989 1671 4052 suis
1696 3989 1829 4052 coirent.

180 4093 356 4180 Apostolus
380 4097 489 4182 itaque
513 4097 546 4160 in
564 4095 688 4183 Spiritu
704 4108 817 4161 sancto
841 4096 1040 4184 previdensv
1063 4096 1323 4161 multitudinemv
1347 4097 1514 4182 gentiumq
1537 4095 1637 4159 fidem
1659 4105 1830 4182 perceptu-

181 4223 250 4265 ram
274 4213 306 4266 et
329 4203 485 4266 castitatis
509 4205 710 4290 propositum
734 4205 866 4268 minime
891 4215 1104 4284 servaturam,
1129 4215 1165 4268 ut
1187 4205 1310 4290 peritus
1326 4201 1472 4267 medicus
1489 4201 1938 4285 animamm,‘v0lens·r.11s.

181 4309 214 4371 in
238 4307 298 4372 boc
323 4308 446 4372 mederi
470 4310 647 4374 infirmitati
672 4333 794 4392 comm,
826 4313 987 4376 concessit
1017 4312 1064 4375 eis
1094 4312 1190 4374 mrius
1218 4311 1329 4374 uxoris
1354 4311 1550 4374 consortium
1575 4308 1617 4373 ob
1642 4307 1830 4372 evitandum

134 4442 161 4481 ss
180 4414 403 4479 fomicationis
434 4417 651 4503 precipitium.
699 4417 783 4481 Nam
807 4440 940 4481 causam
964 4417 1133 4482 subiunxit
1162 4417 1292 4481 dicens:
1324 4418 1441 4482 Melius
1472 4415 1521 4502 (id
1545 4427 1594 4479 est
1617 4414 1736 4503 levius)
1767 4440 1830 4479 esse
1851 4439 1983 4489 acorna.

180 4521 344 4608 legitimae
368 4525 463 4587 uxori
487 4527 610 4605 trahe-re,
641 4550 737 4610 qrtoor
762 4528 823 4606 uri,
853 4524 888 4588 id
912 4537 961 4588 est
984 4525 1250 4610 concupiscentia
1272 4523 1452 4588 alienarum
1475 4521 1647 4586 mulierum
1672 4522 1829 4586 consumi.

181 4627 225 4730 Elt
240 4629 328 4714 quod
351 4630 412 4694 hoc
436 4629 512 4694 solis
535 4629 627 4695 laicis
645 4632 853 4712 concesserit,
878 4641 1014 4695 testatur
1037 4630 1102 4695 alia
1125 4630 1272 4716 epistola,
1297 4653 1394 4716 quam
1411 4629 1538 4693 illorum
1555 4628 1716 4692 sacerdoti
1732 4628 1829 4691 misit.

685 4812 737 4874 25.
780 4809 839 4873 De
869 4809 1018 4896 regula
1048 4807 1325 4873 sacerdotum.

287 4931 477 4996 Timotheus
505 4934 624 4996 etenim
647 4933 775 4998 illorum
799 4935 972 5020 episcopus
996 4945 1076 5015 erat,
1101 4936 1154 4998 cui
1178 4935 1212 4997 in
1235 4933 1301 4997 alia
1324 4932 1461 5019 epistola
1485 4933 1677 5018 scripserat:
1706 4933 1832 5018 Oportet
1850 4955 1989 5004 ronnas

134 5067 163 5105 ro
180 5040 360 5124 episcopum
383 5065 447 5103 esse
471 5041 806 5126 irreprehensibilem:
833 5045 925 5106 unius
949 5044 1058 5106 rasoris
1074 5044 1187 5106 sirum.
1227 5040 1317 5103 Inter
1333 5040 1523 5125 episcopum
1546 5050 1579 5102 et
1602 5036 1829 5124 presbyterum

288 5219 315 5282 al
337 5220 466 5286 psalteria
487 5223 519 5270 A.
585 5219 612 5278 h)
634 5221 784 5273 servilist'.
849 5221 875 5285 c)
896 5224 962 5273 ‹laecst
981 5225 1015 5273 D.
1083 5223 1111 5285 d)
1135 5224 1207 5275 dfiuo
1227 5242 1290 5274 cerr.
1310 5224 1374 5273 dr'rio
1394 5223 1434 5285 A;
1454 5223 1564 5273 domino
1584 5221 1618 5270 D.
1684 5217 1709 5280 θ)
1731 5219 1774 5270 νθΙ
1795 5220 1830 5270 D.

180 5311 349 5374 t)inq11iens
369 5309 402 5359 B.
466 5311 494 5375 g)
517 5313 667 5361 recitantur
686 5312 720 5360 D.
787 5309 815 5373 h)
838 5321 929 5364 antem
949 5313 982 5362 A.
1055 5315 1075 5372 i)
1096 5313 1162 5364 deest
1181 5315 1214 5362 A.
1288 5311 1317 5370 k)
1340 5313 1512 5362 associentur
1532 5310 1564 5359 Β.
1639 5307 1658 5368 Ι)
1680 5308 1829 5375 pullutaC.

181 5401 218 5458 m)
241 5399 313 5462 quod
333 5399 366 5448 A.
421 5397 450 5460 n)
472 5416 550 5450 sacra
569 5399 602 5449 B.
657 5397 686 5462 o)
708 5399 751 5452 vel
773 5419 793 5451 .
807 5419 832 5451 v.
852 5408 970 5466 tangunt
986 5402 1037 5452 cles.
1051 5403 1083 5452 B.
1098 5403 1132 5451 I).
1190 5402 1219 5468 p)
1241 5404 1298 5452 init.
1319 5401 1398 5450 AB.
1455 5397 1483 5464 q)
1503 5399 1611 5449 wart:
1666 5396 1689 5460 r)
1711 5398 1777 5449 solis
1796 5398 1829 5448 B.

181 5491 206 5548 s)
228 5489 356 5551 ignorant
373 5505 435 5538 urrr.
452 5489 564 5539 radendo
582 5490 691 5554 ignorat
706 5490 732 5540 C.
806 5487 827 5552 t)
850 5489 955 5556 legerat
975 5491 1007 5540 B.
1081 5488 1110 5552 u)
1132 5492 1344 5557 comprobantur
1357 5489 1390 5539 B.
1463 5487 1491 5550 v)
1513 5488 1639 5538 litterate
1661 5485 1827 5553 (previdens)

136 5583 163 5621 to
180 5585 204 5626 et
225 5575 231 5624 l
255 5573 478 5634 (multitudinem)
504 5595 594 5628 uranus
612 5579 738 5640 recentior,
765 5587 794 5628 ut
812 5579 917 5640 ridetur,
943 5579 994 5630 alie
1011 5589 1150 5630 acoemeto
1168 5581 1265 5645 alioque
1282 5579 1359 5629 ‹lrrctu
1378 5577 1527 5629 restauravit
1548 5577 1574 5626 (A.
1672 5574 1707 5637 w)
1729 5578 1828 5641 inrepr.

182 5681 242 5714 esse
264 5665 291 5714 t'.

293 5791 320 5862 1)
346 5791 394 5864 tr.
420 5793 501 5852 aaa
528 5794 556 5866 a,
574 5793 623 5850 re.
716 5794 747 5864 2)
774 5793 822 5867 er.
850 5797 951 5853 eraso.
978 5797 1082 5866 e,14,·
1109 5798 1135 5853 1.
1155 5795 1220 5854 oa.
1247 5797 1276 5866 e,
1291 5796 1320 5852 5.
