4478 6396
450 392 515 454 240
743 397 923 453 GERHOHI
946 395 1179 452 PRAEPOSITI
1202 395 1609 455 REICHERSBERGENSIS
1632 397 1798 454 LIBELLI.

450 585 584 651 Romam
606 599 732 650 uocatus
755 588 830 664 estl,
855 599 888 650 nt
910 585 948 650 de
971 587 1159 671 quaestione,
1184 609 1246 670 qua
1269 599 1348 650 totus
1370 585 1505 650 mundus
1528 601 1663 673 tempore
1685 587 1865 651 schismatis
1880 584 1972 649 Petri
1985 583 2107 646 Leonis

451 694 638 772 movebatur,
661 692 869 779 responderet.
908 689 986 756 Cum
1003 693 1101 778 iqitur
1116 691 1162 754 od
1175 693 1357 756 sententiam
1371 716 1461 756 meam
1470 692 1674 778 probandam
1693 692 1808 757 multas
1818 705 1950 778 patrum
1965 691 2108 755 auctori-

449 813 524 864 tates
548 800 716 887 coiiiqeret,
740 823 802 864 non
826 799 917 863 modo
937 797 1070 862 Walteri
1090 799 1326 884 archiepiscopi
1338 797 1533 864 Rauennatis
1548 814 1577 864 et
1592 799 1771 864 Heimerici
1792 799 1984 863 concelbarii
1997 819 2107 860 assen-

448 929 517 970 eum
526 910 549 986 ²,
578 905 636 972 sed
656 919 686 971 et
709 905 887 970 innocentii
908 904 954 968 H.
979 907 1131 992 fauorem
1161 904 1293 991 adeptos
1316 919 1369 984 est,
1400 907 1459 991 qui
1481 905 1660 970 Gmbobum
1685 907 1798 970 litteris
1826 903 1974 969 Conrado
2000 901 2107 966 Solis·

449 1013 598 1100 burqensi
624 1013 863 1098 archiepiscopo
893 1011 1150 1076 commutarat
1197 1010 1365 1076 Bernardi
1392 1025 1493 1076 auum
1523 1013 1655 1092 abbatis,
1687 1015 1777 1076 euius
1803 1035 1964 1076 assensum
1987 1011 2141 1073 summis

449 1119 589 1199 babebat,
612 1143 674 1184 non
683 1119 791 1205 potuit
813 1120 982 1208 impetrare
1005 1119 1297 1204 comprobationem,
1320 1141 1390 1182 cum
1410 1117 1656 1183 Clareoailensis
1678 1121 1713 1182 in
1729 1133 1790 1182 tarn
1810 1121 1908 1203 qraoi
1928 1142 1962 1180 re
1986 1131 2108 1180 corbem

450 1225 606 1291 iudicium
629 1238 778 1291 renueret.
815 1223 924 1310 Neque
946 1225 981 1288 in
1004 1226 1096 1288 curia
1112 1222 1343 1312 Bamberqensi
1362 1250 1391 1288 a.
1409 1225 1504 1304 1135,
1528 1249 1630 1289 mense
1646 1224 1777 1304 Martio,
1802 1226 1920 1304 babitu,
1944 1226 2002 1287 cni
2022 1237 2108 1286 ute-r-

449 1357 508 1418 que
523 1334 632 1412 astitit,
651 1331 777 1398 Gerbob
797 1333 989 1396 occasionem
1013 1333 1140 1410 invenit,
1165 1346 1198 1394 nt
1219 1333 1359 1396 abbatem
1377 1331 1655 1420 Francoqaiiicum
1678 1332 1724 1396 ad
1737 1357 1812 1396 suas
1821 1346 1933 1418 portes
1956 1331 2108 1394 babuco.

452 1437 523 1517 Qua
538 1439 576 1504 de
592 1463 688 1504 causa
705 1440 916 1524 quaestionem
939 1439 1031 1502 iibtm
1053 1439 1161 1502 muitr's
1183 1440 1421 1503 auctoritatibus
1442 1441 1531 1502 nibus
1555 1441 1588 1503 in
1604 1463 1683 1503 noco
1707 1440 1854 1525 oprmcuio
1871 1453 2008 1502 tractare
2032 1461 2107 1500 con·

448 1547 558 1626 stimit,
588 1546 674 1631 quod
704 1545 844 1610 libellum
875 1544 925 1610 ‘ds
948 1569 993 1624 eo,
1024 1544 1110 1631 quod
1124 1547 1279 1632 princeps
1301 1545 1416 1610 mundi
1436 1545 1529 1610 buius
1553 1548 1619 1610 iam
1643 1545 1802 1610 iudicatus
1824 1545 1881 1612 sit'
1906 1547 2107 1610 nominans-m
2128 1564 2154 1604 ro

449 1652 619 1718 Bernardo
635 1653 738 1739 paud)
755 1665 832 1738 post
853 1665 1032 1716 oonoennem
1056 1651 1148 1716 ibium
1170 1653 1354 1717 transmisit.
1409 1651 1473 1716 Ubi
1500 1653 1600 1717 denuo
1630 1676 1750 1716 summo
1776 1652 1881 1716 studio
1904 1665 2107 1716 sacramenta

449 1759 675 1824 baereticorum
697 1761 787 1824 omni
807 1760 919 1823 virtute
942 1781 1050 1824 carere
1065 1759 1181 1846 fusius
1203 1761 1347 1844 esposuit
1355 1761 1376 1822 ⁴.

559 1864 626 1944 Quo
650 1867 685 1930 in
707 1879 842 1930 tractatu
864 1864 983 1930 edendo
1006 1865 1082 1930 baec
1103 1866 1193 1930 nobis
1209 1879 1340 1952 praesto
1356 1865 1455 1952 suere
1477 1866 1641 1930 subsidia:

558 1971 591 2058 1)
621 1971 728 2038 (leden
750 1972 1142 2060 Kiaqensurtensie,
1172 1970 1264 2060 Perq.
1288 1971 1329 2035 X.
1359 1975 1510 2059 siqnanrs,
1542 1974 1599 2038 ubi
1619 1973 1654 2060 s.
1680 1975 1732 2037 81.
1764 1974 1890 2038 libellus
1919 1987 2024 2036 noster
2055 1975 2106 2034 iu-

449 2081 536 2167 cipit.
585 2078 719 2144 Praebet
734 2081 880 2166 priorem
902 2080 1109 2144 recensionem
1134 2103 1241 2143 versus
1252 2080 1353 2166 finem
1369 2081 1545 2166 praecipue
1568 2081 1608 2144 ab
1631 2081 1709 2144 aiis's
1733 2080 1893 2144 codicibus
1917 2079 2105 2164 discrepan-
2125 2098 2150 2137 n

449 2201 518 2264 tem,
546 2187 585 2250 ab
609 2200 734 2250 auctore
757 2187 838 2273 ipm,
864 2187 932 2250 nisi
945 2185 1066 2273 failor,
1085 2188 1241 2272 scriptam
1264 2199 1293 2250 et
1314 2200 1492 2251 correctam.
1540 2185 1670 2251 Primos
1693 2187 1732 2251 dc
1755 2187 1861 2251 codice
1885 2188 1948 2274 eqit
1969 2185 2105 2263 Jaicscb,

452 2293 703 2380 ‘Mittbeiionqen
726 2291 780 2357 des
803 2291 945 2356 Instituta
961 2294 1028 2379 fiir
1050 2292 1302 2360 bsterreicbiscbe
1320 2291 1690 2382 Gescbicbtsforscbunq’
1717 2291 1770 2372 VI,
1788 2317 1824 2379 p.
1844 2294 1907 2356 254
1924 2317 1991 2378 sqq.
2029 2291 2104 2378 Ipse

451 2401 576 2464 contuli.

557 2504 591 2591 2)
620 2505 728 2570 (iodea
757 2503 789 2571 6.
814 2505 1046 2571 Arcdomari
1072 2531 1120 2570 nr.
1146 2507 1243 2586 261⁵,
1273 2507 1350 2571 mbr.
1377 2507 1422 2586 4⁰,
1448 2507 1512 2570 295
1535 2507 1609 2592 foi,
1635 2531 1715 2571 saec.
1741 2505 1822 2588 ΧΙΙ,
1852 2507 2099 2592 fille-174,

451 2637 541 2698 quern
560 2615 688 2699 primus
713 2611 753 2678 G.
771 2612 890 2699 Httffer
914 2615 947 2677 in
972 2613 1054 2677 iibro
1077 2635 1151 2676 esso:
1174 2612 1253 2678 ‘Der
1276 2613 1390 2700 beiiiqe
1407 2613 1574 2678 Bernard'
1595 2637 1628 2700 p.
1647 2614 1712 2677 203
1736 2616 1771 2677 in
1794 2637 1868 2676 usos
1892 2615 1991 2677 oertit.
2029 2612 2103 2699 Ipse
2121 2633 2147 2672 ro

451 2719 656 2808 Arqentoroti
677 2720 802 2784 contuli.
851 2719 915 2784 Hic
938 2720 1071 2784 aiteram
1094 2721 1301 2784 recensionem
1325 2721 1467 2799 continet,
1490 2745 1585 2805 quam
1608 2723 1702 2785 etiam
1719 2721 1888 2805 praebuit:

557 2825 591 2912 3)
621 2824 729 2890 Oodeoc
751 2826 990 2904 Dunensis⁶‚
1014 2826 1107 2890 bodie
1131 2826 1312 2912 deperditam
1335 2839 1364 2890 et
1378 2828 1501 2913 primis
1515 2828 1619 2914 foliis
1642 2827 1814 2907 destinatus,
1838 2851 1928 2912 quem
1947 2825 2102 2908 Martene,

456 2931 635 2997 Thesaurus
665 2957 763 2997 noorte
792 2933 1010 2996 anecdotorum
1036 2946 1054 2997 t.
1077 2932 1111 3012 V,
1136 2933 1444 2996 (07.1459-1496.
1469 2936 1612 2998 emansit.
1663 2932 1761 3010 Quam
1791 2934 1958 2998 editionem
1981 2933 2102 3020 Miqne,

451 3038 635 3126 Patroioqio
659 3040 711 3104 iot.
738 3053 756 3102 t.
779 3041 851 3118 194,
876 3040 1185 3103 6071335-1372
1212 3041 1346 3104 iteravit.

578 3163 867 3250 Arqentorati,
891 3189 920 3228 a.
942 3165 1036 3243 1895,
1060 3188 1161 3228 mense
1184 3163 1287 3229 Innio.
1747 3165 1785 3228 E.
1813 3163 2009 3230 SAGKUR.
2121 3185 2146 3222 rs

556 3409 776 3500 B[ernardo]⁸
801 3409 982 3475 venerabili
1006 3409 1101 3474 Clare
1125 3411 1250 3476 Vallisl’
1275 3411 1387 3476 abbati
1411 3411 1511 3477 frater
1535 3411 1710 3478 Grerhoehc
1736 3413 1870 3477 salutem
1901 3414 1935 3476 in
1959 3410 2100 3477 Christo.

450 3519 489 3583 In
520 3518 611 3583 ouria
640 3516 934 3603 Bobenbergensi⁷
963 3540 1028 3582 non
1059 3528 1203 3604 poteram
1235 3518 1445 3585 desiderabili
1475 3521 1641 3606 presentia
1671 3529 1726 3584 tua
1756 3519 1851 3601 fruit,
1882 3530 1978 3606 prout
2001 3519 2100 3584 volui.

451 3625 536 3690 Nam
566 3624 765 3711 impediente
796 3645 968 3688 causarum
998 3623 1136 3688 tumultu
1166 3624 1207 3689 de
1238 3626 1346 3691 multis
1376 3649 1482 3712 pauca
1506 3637 1666 3691 venerunt
1694 3627 1727 3690 in
1759 3629 1971 3713 questionem,
2004 3649 2102 3713 super

450 3731 568 3820 quibus
598 3742 687 3797 tuam
717 3741 889 3818 paternam
918 3730 1147 3796 desiderabam
1176 3734 1431 3820 responsionem,
1461 3744 1497 3798 ut
1526 3735 1607 3798 meis
1637 3732 1944 3819 interrogationibus
1972 3735 2101 3819 tuisque

448 3837 715 3925 responsionibus
745 3838 887 3902 invicem
917 3836 1041 3902 collatis
1072 3848 1169 3925 atque
1200 3839 1242 3903 ad
1264 3863 1362 3903 unam
1392 3839 1522 3904 finalem
1553 3863 1685 3904 caeream
1717 3839 1898 3904 dilectionis
1929 3840 2040 3904 relatis
2067 3841 2101 3905 id
2120 3861 2145 3900 so

449 3946 556 4032 ipsum
586 3968 701 4032 sapere
731 3955 828 4031 atque
859 3944 894 4009 id
924 3946 1031 4032 ipsum
1055 3944 1164 4009 dicere
1194 3968 1376 4032 possumus,
1408 3946 1511 4011 donec
1535 3947 1627 4011 Deus
1651 3947 1821 4029 revelaret,
1853 3948 1880 4010 si
1905 3946 1984 4033 quid
2008 3947 2101 4011 aliter

556 4161 583 4225 a)
604 4165 712 4214 Domno
732 4164 762 4214 B.
783 4166 807 4214 2.
880 4159 908 4224 1))
931 4161 1120 4214 clarevallensi
1140 4167 1164 4215 2.
1238 4160 1264 4226 c)
1284 4164 1411 4217 Gerulfus
1431 4167 1455 4216 2.
1529 4163 1557 4226 d)
1578 4165 1682 4232 pertrui
1701 4167 1724 4216 2.

560 4359 588 4431 1)
614 4361 749 4420 Libellum
772 4363 807 4419 de
830 4380 861 4419 eo
884 4369 933 4442 etc.
965 4362 1051 4434 infra
1068 4383 1101 4438 p.
1120 4363 1201 4434 272,Ι
1234 4363 1336 4422 Coram.
1369 4364 1464 4440 inps.
1483 4362 1533 4435 64,
1559 4385 1582 4421 c.
1603 4363 1674 4436 147,
1707 4365 1806 4442 Miqne
1829 4375 1847 4422 t.
1868 4365 1939 4436 194,
1965 4367 2015 4423 ool.
2042 4365 2100 4436 99,-

453 4467 537 4526 Liber·
566 4477 666 4526 contra
696 4469 768 4526 duas
799 4469 908 4526 berescs
937 4469 972 4526 ib.
1004 4477 1022 4525 t.
1045 4469 1116 4540 193,
1148 4473 1197 4528 col.
1219 4469 1319 4527 1170:
1352 4472 1406 4527 Ast
1437 4491 1499 4526 oum
1528 4479 1640 4544 postea,
1671 4474 1837 4528 consulente
1863 4474 2018 4528 venerabili
2041 4474 2100 4528 viro

452 4577 598 4633 Bernardo
615 4574 819 4634 clarevallensi
842 4577 958 4645 abbate,
983 4579 1018 4632 ad
1042 4578 1145 4635 beatae
1168 4579 1370 4635 recordationis
1393 4597 1494 4651 papam
1512 4579 1708 4636 Innocentium
1731 4585 1848 4634 vocatus
1870 4581 2011 4636 venissem
2035 4587 2101 4650 etc.,·
2120 4599 2146 4637 sc

455 4681 545 4758 Epist.
571 4681 623 4751 21,
656 4681 756 4760 Meque
779 4691 796 4738 t.
819 4682 890 4752 193,
916 4685 965 4740 cot.
992 4683 1072 4739 577:
1103 4686 1203 4742 Tertia
1225 4686 1285 4741 vioe
1316 4687 1345 4740 in
1375 4687 1504 4742 scismate
1535 4685 1614 4742 Petri
1641 4687 1756 4754 Leonis,
1787 4705 1849 4742 cum
1880 4688 2044 4743 sacerdotes
2072 4689 2100 4741 in

453 4791 582 4846 scismate
613 4789 806 4846 sacmficantes
837 4789 1005 4846 affirmarem
1035 4809 1092 4846 non
1121 4792 1227 4874 habere
1257 4810 1361 4865 corpus
1389 4794 1513 4849 Domini.
1546 4834 1552 4849 .
1587 4835 1593 4847 .
1624 4833 1630 4848 .
1666 4792 1724 4848 Sed
1755 4794 1905 4849 assistente
1936 4794 2002 4848 mihi
2034 4801 2101 4849 tunc

452 4898 576 4954 &mano
605 4895 741 4968 pontifice
772 4897 875 4953 beatae
906 4898 1055 4954 memoriae
1085 4916 1161 4970 papa
1186 4899 1363 4956 Innocentio.
1416 4899 1462 4956 De
1491 4899 1590 4957 ordine
1620 4901 1756 4956 donorum
1786 4899 1816 4957 S.
1846 4899 1970 4975 Spiritum
1999 4900 2102 4972 intra:

452 5005 518 5060 Adii
535 5006 666 5059 domnum
681 5003 867 5075 apostolicum
881 5003 1077 5061 Innocentium
1100 5011 1197 5076 atque,
1218 5013 1250 5061 ut
1272 5008 1372 5076 nost-is,
1396 5009 1471 5078 apud
1494 5008 1585 5078 ipsum
1609 5015 1677 5077 otc.;
1702 5005 2102 5078 csJats012,‘ZuGertots

450 5131 475 5167 o.
501 5108 705 5186 Reicbersberq
730 5109 843 5181 Sobrist
865 5110 1008 5168 Aduersus
1029 5110 1222 5181 simoniacos’,
1248 5111 1353 5170 ‘ttiun
1379 5113 1406 5169 d.
1431 5112 1500 5170 Inst.
1518 5115 1550 5184 f.
1574 5119 1674 5172 interr.
1693 5111 2029 5191 Gescbiobtsforscbunq’
2052 5114 2100 5184 VI,
2122 5134 2148 5172 (ο

446 5237 479 5292 p.
499 5217 657 5292 254sqq.;
688 5217 805 5291 Huffcr,
831 5216 905 5275 ‘Der
929 5216 1027 5294 beiiiqe
1049 5217 1191 5275 Bernard
1210 5239 1236 5276 o.
1255 5216 1428 5277 Obrimausc'
1452 5215 1619 5298 1(1eeo),
1639 5241 1672 5296 p.
1691 5219 1753 5276 260
1769 5240 1830 5296 sqq.
1939 5219 1970 5291 2)
1997 5220 2100 5279 Comen.

450 5324 480 5382 in
498 5343 546 5398 ps.
564 5323 615 5392 64,
641 5345 664 5379 c.
685 5324 756 5379 147.
839 5321 870 5394 3)
895 5323 1016 5380 Libellus
1040 5325 1074 5381 de
1096 5343 1127 5383 eo
1150 5325 1235 5396 infra
1252 5346 1285 5402 p.
1305 5325 1378 5382 272.
1460 5325 1489 5396 4)
1516 5327 1565 5398 Os.
1589 5325 1700 5384 dabecb
1723 5329 1741 5383 l.
1759 5329 1777 5384 t.
1797 5348 1830 5403 p.
1849 5327 1922 5384 260.
1994 5327 2025 5398 5)
2052 5327 2100 5400 Cf.

454 5428 607 5506 Cataloque
630 5431 679 5487 des
702 5430 910 5505 deportements
932 5431 989 5501 ΙΙΙ,
1009 5451 1042 5506 p.
1062 5430 1123 5486 132
1139 5451 1201 5508 sqq.
1315 5431 1346 5502 6)
1373 5431 1487 5490 Codices
1509 5433 1659 5492 Dunenses
1688 5434 1718 5491 in
1741 5433 1928 5491 bibliothecam
1956 5436 2104 5492 seminarii

452 5536 609 5614 Bruqensis
631 5536 765 5594 mansneti
786 5544 859 5606 sunt,
890 5536 937 5594 ubi
965 5545 1059 5594 tamen
1081 5546 1206 5597 nostrum
1230 5539 1311 5597 bodie
1332 5559 1389 5596 non
1413 5538 1535 5596 inaerari
1551 5561 1608 5616 per
1630 5541 1739 5598 litteras
1761 5541 1938 5598 bibliothecae
1955 5543 2103 5617 praefecti

451 5642 554 5702 certior
562 5645 664 5716 sactus
686 5663 754 5701 sum.
826 5641 857 5714 7)
883 5643 916 5699 Α.
933 5643 1026 5715 1135,
1051 5663 1144 5702 mense
1162 5645 1267 5704 Martis
1282 5645 1393 5714 babita;
1418 5646 1458 5717 cs.
1475 5646 1651 5718 Bersabordi,
1669 5647 1861 5706 ‘dobrbir'cber
1876 5657 1959 5705 unter
1976 5649 2100 5706 Lotbar’
2120 5669 2147 5704 m

449 5769 479 5825 p.
499 5749 561 5806 560
577 5770 637 5826 sqq.
