4386 6390
456 339 521 404 570
941 349 994 404 DE
1018 347 1109 404 FlNE
1135 343 1365 401 SCHISMATIS
1388 343 1638 402 VATICINIUM.

455 547 488 600 et
511 535 616 618 scidit,
640 534 774 623 perfilsa
797 557 911 600 cruore
936 557 1077 618 suorum,
1102 557 1184 621 quos
1207 556 1319 600 mucro
1344 532 1522 620 imperialis
1545 529 1684 614 occidet,
1716 541 1749 596 et
1771 528 1892 596 rubore
1917 533 2100 598 verecundie

277 662 435 704 racanas.
454 653 487 706 et
510 641 619 707 colore
643 642 810 728 sanguinis
835 642 928 706 effusi
952 640 1092 725 rubebit,
1117 653 1150 706 et
1172 652 1249 706 tunc
1272 663 1340 728 pax
1363 641 1425 706 erit
1447 641 1481 704 in
1504 649 1591 704 terra
1612 649 1734 722 nostra,
1753 642 1844 702 'cum
1867 636 1911 701 de
1936 639 2002 701 suis
2024 638 2101 703 eubi-

453 747 537 813 libus
560 749 633 834 ipsa
655 771 722 836 pax
744 748 903 830 venerit.†
950 747 1033 814 'Vel
1057 747 1098 813 ab
1123 770 1161 812 eo
1185 748 1267 830 loco,
1292 769 1356 834 quo
1379 747 1511 840 incipit:

711 853 923 920 Montibus
948 854 1161 920 excedunt
1184 877 1339 941 onager
1361 865 1485 940 atque
1509 852 1582 918 leo.

454 959 641 1026 Secundum
664 985 743 1028 vere
767 963 1043 1049 interpretationis
1067 963 1262 1027 sententiam
1285 961 1331 1026 ita
1353 959 1482 1026 videtur
1504 981 1600 1046 posse
1625 959 1756 1046 exponi,
1786 958 1876 1046 quod
1902 980 2034 1044 onager,
2056 962 2124 1046 quis

454 1079 503 1132 est
526 1067 682 1134 silvestris
706 1070 817 1133 asinus
842 1079 874 1134 et
897 1068 1068 1134 arvinosus
1092 1070 1126 1133 in
1151 1067 1248 1132 corde
1273 1067 1437 1154 multhue
1460 1066 1681 1153 pinguedinis,
1706 1065 1871 1152 significet
1894 1087 2009 1151 regem
2031 1064 2102 1130 Gre-

453 1197 565 1239 corum
576 1180 597 1256 ¹,
622 1176 677 1262 qui
702 1177 796 1262 quasi
819 1176 853 1239 iu
878 1176 1031 1240 crassicie
1056 1185 1089 1240 et
1111 1174 1311 1262 pinguedine
1335 1174 1386 1238 sui
1409 1172 1517 1238 cordis
1540 1174 1587 1237 ita
1609 1173 1644 1237 in
1667 1195 1746 1238 auro
1771 1183 1804 1237 et
1828 1182 1969 1260 argento
1993 1171 2102 1237 muln's·

452 1303 516 1367 quc
541 1282 607 1346 suis
627 1282 787 1347 thesauris
810 1283 1021 1363 incrassatus,
1044 1283 1255 1368 inpinguatus
1279 1281 1348 1345 sine
1372 1279 1437 1345 ullo
1461 1301 1624 1345 armorum
1647 1278 1760 1344 labore
1776 1279 1831 1344 vel
1846 1281 1971 1344 virium
1986 1278 2101 1344 fervore

453 1409 587 1452 securus
618 1389 765 1475 quiescit.
812 1389 876 1454 Hic
907 1410 985 1475 ergo
1008 1389 1204 1453 necessitate
1235 1397 1367 1453 coactus
1390 1397 1517 1451 montes
1540 1385 1678 1451 Hliricos
1707 1385 1861 1450 transibit
1889 1387 1982 1451 etin
2005 1386 2102 1450 Mace-

452 1492 583 1558 doniam
613 1495 713 1582 inque
736 1493 947 1577 Archadiam,
978 1493 1035 1560 ubi
1058 1495 1197 1582 Achaya
1227 1494 1396 1580 provincia
1426 1503 1490 1576 est,
1522 1503 1634 1559 contra
1664 1491 1791 1558 leonem
1822 1491 2027 1558 bellamrus⁸
2055 1493 2133 1558 ad-10

428 1601 571 1665 'veniet
617 1601 686 1666 Leo
710 1611 828 1684 autem,
852 1599 887 1665 id
910 1600 981 1666 esti
1004 1601 1182 1688 imperator
1204 1584 1402 1682 Fridericus,
1432 1609 1558 1665 montes
1581 1598 1806 1686 Appenninos,
1830 1597 2054 1664 Brundusium
2076 1611 2102 1665 et

273 1726 431 1769 *asennaa
450 1707 596 1794 Epyrei⁰
613 1717 738 1772 montes
761 1708 910 1773 marinad
925 1709 1112 1773 vectatione
1135 1707 1170 1771 in
1194 1729 1351 1793 onagrum
1374 1704 1553 1772 bellaturus
1577 1705 1737 1771 transibit.
1775 1706 1838 1771 ·Et
1861 1706 1927 1770 hoc
1952 1706 2100 1793 estquod

452 1813 533 1878 dicit
554 1837 686 1878 versus:

709 1903 876 1989 Onager
906 1915 1030 1990 atque
1061 1902 1125 1968 leo
1156 1901 1366 1968 montibus
1399 1900 1650 1992 [excedunt],

442 2008 484 2090 jd
508 2020 557 2074 est
580 2020 749 2074 transeunt
771 2020 896 2074 montes
921 2011 1007 2074 inter
1029 2031 1064 2074 se
1088 2009 1284 2076 dimicaturi.
1332 2008 1502 2097 Sequitur:
2114 2033 2132 2073 u

709 2114 868 2203 Sydere
891 2115 1083 2181 Pollucis
1107 2116 1341 2181 fraternum
1365 2126 1535 2182 corruet
1557 2129 1723 2181 astrum.

448 2221 492 2286 Et
522 2233 571 2286 est
601 2243 732 2286 sensus:
763 2222 930 2289 Potestate
953 2223 1092 2288 Romani
1122 2223 1261 2310 imperii,
1293 2245 1358 2309 qua
1380 2223 1509 2306 Pollux,
1540 2223 1574 2288 id
1602 2233 1652 2288 est
1673 2222 1862 2288 Fridericus
1887 2224 2098 2290 Romanorum

448 2328 636 2414 imperator,
661 2329 823 2415 imperiali
846 2329 1031 2394 diademate
1056 2341 1216 2412 coruscat,
1240 2331 1313 2416 ipsa
1335 2331 1469 2417 inquam
1491 2339 1652 2416 potestate
1677 2339 1709 2394 et
1729 2329 1910 2395 clarissimo
1927 2328 2041 2395 iubare
2057 2333 2097 2395 sui

448 2436 612 2499 exercitus
628 2445 725 2522 atque
742 2434 853 2522 gladii,
878 2447 1000 2502 astrum
1024 2436 1203 2501 fraternum
1227 2446 1364 2519 corruet,
1389 2436 1423 2501 id
1439 2448 1488 2501 est
1510 2447 1654 2524 potestas
1678 2445 1710 2501 et
1726 2435 1918 2518 dominium,
1944 2460 2011 2523 qua
2026 2437 2097 2501 Gre-

448 2564 558 2606 corum
588 2564 727 2628 regnum
751 2542 893 2626 lucebat,
924 2544 1033 2608 idest
1063 2565 1200 2630 regnum
1231 2542 1385 2626 Castoris,
1421 2543 1529 2609 fratris
1562 2542 1726 2630 quondam
1755 2543 1912 2624 Pollucis,
1944 2543 2096 2630 imperiali
2110 2567 2129 2606 a

446 2649 581 2733 inquam
605 2671 768 2714 armorum
791 2649 908 2716 robore
932 2651 1071 2716 contrita
1093 2660 1223 2715 corruet
1247 2660 1280 2715 ct
1303 2673 1323 2715 a
1345 2651 1478 2736 propria
1506 2649 1580 2715 luce
1611 2671 1668 2716 sue
1697 2651 1866 2736 potestatis
1892 2673 1960 2737 qua
1983 2650 2095 2730 dudum

445 2753 576 2820 lucebat
606 2755 640 2820 in
668 2755 874 2821 obscuritatis
904 2756 1069 2823 mirabiles
1100 2756 1253 2822 tenebras
1284 2757 1421 2822 contrito
1452 2779 1553 2843 regno
1585 2754 1766 2822 Grecorum
1796 2755 1962 2822 deveniet.
2016 2757 2093 2839 Quo·

444 2861 541 2926 modo
565 2873 674 2926 autem
699 2873 731 2926 et
754 2860 811 2926 ubi
835 2864 899 2928 ista
921 2865 1111 2951 contingant
1132 2865 1167 2928 in
1190 2862 1303 2929 ultimo
1327 2862 1536 2951 subsequitur
1558 2885 1657 2928 versu
1680 2863 1736 2950 qui
1759 2864 1805 2928 ita
1829 2887 1864 2928 se
1889 2863 2007 2930 habet:

702 2969 753 3034 Et
776 2967 904 3034 Babel
928 2970 1141 3036 Archadio
1165 2971 1338 3057 perfusa
1362 2993 1509 3036 cruore
1533 2969 1712 3036 rubebit

264 3093 423 3138 asennaa
442 3075 487 3140 Et
509 3087 558 3140 est
581 3097 711 3140 sensus:
742 3076 920 3160 Archadia,
951 3076 1008 3143 ubi
1037 3075 1158 3142 bellum
1190 3078 1251 3142 erit
1275 3078 1378 3142 'inter
1400 3077 1527 3143 leonem
1558 3088 1590 3143 et
1619 3100 1787 3164 onagrum,
1819 3077 1996 3164 confligato
2026 3097 2122 3144 cuma

443 3181 509 3246 suis
533 3204 656 3268 onagro
681 3193 714 3248 et
737 3183 910 3271 splendore
933 3183 1113 3248 radiantis⁰
1141 3185 1175 3248 in
1199 3206 1233 3248 se
1258 3183 1359 3270 gladii
1382 3184 1559 3271 imperialis
1583 3183 1743 3250 obscuros
1768 3185 1830 3248 erit
1853 3183 1970 3267 Babel,
1993 3185 2088 3250 idest

442 3287 578 3352 confusa
602 3290 663 3354 erit
686 3312 706 3353 a
724 3290 832 3354 multis
851 3289 1012 3377 gentibus.
1047 3289 1099 3355 Ibi
1124 3292 1211 3356 enim
1233 3291 1398 3357 Romanus
1422 3300 1455 3355 et
1470 3291 1702 3374 Theutonicus,
1725 3289 1886 3356 barbarus
1911 3301 1945 3356 ct
1960 3289 2085 3374 Grecus,

440 3395 525 3459 inter
548 3417 582 3458 se
606 3395 808 3483 pugnabunt,
833 3419 971 3484 quorum
993 3409 1109 3463 neuter
1131 3409 1283 3464 neutrum
1305 3397 1483 3483 intelliget3
1514 3408 1547 3462 et
1576 3408 1666 3462 tauta
1696 3399 1757 3462 erit
1786 3397 1967 3484 imperialis
1997 3398 2085 3485 gladii

440 3501 576 3565 furentis
600 3500 811 3584 debachacio,
841 3514 878 3568 ut
908 3527 950 3568 cx
981 3505 1169 3570 confusione
1200 3504 1385 3592 linguarum
1415 3503 1481 3569 illic
1512 3505 1781 3570 conveniencium
1810 3506 1880 3570 iure
1913 3505 2041 3570 dicatur
2059 3517 2082 3569 et

291 3628 419 3681 senuna
438 3606 576 3691 Baucis,
601 3607 636 3673 id
660 3620 709 3673 est
729 3608 875 3675 confusio
895 3610 1088 3697 linguarum,
1114 3634 1176 3698 que
1197 3611 1280 3676 erith
1302 3613 1336 3675 in
1354 3609 1530 3676 Archadia.
1566 3610 1705 3676 Perfusa
1727 3632 1842 3676 cruore
1866 3610 1909 3676 ab
1934 3611 2114 3698 imperialis

438 3713 546 3800 gladio
576 3737 680 3801 usquc
711 3713 755 3780 ad
784 3716 1032 3782 internicionem
1063 3717 1185 3783 effuso¹
1219 3729 1286 3782 tam
1319 3719 1355 3783 in
1383 3716 1568 3783 hominibus
1605 3741 1703 3805 quam
1738 3719 1836 3782 etiam
1871 3720 1945 3804 ipsa
1979 3718 2082 3784 tellure

438 3818 614 3887 rubebitl.¹

543 4019 570 4084 a)
592 4023 744 4076 bellaturus
763 4041 783 4074 c.
847 4021 876 4086 b)
897 4041 943 4076 ons.
962 4041 983 4074 c.
1047 4021 1074 4085 c)
1096 4025 1204 4092 Epyrco
1224 4043 1244 4077 c.
1319 4023 1347 4088 d)
1368 4027 1397 4075 iu
1416 4027 1493 4076 arina
1511 4041 1531 4076 c.
1596 4023 1623 4086 e)
1644 4025 1817 4091 mdinnucqo:
1837 4043 1936 4078 cruore
1955 4027 2080 4080 Mauuelis

435 4110 565 4176 splendor
583 4111 668 4178 gladii
688 4129 741 4179 quo
762 4112 917 4162 Fridericus
936 4113 1022 4164 utitur
1041 4114 1241 4166 obscurabitur.
1330 4111 1351 4176 f)
1372 4132 1407 4165 aaa
1427 4116 1593 4166 obscurato?
1681 4114 1710 4181 g)
1730 4115 1842 4180 acquina
1861 4115 1946 4168 littera
1965 4135 2017 4170 .a.
2039 4133 2081 4183 quo

435 4199 532 4250 ratim
550 4201 637 4252 acceto
710 4198 737 4262 h)
761 4209 818 4250 crat
836 4218 856 4251 c.
930 4197 949 4262 i)
972 4202 1117 4264 ernendaoi5
1142 4203 1239 4254 effusio
1258 4221 1279 4254 c.
1353 4201 1382 4264 lr)
1403 4204 1514 4270 sequitur
1531 4211 1622 4255 atron
1641 4203 1716 4254 nahra
1733 4203 1834 4269 script:
1861 4203 1985 4272 Explicit
2003 4207 2113 4256 Rene-e

437 4284 503 4338 latio
522 4288 556 4339 de
575 4290 762 4340 transmarinis
782 4290 904 4356 partibus
925 4307 976 4355 quc
996 4291 1040 4342 hic
1059 4308 1108 4357 per
1127 4293 1270 4358 picturam,
1295 4309 1344 4359 per
1363 4295 1490 4345 civitates
1510 4299 1538 4344 ct
1556 4292 1658 4359 oppida
1676 4299 1703 4344 et
1723 4291 1786 4344 ioca
1806 4299 1834 4344 et
1853 4303 1984 4346 montana
2003 4302 2030 4346 ct
2046 4310 2080 4344 re·

434 4378 531 4440 giones
551 4385 578 4428 et
596 4379 680 4429 maria
699 4376 863 4431 declaratur.
900 4379 970 4441 Quae
988 4380 1060 4430 verba
1077 4381 1113 4430 od
1131 4381 1254 4432 Iohannis
1270 4383 1471 4449 llirciburqmeis
1488 4382 1670 4434 desolationem
1694 4399 1773 4448 surpra
1800 4382 1932 4434 budotam
1946 4385 2069 4449 perducat
2075 4401 2083 4444 ,·

433 4464 468 4530 cs.
488 4465 544 4528 Pet,
562 4465 706 4518 Thesaurus
725 4467 746 4528 I,
766 4485 830 4532 porr
847 4469 900 4530 III,
919 4469 964 4520 col.
978 4471 1037 4520 534.

545 4645 573 4718 1)
599 4647 759 4706 Meneclem
782 4644 900 4722 scilicct;
925 4650 965 4724 cs.
989 4670 1080 4728 supra
1097 4672 1130 4728 p.
1150 4652 1223 4710 564.
