4418 6412
608 348 661 402 DE
685 347 1018 406 INVESTIGATIONE
1042 347 1294 408 ANTICHRISTI
1316 349 1351 404 L.
1368 349 1392 404 I.
1769 343 1833 406 365

168 550 267 592 mam
288 531 535 596 mendicitatem
557 533 679 619 redigi:
704 535 822 601 Melior
838 552 883 602 ert
904 540 987 603 enim
998 562 1124 624 pauper
1147 552 1175 602 et
1197 538 1358 602 mendicus
1380 538 1547 624 sufficiens
1569 538 1642 618 sibi,
1666 562 1761 622 quom
1784 539 1835 602 vir
1853 562 1992 613 amaras.

166 637 337 720 ,qloriosos
368 653 396 703 et
424 640 571 727 iodipeus
593 665 690 727 pone.
737 641 840 706 Immo
869 665 947 707 vero
978 655 1071 730 pater
1093 644 1296 730 Augustinus
1327 653 1472 725 testatur,
1503 641 1619 706 melius
1650 653 1699 706 θεῖ
1728 643 1834 707 minus

171 765 279 828 cgere
303 768 401 831 quam
425 745 497 832 plus
521 745 643 811 habere
653 751 674 811 1.
711 747 783 830 Que
807 752 968 814 sententia
991 752 1019 815 si
1042 751 1179 816 inomni
1202 771 1322 836 genere
1347 749 1512 814 hominum
1528 771 1618 831 vera,
1641 751 1740 814 immo
1757 751 1835 836 quia

171 851 379 935 generaliter
401 874 481 916 vera
504 864 562 936 est,
587 865 708 940 quanto
732 856 847 920 melius
872 867 903 920 et
926 858 1046 922 rectius
1077 860 1112 922 in
1142 857 1270 922 homine
1295 855 1417 922 Christi
1448 855 1618 921 sacerdote
1649 865 1699 920 cst
1728 857 1834 921 minus

130 977 148 1016 s
174 979 280 1042 egere
303 957 356 1022 vel
385 957 518 1042 habere,
543 983 640 1046 quam
665 962 828 1048 stipendia
858 963 1033 1028 sacerdotii
1063 965 1112 1028 sui
1137 974 1169 1028 θῖ
1192 963 1305 1028 debita
1333 962 1451 1049 gladiis
1482 985 1548 1028 non
1577 963 1745 1048 legittime,
1776 962 1835 1028 sed

174 1075 336 1151 usurpate
366 1075 464 1151 atque
496 1076 674 1132 extraneae
705 1071 874 1156 potestatis
905 1071 1080 1156 pugnando
1104 1069 1306 1135 vendicare?
1352 1070 1426 1134 Hoc
1450 1070 1536 1134 enim
1559 1069 1612 1134 vel
1635 1070 1777 1134 maxime
1800 1070 1835 1133 in

176 1169 371 1236 Alexandro
396 1195 438 1237 ex
461 1172 521 1256 his,
546 1197 608 1260 que
633 1174 817 1240 adfaciem
842 1187 925 1259 sunt,
955 1177 1201 1264 reprehensioni
1223 1175 1361 1259 ducitur,
1386 1176 1474 1263 quod
1504 1175 1565 1240 sub
1588 1175 1709 1240 vexillo
1734 1175 1836 1240 Siculi

178 1277 382 1342 willehelmi
411 1279 526 1366 predia
556 1279 644 1345 beati
666 1282 758 1347 Petri
781 1305 970 1370 expugnare
994 1283 1122 1371 sibique
1146 1283 1321 1348 vendicare
1345 1282 1544 1369 perhibetur.
1591 1282 1675 1346 Nam
1698 1282 1835 1347 verbum

178 1385 316 1449 nefandi
345 1385 430 1450 illius
458 1389 557 1473 pacti,
581 1389 669 1474 quod
698 1412 771 1454 cum
796 1390 912 1456 eodem
935 1390 1143 1456 Willchelmo
1167 1402 1200 1455 et
1221 1388 1521 1454 Mediolanensibus
1552 1388 1735 1454 inocculto
1760 1411 1834 1454 con-

121 1515 154 1553 m
177 1502 322 1556 tractum
338 1492 466 1576 dicitur,
490 1516 556 1558 non
577 1495 674 1560 facile
699 1496 739 1560 de
763 1506 829 1561 tam
853 1497 1054 1584 sapientibus
1069 1499 1149 1561 viris
1174 1497 1371 1562 credendum
1388 1507 1446 1578 θεῖ,
1470 1498 1613 1561 maxime
1637 1497 1664 1560 si
1687 1495 1731 1579 id,
1748 1495 1835 1582 quod

179 1599 375 1664 aecclesiam
400 1598 520 1665 Christi
551 1624 650 1688 super
672 1600 788 1668 eodem
811 1603 912 1668 verbo
943 1603 1144 1668 scandalizat
1170 1603 1322 1691 quodque
1353 1604 1537 1689 principum
1567 1604 1648 1666 iram
1678 1613 1836 1688 provocat

179 1729 241 1792 pro
265 1706 445 1772 aecclesiae
475 1731 557 1794 pace
587 1709 797 1775 reformanda
824 1711 993 1799 sollempni
1016 1713 1189 1796 negatione
1213 1733 1233 1774 a
1255 1732 1290 1774 se
1314 1708 1494 1796 propellere
1518 1732 1584 1774 non
1607 1708 1834 1796 dedignentur.

290 1813 376 1880 Sane
400 1815 487 1901 quod
509 1814 599 1881 beati
621 1816 711 1881 Petri
741 1817 857 1904 predia
879 1817 943 1882 sibi
965 1818 1129 1900 vendicat,
1161 1817 1222 1884 hoc
1252 1818 1340 1899 facit,
1368 1831 1404 1881 ut
1434 1817 1558 1899 estimo,
1587 1816 1628 1880 de
1652 1817 1781 1881 iusticia
1804 1827 1836 1881 θῖ
1854 1841 1904 1892 (eo).

179 1921 369 1985 innocentia
391 1944 452 1986 sua
474 1921 651 2006 confidens,
675 1946 741 2011 qua
764 1935 797 1989 et
819 1924 1017 1989 confidentia
1038 1926 1232 1990 sententiam
1248 1923 1380 1988 concilii
1394 1923 1497 2009 Papia
1514 1915 1692 1988 celebrati·
1715 1926 1749 1988 in
1764 1924 1835 1987 irri-
1854 1913 2003 2007 iffa—1„

130 2049 162 2088 rs
180 2037 251 2091 tum
275 2027 395 2093 ducere
417 2028 557 2113 videtur,
588 2031 622 2094 iu
646 2052 709 2117 quo
739 2032 891 2096 nimirum
915 2031 1053 2096 concilio
1081 2031 1197 2096 electio
1227 2033 1261 2095 in
1286 2031 1504 2095 Octavianum
1534 2029 1622 2094 facta
1645 2029 1837 2095 confirmata

182 2145 242 2217 est,
266 2135 408 2200 maxime
432 2136 519 2222 quod
542 2136 630 2202 idem
647 2137 848 2202 Octavianus
872 2137 979 2202 eidem
995 2137 1132 2202 coneilio
1156 2139 1355 2224 presentiam
1378 2159 1469 2201 suam
1494 2135 1680 2200 exhibuerit
1703 2147 1736 2200 et
1759 2137 1836 2222 quia

182 2265 204 2304 a
219 2244 367 2324 sanioris,
391 2241 468 2308 licet
488 2245 651 2330 paucioris
667 2246 794 2309 numeri
810 2255 901 2331 parte
919 2245 1144 2328 cardinalium,
1167 2255 1203 2309 ut
1226 2243 1367 2326 aiebant,
1392 2243 1514 2308 electus
1538 2265 1577 2308 ac
1600 2243 1688 2330 prior
1711 2244 1835 2308 inman-

182 2359 268 2414 tatus
299 2359 397 2436 atque
426 2351 638 2415 intronizatus
669 2352 711 2415 sit
740 2361 773 2415 et
802 2375 822 2416 a
844 2352 999 2416 Romanis
1030 2351 1157 2418 civibus
1187 2373 1274 2438 papa
1304 2350 1462 2416 clamatus
1489 2373 1618 2416 necnon
1648 2373 1668 2414 a
1690 2351 1835 2414 maxima

182 2467 275 2542 parte
299 2456 436 2520 Romani
465 2456 544 2521 cleri
573 2456 735 2544 papaliter
764 2457 932 2522 salutatus.
977 2458 1105 2523 Electio
1129 2481 1207 2522 vero
1231 2459 1265 2522 in
1288 2456 1472 2522 Rulandum
1496 2456 1726 2522 cancellarium
1748 2456 1837 2522 sacta

134 2585 163 2624 so
181 2562 217 2626 in
233 2561 348 2627 eodem
372 2563 510 2628 concilio
534 2575 662 2629 cassata
686 2575 744 2647 θεῖ,
768 2565 909 2629 maxime
926 2568 1004 2652 quia
1025 2587 1087 2629 nec
1111 2567 1309 2652 presentiam
1332 2586 1425 2629 suam
1442 2563 1580 2630 concilio
1603 2562 1752 2629 exhibuit
1774 2585 1836 2628 nec

181 2691 242 2755 per
263 2668 389 2756 legatos
412 2671 547 2736 idoneos
571 2671 708 2736 concilio
733 2671 880 2736 ordinem
896 2672 1145 2737 electionis'sue
1169 2694 1335 2759 exponere
1358 2672 1487 2736 curavit
1509 2672 1634 2758 etquis
1655 2681 1766 2736 notam
1788 2671 1836 2734 in-

182 2776 301 2840 famiae
326 2799 423 2863 super
446 2775 546 2842 verbo
570 2777 624 2843 illo
649 2779 898 2864 conspirationis
921 2801 983 2843 nec
1006 2801 1066 2865 per
1089 2802 1124 2844 se
1147 2801 1208 2844 nec
1231 2801 1291 2866 per
1313 2778 1438 2864 legatos
1462 2777 1624 2864 depulerit
1633 2783 1654 2843 ².
1689 2776 1837 2842 Aderant

182 2895 291 2948 tamen
314 2884 393 2947 satis
408 2885 520 2966 vicini,
543 2885 577 2948 in
594 2885 725 2950 civitate
749 2885 875 2950 scilicet
889 2885 1003 2969 Ianua,
1020 2886 1083 2951 duo
1100 2886 1200 2973 legati
1215 2887 1381 2950 Romanae
1406 2886 1564 2950 ecclesiae
1588 2883 1629 2949 ab
1645 2882 1836 2950 Alexandro

182 3003 215 3054 et
238 2988 459 3056 cardinalibus
482 2991 516 3054 in
540 2991 601 3056 hoc
625 3015 706 3078 opus
729 2993 830 3074 missi,
855 2992 913 3056 sed
936 2991 993 3075 illi,
1017 3003 1052 3057 ut
1075 2992 1256 3075 dicebatur,
1280 2993 1478 3079 presentiam
1501 3014 1594 3056 suam
1618 2990 1756 3057 concilio
1780 3014 1836 3056 ex·
1944 3037 1949 3048 .

130 3119 161 3158 rs
181 3096 294 3162 hibere
318 3096 499 3180 noluenmt,
523 3099 587 3162 nisi
610 3100 657 3163 eis
680 3099 714 3163 in
730 3096 846 3164 eodem
863 3099 1000 3164 concilio
1022 3099 1113 3164 locus
1130 3098 1318 3186 presidendi
1334 3097 1578 3182 concederetur,
1596 3099 1684 3185 quod
1699 3097 1836 3163 verbum

181 3227 202 3268 a
226 3203 363 3270 concilio
386 3215 554 3291 receptum
576 3229 642 3270 non
666 3215 725 3289 est,
755 3207 898 3271 maxime
922 3207 1000 3292 quia
1022 3209 1155 3293 propria
1176 3208 1321 3292 ipsorum
1345 3228 1446 3271 causa
1467 3215 1538 3270 erat
1564 3206 1598 3270 in
1622 3206 1737 3271 codem
1761 3227 1836 3270 con·

181 3309 257 3376 cilio
280 3310 468 3376 ventilanda
477 3317 499 3376 ⁸.
546 3312 613 3378 Sed
636 3336 742 3400 neque
760 3314 961 3378 Octavianus
985 3313 1213 3378 consultationi
1237 3312 1367 3378 concilii
1390 3311 1545 3395 interfiat,
1570 3311 1628 3376 sed
1648 3310 1778 3399 quando
1801 3312 1836 3374 in

181 3419 252 3482 eius
283 3417 474 3484 electionem
497 3442 518 3483 a
541 3419 690 3503 concilio,
721 3419 823 3486 tribus
855 3421 1002 3506 exceptis
1033 3420 1207 3507 episeopis,
1238 3441 1433 3484 consensum
1463 3428 1528 3502 est,
1558 3429 1636 3483 tunc
1667 3420 1770 3504 primo
1802 3419 1836 3482 in

182 3524 371 3590 ‘concilium
394 3527 611 3612 introgressus
635 3538 693 3592 est.
1855 3549 1932 3600 ’ωε

132 3742 162 3782 so
264 3724 317 3787 56.
359 3722 418 3786 De
450 3722 633 3787 concilio
664 3721 771 3809 apud
802 3722 994 3787 Tolosam
1026 3721 1258 3805 celebrato,
1288 3720 1359 3786 ubi
1389 3744 1487 3807 pars
1517 3721 1746 3786 Octaviani
1854 3745 1906 3798 (er).

879 3829 1136 3916 dampnatur.

288 3953 445 4017 Interim⁴
468 3975 546 4018 vero
570 3953 647 4018 dum
670 3954 732 4019 hec
756 3953 928 4019 scribimus
952 3965 985 4019 et
1008 3954 1051 4018 ad
1074 3953 1303 4040 preferendam
1332 3964 1458 4040 partem
1482 3953 1624 4018 Victoris
1654 3974 1713 4038 pro
1742 3973 1835 4016 reve-

181 4062 287 4125 rentia
315 4061 458 4125 maxime
489 4060 619 4126 concilii
648 4061 752 4147 Papic
783 4060 938 4126 celebrati
973 4060 1144 4126 articulum
1177 4062 1310 4124 iamiam
1339 4060 1409 4125 sere
1439 4059 1648 4142 inclinamus,
1680 4081 1717 4124 eo
1748 4058 1836 4145 quod

183 4167 289 4232 eidem
312 4166 450 4232 concilio
474 4167 588 4232 Victor
610 4169 808 4254 presentiam
836 4191 927 4233 suam
951 4167 1115 4232 humiliter
1139 4166 1296 4249 exhibuit,
1319 4166 1510 4232 Alexander
1532 4189 1610 4231 vero
1635 4167 1730 4252 quasi
1752 4164 1835 4230 iudi-

135 4297 163 4337 as
183 4274 268 4338 cium
291 4273 469 4338 humanum
487 4274 669 4361 dedignans
693 4284 748 4340 aut
770 4275 864 4358 forte,
889 4274 977 4362 quod
1000 4284 1050 4338 est
1073 4273 1272 4356 credibilius,
1297 4283 1482 4360 suspectam
1504 4274 1720 4359 imperatoris,
1737 4294 1835 4359 quem

182 4383 251 4467 ipse
275 4382 309 4445 in
332 4381 441 4467 aliquo
465 4381 655 4465 offenderat,
679 4381 804 4446 habens
827 4383 1025 4469 presentiam
1050 4382 1259 4467 semetipsum
1275 4402 1473 4466 causamque
1497 4385 1612 4444 suam5
1636 4379 1743 4444 eidem
1759 4401 1835 4444 con-

183 4487 256 4552 cilio
281 4487 415 4553 credere
437 4488 541 4553 noluit
564 4499 620 4553 aut
636 4490 713 4575 quia
730 4490 957 4570 Octavianum,
982 4490 1037 4574 qui
1061 4510 1195 4552 causam
1215 4509 1307 4552 suam
1323 4486 1452 4552 concilii
1476 4487 1654 4572 cognitioni
1678 4485 1836 4550 offerebat

183 4594 358 4678 auditione,
381 4597 475 4660 iuxta
489 4595 618 4660 Nicolai
633 4618 718 4682 pape
735 4601 886 4677 statutass,
911 4594 1080 4680 indignum
1097 4594 1254 4659 censebat
1276 4603 1373 4681 atque
1397 4594 1520 4658 idcirco
1543 4591 1601 4658 ubi
1624 4593 1677 4657 ille
1702 4591 1835 4657 audien-

183 4700 242 4766 dus
266 4700 475 4784 adventabat,
504 4701 571 4767 illic
595 4725 628 4766 se
653 4703 724 4788 ipse
748 4700 969 4784 subtrahebat,
999 4702 1085 4784 dum,
1110 4703 1253 4787 inquam,
1284 4724 1343 4787 pro
1368 4702 1475 4764 causis
1505 4698 1672 4787 prelibatis
1703 4701 1835 4764 iamiam

135 4834 165 4872 ro
182 4808 324 4874 Victoris
354 4831 429 4895 pars
459 4810 493 4873 in
516 4811 634 4874 mentis
661 4820 771 4874 nostre
795 4810 916 4874 trutina
938 4810 1070 4874 vincere
1094 4831 1133 4872 ac
1157 4807 1398 4895 preponderare
1421 4808 1591 4893 inciperet,
1616 4829 1692 4872 ecce
1717 4804 1772 4871 alii
1795 4829 1834 4870 ac

182 4917 258 4979 novi
281 4938 427 4982 rumores
458 4939 517 5003 per
540 4927 646 4981 certos
670 4917 890 4981 internuncios
915 4916 1103 4998 advolitant,
1133 4915 1167 4978 in
1193 4914 1337 4980 occiduis
1367 4912 1525 5001 partibus,
1555 4935 1656 4998 regno
1680 4912 1835 4977 videlicet

290 5115 317 5180 a)
339 5116 475 5168 celebrate
494 5135 514 5168 c.

293 5278 322 5350 1)
346 5281 458 5358 Regulo
482 5281 511 5338 S.
536 5280 686 5358 Aoprrsliui
714 5301 738 5338 c.
756 5281 786 5351 5,
820 5279 935 5357 Oppl,
961 5283 1010 5339 col.
1031 5279 1125 5336 1009.
1219 5277 1250 5350 2)
1274 5278 1346 5335 Aeto
1377 5298 1453 5336 cono.
1471 5278 1546 5354 Pup.
1571 5286 1692 5347 eastum,
1719 5275 1833 5335 Coustit

184 5387 291 5463 inspal,
310 5408 343 5464 p.
363 5387 522 5464 260sqq.;
553 5387 607 5445 SS.
630 5389 698 5460 XX,
717 5408 750 5464 p.
769 5387 891 5464 499sq.
916 5387 1133 5463 opllalreurlrr.
1152 5387 1206 5457 IV,
1231 5405 1254 5442 c.
1273 5385 1331 5455 67,·
1361 5385 1402 5456 cs.
1424 5386 1455 5442 V.
1473 5383 1717 5454 AleoeuurlriHL,
1749 5383 1835 5440 Liber

140 5511 166 5549 ss
181 5503 259 5568 pont.
285 5495 328 5552 ed.
345 5494 551 5565 Duclrernell,
570 5515 604 5570 p.
622 5494 696 5551 402.
767 5492 798 5568 3)
823 5493 872 5566 Of.
891 5492 1077 5565 Giesebreelrt,
1103 5493 1152 5550 ‘D.
1172 5492 1346 5550 Kaiserzer't'
1369 5493 1402 5562 V,
1422 5512 1455 5567 p.
1473 5489 1546 5548 240.
1622 5489 1652 5560 4)
1672 5488 1720 5562 Of.
1739 5488 1834 5548 Giese-
1910 5521 1913 5528 ,

184 5601 278 5659 lreclrt
298 5602 331 5672 V,
350 5621 383 5677 p.
402 5600 475 5658 255.
583 5597 615 5674 5)
639 5601 732 5678 Epist.
758 5601 841 5658 Frid.
877 5602 919 5658 od
948 5600 1162 5672 Eberhardum,
1193 5599 1313 5656 Radere.
1338 5598 1393 5669 IV,
1424 5619 1447 5655 c.
1475 5598 1524 5655 19.
1629 5595 1660 5668 6)
1684 5597 1834 5654 Decretum

186 5707 298 5766 NJcolor'
320 5708 359 5764 II.
385 5709 419 5766 de
436 5708 573 5787 poutr'fice
596 5707 721 5785 elipando
745 5708 820 5765 dicit.
