4418 6412
427 293 492 355 420
719 296 899 354 euenum
920 295 1154 352 PRAEPOSITI
1177 295 1585 353 REICHERSBERGENSIS
1609 295 1776 350 LIBELLI.

316 511 407 559 esus.
425 485 518 550 multi
548 485 701 550 dixertrm
730 485 858 548 animae
889 505 998 548 meae:
1030 483 1105 550 Non
1127 499 1172 550 est
1192 485 1280 549 salus
1303 486 1372 570 e'ptsi
1397 487 1431 549 in
1454 483 1522 549 Deo
1546 486 1624 566 eius,
1652 484 1730 570 quia
1753 480 1948 569 preiudioiis
1973 501 2090 544 eormn

426 592 597 657 damnatus
626 591 674 656 fui
703 601 857 677 tanquam
888 590 1091 655 scismaticus
1122 600 1155 654 et
1177 589 1350 672 hereticus,
1379 600 1412 654 et
1435 601 1505 654 erat
1533 589 1613 654 mihi
1642 591 1677 653 in
1700 588 1813 654 talium
1838 586 2089 653 cohabitatione

251 710 581 786 ros.1s,1s·q.tanquam
603 698 702 762 Petro
731 698 766 760 in
789 697 871 761 atrio
896 695 1052 783 anphae
1076 719 1230 783 magnum
1252 696 1355 782 frigus
1379 697 1533 760 ministris
1556 693 1749 762 Antichristi
1772 718 1824 760 me
1850 693 2090 760 circumdanti-

329 783 336 796 ’
424 805 486 869 bus
510 816 543 870 et
565 804 679 870 amicis
702 803 798 890 longe
822 802 992 868 stantibus.
1039 801 1123 868 Cum
1146 803 1194 868 sic
1217 813 1303 868 esset
1325 801 1404 868 mihi
1427 825 1494 867 nox
1516 801 1646 889 frigida,
1670 813 1704 867 et
1725 825 1850 889 prunae
1874 802 2088 866 inimicorum

425 922 596 998 suspectae
619 910 698 976 mihi
728 909 874 992 fluissent,
904 908 1137 975 intermedias
1160 909 1313 975 tristiciae
1337 919 1440 974 tetrae
1463 910 1568 975 noetis
1592 931 1670 974 ecoe
1693 909 1798 996 gallus
1822 909 1983 988 cantavit,
2008 907 2121 994 quiae

336 1044 405 1084 sess.
425 1019 590 1084 Romanus
615 1016 775 1104 'pontifex
798 1014 1089 1103 persecutionibus,
1114 1025 1148 1080 et
1170 1016 1277 1081 causis
1300 1018 1564 1102 persecutionum
1588 1015 1706 1081 auditis
1729 1016 1818 1080 misit
1843 1015 1926 1079 mihi
1958 1013 2090 1079 litteras

426 1124 658 1191 consolatorias
681 1123 767 1188 hunc
790 1123 824 1187 in
847 1121 979 1188 modum
1003 1124 1223 1188 continentes:

536 1231 729 1298 Celestinus¹
753 1233 927 1318 episcopus,
957 1255 1065 1295 servus
1094 1255 1255 1296 servorum
1285 1229 1397 1295 dilecto
1418 1231 1495 1317 filio
1521 1229 1666 1295 Gerbobo
1688 1229 1993 1318 Riclerisperpensi
2010 1253 2088 1315 pre-

423 1341 526 1426 posita
549 1339 680 1404 salntem
703 1352 732 1403 et
752 1338 957 1424 apostolicam
981 1325 1231 1404 benedictionem.
1280 1335 1383 1423 Supir
1398 1338 1655 1402 tribulationibus
1678 1351 1706 1401 et
1727 1339 1892 1424 anqustiis,
1918 1361 2002 1423 quae
2021 1360 2089 1422 pro

426 1448 568 1512 veritatis
591 1459 619 1510 et
641 1447 785 1510 iusticias
808 1446 977 1510 assertione
1001 1444 1112 1508 dilecti
1124 1445 1200 1531 filii
1215 1446 1318 1508 nostri
1333 1444 1374 1508 il.
1392 1443 1523 1508 diaconi
1537 1443 1716 1508 cardinalis
1730 1446 1929 1508 summeium
1946 1458 1973 1507 te
1989 1444 2089 1507 susti·
2109 1467 2133 1506 n

426 1577 498 1618 nere
520 1555 708 1640 accepimus,
724 1565 862 1638 paterna
878 1553 940 1616 tibi
951 1552 1115 1637 offendens
1131 1552 1348 1636 compatimur,
1372 1563 1400 1614 et
1421 1553 1457 1615 in
1472 1552 1586 1636 quibus
1600 1549 1769 1614 secundum
1785 1550 1887 1622 Deum
1897 1573 2088 1636 possumus,

426 1683 514 1747 opem
537 1659 599 1724 tibi
618 1673 646 1723 et
668 1657 835 1722 eonsilium
859 1658 988 1722 libenter
1010 1657 1231 1743 impendimus.
1267 1656 1307 1721 In
1323 1657 1437 1742 quibus
1452 1671 1535 1722 tanto
1551 1659 1703 1721 maiorem
1711 1659 1902 1742 patientiam
1919 1670 1948 1720 te
1964 1670 2090 1743 oportet

426 1766 548 1846 babere,
577 1779 691 1851 quanto
714 1766 828 1829 certius
851 1779 896 1828 est
921 1778 1006 1829 neom
1029 1763 1220 1828 industriam
1244 1763 1368 1828 easdem
1386 1766 1620 1849 paraeneticum
1636 1787 1702 1849 pro
1725 1763 1909 1849 defensione
1933 1765 2087 1828 iusticias

425 1875 584 1938 stistinere.
622 1871 694 1936 Seis
716 1873 799 1935 enim
822 1895 877 1936 nec
898 1895 1012 1936 nouum
1035 1895 1098 1935 esse
1121 1895 1176 1934 nec
1199 1869 1360 1935 insolitum
1384 1871 1470 1956 quod
1491 1873 1581 1935 iunta
1604 1870 1789 1956 apostolum,
1806 1872 1876 1955 ‘qui
1895 1871 2008 1934 volunt
2023 1871 2085 1957 pie

255 2003 406 2054 rouen.
426 1983 529 2045 virere
552 1982 587 2044 in
606 1977 741 2059 Christo,
763 1979 1012 2064 persecmionern
1029 1977 1229 2064 paciuntur’,
1260 1979 1299 2041 ab
1323 1979 1435 2064 impiis
1458 1991 1486 2042 et
1508 1977 1730 2058 dissimilibus,
1761 2000 1838 2062 quos
1860 1975 2025 2042 Dominus
2049 1979 2084 2042 in
2104 2001 2128 2040 rs

258 2087 587 2174 msu.s,'1o.euanpelio
610 2085 797 2165 consolatur,
821 2084 1042 2149 beatitudinem
1065 2097 1222 2148 aeternam
1246 2085 1316 2148 illis
1339 2087 1564 2170 repromittens.
1612 2084 1723 2150 ‘Beati
1727 2084 1737 2115 ²
1738 2134 1747 2165 ,
1778 2087 1892 2170 inquit,
1916 2087 1989 2170 ‘qui
2002 2108 2082 2171 per-
2162 2156 2165 2161 ,

424 2195 608 2258 secutionem
625 2195 801 2279 pociuntur
816 2206 952 2278 propter
970 2191 1154 2256 iusticiam’.
1201 2188 1270 2255 Nos
1293 2205 1395 2255 nemen
1412 2215 1477 2277 pro
1501 2190 1603 2256 debito
1627 2191 1738 2278 offleii
1756 2193 1861 2256 noemi
1880 2193 1995 2256 anulis
2019 2195 2083 2256 tuis

425 2301 562 2379 obviare,
590 2314 619 2364 et
647 2324 778 2364 censura
808 2299 1018 2364 ecelmiastica
1048 2321 1098 2362 eos
1129 2297 1269 2362 cobibere
1301 2299 1451 2362 volumus.
1505 2297 1593 2362 Unde
1609 2321 1673 2384 per
1688 2300 1854 2385 preserttia
1877 2299 1940 2362 tibi
1959 2301 2082 2384 scripta

425 2406 622 2485 nsandamus,
646 2419 796 2492 qssannus
813 2407 966 2492 proxima
990 2403 1160 2486 dominica,
1185 2429 1248 2490 qua
1272 2405 1406 2492 lepitur:
1429 2405 1509 2492 ‘Epo
1532 2419 1732 2492 compastor
1756 2403 1867 2470 bonm'
1878 2409 1900 2485 ²,
1923 2418 2031 2470 nosne
2055 2419 2082 2470 te

425 2514 604 2599 conspectui
623 2526 822 2598 representes,
846 2526 880 2590 ut
893 2535 957 2598 per
980 2525 1007 2576 te
1030 2513 1134 2598 speum
1157 2535 1253 2576 eausa
1269 2512 1402 2597 plenius
1426 2514 1549 2599 capnita
1579 2514 1681 2597 quieti
1700 2525 1729 2576 et
1751 2512 1983 2597 tranquillitati
2009 2525 2081 2576 neae
2099 2537 2125 2576 so

422 2619 601 2705 providere,
626 2621 755 2682 etaient
777 2618 889 2683 dilecto
905 2619 981 2705 filio
1005 2631 1176 2704 opportune
1198 2619 1260 2683 tibi
1279 2619 1444 2683 subuenire
1468 2619 1636 2684 nummus.

529 2724 595 2789 Per
617 2725 676 2789 has
698 2722 821 2788 litteras
845 2733 999 2788 evocatus
1023 2722 1191 2788 adsedem
1215 2723 1429 2809 apostolicam
1443 2725 1537 2808 veni3
1562 2723 1621 2788 sed
1636 2746 1756 2810 papam
1773 2722 1994 2789 Caelestinum
2013 2725 2081 2788 iam

425 2831 534 2894 inveni
558 2828 747 2895 defunctum
757 2834 778 2894 ³.
825 2828 887 2894 Oui
911 2840 1113 2896 successerat
1135 2853 1222 2918 papa
1244 2829 1376 2913 Lucius,
1401 2831 1458 2917 qui
1481 2831 1548 2895 suis
1571 2831 1650 2894 item
1674 2829 1950 2896 consolationibus
1972 2831 2079 2897 suctim

425 2946 475 3000 est
496 2935 574 3000 mihi
597 2936 701 3022 gellus
724 2938 910 3020 matutinus,
933 2946 969 3001 ut
991 2937 1026 3001 in
1048 2936 1162 3002 litteris
1186 2938 1288 3023 ipsius
1312 2947 1419 3023 potest
1443 2938 1607 3023 cognosci,
1632 2959 1716 3024 quae
1740 2938 1788 3003 sic
1812 2959 1847 3002 se
1870 2935 2033 3003 habente

531 3045 652 3110 Lucius
673 3047 837 3132 episcopus
859 3069 967 3110 serens
989 3069 1150 3110 seruorum
1164 3044 1232 3109 Dei
1244 3045 1476 3110 venerabilibus
1484 3045 1652 3132 fratribus
1667 3041 1839 3110 Cbrlnrado
1855 3043 2083 3134 Salzburpensi
2096 3069 2122 3110 es

425 3152 672 3239 archiepiscopo,
702 3151 844 3217 Romano
870 3153 1030 3217 dorcensi
1051 3154 1195 3238 panope
1218 3152 1347 3216 salutem
1373 3165 1401 3215 et
1422 3152 1627 3238 apostolicam
1651 3152 1902 3218 benedictionem.
1948 3152 2077 3218 Venien-

425 3273 483 3322 tem
506 3258 776 3345 adapostolicam
805 3259 907 3324 eedem
938 3260 1085 3324 dilectum
1107 3258 1258 3345 fidelium
1288 3272 1426 3322 nostrum
1452 3257 1632 3323 Gerbolum
1655 3258 1984 3346 Ricberrbperpensem
1999 3283 2076 3346 pre-

417 3368 559 3451 positum
584 3380 721 3453 paterna
750 3368 937 3454 benipnitate
966 3368 1159 3452 sencepimue
1181 3379 1210 3429 et
1224 3389 1289 3452 pro
1314 3366 1467 3452 relipione
1490 3379 1519 3430 et
1540 3366 1694 3430 honestate
1724 3389 1782 3430 sese
1808 3389 1980 3452 pesonam
2010 3370 2077 3432 eius

425 3473 609 3537 honorantes
639 3497 708 3537 oum
735 3475 842 3560 pratia
871 3473 957 3538 seds's
986 3472 1176 3558 apostolicae
1205 3471 1251 3536 ad
1272 3474 1415 3558 propria
1445 3473 1632 3536 remisimus.
1680 3470 1791 3557 Ipsum
1821 3475 1928 3558 itaque
1958 3487 2075 3538 vestm

418 3579 626 3665 fraternitati
641 3581 792 3644 attencius
807 3579 1053 3644 commendantes
1071 3603 1132 3665 per
1142 3580 1303 3664 presentia
1329 3581 1450 3665 sorpta
1468 3603 1626 3665 ropamus,
1650 3593 1811 3664 quatenus,
1834 3581 1917 3644 simet
1930 3579 2076 3644 kenenus
2093 3605 2120 3644 se

425 3687 545 3750 obtentu
567 3686 666 3751 solius
688 3686 854 3772 relipionis
877 3685 1093 3750 ethonestatis
1109 3686 1250 3772 fecistis,
1274 3709 1341 3772 pro
1365 3687 1451 3750 beati
1470 3683 1561 3749 Petri
1581 3699 1609 3750 et
1631 3699 1738 3750 nostra
1767 3688 1942 3750 reveremia
1972 3689 2076 3772 ipsm

426 3791 464 3856 de
487 3805 583 3856 cetero
607 3792 763 3856 honoretis
785 3805 814 3856 et
836 3790 981 3880 dilipatis
1008 3806 1036 3857 et
1065 3795 1099 3856 in
1122 3793 1355 3857 necessitatibus
1385 3795 1453 3857 suris
1480 3816 1568 3878 opem
1591 3793 1658 3857 eibi
1678 3807 1706 3857 et
1728 3793 1895 3856 seruilium
1918 3794 2074 3858 tribua&

531 3895 622 3961 Idem
645 3895 841 3961 venerabilis
865 3919 951 3983 papa
973 3896 1105 3979 Lucius,
1130 3920 1205 3962 cum
1228 3897 1335 3963 adhuc
1359 3907 1445 3962 esset
1468 3896 1641 3984 presbyter
1671 3896 1845 3962 cardinalis
1856 3901 1877 3980 ⁵,
1907 3899 2077 3963 exstiterat

425 4003 504 4067 mihi
527 4003 630 4088 gallus
653 4014 838 4084 nocturnus,
863 4005 920 4090 qui
943 4002 984 4068 de
1008 4003 1085 4068 sede
1109 4003 1289 4091 apostolica
1318 4004 1452 4068 miserat
1480 4003 1560 4068 mihi
1588 4003 1779 4070 nocturnale
1809 4003 2012 4090 gallicinium
2041 4007 2075 4069 in

425 4109 511 4175 hunc
533 4110 682 4175 modum:
2094 4137 2120 4178 ss

532 4218 581 4282 De
604 4220 745 4284 abinivis
768 4234 796 4284 et
817 4219 1111 4299 abominationibus,
1140 4243 1219 4304 qnae
1243 4219 1299 4283 boo
1322 4232 1457 4304 tempore
1481 4221 1516 4283 in
1538 4219 1669 4283 eceless’a
1692 4218 1759 4283 Dei
1771 4220 1867 4305 fiunt,
1894 4221 2004 4300 multa,
2027 4245 2075 4284 re-

426 4325 556 4389 verende
568 4325 690 4412 frater,
715 4327 749 4388 in
765 4340 852 4389 carta
875 4328 998 4405 notasti,
1023 4339 1051 4390 et
1066 4325 1168 4411 plura
1191 4340 1297 4390 notare
1315 4327 1463 4411 potuisti,
1487 4327 1563 4410 quia
1578 4326 1721 4410 peccatis
1744 4327 1860 4390 nostris
1882 4327 2076 4413 enipentrbus

426 4432 520 4496 multo
540 4431 639 4516 plura
654 4433 741 4518 flunt
768 4433 803 4495 in
825 4432 882 4495 boc
902 4432 1079 4517 periculoso
1107 4445 1252 4517 tempore,
1283 4456 1378 4516 quum
1409 4434 1444 4496 in
1468 4431 1577 4496 diebus
1592 4445 1725 4517 patrum
1752 4445 1938 4496 nostrorum.
1989 4433 2076 4511 Quae

327 4557 406 4602 rece.
426 4551 508 4602 tanto
532 4537 663 4601 liberius
686 4551 714 4602 et
735 4538 875 4629 crebrius
890 4539 985 4624 fiunt,
1003 4539 1132 4622 ‘quanto
1161 4539 1248 4602 nulli
1274 4552 1329 4603 aut
1345 4540 1542 4624 paucissimi
1561 4551 1642 4618 sunt,
1673 4539 1732 4623 qui
1752 4562 1791 4602 ea
1812 4537 1945 4604 adamo
1969 4564 2075 4606 ascen-

298 4666 405 4716 uerna.
426 4643 511 4724 dant,
535 4657 564 4707 et
584 4667 708 4707 mserum
726 4667 790 4730 pro
813 4642 903 4707 dorne
926 4642 1032 4708 Israel
1054 4643 1236 4729 opponendo
1259 4658 1337 4709 stent
1359 4646 1394 4710 in
1410 4645 1518 4730 prelio
1542 4647 1577 4708 in
1600 4644 1653 4709 die
1675 4643 1818 4710 Domini.
1861 4644 1949 4711 Unde
1972 4647 2076 4712 credi·
2092 4672 2119 4712 n

425 4774 494 4813 ntus
515 4749 745 4814 Ants'cbristnm
767 4751 817 4814 vel
838 4752 904 4815 iam
927 4752 1047 4815 ventsse
1074 4751 1125 4813 vel
1150 4753 1185 4815 in
1201 4753 1353 4837 proximo
1378 4765 1539 4815 uenturum
1563 4775 1637 4832 esse,
1661 4753 1751 4816 cuim
1766 4752 1903 4839 faeiem,
1931 4756 2015 4818 sinu
2041 4758 2075 4819 in

285 4856 481 4930 10uu,1e.Iob
505 4857 627 4943 lepitur,
653 4856 797 4942 precedit
826 4872 960 4945 epestas:
989 4871 1106 4944 epestas
1134 4857 1292 4943 siquidem
1321 4860 1470 4922 virentum
1500 4871 1529 4922 et
1554 4860 1763 4923 virtuosorum
1791 4860 1961 4942 bominum,
1986 4875 2021 4926 ut
2040 4885 2075 4926 eo

534 5108 563 5187 1)
585 5111 673 5186 Jaffi
691 5133 736 5170 nr.
754 5113 849 5184 8484,
874 5134 902 5170 a.
922 5113 1016 5184 1144,
1040 5113 1104 5170 Ian.
1131 5113 1182 5169 27.
1220 5111 1288 5172 Gom
1312 5114 1423 5172 indiciis
1446 5115 1648 5193 chronolopieis
1671 5115 1753 5173 etiam
1775 5116 1806 5174 in
1830 5115 1917 5174 Libro
1940 5118 1975 5174 de
1998 5119 2076 5176 noui-

424 5219 524 5277 tatibus
547 5219 627 5277 buius
650 5219 780 5295 temporis
803 5239 826 5276 e.
844 5219 873 5289 4,
898 5239 988 5295 supra
1005 5241 1038 5296 p.
1058 5219 1130 5276 293.
1156 5229 1182 5277 et
1204 5220 1282 5296 epist.
1309 5220 1361 5277 21.
1393 5223 1410 5278 l.
1435 5223 1473 5292 l.,·
1503 5222 1544 5294 cs.
1563 5208 1691 5280 Gerboli
1713 5222 1790 5298 epist.
1811 5223 1860 5280 11.
1885 5223 1928 5280 ad
1948 5225 2075 5282 Alexan·

424 5327 506 5383 dnum
529 5328 547 5382 l.
564 5328 602 5396 t.,·
626 5326 671 5384 De
693 5333 797 5401 quarta
819 5325 916 5403 cipitia
938 5326 1026 5384 noctis
1049 5326 1213 5397 c.1s.21‚·
1236 5347 1262 5385 o.
1280 5327 1505 5405 Scheibelberper
1527 5328 1557 5386 in
1574 5327 1708 5387 ‘Oesterr¹
1721 5329 2001 5404 Vierteljabrscbn'st
2015 5331 2075 5402 jin·
2091 5346 2117 5386 ss

424 5431 527 5490 iratbol.
548 5432 708 5509 lbeolopie’
725 5433 763 5502 X,
782 5452 815 5507 p.
834 5432 907 5488 568.
978 5431 1008 5504 2)
1029 5433 1086 5490 Die
1102 5432 1132 5489 9.
1149 5434 1220 5508 Apr.
1238 5454 1265 5490 a.
1283 5434 1376 5490 1144.
1452 5434 1482 5506 3)
1504 5434 1563 5500 Qui
1576 5435 1701 5493 obiitdie
1716 5436 1746 5493 8.
1762 5436 1873 5493 Martii.
1943 5436 1974 5506 4)
1990 5436 2078 5510 Jaffi

424 5559 469 5596 nr.
488 5538 582 5610 8577,
607 5559 635 5596 a.
654 5538 747 5608 1144,
764 5538 854 5613 Apr.;
878 5539 919 5610 cs.
938 5537 1065 5597 Gerbolsi
1087 5540 1164 5615 epist.
1184 5540 1221 5596 21
1230 5563 1240 5610 ;
1265 5539 1311 5598 De
1335 5549 1440 5616 quarta
1462 5541 1559 5618 nipilia
1582 5543 1670 5600 noctis
1693 5562 1716 5600 e.
1736 5543 1786 5599 18.
1805 5542 1856 5599 21.
1949 5541 1980 5615 b)
2005 5543 2072 5602 Scit.

426 5643 596 5704 Gerbardus
619 5645 729 5702 cardin.
754 5645 794 5702 tit.
819 5644 850 5702 S.
869 5643 976 5716 Crucis,
1001 5645 1045 5702 cui
1067 5645 1201 5703 Libellum
1225 5647 1259 5704 de
1281 5645 1382 5704 ordine
1405 5648 1542 5706 donorum
1563 5669 1654 5725 supra
1678 5649 1779 5707 edituum
1801 5647 1883 5707 misit.
