4386 6390
458 1454 913 1574 annulum
964 1456 1388 1575 ornamus

150 1697 264 1816 nn
312 1697 707 1817 urrunnu
767 1699 1705 1821 nxconnumcurouun

626 1941 1221 2064 conuromouu.

844 2215 1007 2282 EDIDIT

704 2413 760 2512 E.
792 2394 1142 2513 DUMMLER.

231 2677 275 2757 Jn
307 2691 413 2757 codice
442 2717 524 2757 nnnc
548 2693 783 2758 Vindoboncnai
809 2694 912 2774 2192,
947 2693 1106 2780 qnondam
1137 2691 1376 2781 Solnhnrpenoi
1395 2695 1481 2775 Ι323,
1517 2696 1749 2761 monchronaceo

98 2800 221 2865 nocendi
240 2797 314 2862 XII
322 2803 344 2880 ¹,
375 2801 430 2864 cni
458 2801 642 2864 inscribitur
672 2797 888 2863 Collectiones
920 2823 1081 2864 canonum
1103 2799 1215 2864 lvonis
1239 2797 1448 2864 Camotensis
1479 2801 1640 2888 episcopi;
1672 2802 1749 2866 item

99 2929 213 2971 cursus
236 2904 401 2970 titulorum
426 2903 647 2988 decretalium,
679 2909 785 2972 insunt
814 2907 876 2971 dno
892 2908 985 2995 folio
1015 2907 1120 2972 nitido
1150 2932 1246 2972 monn
1274 2911 1427 2994 ccrt'pno2,
1457 2932 1537 2994 qnae
1564 2909 1609 2973 od
1630 2923 1749 2974 contro·

100 3015 220 3079 versiae
238 3013 391 3104 Gregorii
408 3011 481 3076 VH.
506 3028 640 3100 temporo
663 3027 787 3078 coortas
809 3029 955 3100 spectant.
990 3013 1040 3078 Ac
1056 3017 1168 3100 primo
1192 3014 1318 3100 quidem
1343 3015 1478 3080 dirarum
1497 3015 1627 3102 Pelopis·
1643 3039 1749 3102 popae

57 3143 80 3182 ro
98 3121 325 3207 apestoloraffl
348 3135 491 3206 exempto
514 3121 604 3185 nohis
627 3121 779 3201 cnhn'bcnt,
810 3145 890 3206 qima
920 3146 989 3185 cnm
1019 3122 1219 3207 aliquatenus
1248 3121 1379 3186 aliunde
1406 3136 1478 3186 noto
1500 3122 1669 3208 suppleant
1694 3147 1749 3186 nec

91 3229 198 3314 put-roi
216 3229 365 3292 monetati
384 3229 457 3308 sint,
481 3227 532 3291 hic
556 3230 677 3315 intepro
699 3242 878 3312 coquantur.

141 3458 342 3544 Pelagius
373 3481 481 3545 papa
508 3458 687 3523 Iohanni
716 3458 919 3545 patricio,
944 3458 1051 3544 quod
1080 3481 1157 3523 una
1187 3469 1250 3524 est
1280 3458 1467 3548 ecclesia
1497 3459 1632 3544 etheo
1663 3461 1704 3524 in
1767 3477 1837 3518 mos.

97 3566 242 3632 radice
273 3565 387 3630 sedis
417 3565 654 3654 apostolice
678 3566 894 3630 constituta
917 3576 956 3629 et
980 3567 1049 3652 qui
1072 3576 1183 3630 extra
1213 3566 1318 3630 illam
1343 3577 1406 3631 est
1428 3589 1502 3630 non
1526 3577 1747 3649 consecrat,

311 3689 312 3692 ’
766 3672 838 3738 sed
861 3672 1082 3738 dissecrat.

54 3818 80 3858 is
204 3796 299 3862 Noli⁴
334 3796 527 3862 catholicam
562 3819 691 3884 semper
725 3808 867 3862 mentem
901 3796 1012 3884 aliqua
1046 3797 1303 3862 scismaticorum
1334 3797 1559 3862 communione
1592 3796 1746 3884 polluere.

98 3903 207 3970 Unum
230 3901 352 3968 Christi
375 3927 503 3992 empna,
531 3927 630 3968 imam
653 3914 780 3975 constat
810 3926 881 3968 esse
913 3904 1095 3994 ecclesiam.
1141 3903 1293 3968 Divisum
1323 3902 1365 3968 ab
1388 3905 1623 3968 universitate⁸
1647 3904 1748 3970 altare

97 4011 266 4076 veritatem
291 4011 436 4098 corporis
459 4033 524 4076 non
547 4021 654 4098 potest
677 4033 879 4090 consecrare.
926 4010 1112 4075 Toleranda
1141 4021 1216 4075 sunt
1245 4012 1280 4074 iu
1310 4033 1467 4097 compage
1495 4012 1639 4098 corporis
1663 4013 1748 4097 posi-

97 4127 202 4182 torum
225 4119 324 4182 etiam
347 4117 403 4182 illa
426 4140 669 4204 nonnumquam
684 4119 781 4200 vicia,
806 4141 870 4204 que
893 4119 1010 4183 unitati
1032 4117 1194 4182 interdum
1218 4127 1389 4205 parcentes
1412 4139 1562 4182 resecare
1585 4140 1652 4182 non
1674 4140 1747 4204 pos-

97 4245 217 4288 sumus.
263 4224 315 4288 Et
337 4224 460 4312 paulo
484 4235 587 4311 post.
634 4223 731 4289 Noli⁵
754 4247 865 4289 eorum
889 4225 945 4311 qui
968 4225 1037 4310 igni
1060 4226 1136 4312 apti
1152 4235 1227 4289 sunt
1255 4247 1321 4290 non
1348 4223 1657 4307 consecrationibus,
1689 4224 1747 4290 sed

51 4353 79 4393 ro
97 4329 360 4396 execrationibus
384 4332 577 4415 consentire,
607 4354 668 4396 nec
692 4332 857 4395 existimes
881 4330 952 4395 illos
975 4331 1029 4396 vel
1052 4353 1124 4396 esse
1147 4331 1201 4396 vel
1231 4331 1297 4396 dici
1321 4330 1494 4395 ecclesiam
1517 4354 1623 4418 posse.
1669 4331 1746 4396 Ete-

95 4438 186 4500 nim⁶
208 4459 292 4520 cum,
324 4439 407 4503 sicut
430 4437 581 4521 diximus,
606 4437 746 4503 ecclesia
768 4461 834 4502 una
857 4439 908 4520 sit,
933 4439 987 4503 cui
1010 4439 1044 4502 in
1067 4436 1211 4502 canticis
1235 4439 1434 4503 canticorum
1458 4436 1592 4502 dician:
1618 4453 1888 4516 annastasius.

96 4545 238 4610 col-umba
267 4570 347 4626 mco,
378 4545 499 4608 nullam
530 4567 601 4610 esse
631 4544 728 4609 aliam
752 4556 888 4627 constat,
918 4545 980 4608 nisi
1004 4568 1067 4634 que
1091 4546 1124 4608 in
1148 4544 1327 4631 apostolica
1351 4555 1399 4608 est
1422 4544 1532 4608 radice
1556 4543 1702 4627 fundata,
1727 4568 1747 4610 a

97 4649 214 4736 quibus
238 4652 342 4737 ipsam
365 4651 463 4715 fidem
486 4652 520 4715 in
542 4653 696 4716 universo
719 4649 798 4715 orbe
821 4661 1035 4738 propagatam
1057 4673 1122 4716 non
1145 4662 1253 4736 potest
1276 4649 1426 4715 dubitari.
1475 4649 1572 4731 Quod
1594 4662 1630 4716 ut
1652 4650 1745 4716 vobis

203 4847 230 4913 a)
251 4853 356 4902 unitate
376 4851 472 4903 Dana.

50 5047 77 5087 ²⁶
206 5032 235 5110 l)
258 5035 375 5093 Libram
399 5036 512 5094 comiter
529 5035 694 5094 Vindobona
717 5035 770 5094 lunc
792 5034 904 5092 mnsam
928 5035 1036 5112 copiose
1060 5035 1270 5111 descripserunt
1291 5035 1334 5092 W.
1355 5035 1546 5106 Wattcnbach,
1564 5035 1690 5094 ‘Archiv'
1706 5037 1744 5107 X,

89 5161 123 5218 p.
141 5141 215 5200 554.
240 5151 266 5199 et
291 5142 415 5200 Tabulae
436 5142 621 5218 manuscript.
646 5141 765 5200 biblioth.
786 5141 940 5199 Wndobon.
958 5142 998 5212 II,
1017 5142 1121 5218 1227.
1188 5131 1190 5134 ¹
1215 5141 1245 5210 2)
1271 5142 1396 5219 Eopcnii
1417 5142 1474 5199 ΙΙΙ.
1493 5162 1595 5218 papae
1618 5142 1744 5218 epistola

94 5269 180 5325 quarn
202 5269 239 5306 en
262 5249 382 5307 eiusdem
405 5241 685 5320 codicicsol.104‘.
710 5247 893 5306 Wattcnbaclr
916 5248 1002 5304 edidit
1031 5244 1131 5323 (Jnffe'
1150 5268 1195 5306 nr.
1214 5244 1323 5323 9149),
1354 5268 1441 5306 monn
1461 5248 1618 5324 posteriore
1647 5249 1744 5306 ibidem

94 5355 195 5412 adclita
218 5365 269 5414 cst.
348 5355 378 5426 3)
401 5355 494 5429 Jafft,
518 5356 590 5433 neq.
615 5356 657 5412 ed.
677 5355 705 5426 2,
730 5374 775 5412 nr.
794 5353 867 5410 983.
893 5363 918 5412 ct
942 5353 1015 5426 994,
1039 5355 1086 5412 ubi
1107 5355 1172 5414 libri
1193 5355 1323 5431 impressi
1344 5363 1488 5414 notantur.
1558 5355 1590 5426 4)
1614 5357 1679 5412 Noli
1700 5387 1745 5396 —

93 5481 240 5535 possumus
270 5482 318 5539 ap.
342 5462 507 5534 Deccsdedit,
533 5459 601 5522 Call.
627 5482 692 5519 con.
715 5461 740 5532 I,
765 5481 788 5518 c.
809 5460 881 5531 144,
906 5482 940 5537 p.
962 5460 1032 5518 104.
1066 5463 1108 5520 ed.
1135 5461 1318 5532 Martinucci,
1348 5461 1395 5520 nbi
1422 5463 1560 5520 nonnulla
1589 5463 1743 5520 adducatur.

48 5583 76 5624 to
95 5565 127 5643 5)
149 5569 215 5626 Noli
234 5589 302 5643 ergo
319 5587 414 5628 eorum
432 5600 470 5610 -
488 5571 611 5626 dubitari
635 5568 700 5626 ibid.
719 5589 753 5644 p.
774 5567 845 5624 104.
873 5568 946 5625 105.
1038 5569 1069 5640 6)
1094 5571 1208 5626 Etenim
1223 5599 1268 5608 --
1284 5571 1451 5643 extinguere
1476 5571 1557 5645 apud
1571 5567 1744 5628 &adanam

95 5695 118 5732 c.
138 5674 189 5747 24,
214 5676 308 5752 qu.1,
333 5695 357 5732 c.
375 5675 427 5740 34.
1547 5695 1549 5698 ·
