<?xml version="1.0" encoding="UTF-8"?>
<!DOCTYPE html PUBLIC "-//W3C//DTD XHTML 1.0 Transitional//EN"
    "http://www.w3.org/TR/xhtml1/DTD/xhtml1-transitional.dtd">
<html xmlns="http://www.w3.org/1999/xhtml" xml:lang="en" lang="en">
 <head>
  <title>
</title>
<meta http-equiv="Content-Type" content="text/html;charset=utf-8" />
  <meta name='ocr-system' content='tesseract 3.04.00' />
  <meta name='ocr-capabilities' content='ocr_page ocr_carea ocr_par ocr_line ocrx_word'/>
</head>
<body>
  <div class='ocr_page' id='page_1' title='image "./monumentagerman00unkngoog_0323.png"; bbox 0 0 4410 6406; ppageno 0'>
   <div class='ocr_carea' id='block_1_1' title="bbox 594 359 1821 428">
    <p class='ocr_par' dir='ltr' id='par_1_1' title="bbox 594 359 1821 428">
     <span class='ocr_line' id='line_1_1' title="bbox 594 359 1821 428; baseline -0.003 -3"><span class='ocrx_word' id='word_1_1' title='bbox 594 371 646 426; x_wconf 87' lang='lat' dir='ltr'><strong>DE</strong></span> <span class='ocrx_word' id='word_1_2' title='bbox 669 370 1005 428; x_wconf 81' lang='lat' dir='ltr'><strong>INVESTIGATIONE</strong></span> <span class='ocrx_word' id='word_1_3' title='bbox 1029 368 1281 428; x_wconf 84' lang='lat' dir='ltr'><strong>ANTICHRISTI</strong></span> <span class='ocrx_word' id='word_1_4' title='bbox 1305 370 1339 424; x_wconf 91' lang='lat' dir='ltr'><strong>L.</strong></span> <span class='ocrx_word' id='word_1_5' title='bbox 1355 369 1380 425; x_wconf 91' lang='lat'><strong>1.</strong></span> <span class='ocrx_word' id='word_1_6' title='bbox 1757 359 1821 422; x_wconf 84' lang='lat'><strong>319</strong></span> 
     </span>
    </p>
   </div>
   <div class='ocr_carea' id='block_1_2' title="bbox 107 551 1961 2032">
    <p class='ocr_par' dir='ltr' id='par_1_2' title="bbox 154 551 1957 965">
     <span class='ocr_line' id='line_1_2' title="bbox 156 551 1822 645; baseline -0.001 -27"><span class='ocrx_word' id='word_1_7' title='bbox 156 551 260 618; x_wconf 85' lang='lat' dir='ltr'><strong>CXX</strong></span> <span class='ocrx_word' id='word_1_8' title='bbox 276 555 461 621; x_wconf 90' lang='lat' dir='ltr'><strong>cubitorum</strong></span> <span class='ocrx_word' id='word_1_9' title='bbox 484 557 527 621; x_wconf 92' lang='lat' dir='ltr'><strong>ad</strong></span> <span class='ocrx_word' id='word_1_10' title='bbox 550 579 711 622; x_wconf 91' lang='lat' dir='ltr'><strong>summum</strong></span> <span class='ocrx_word' id='word_1_11' title='bbox 734 557 846 644; x_wconf 89' lang='lat' dir='ltr'><strong>templi</strong></span> <span class='ocrx_word' id='word_1_12' title='bbox 869 581 972 645; x_wconf 89' lang='lat' dir='ltr'><strong>usque</strong></span> <span class='ocrx_word' id='word_1_13' title='bbox 996 558 1205 645; x_wconf 90' lang='lat' dir='ltr'><strong>pinnaculum</strong></span> <span class='ocrx_word' id='word_1_14' title='bbox 1228 557 1417 644; x_wconf 90' lang='lat' dir='ltr'><strong>pertingens</strong></span> <span class='ocrx_word' id='word_1_15' title='bbox 1440 576 1564 618; x_wconf 90' lang='lat' dir='ltr'><strong>summe</strong></span> <span class='ocrx_word' id='word_1_16' title='bbox 1588 553 1715 618; x_wconf 86' lang='lat' dir='ltr'><strong>numeri</strong></span> <span class='ocrx_word' id='word_1_17' title='bbox 1738 552 1822 617; x_wconf 89' lang='lat' dir='ltr'><strong>elec·</strong></span> 
     </span>
     <span class='ocr_line' id='line_1_3' title="bbox 154 658 1821 752; baseline -0.001 -28"><span class='ocrx_word' id='word_1_18' title='bbox 154 669 269 725; x_wconf 91' lang='lat' dir='ltr'><strong>torum</strong></span> <span class='ocrx_word' id='word_1_19' title='bbox 292 661 371 726; x_wconf 87' lang='lat' dir='ltr'><strong>mihi</strong></span> <span class='ocrx_word' id='word_1_20' title='bbox 394 662 526 728; x_wconf 90' lang='lat' dir='ltr'><strong>videtur</strong></span> <span class='ocrx_word' id='word_1_21' title='bbox 549 685 740 750; x_wconf 89' lang='lat' dir='ltr'><strong>congruere,</strong></span> <span class='ocrx_word' id='word_1_22' title='bbox 770 665 804 729; x_wconf 91' lang='lat' dir='ltr'><strong>in</strong></span> <span class='ocrx_word' id='word_1_23' title='bbox 828 687 909 752; x_wconf 90' lang='lat' dir='ltr'><strong>quos</strong></span> <span class='ocrx_word' id='word_1_24' title='bbox 935 666 970 728; x_wconf 92' lang='lat' dir='ltr'><strong>in</strong></span> <span class='ocrx_word' id='word_1_25' title='bbox 993 665 1084 730; x_wconf 91' lang='lat' dir='ltr'><strong>initio</strong></span> <span class='ocrx_word' id='word_1_26' title='bbox 1112 664 1273 750; x_wconf 88' lang='lat' dir='ltr'><strong>surgentis</strong></span> <span class='ocrx_word' id='word_1_27' title='bbox 1298 661 1489 744; x_wconf 78' lang='lat' dir='ltr'><strong>aecclesiae,</strong></span> <span class='ocrx_word' id='word_1_28' title='bbox 1513 662 1584 725; x_wconf 90' lang='lat' dir='ltr'><strong>veri</strong></span> <span class='ocrx_word' id='word_1_29' title='bbox 1608 658 1733 725; x_wconf 90' lang='lat' dir='ltr'><strong>scilicet</strong></span> <span class='ocrx_word' id='word_1_30' title='bbox 1755 659 1821 724; x_wconf 91' lang='lat' dir='ltr'><strong>Dei</strong></span> 
     </span>
     <span class='ocr_line' id='line_1_4' title="bbox 157 767 1957 856; baseline 0.002 -25"><span class='ocrx_word' id='word_1_31' title='bbox 157 767 287 855; x_wconf 89' lang='lat' dir='ltr'><strong>templi,</strong></span> <span class='ocrx_word' id='word_1_32' title='bbox 310 769 416 855; x_wconf 89' lang='lat' dir='ltr'><strong>gratia</strong></span> <span class='ocrx_word' id='word_1_33' title='bbox 432 768 571 856; x_wconf 85' lang='lat' dir='ltr'><strong>Spiritus</strong></span> <span class='ocrx_word' id='word_1_34' title='bbox 595 772 700 835; x_wconf 86' lang='lat' dir='ltr'><strong>sancti</strong></span> <span class='ocrx_word' id='word_1_35' title='bbox 725 770 829 835; x_wconf 87' lang='lat' dir='ltr'><strong>effusa</strong></span> <span class='ocrx_word' id='word_1_36' title='bbox 844 782 902 836; x_wconf 89' lang='lat' dir='ltr'><strong>est.</strong></span> <span class='ocrx_word' id='word_1_37' title='bbox 936 773 1021 838; x_wconf 82' lang='lat' dir='ltr'><strong>Erat</strong></span> <span class='ocrx_word' id='word_1_38' title='bbox 1042 775 1135 854; x_wconf 79' lang='lat' dir='ltr'><strong>enirn,</strong></span> <span class='ocrx_word' id='word_1_39' title='bbox 1159 782 1195 836; x_wconf 89' lang='lat' dir='ltr'><strong>nt</strong></span> <span class='ocrx_word' id='word_1_40' title='bbox 1217 769 1325 834; x_wconf 86' lang='lat' dir='ltr'><strong>Lucas</strong></span> <span class='ocrx_word' id='word_1_41' title='bbox 1349 770 1404 852; x_wconf 89' lang='lat' dir='ltr'><strong>ait,</strong></span> <span class='ocrx_word' id='word_1_42' title='bbox 1428 771 1519 834; x_wconf 66' lang='lat' dir='ltr'><strong>narbo</strong></span> <span class='ocrx_word' id='word_1_43' title='bbox 1542 769 1702 833; x_wconf 75' lang='lat' dir='ltr'><strong>dominnm</strong></span> <span class='ocrx_word' id='word_1_44' title='bbox 1725 769 1824 832; x_wconf 80' lang='lat' dir='ltr'><strong>simol</strong></span> <span class='ocrx_word' id='word_1_45' title='bbox 1840 790 1957 839; x_wconf 57' lang='lat' dir='ltr'><strong>scarus.</strong></span> 
     </span>
     <span class='ocr_line' id='line_1_5' title="bbox 156 872 1820 965; baseline -0.002 -25"><span class='ocrx_word' id='word_1_46' title='bbox 156 876 234 961; x_wconf 81' lang='lat' dir='ltr'><strong>fere</strong></span> <span class='ocrx_word' id='word_1_47' title='bbox 262 875 362 941; x_wconf 80' lang='lat' dir='ltr'>CXX.</span> <span class='ocrx_word' id='word_1_48' title='bbox 411 875 522 958; x_wconf 78' lang='lat' dir='ltr'><strong>Quare</strong></span> <span class='ocrx_word' id='word_1_49' title='bbox 546 887 655 941; x_wconf 88' lang='lat' dir='ltr'><strong>autem</strong></span> <span class='ocrx_word' id='word_1_50' title='bbox 677 877 732 942; x_wconf 86' lang='lat' dir='ltr'><strong>vel</strong></span> <span class='ocrx_word' id='word_1_51' title='bbox 754 878 788 941; x_wconf 90' lang='lat' dir='ltr'><strong>in</strong></span> <span class='ocrx_word' id='word_1_52' title='bbox 811 878 924 965; x_wconf 90' lang='lat' dir='ltr'><strong>templi</strong></span> <span class='ocrx_word' id='word_1_53' title='bbox 948 879 1126 943; x_wconf 77' lang='lat' dir='ltr'><strong>manufacti</strong></span> <span class='ocrx_word' id='word_1_54' title='bbox 1149 878 1291 942; x_wconf 91' lang='lat' dir='ltr'><strong>Domino</strong></span> <span class='ocrx_word' id='word_1_55' title='bbox 1315 874 1551 940; x_wconf 70' lang='lat' dir='ltr'><strong>menficanda</strong></span> <span class='ocrx_word' id='word_1_56' title='bbox 1574 872 1743 938; x_wconf 85' lang='lat' dir='ltr'><strong>altitudine</strong></span> <span class='ocrx_word' id='word_1_57' title='bbox 1766 872 1820 938; x_wconf 89' lang='lat' dir='ltr'><strong>vel</strong></span> 
     </span>
    </p>

    <p class='ocr_par' dir='ltr' id='par_1_3' title="bbox 120 980 1912 1498">
     <span class='ocr_line' id='line_1_6' title="bbox 120 980 1819 1070; baseline 0.001 -28"><span class='ocrx_word' id='word_1_58' title='bbox 120 981 197 1045; x_wconf 80' lang='lat' dir='ltr'><strong>sin</strong></span> <span class='ocrx_word' id='word_1_59' title='bbox 221 981 398 1047; x_wconf 87' lang='lat' dir='ltr'><strong>electorum</strong></span> <span class='ocrx_word' id='word_1_60' title='bbox 429 1005 555 1048; x_wconf 90' lang='lat' dir='ltr'><strong>summa</strong></span> <span class='ocrx_word' id='word_1_61' title='bbox 578 983 718 1070; x_wconf 78' lang='lat' dir='ltr'><strong>Spiritus</strong></span> <span class='ocrx_word' id='word_1_62' title='bbox 749 985 855 1048; x_wconf 91' lang='lat' dir='ltr'><strong>sancti</strong></span> <span class='ocrx_word' id='word_1_63' title='bbox 884 984 1029 1050; x_wconf 87' lang='lat' dir='ltr'><strong>adventu</strong></span> <span class='ocrx_word' id='word_1_64' title='bbox 1060 982 1283 1050; x_wconf 89' lang='lat' dir='ltr'><strong>consecranda</strong></span> <span class='ocrx_word' id='word_1_65' title='bbox 1306 981 1379 1047; x_wconf 89' lang='lat' dir='ltr'><strong>Deo</strong></span> <span class='ocrx_word' id='word_1_66' title='bbox 1409 981 1463 1046; x_wconf 92' lang='lat' dir='ltr'><strong>hic</strong></span> <span class='ocrx_word' id='word_1_67' title='bbox 1493 1003 1647 1046; x_wconf 92' lang='lat' dir='ltr'><strong>numerus</strong></span> <span class='ocrx_word' id='word_1_68' title='bbox 1677 980 1819 1067; x_wconf 91' lang='lat' dir='ltr'><strong>compla-</strong></span> 
     </span>
     <span class='ocr_line' id='line_1_7' title="bbox 161 1086 1912 1178; baseline 0.001 -26"><span class='ocrx_word' id='word_1_69' title='bbox 161 1089 269 1154; x_wconf 85' lang='lat' dir='ltr'><strong>cuerit</strong></span> <span class='ocrx_word' id='word_1_70' title='bbox 292 1089 523 1176; x_wconf 90' lang='lat' dir='ltr'><strong>requirendum</strong></span> <span class='ocrx_word' id='word_1_71' title='bbox 546 1092 708 1174; x_wconf 89' lang='lat' dir='ltr'><strong>existim0,</strong></span> <span class='ocrx_word' id='word_1_72' title='bbox 735 1114 801 1156; x_wconf 90' lang='lat' dir='ltr'><strong>non</strong></span> <span class='ocrx_word' id='word_1_73' title='bbox 825 1093 911 1156; x_wconf 90' lang='lat' dir='ltr'><strong>enim</strong></span> <span class='ocrx_word' id='word_1_74' title='bbox 934 1115 1054 1178; x_wconf 86' lang='lat' dir='ltr'><strong>magno</strong></span> <span class='ocrx_word' id='word_1_75' title='bbox 1078 1113 1197 1156; x_wconf 86' lang='lat' dir='ltr'><strong>vacare</strong></span> <span class='ocrx_word' id='word_1_76' title='bbox 1221 1089 1417 1156; x_wconf 82' lang='lat' dir='ltr'><strong>crediderim</strong></span> <span class='ocrx_word' id='word_1_77' title='bbox 1440 1089 1606 1175; x_wconf 86' lang='lat' dir='ltr'><strong>mysterio,</strong></span> <span class='ocrx_word' id='word_1_78' title='bbox 1631 1086 1719 1174; x_wconf 91' lang='lat' dir='ltr'><strong>quod</strong></span> <span class='ocrx_word' id='word_1_79' title='bbox 1743 1089 1819 1152; x_wconf 84' lang='lat' dir='ltr'><strong>&#39;‘ite-</strong></span> <span class='ocrx_word' id='word_1_80' title='bbox 1838 1107 1912 1160; x_wconf 66' lang='lat' dir='ltr'><strong>*pus</strong></span> 
     </span>
     <span class='ocr_line' id='line_1_8' title="bbox 160 1193 1819 1285; baseline -0.001 -26"><span class='ocrx_word' id='word_1_81' title='bbox 160 1206 255 1260; x_wconf 87' lang='lat' dir='ltr'><strong>ratur</strong></span> <span class='ocrx_word' id='word_1_82' title='bbox 282 1197 316 1260; x_wconf 92' lang='lat' dir='ltr'><strong>in</strong></span> <span class='ocrx_word' id='word_1_83' title='bbox 347 1197 445 1262; x_wconf 89' lang='lat' dir='ltr'><strong>facto.</strong></span> <span class='ocrx_word' id='word_1_84' title='bbox 501 1198 632 1262; x_wconf 86' lang='lat' dir='ltr'><strong>Etenim</strong></span> <span class='ocrx_word' id='word_1_85' title='bbox 664 1198 772 1284; x_wconf 91' lang='lat' dir='ltr'><strong>ipsum</strong></span> <span class='ocrx_word' id='word_1_86' title='bbox 803 1197 844 1263; x_wconf 90' lang='lat' dir='ltr'><strong>de</strong></span> <span class='ocrx_word' id='word_1_87' title='bbox 875 1220 939 1285; x_wconf 94' lang='lat' dir='ltr'><strong>quo</strong></span> <span class='ocrx_word' id='word_1_88' title='bbox 968 1198 1132 1285; x_wconf 90' lang='lat' dir='ltr'><strong>loquimur</strong></span> <span class='ocrx_word' id='word_1_89' title='bbox 1165 1197 1322 1284; x_wconf 91' lang='lat' dir='ltr'><strong>templum</strong></span> <span class='ocrx_word' id='word_1_90' title='bbox 1356 1194 1578 1260; x_wconf 85' lang='lat' dir='ltr'><strong>manufactum</strong></span> <span class='ocrx_word' id='word_1_91' title='bbox 1612 1195 1646 1257; x_wconf 93' lang='lat' dir='ltr'><strong>in</strong></span> <span class='ocrx_word' id='word_1_92' title='bbox 1681 1193 1819 1259; x_wconf 85' lang='lat' dir='ltr'><strong>eandem</strong></span> 
     </span>
     <span class='ocr_line' id='line_1_9' title="bbox 162 1299 1818 1390; baseline 0 -24"><span class='ocrx_word' id='word_1_93' title='bbox 162 1299 263 1366; x_wconf 85' lang='lat' dir='ltr'><strong>CXX</strong></span> <span class='ocrx_word' id='word_1_94' title='bbox 287 1302 470 1368; x_wconf 90' lang='lat' dir='ltr'><strong>cubitorum</strong></span> <span class='ocrx_word' id='word_1_95' title='bbox 500 1303 703 1369; x_wconf 91' lang='lat' dir='ltr'><strong>altitudinem</strong></span> <span class='ocrx_word' id='word_1_96' title='bbox 733 1327 799 1370; x_wconf 90' lang='lat' dir='ltr'><strong>non</strong></span> <span class='ocrx_word' id='word_1_97' title='bbox 822 1306 891 1370; x_wconf 89' lang='lat' dir='ltr'><strong>sine</strong></span> <span class='ocrx_word' id='word_1_98' title='bbox 915 1305 982 1370; x_wconf 90' lang='lat' dir='ltr'><strong>Dei</strong></span> <span class='ocrx_word' id='word_1_99' title='bbox 1010 1317 1091 1370; x_wconf 91' lang='lat' dir='ltr'><strong>nutu</strong></span> <span class='ocrx_word' id='word_1_100' title='bbox 1113 1304 1191 1369; x_wconf 92' lang='lat' dir='ltr'><strong>licet</strong></span> <span class='ocrx_word' id='word_1_101' title='bbox 1220 1327 1280 1390; x_wconf 92' lang='lat' dir='ltr'><strong>per</strong></span> <span class='ocrx_word' id='word_1_102' title='bbox 1301 1304 1465 1368; x_wconf 89' lang='lat' dir='ltr'><strong>funestum</strong></span> <span class='ocrx_word' id='word_1_103' title='bbox 1487 1299 1664 1382; x_wconf 89' lang='lat' dir='ltr'><strong>Herodem,</strong></span> <span class='ocrx_word' id='word_1_104' title='bbox 1688 1311 1724 1365; x_wconf 92' lang='lat' dir='ltr'><strong>ut</strong></span> <span class='ocrx_word' id='word_1_105' title='bbox 1746 1324 1818 1387; x_wconf 92' lang='lat' dir='ltr'><strong>pre-</strong></span> 
     </span>
     <span class='ocr_line' id='line_1_10' title="bbox 162 1406 1818 1498; baseline -0.001 -25"><span class='ocrx_word' id='word_1_106' title='bbox 162 1407 318 1492; x_wconf 90' lang='lat' dir='ltr'><strong>diximus,</strong></span> <span class='ocrx_word' id='word_1_107' title='bbox 347 1410 557 1475; x_wconf 91' lang='lat' dir='ltr'><strong>reformatum</strong></span> <span class='ocrx_word' id='word_1_108' title='bbox 581 1421 639 1494; x_wconf 89' lang='lat' dir='ltr'><strong>est,</strong></span> <span class='ocrx_word' id='word_1_109' title='bbox 666 1423 842 1498; x_wconf 88' lang='lat' dir='ltr'><strong>antequam</strong></span> <span class='ocrx_word' id='word_1_110' title='bbox 866 1412 1027 1478; x_wconf 83' lang='lat' dir='ltr'><strong>Dominus</strong></span> <span class='ocrx_word' id='word_1_111' title='bbox 1051 1413 1086 1476; x_wconf 91' lang='lat' dir='ltr'><strong>in</strong></span> <span class='ocrx_word' id='word_1_112' title='bbox 1107 1413 1180 1498; x_wconf 87' lang='lat' dir='ltr'><strong>ipso</strong></span> <span class='ocrx_word' id='word_1_113' title='bbox 1204 1433 1278 1475; x_wconf 89' lang='lat' dir='ltr'><strong>cum</strong></span> <span class='ocrx_word' id='word_1_114' title='bbox 1302 1409 1465 1474; x_wconf 85' lang='lat' dir='ltr'><strong>oblatione</strong></span> <span class='ocrx_word' id='word_1_115' title='bbox 1490 1430 1510 1472; x_wconf 93' lang='lat' dir='ltr'><strong>a</strong></span> <span class='ocrx_word' id='word_1_116' title='bbox 1533 1406 1723 1494; x_wconf 89' lang='lat' dir='ltr'><strong>parentibus</strong></span> <span class='ocrx_word' id='word_1_117' title='bbox 1746 1430 1818 1494; x_wconf 91' lang='lat' dir='ltr'><strong>pre-</strong></span> 
     </span>
    </p>

    <p class='ocr_par' dir='ltr' id='par_1_4' title="bbox 107 1513 1961 2032">
     <span class='ocr_line' id='line_1_11' title="bbox 107 1513 1818 1606; baseline 0.002 -30"><span class='ocrx_word' id='word_1_118' title='bbox 107 1539 141 1577; x_wconf 84' lang='lat' dir='ltr'><strong>m</strong></span> <span class='ocrx_word' id='word_1_119' title='bbox 161 1527 355 1599; x_wconf 87' lang='lat' dir='ltr'><strong>sentaretur,</strong></span> <span class='ocrx_word' id='word_1_120' title='bbox 384 1539 447 1604; x_wconf 90' lang='lat' dir='ltr'><strong>que</strong></span> <span class='ocrx_word' id='word_1_121' title='bbox 475 1519 618 1582; x_wconf 88' lang='lat' dir='ltr'><strong>maxima</strong></span> <span class='ocrx_word' id='word_1_122' title='bbox 648 1528 719 1583; x_wconf 88' lang='lat' dir='ltr'><strong>erat</strong></span> <span class='ocrx_word' id='word_1_123' title='bbox 748 1518 894 1584; x_wconf 91' lang='lat' dir='ltr'><strong>ciusdem</strong></span> <span class='ocrx_word' id='word_1_124' title='bbox 924 1517 1037 1606; x_wconf 88' lang='lat' dir='ltr'><strong>templi</strong></span> <span class='ocrx_word' id='word_1_125' title='bbox 1068 1517 1281 1583; x_wconf 87' lang='lat' dir='ltr'><strong>sanctificatio</strong></span> <span class='ocrx_word' id='word_1_126' title='bbox 1306 1527 1339 1580; x_wconf 90' lang='lat' dir='ltr'><strong>et</strong></span> <span class='ocrx_word' id='word_1_127' title='bbox 1361 1516 1474 1602; x_wconf 91' lang='lat' dir='ltr'><strong>gloria,</strong></span> <span class='ocrx_word' id='word_1_128' title='bbox 1498 1513 1584 1579; x_wconf 92' lang='lat' dir='ltr'><strong>unde</strong></span> <span class='ocrx_word' id='word_1_129' title='bbox 1609 1525 1642 1578; x_wconf 91' lang='lat' dir='ltr'><strong>et</strong></span> <span class='ocrx_word' id='word_1_130' title='bbox 1664 1536 1724 1600; x_wconf 93' lang='lat' dir='ltr'><strong>per</strong></span> <span class='ocrx_word' id='word_1_131' title='bbox 1745 1537 1818 1601; x_wconf 94' lang='lat' dir='ltr'><strong>pro-</strong></span> 
     </span>
     <span class='ocr_line' id='line_1_12' title="bbox 159 1622 1961 1714; baseline 0.001 -28"><span class='ocrx_word' id='word_1_132' title='bbox 159 1622 295 1708; x_wconf 90' lang='lat' dir='ltr'><strong>phetam</strong></span> <span class='ocrx_word' id='word_1_133' title='bbox 311 1623 494 1710; x_wconf 91' lang='lat' dir='ltr'><strong>predictum</strong></span> <span class='ocrx_word' id='word_1_134' title='bbox 510 1635 568 1708; x_wconf 92' lang='lat' dir='ltr'><strong>est,</strong></span> <span class='ocrx_word' id='word_1_135' title='bbox 586 1626 664 1712; x_wconf 93' lang='lat' dir='ltr'><strong>quia</strong></span> <span class='ocrx_word' id='word_1_136' title='bbox 680 1629 783 1692; x_wconf 72' lang='lat' dir='ltr'><strong>misr</strong></span> <span class='ocrx_word' id='word_1_137' title='bbox 798 1629 859 1692; x_wconf 82' lang='lat' dir='ltr'><strong>erit</strong></span> <span class='ocrx_word' id='word_1_138' title='bbox 878 1628 986 1714; x_wconf 72' lang='lat' dir='ltr'><strong>gloria</strong></span> <span class='ocrx_word' id='word_1_139' title='bbox 1009 1626 1120 1691; x_wconf 78' lang='lat' dir='ltr'><strong>domus</strong></span> <span class='ocrx_word' id='word_1_140' title='bbox 1142 1626 1236 1690; x_wconf 76' lang='lat' dir='ltr'><strong>deins</strong></span> <span class='ocrx_word' id='word_1_141' title='bbox 1259 1627 1449 1689; x_wconf 78' lang='lat' dir='ltr'><strong>novissimae</strong></span> <span class='ocrx_word' id='word_1_142' title='bbox 1465 1624 1654 1710; x_wconf 81' lang='lat' dir='ltr'><strong>plusquam</strong></span> <span class='ocrx_word' id='word_1_143' title='bbox 1671 1625 1819 1708; x_wconf 79' lang='lat' dir='ltr'><strong>primae,·</strong></span> <span class='ocrx_word' id='word_1_144' title='bbox 1837 1643 1961 1694; x_wconf 57' lang='lat' dir='ltr'><strong>amaro.</strong></span> 
     </span>
     <span class='ocr_line' id='line_1_13' title="bbox 161 1727 1818 1819; baseline 0 -27"><span class='ocrx_word' id='word_1_145' title='bbox 161 1729 249 1793; x_wconf 85' lang='lat' dir='ltr'><strong>sicut</strong></span> <span class='ocrx_word' id='word_1_146' title='bbox 272 1729 448 1794; x_wconf 89' lang='lat' dir='ltr'><strong>electorum</strong></span> <span class='ocrx_word' id='word_1_147' title='bbox 465 1754 593 1818; x_wconf 91' lang='lat' dir='ltr'><strong>quoque</strong></span> <span class='ocrx_word' id='word_1_148' title='bbox 618 1754 743 1797; x_wconf 89' lang='lat' dir='ltr'><strong>summa</strong></span> <span class='ocrx_word' id='word_1_149' title='bbox 766 1755 831 1797; x_wconf 90' lang='lat' dir='ltr'><strong>non</strong></span> <span class='ocrx_word' id='word_1_150' title='bbox 854 1743 929 1797; x_wconf 86' lang='lat' dir='ltr'><strong>ante</strong></span> <span class='ocrx_word' id='word_1_151' title='bbox 946 1731 1069 1819; x_wconf 87' lang='lat' dir='ltr'><strong>Spiritu</strong></span> <span class='ocrx_word' id='word_1_152' title='bbox 1093 1741 1205 1796; x_wconf 88' lang='lat' dir='ltr'><strong>sancto</strong></span> <span class='ocrx_word' id='word_1_153' title='bbox 1230 1740 1421 1796; x_wconf 88' lang='lat' dir='ltr'><strong>consecrata</strong></span> <span class='ocrx_word' id='word_1_154' title='bbox 1435 1729 1510 1793; x_wconf 92' lang='lat' dir='ltr'><strong>Deo</strong></span> <span class='ocrx_word' id='word_1_155' title='bbox 1533 1729 1567 1792; x_wconf 92' lang='lat' dir='ltr'><strong>in</strong></span> <span class='ocrx_word' id='word_1_156' title='bbox 1583 1727 1739 1814; x_wconf 88' lang='lat' dir='ltr'><strong>templum</strong></span> <span class='ocrx_word' id='word_1_157' title='bbox 1759 1738 1818 1812; x_wconf 89' lang='lat' dir='ltr'><strong>est,</strong></span> 
     </span>
     <span class='ocr_line' id='line_1_14' title="bbox 161 1833 1818 1926; baseline -0.001 -26"><span class='ocrx_word' id='word_1_158' title='bbox 161 1858 263 1922; x_wconf 86' lang='lat' dir='ltr'><strong>quam</strong></span> <span class='ocrx_word' id='word_1_159' title='bbox 293 1836 527 1902; x_wconf 88' lang='lat' dir='ltr'><strong>adnumerum</strong></span> <span class='ocrx_word' id='word_1_160' title='bbox 553 1838 640 1903; x_wconf 91' lang='lat' dir='ltr'><strong>hunc</strong></span> <span class='ocrx_word' id='word_1_161' title='bbox 664 1862 684 1902; x_wconf 89' lang='lat' dir='ltr'><strong>a</strong></span> <span class='ocrx_word' id='word_1_162' title='bbox 705 1839 780 1904; x_wconf 92' lang='lat' dir='ltr'><strong>Deo</strong></span> <span class='ocrx_word' id='word_1_163' title='bbox 811 1839 996 1926; x_wconf 88' lang='lat' dir='ltr'><strong>prefinitum</strong></span> <span class='ocrx_word' id='word_1_164' title='bbox 1025 1839 1185 1926; x_wconf 89' lang='lat' dir='ltr'><strong>pervenit.</strong></span> <span class='ocrx_word' id='word_1_165' title='bbox 1231 1837 1336 1924; x_wconf 83' lang='lat' dir='ltr'><strong>Igitur</strong></span> <span class='ocrx_word' id='word_1_166' title='bbox 1365 1859 1423 1923; x_wconf 91' lang='lat' dir='ltr'><strong>pro</strong></span> <span class='ocrx_word' id='word_1_167' title='bbox 1453 1844 1565 1900; x_wconf 88' lang='lat' dir='ltr'><strong>nostra</strong></span> <span class='ocrx_word' id='word_1_168' title='bbox 1595 1833 1818 1899; x_wconf 87' lang='lat' dir='ltr'><strong>mediocritate</strong></span> 
     </span>
     <span class='ocr_line' id='line_1_15' title="bbox 159 1942 1399 2032; baseline 0.001 -26"><span class='ocrx_word' id='word_1_169' title='bbox 159 1942 259 2007; x_wconf 88' lang='lat' dir='ltr'><strong>huius</strong></span> <span class='ocrx_word' id='word_1_170' title='bbox 282 1945 402 2009; x_wconf 87' lang='lat' dir='ltr'><strong>sacrati</strong></span> <span class='ocrx_word' id='word_1_171' title='bbox 426 1967 464 2009; x_wconf 88' lang='lat' dir='ltr'><strong>ac</strong></span> <span class='ocrx_word' id='word_1_172' title='bbox 488 1945 561 2010; x_wconf 89' lang='lat' dir='ltr'><strong>Deo</strong></span> <span class='ocrx_word' id='word_1_173' title='bbox 586 1945 771 2032; x_wconf 86' lang='lat' dir='ltr'><strong>complaciti</strong></span> <span class='ocrx_word' id='word_1_174' title='bbox 794 1948 921 2012; x_wconf 90' lang='lat' dir='ltr'><strong>numeri</strong></span> <span class='ocrx_word' id='word_1_175' title='bbox 945 1957 1127 2012; x_wconf 87' lang='lat' dir='ltr'><strong>scrutemur</strong></span> <span class='ocrx_word' id='word_1_176' title='bbox 1150 1955 1399 2010; x_wconf 86' lang='lat' dir='ltr'><strong>sacramentum.</strong></span> 
     </span>
    </p>
   </div>
   <div class='ocr_carea' id='block_1_3' title="bbox 110 2095 1308 2210">
    <p class='ocr_par' dir='ltr' id='par_1_5' title="bbox 110 2095 1308 2210">
     <span class='ocr_line' id='line_1_16' title="bbox 110 2095 1308 2210; baseline 0.003 -28"><span class='ocrx_word' id='word_1_177' title='bbox 110 2144 139 2182; x_wconf 81' lang='lat' dir='ltr'><strong>rs</strong></span> <span class='ocrx_word' id='word_1_178' title='bbox 675 2127 726 2187; x_wconf 88' lang='lat' dir='ltr'><strong>ll.</strong></span> <span class='ocrx_word' id='word_1_179' title='bbox 763 2123 952 2210; x_wconf 69' lang='lat' dir='ltr'><strong>Septem¹²</strong></span> <span class='ocrx_word' id='word_1_180' title='bbox 976 2134 1016 2189; x_wconf 91' lang='lat' dir='ltr'><strong>et</strong></span> <span class='ocrx_word' id='word_1_181' title='bbox 1039 2135 1132 2188; x_wconf 90' lang='lat' dir='ltr'><strong>octo</strong></span> <span class='ocrx_word' id='word_1_182' title='bbox 1156 2095 1308 2210; x_wconf 83' lang='lat' dir='ltr'><strong>partes.</strong></span> 
     </span>
    </p>
   </div>
   <div class='ocr_carea' id='block_1_4' title="bbox 106 2246 1987 5649">
    <p class='ocr_par' dir='ltr' id='par_1_6' title="bbox 271 2246 1816 2335">
     <span class='ocr_line' id='line_1_17' title="bbox 271 2246 1816 2335; baseline -0.001 -23"><span class='ocrx_word' id='word_1_183' title='bbox 271 2246 431 2312; x_wconf 88' lang='lat' dir='ltr'><strong>Omnibus</strong></span> <span class='ocrx_word' id='word_1_184' title='bbox 454 2270 567 2312; x_wconf 90' lang='lat' dir='ltr'><strong>sacrae</strong></span> <span class='ocrx_word' id='word_1_185' title='bbox 592 2249 751 2334; x_wconf 83' lang='lat' dir='ltr'><strong>scripture</strong></span> <span class='ocrx_word' id='word_1_186' title='bbox 779 2248 931 2313; x_wconf 81' lang='lat' dir='ltr'><strong>studiosis</strong></span> <span class='ocrx_word' id='word_1_187' title='bbox 961 2251 1137 2335; x_wconf 91' lang='lat' dir='ltr'><strong>cognitum,</strong></span> <span class='ocrx_word' id='word_1_188' title='bbox 1167 2271 1338 2312; x_wconf 91' lang='lat' dir='ltr'><strong>numerum</strong></span> <span class='ocrx_word' id='word_1_189' title='bbox 1362 2246 1549 2333; x_wconf 91' lang='lat' dir='ltr'><strong>quindecim</strong></span> <span class='ocrx_word' id='word_1_190' title='bbox 1578 2257 1711 2333; x_wconf 91' lang='lat' dir='ltr'><strong>propter</strong></span> <span class='ocrx_word' id='word_1_191' title='bbox 1734 2246 1816 2310; x_wconf 88' lang='lat' dir='ltr'><strong>duas</strong></span> 
     </span>
    </p>

    <p class='ocr_par' dir='ltr' id='par_1_7' title="bbox 157 2352 1977 2655">
     <span class='ocr_line' id='line_1_18' title="bbox 157 2352 1815 2443; baseline 0 -27"><span class='ocrx_word' id='word_1_192' title='bbox 157 2363 272 2438; x_wconf 88' lang='lat' dir='ltr'><strong>partes</strong></span> <span class='ocrx_word' id='word_1_193' title='bbox 295 2355 397 2442; x_wconf 86' lang='lat' dir='ltr'><strong>ipsius</strong></span> <span class='ocrx_word' id='word_1_194' title='bbox 421 2353 713 2419; x_wconf 86' lang='lat' dir='ltr'><strong>commendabilem</strong></span> <span class='ocrx_word' id='word_1_195' title='bbox 737 2357 889 2440; x_wconf 89' lang='lat' dir='ltr'><strong>existere,</strong></span> <span class='ocrx_word' id='word_1_196' title='bbox 914 2379 977 2443; x_wconf 91' lang='lat' dir='ltr'><strong>que</strong></span> <span class='ocrx_word' id='word_1_197' title='bbox 1002 2366 1077 2420; x_wconf 91' lang='lat' dir='ltr'><strong>sunt</strong></span> <span class='ocrx_word' id='word_1_198' title='bbox 1099 2356 1165 2419; x_wconf 91' lang='lat' dir='ltr'><strong>VII</strong></span> <span class='ocrx_word' id='word_1_199' title='bbox 1189 2367 1222 2419; x_wconf 92' lang='lat' dir='ltr'><strong>et</strong></span> <span class='ocrx_word' id='word_1_200' title='bbox 1245 2364 1328 2419; x_wconf 93' lang='lat' dir='ltr'><strong>octo.</strong></span> <span class='ocrx_word' id='word_1_201' title='bbox 1364 2354 1447 2418; x_wconf 88' lang='lat' dir='ltr'><strong>Nam</strong></span> <span class='ocrx_word' id='word_1_202' title='bbox 1472 2352 1600 2417; x_wconf 89' lang='lat' dir='ltr'><strong>dicente</strong></span> <span class='ocrx_word' id='word_1_203' title='bbox 1625 2353 1815 2418; x_wconf 89' lang='lat' dir='ltr'><strong>Salomone:</strong></span> 
     </span>
     <span class='ocr_line' id='line_1_19' title="bbox 158 2459 1977 2549; baseline 0.002 -26"><span class='ocrx_word' id='word_1_204' title='bbox 158 2460 215 2524; x_wconf 83' lang='lat' dir='ltr'><strong>Da</strong></span> <span class='ocrx_word' id='word_1_205' title='bbox 233 2476 345 2548; x_wconf 77' lang='lat' dir='ltr'><strong>portes</strong></span> <span class='ocrx_word' id='word_1_206' title='bbox 365 2461 434 2526; x_wconf 91' lang='lat' dir='ltr'><strong>VII</strong></span> <span class='ocrx_word' id='word_1_207' title='bbox 450 2487 566 2527; x_wconf 80' lang='lat' dir='ltr'><strong>necnon</strong></span> <span class='ocrx_word' id='word_1_208' title='bbox 590 2478 618 2527; x_wconf 82' lang='lat' dir='ltr'><strong>et</strong></span> <span class='ocrx_word' id='word_1_209' title='bbox 641 2478 706 2528; x_wconf 86' lang='lat' dir='ltr'><strong>octo</strong></span> <span class='ocrx_word' id='word_1_210' title='bbox 730 2463 795 2526; x_wconf 89' lang='lat' dir='ltr'><strong>VH</strong></span> <span class='ocrx_word' id='word_1_211' title='bbox 819 2473 929 2549; x_wconf 86' lang='lat' dir='ltr'><strong>partes</strong></span> <span class='ocrx_word' id='word_1_212' title='bbox 952 2463 1078 2544; x_wconf 90' lang='lat' dir='ltr'><strong>damus,</strong></span> <span class='ocrx_word' id='word_1_213' title='bbox 1100 2462 1178 2526; x_wconf 91' lang='lat' dir='ltr'><strong>dum</strong></span> <span class='ocrx_word' id='word_1_214' title='bbox 1201 2461 1379 2526; x_wconf 89' lang='lat' dir='ltr'><strong>secundum</strong></span> <span class='ocrx_word' id='word_1_215' title='bbox 1402 2460 1508 2546; x_wconf 89' lang='lat' dir='ltr'><strong>legem</strong></span> <span class='ocrx_word' id='word_1_216' title='bbox 1533 2459 1679 2524; x_wconf 88' lang='lat' dir='ltr'><strong>mandati</strong></span> <span class='ocrx_word' id='word_1_217' title='bbox 1694 2461 1815 2524; x_wconf 88' lang='lat' dir='ltr'><strong>veteris</strong></span> <span class='ocrx_word' id='word_1_218' title='bbox 1835 2481 1977 2533; x_wconf 65' lang='lat' dir='ltr'><strong>antenna.</strong></span> 
     </span>
     <span class='ocr_line' id='line_1_20' title="bbox 158 2566 1817 2655; baseline 0.002 -27"><span class='ocrx_word' id='word_1_219' title='bbox 158 2567 373 2652; x_wconf 82' lang='lat' dir='ltr'><strong>spiritualiter</strong></span> <span class='ocrx_word' id='word_1_220' title='bbox 402 2566 643 2633; x_wconf 85' lang='lat' dir='ltr'><strong>sabbatizantes</strong></span> <span class='ocrx_word' id='word_1_221' title='bbox 673 2592 694 2632; x_wconf 86' lang='lat' dir='ltr'><strong>a</strong></span> <span class='ocrx_word' id='word_1_222' title='bbox 715 2570 810 2634; x_wconf 88' lang='lat' dir='ltr'><strong>viciis</strong></span> <span class='ocrx_word' id='word_1_223' title='bbox 834 2569 1004 2654; x_wconf 76' lang='lat' dir='ltr'><strong>feriamus3</strong></span> <span class='ocrx_word' id='word_1_224' title='bbox 1036 2580 1108 2634; x_wconf 90' lang='lat' dir='ltr'><strong>octo</strong></span> <span class='ocrx_word' id='word_1_225' title='bbox 1132 2592 1210 2634; x_wconf 90' lang='lat' dir='ltr'><strong>vero</strong></span> <span class='ocrx_word' id='word_1_226' title='bbox 1241 2580 1350 2655; x_wconf 88' lang='lat' dir='ltr'><strong>partes</strong></span> <span class='ocrx_word' id='word_1_227' title='bbox 1381 2567 1507 2651; x_wconf 85' lang='lat' dir='ltr'><strong>damus,</strong></span> <span class='ocrx_word' id='word_1_228' title='bbox 1536 2566 1612 2632; x_wconf 90' lang='lat' dir='ltr'><strong>dum</strong></span> <span class='ocrx_word' id='word_1_229' title='bbox 1636 2566 1817 2631; x_wconf 89' lang='lat' dir='ltr'><strong>secundum</strong></span> 
     </span>
    </p>

    <p class='ocr_par' dir='ltr' id='par_1_8' title="bbox 106 2672 1815 3190">
     <span class='ocr_line' id='line_1_21' title="bbox 106 2672 1815 2762; baseline 0.001 -27"><span class='ocrx_word' id='word_1_230' title='bbox 106 2696 137 2734; x_wconf 81' lang='lat' dir='ltr'><strong>ao</strong></span> <span class='ocrx_word' id='word_1_231' title='bbox 156 2695 266 2737; x_wconf 86' lang='lat' dir='ltr'><strong>novae</strong></span> <span class='ocrx_word' id='word_1_232' title='bbox 290 2673 370 2760; x_wconf 87' lang='lat' dir='ltr'><strong>legis</strong></span> <span class='ocrx_word' id='word_1_233' title='bbox 394 2674 548 2739; x_wconf 87' lang='lat' dir='ltr'><strong>lationem</strong></span> <span class='ocrx_word' id='word_1_234' title='bbox 572 2697 630 2739; x_wconf 91' lang='lat' dir='ltr'><strong>nos</strong></span> <span class='ocrx_word' id='word_1_235' title='bbox 661 2697 720 2762; x_wconf 90' lang='lat' dir='ltr'><strong>per</strong></span> <span class='ocrx_word' id='word_1_236' title='bbox 743 2687 816 2740; x_wconf 89' lang='lat' dir='ltr'><strong>octo</strong></span> <span class='ocrx_word' id='word_1_237' title='bbox 840 2677 995 2741; x_wconf 90' lang='lat' dir='ltr'><strong>virtutum</strong></span> <span class='ocrx_word' id='word_1_238' title='bbox 1019 2676 1141 2762; x_wconf 85' lang='lat' dir='ltr'><strong>gradus</strong></span> <span class='ocrx_word' id='word_1_239' title='bbox 1165 2687 1357 2741; x_wconf 84' lang='lat' dir='ltr'><strong>exercentes</strong></span> <span class='ocrx_word' id='word_1_240' title='bbox 1388 2674 1431 2739; x_wconf 87' lang='lat' dir='ltr'><strong>ad</strong></span> <span class='ocrx_word' id='word_1_241' title='bbox 1454 2676 1654 2740; x_wconf 86' lang='lat' dir='ltr'><strong>octonariam</strong></span> <span class='ocrx_word' id='word_1_242' title='bbox 1677 2672 1815 2738; x_wconf 90' lang='lat' dir='ltr'><strong>beatitu-</strong></span> 
     </span>
     <span class='ocr_line' id='line_1_22' title="bbox 159 2779 1815 2870; baseline 0.001 -27"><span class='ocrx_word' id='word_1_243' title='bbox 159 2779 246 2843; x_wconf 88' lang='lat' dir='ltr'><strong>dinis</strong></span> <span class='ocrx_word' id='word_1_244' title='bbox 277 2780 438 2845; x_wconf 89' lang='lat' dir='ltr'><strong>tendimus</strong></span> <span class='ocrx_word' id='word_1_245' title='bbox 469 2783 773 2847; x_wconf 83' lang='lat' dir='ltr'><strong>remunerationem</strong></span> <span class='ocrx_word' id='word_1_246' title='bbox 819 2783 957 2870; x_wconf 89' lang='lat' dir='ltr'><strong>Propter</strong></span> <span class='ocrx_word' id='word_1_247' title='bbox 979 2784 1041 2848; x_wconf 91' lang='lat' dir='ltr'><strong>hoc</strong></span> <span class='ocrx_word' id='word_1_248' title='bbox 1065 2793 1097 2848; x_wconf 90' lang='lat' dir='ltr'><strong>et</strong></span> <span class='ocrx_word' id='word_1_249' title='bbox 1121 2794 1255 2848; x_wconf 84' lang='lat' dir='ltr'><strong>octavus</strong></span> <span class='ocrx_word' id='word_1_250' title='bbox 1287 2782 1357 2847; x_wconf 90' lang='lat' dir='ltr'><strong>dics</strong></span> <span class='ocrx_word' id='word_1_251' title='bbox 1387 2781 1552 2846; x_wconf 88' lang='lat' dir='ltr'><strong>dominica</strong></span> <span class='ocrx_word' id='word_1_252' title='bbox 1578 2782 1815 2845; x_wconf 88' lang='lat' dir='ltr'><strong>resurrectione</strong></span> 
     </span>
     <span class='ocr_line' id='line_1_23' title="bbox 158 2886 1815 2976; baseline 0.002 -27"><span class='ocrx_word' id='word_1_253' title='bbox 158 2897 369 2951; x_wconf 86' lang='lat' dir='ltr'><strong>consecratus</strong></span> <span class='ocrx_word' id='word_1_254' title='bbox 393 2898 451 2952; x_wconf 90' lang='lat' dir='ltr'><strong>est.</strong></span> <span class='ocrx_word' id='word_1_255' title='bbox 499 2890 695 2953; x_wconf 87' lang='lat' dir='ltr'><strong>Octonarius</strong></span> <span class='ocrx_word' id='word_1_256' title='bbox 717 2890 841 2976; x_wconf 91' lang='lat' dir='ltr'><strong>primus</strong></span> <span class='ocrx_word' id='word_1_257' title='bbox 864 2891 898 2953; x_wconf 91' lang='lat' dir='ltr'><strong>in</strong></span> <span class='ocrx_word' id='word_1_258' title='bbox 921 2892 1065 2955; x_wconf 87' lang='lat' dir='ltr'><strong>numeris</strong></span> <span class='ocrx_word' id='word_1_259' title='bbox 1089 2889 1224 2954; x_wconf 90' lang='lat' dir='ltr'><strong>cubicus</strong></span> <span class='ocrx_word' id='word_1_260' title='bbox 1249 2901 1307 2972; x_wconf 87' lang='lat' dir='ltr'><strong>est,</strong></span> <span class='ocrx_word' id='word_1_261' title='bbox 1332 2900 1463 2953; x_wconf 88' lang='lat' dir='ltr'><strong>eternae</strong></span> <span class='ocrx_word' id='word_1_262' title='bbox 1487 2887 1698 2952; x_wconf 89' lang='lat' dir='ltr'><strong>beatitudinis</strong></span> <span class='ocrx_word' id='word_1_263' title='bbox 1721 2886 1815 2952; x_wconf 91' lang='lat' dir='ltr'><strong>nobis</strong></span> 
     </span>
     <span class='ocr_line' id='line_1_24' title="bbox 157 2993 1815 3083; baseline 0.002 -27"><span class='ocrx_word' id='word_1_264' title='bbox 157 2993 193 3056; x_wconf 91' lang='lat' dir='ltr'><strong>in</strong></span> <span class='ocrx_word' id='word_1_265' title='bbox 218 2995 326 3058; x_wconf 90' lang='lat' dir='ltr'><strong>anima</strong></span> <span class='ocrx_word' id='word_1_266' title='bbox 349 3005 382 3059; x_wconf 90' lang='lat' dir='ltr'><strong>et</strong></span> <span class='ocrx_word' id='word_1_267' title='bbox 405 3016 541 3082; x_wconf 91' lang='lat' dir='ltr'><strong>corpore</strong></span> <span class='ocrx_word' id='word_1_268' title='bbox 566 2994 775 3060; x_wconf 82' lang='lat' dir='ltr'><strong>stabilitatem</strong></span> <span class='ocrx_word' id='word_1_269' title='bbox 798 2996 894 3061; x_wconf 92' lang='lat' dir='ltr'><strong>simul</strong></span> <span class='ocrx_word' id='word_1_270' title='bbox 918 3008 950 3061; x_wconf 91' lang='lat' dir='ltr'><strong>et</strong></span> <span class='ocrx_word' id='word_1_271' title='bbox 974 2997 1169 3062; x_wconf 85' lang='lat' dir='ltr'><strong>soliditatem</strong></span> <span class='ocrx_word' id='word_1_272' title='bbox 1193 2997 1380 3083; x_wconf 86' lang='lat' dir='ltr'><strong>designans,</strong></span> <span class='ocrx_word' id='word_1_273' title='bbox 1406 2998 1490 3061; x_wconf 90' lang='lat' dir='ltr'><strong>sicut</strong></span> <span class='ocrx_word' id='word_1_274' title='bbox 1509 2995 1713 3081; x_wconf 88' lang='lat' dir='ltr'><strong>septenarius</strong></span> <span class='ocrx_word' id='word_1_275' title='bbox 1737 3017 1815 3081; x_wconf 92' lang='lat' dir='ltr'><strong>quo-</strong></span> 
     </span>
     <span class='ocr_line' id='line_1_25' title="bbox 158 3099 1814 3190; baseline 0 -26"><span class='ocrx_word' id='word_1_276' title='bbox 158 3123 223 3187; x_wconf 88' lang='lat' dir='ltr'><strong>que</strong></span> <span class='ocrx_word' id='word_1_277' title='bbox 248 3099 340 3165; x_wconf 92' lang='lat' dir='ltr'><strong>nobis</strong></span> <span class='ocrx_word' id='word_1_278' title='bbox 364 3124 429 3165; x_wconf 91' lang='lat' dir='ltr'><strong>non</strong></span> <span class='ocrx_word' id='word_1_279' title='bbox 453 3101 556 3166; x_wconf 90' lang='lat' dir='ltr'><strong>solum</strong></span> <span class='ocrx_word' id='word_1_280' title='bbox 580 3101 708 3167; x_wconf 88' lang='lat' dir='ltr'><strong>sabbati</strong></span> <span class='ocrx_word' id='word_1_281' title='bbox 732 3103 909 3190; x_wconf 87' lang='lat' dir='ltr'><strong>spiritualis</strong></span> <span class='ocrx_word' id='word_1_282' title='bbox 933 3105 1136 3169; x_wconf 88' lang='lat' dir='ltr'><strong>feriationem</strong></span> <span class='ocrx_word' id='word_1_283' title='bbox 1159 3103 1285 3186; x_wconf 89' lang='lat' dir='ltr'><strong>indicit,</strong></span> <span class='ocrx_word' id='word_1_284' title='bbox 1310 3103 1369 3168; x_wconf 88' lang='lat' dir='ltr'><strong>sed</strong></span> <span class='ocrx_word' id='word_1_285' title='bbox 1392 3114 1424 3168; x_wconf 89' lang='lat' dir='ltr'><strong>et</strong></span> <span class='ocrx_word' id='word_1_286' title='bbox 1447 3113 1572 3188; x_wconf 86' lang='lat' dir='ltr'><strong>septem</strong></span> <span class='ocrx_word' id='word_1_287' title='bbox 1592 3103 1696 3166; x_wconf 84' lang='lat' dir='ltr'><strong>sancti</strong></span> <span class='ocrx_word' id='word_1_288' title='bbox 1713 3100 1814 3188; x_wconf 84' lang='lat' dir='ltr'><strong>Spiri-</strong></span> 
     </span>
    </p>

    <p class='ocr_par' dir='ltr' id='par_1_9' title="bbox 107 3207 1840 3725">
     <span class='ocr_line' id='line_1_26' title="bbox 107 3207 1840 3298; baseline 0.001 -28"><span class='ocrx_word' id='word_1_289' title='bbox 107 3230 138 3270; x_wconf 67' lang='grc' dir='ltr'><strong>ιο</strong></span> <span class='ocrx_word' id='word_1_290' title='bbox 158 3219 211 3271; x_wconf 89' lang='lat' dir='ltr'><strong>tus</strong></span> <span class='ocrx_word' id='word_1_291' title='bbox 235 3207 403 3291; x_wconf 91' lang='lat' dir='ltr'><strong>donorum,</strong></span> <span class='ocrx_word' id='word_1_292' title='bbox 433 3231 493 3295; x_wconf 90' lang='lat' dir='ltr'><strong>per</strong></span> <span class='ocrx_word' id='word_1_293' title='bbox 517 3233 580 3296; x_wconf 90' lang='lat' dir='ltr'><strong>que</strong></span> <span class='ocrx_word' id='word_1_294' title='bbox 608 3209 650 3273; x_wconf 88' lang='lat' dir='ltr'><strong>ad</strong></span> <span class='ocrx_word' id='word_1_295' title='bbox 672 3210 810 3274; x_wconf 84' lang='lat' dir='ltr'><strong>virtutes</strong></span> <span class='ocrx_word' id='word_1_296' title='bbox 834 3210 1058 3294; x_wconf 86' lang='lat' dir='ltr'><strong>fecundamur,</strong></span> <span class='ocrx_word' id='word_1_297' title='bbox 1088 3212 1371 3298; x_wconf 89' lang='lat' dir='ltr'><strong>participationem</strong></span> <span class='ocrx_word' id='word_1_298' title='bbox 1395 3210 1562 3296; x_wconf 90' lang='lat' dir='ltr'><strong>promittit.</strong></span> <span class='ocrx_word' id='word_1_299' title='bbox 1609 3209 1680 3272; x_wconf 87' lang='lat' dir='ltr'><strong>Has</strong></span> <span class='ocrx_word' id='word_1_300' title='bbox 1703 3210 1813 3295; x_wconf 90' lang='lat' dir='ltr'><strong>itaque</strong></span> <span class='ocrx_word' id='word_1_301' title='bbox 1839 3292 1840 3298; x_wconf 6' lang='grc' dir='ltr'>ἵ</span> 
     </span>
     <span class='ocr_line' id='line_1_27' title="bbox 158 3313 1814 3404; baseline 0.001 -26"><span class='ocrx_word' id='word_1_302' title='bbox 158 3313 241 3378; x_wconf 87' lang='lat' dir='ltr'><strong>duas</strong></span> <span class='ocrx_word' id='word_1_303' title='bbox 264 3314 471 3400; x_wconf 91' lang='lat' dir='ltr'><strong>quindenarii</strong></span> <span class='ocrx_word' id='word_1_304' title='bbox 492 3326 614 3402; x_wconf 88' lang='lat' dir='ltr'><strong>partes,</strong></span> <span class='ocrx_word' id='word_1_305' title='bbox 643 3328 767 3402; x_wconf 89' lang='lat' dir='ltr'><strong>septem</strong></span> <span class='ocrx_word' id='word_1_306' title='bbox 790 3316 946 3382; x_wconf 82' lang='lat' dir='ltr'><strong>videlicet</strong></span> <span class='ocrx_word' id='word_1_307' title='bbox 969 3330 1001 3382; x_wconf 91' lang='lat' dir='ltr'><strong>et</strong></span> <span class='ocrx_word' id='word_1_308' title='bbox 1024 3329 1108 3402; x_wconf 87' lang='lat' dir='ltr'><strong>octo,</strong></span> <span class='ocrx_word' id='word_1_309' title='bbox 1138 3319 1172 3382; x_wconf 92' lang='lat' dir='ltr'><strong>in</strong></span> <span class='ocrx_word' id='word_1_310' title='bbox 1195 3329 1325 3382; x_wconf 88' lang='lat' dir='ltr'><strong>nostrae</strong></span> <span class='ocrx_word' id='word_1_311' title='bbox 1349 3319 1403 3404; x_wconf 92' lang='lat' dir='ltr'><strong>pio</strong></span> <span class='ocrx_word' id='word_1_312' title='bbox 1428 3316 1683 3380; x_wconf 86' lang='lat' dir='ltr'><strong>conversationis</strong></span> <span class='ocrx_word' id='word_1_313' title='bbox 1708 3315 1814 3381; x_wconf 89' lang='lat' dir='ltr'><strong>studio</strong></span> 
     </span>
     <span class='ocr_line' id='line_1_28' title="bbox 157 3421 1814 3511; baseline 0.001 -27"><span class='ocrx_word' id='word_1_314' title='bbox 157 3421 193 3484; x_wconf 93' lang='lat' dir='ltr'><strong>in</strong></span> <span class='ocrx_word' id='word_1_315' title='bbox 207 3444 308 3486; x_wconf 91' lang='lat' dir='ltr'><strong>uuum</strong></span> <span class='ocrx_word' id='word_1_316' title='bbox 332 3423 558 3508; x_wconf 90' lang='lat' dir='ltr'><strong>coniungimus</strong></span> <span class='ocrx_word' id='word_1_317' title='bbox 583 3435 615 3487; x_wconf 92' lang='lat' dir='ltr'><strong>et</strong></span> <span class='ocrx_word' id='word_1_318' title='bbox 630 3424 724 3510; x_wconf 87' lang='lat' dir='ltr'><strong>quasi</strong></span> <span class='ocrx_word' id='word_1_319' title='bbox 740 3423 927 3511; x_wconf 90' lang='lat' dir='ltr'><strong>quindecim</strong></span> <span class='ocrx_word' id='word_1_320' title='bbox 943 3425 1103 3511; x_wconf 88' lang='lat' dir='ltr'><strong>graduum</strong></span> <span class='ocrx_word' id='word_1_321' title='bbox 1121 3426 1283 3490; x_wconf 91' lang='lat' dir='ltr'><strong>canticum</strong></span> <span class='ocrx_word' id='word_1_322' title='bbox 1299 3424 1373 3489; x_wconf 90' lang='lat' dir='ltr'><strong>Deo</strong></span> <span class='ocrx_word' id='word_1_323' title='bbox 1396 3434 1531 3509; x_wconf 89' lang='lat' dir='ltr'><strong>accepte</strong></span> <span class='ocrx_word' id='word_1_324' title='bbox 1555 3423 1712 3505; x_wconf 90' lang='lat' dir='ltr'><strong>canimus,</strong></span> <span class='ocrx_word' id='word_1_325' title='bbox 1736 3422 1814 3486; x_wconf 92' lang='lat' dir='ltr'><strong>dum</strong></span> 
     </span>
     <span class='ocr_line' id='line_1_29' title="bbox 157 3527 1814 3618; baseline 0.002 -27"><span class='ocrx_word' id='word_1_326' title='bbox 157 3527 312 3592; x_wconf 88' lang='lat' dir='ltr'><strong>feriantes</strong></span> <span class='ocrx_word' id='word_1_327' title='bbox 341 3552 361 3593; x_wconf 91' lang='lat' dir='ltr'><strong>a</strong></span> <span class='ocrx_word' id='word_1_328' title='bbox 383 3529 488 3612; x_wconf 89' lang='lat' dir='ltr'><strong>viciis,</strong></span> <span class='ocrx_word' id='word_1_329' title='bbox 520 3540 645 3616; x_wconf 89' lang='lat' dir='ltr'><strong>septem</strong></span> <span class='ocrx_word' id='word_1_330' title='bbox 669 3553 798 3617; x_wconf 91' lang='lat' dir='ltr'><strong>quoque</strong></span> <span class='ocrx_word' id='word_1_331' title='bbox 830 3532 1001 3616; x_wconf 89' lang='lat' dir='ltr'><strong>spirituum</strong></span> <span class='ocrx_word' id='word_1_332' title='bbox 1032 3532 1126 3596; x_wconf 90' lang='lat' dir='ltr'><strong>donis</strong></span> <span class='ocrx_word' id='word_1_333' title='bbox 1157 3531 1260 3614; x_wconf 90' lang='lat' dir='ltr'><strong>ditati,</strong></span> <span class='ocrx_word' id='word_1_334' title='bbox 1291 3554 1351 3618; x_wconf 91' lang='lat' dir='ltr'><strong>per</strong></span> <span class='ocrx_word' id='word_1_335' title='bbox 1374 3541 1446 3594; x_wconf 92' lang='lat' dir='ltr'><strong>octo</strong></span> <span class='ocrx_word' id='word_1_336' title='bbox 1470 3531 1625 3594; x_wconf 87' lang='lat' dir='ltr'><strong>virtutum</strong></span> <span class='ocrx_word' id='word_1_337' title='bbox 1649 3530 1814 3594; x_wconf 88' lang='lat' dir='ltr'><strong>exercicia</strong></span> 
     </span>
     <span class='ocr_line' id='line_1_30' title="bbox 157 3634 1812 3725; baseline 0.001 -27"><span class='ocrx_word' id='word_1_338' title='bbox 157 3634 201 3698; x_wconf 87' lang='lat' dir='ltr'><strong>ad</strong></span> <span class='ocrx_word' id='word_1_339' title='bbox 224 3636 425 3700; x_wconf 85' lang='lat' dir='ltr'><strong>octonarium</strong></span> <span class='ocrx_word' id='word_1_340' title='bbox 447 3634 687 3701; x_wconf 89' lang='lat' dir='ltr'><strong>beatitudinum</strong></span> <span class='ocrx_word' id='word_1_341' title='bbox 707 3637 836 3702; x_wconf 87' lang='lat' dir='ltr'><strong>culmen</strong></span> <span class='ocrx_word' id='word_1_342' title='bbox 852 3636 980 3703; x_wconf 89' lang='lat' dir='ltr'><strong>Christo</strong></span> <span class='ocrx_word' id='word_1_343' title='bbox 1005 3649 1273 3725; x_wconf 86' lang='lat' dir='ltr'><strong>conresurgentes</strong></span> <span class='ocrx_word' id='word_1_344' title='bbox 1296 3637 1519 3725; x_wconf 82' lang='lat' dir='ltr'><strong>pertingimus.</strong></span> <span class='ocrx_word' id='word_1_345' title='bbox 1556 3635 1622 3701; x_wconf 87' lang='lat' dir='ltr'><strong>Sed</strong></span> <span class='ocrx_word' id='word_1_346' title='bbox 1639 3635 1718 3723; x_wconf 91' lang='lat' dir='ltr'><strong>quid</strong></span> <span class='ocrx_word' id='word_1_347' title='bbox 1741 3635 1812 3718; x_wconf 89' lang='lat' dir='ltr'><strong>hec,</strong></span> 
     </span>
    </p>

    <p class='ocr_par' dir='ltr' id='par_1_10' title="bbox 111 3741 1813 4260">
     <span class='ocr_line' id='line_1_31' title="bbox 111 3741 1813 3832; baseline 0.001 -28"><span class='ocrx_word' id='word_1_348' title='bbox 111 3763 139 3803; x_wconf 77' lang='lat' dir='ltr'><strong>ao</strong></span> <span class='ocrx_word' id='word_1_349' title='bbox 157 3742 296 3828; x_wconf 90' lang='lat' dir='ltr'><strong>inquies,</strong></span> <span class='ocrx_word' id='word_1_350' title='bbox 321 3741 556 3806; x_wconf 89' lang='lat' dir='ltr'><strong>adnumerum</strong></span> <span class='ocrx_word' id='word_1_351' title='bbox 580 3741 686 3826; x_wconf 89' lang='lat' dir='ltr'><strong>CXX,</strong></span> <span class='ocrx_word' id='word_1_352' title='bbox 711 3745 803 3808; x_wconf 90' lang='lat' dir='ltr'><strong>cuius</strong></span> <span class='ocrx_word' id='word_1_353' title='bbox 827 3746 1006 3810; x_wconf 91' lang='lat' dir='ltr'><strong>misterium</strong></span> <span class='ocrx_word' id='word_1_354' title='bbox 1030 3746 1184 3832; x_wconf 90' lang='lat' dir='ltr'><strong>queritur,</strong></span> <span class='ocrx_word' id='word_1_355' title='bbox 1209 3744 1395 3832; x_wconf 82' lang='lat' dir='ltr'><strong>pertinent?</strong></span> <span class='ocrx_word' id='word_1_356' title='bbox 1442 3743 1579 3808; x_wconf 88' lang='lat' dir='ltr'><strong>Multum</strong></span> <span class='ocrx_word' id='word_1_357' title='bbox 1602 3765 1662 3830; x_wconf 86' lang='lat' dir='ltr'><strong>per</strong></span> <span class='ocrx_word' id='word_1_358' title='bbox 1685 3765 1813 3808; x_wconf 90' lang='lat' dir='ltr'><strong>omnem</strong></span> 
     </span>
     <span class='ocr_line' id='line_1_32' title="bbox 158 3846 1813 3938; baseline 0.002 -28"><span class='ocrx_word' id='word_1_359' title='bbox 158 3846 300 3911; x_wconf 92' lang='lat' dir='ltr'><strong>modum.</strong></span> <span class='ocrx_word' id='word_1_360' title='bbox 346 3847 430 3913; x_wconf 86' lang='lat' dir='ltr'><strong>Nam</strong></span> <span class='ocrx_word' id='word_1_361' title='bbox 455 3850 482 3912; x_wconf 92' lang='lat' dir='ltr'><strong>si</strong></span> <span class='ocrx_word' id='word_1_362' title='bbox 511 3847 553 3913; x_wconf 88' lang='lat' dir='ltr'><strong>ab</strong></span> <span class='ocrx_word' id='word_1_363' title='bbox 577 3873 642 3914; x_wconf 91' lang='lat' dir='ltr'><strong>uno</strong></span> <span class='ocrx_word' id='word_1_364' title='bbox 672 3851 833 3938; x_wconf 89' lang='lat' dir='ltr'><strong>incipiens</strong></span> <span class='ocrx_word' id='word_1_365' title='bbox 865 3862 897 3915; x_wconf 92' lang='lat' dir='ltr'><strong>et</strong></span> <span class='ocrx_word' id='word_1_366' title='bbox 926 3875 965 3916; x_wconf 91' lang='lat' dir='ltr'><strong>eo</strong></span> <span class='ocrx_word' id='word_1_367' title='bbox 992 3874 1137 3934; x_wconf 90' lang='lat' dir='ltr'><strong>numero,</strong></span> <span class='ocrx_word' id='word_1_368' title='bbox 1162 3853 1218 3938; x_wconf 91' lang='lat' dir='ltr'><strong>qui</strong></span> <span class='ocrx_word' id='word_1_369' title='bbox 1241 3851 1328 3938; x_wconf 92' lang='lat' dir='ltr'><strong>apud</strong></span> <span class='ocrx_word' id='word_1_370' title='bbox 1353 3851 1550 3915; x_wconf 89' lang='lat' dir='ltr'><strong>aritmeticos</strong></span> <span class='ocrx_word' id='word_1_371' title='bbox 1581 3851 1813 3936; x_wconf 87' lang='lat' dir='ltr'><strong>aggregativus</strong></span> 
     </span>
     <span class='ocr_line' id='line_1_33' title="bbox 158 3952 1812 4046; baseline 0.002 -30"><span class='ocrx_word' id='word_1_372' title='bbox 158 3952 287 4036; x_wconf 91' lang='lat' dir='ltr'><strong>dicitur,</strong></span> <span class='ocrx_word' id='word_1_373' title='bbox 317 3955 519 4021; x_wconf 84' lang='lat' dir='ltr'><strong>numerando</strong></span> <span class='ocrx_word' id='word_1_374' title='bbox 549 3957 592 4021; x_wconf 90' lang='lat' dir='ltr'><strong>ad</strong></span> <span class='ocrx_word' id='word_1_375' title='bbox 622 3957 809 4044; x_wconf 88' lang='lat' dir='ltr'><strong>quindecim</strong></span> <span class='ocrx_word' id='word_1_376' title='bbox 838 3981 942 4044; x_wconf 90' lang='lat' dir='ltr'><strong>usque</strong></span> <span class='ocrx_word' id='word_1_377' title='bbox 973 3957 1143 4046; x_wconf 89' lang='lat' dir='ltr'><strong>procedas,</strong></span> <span class='ocrx_word' id='word_1_378' title='bbox 1172 3957 1269 4023; x_wconf 86' lang='lat' dir='ltr'><strong>CXX</strong></span> <span class='ocrx_word' id='word_1_379' title='bbox 1299 3959 1333 4021; x_wconf 95' lang='lat' dir='ltr'><strong>in</strong></span> <span class='ocrx_word' id='word_1_380' title='bbox 1363 3979 1490 4022; x_wconf 91' lang='lat' dir='ltr'><strong>summa</strong></span> <span class='ocrx_word' id='word_1_381' title='bbox 1520 3956 1699 4043; x_wconf 85' lang='lat' dir='ltr'><strong>complesti.</strong></span> <span class='ocrx_word' id='word_1_382' title='bbox 1747 3956 1812 4037; x_wconf 81' lang='lat' dir='ltr'><strong>Qui</strong></span> 
     </span>
     <span class='ocr_line' id='line_1_34' title="bbox 158 4061 1810 4152; baseline 0.002 -28"><span class='ocrx_word' id='word_1_383' title='bbox 158 4061 258 4125; x_wconf 87' lang='lat' dir='ltr'><strong>etiam</strong></span> <span class='ocrx_word' id='word_1_384' title='bbox 280 4083 433 4127; x_wconf 89' lang='lat' dir='ltr'><strong>numerus</strong></span> <span class='ocrx_word' id='word_1_385' title='bbox 463 4064 497 4126; x_wconf 90' lang='lat' dir='ltr'><strong>in</strong></span> <span class='ocrx_word' id='word_1_386' title='bbox 519 4063 617 4149; x_wconf 89' lang='lat' dir='ltr'><strong>plano</strong></span> <span class='ocrx_word' id='word_1_387' title='bbox 641 4063 817 4150; x_wconf 88' lang='lat' dir='ltr'><strong>dispositus</strong></span> <span class='ocrx_word' id='word_1_388' title='bbox 845 4065 982 4130; x_wconf 90' lang='lat' dir='ltr'><strong>formam</strong></span> <span class='ocrx_word' id='word_1_389' title='bbox 1006 4065 1158 4152; x_wconf 87' lang='lat' dir='ltr'><strong>trianguli</strong></span> <span class='ocrx_word' id='word_1_390' title='bbox 1182 4064 1326 4148; x_wconf 87' lang='lat' dir='ltr'><strong>exhibet,</strong></span> <span class='ocrx_word' id='word_1_391' title='bbox 1352 4066 1443 4130; x_wconf 89' lang='lat' dir='ltr'><strong>cuius</strong></span> <span class='ocrx_word' id='word_1_392' title='bbox 1467 4076 1533 4128; x_wconf 90' lang='lat' dir='ltr'><strong>tres</strong></span> <span class='ocrx_word' id='word_1_393' title='bbox 1557 4074 1703 4128; x_wconf 86' lang='lat' dir='ltr'><strong>extreme</strong></span> <span class='ocrx_word' id='word_1_394' title='bbox 1725 4063 1810 4128; x_wconf 92' lang='lat' dir='ltr'><strong>linee</strong></span> 
     </span>
     <span class='ocr_line' id='line_1_35' title="bbox 159 4167 1811 4260; baseline 0.002 -29"><span class='ocrx_word' id='word_1_395' title='bbox 159 4167 300 4232; x_wconf 85' lang='lat' dir='ltr'><strong>invicem</strong></span> <span class='ocrx_word' id='word_1_396' title='bbox 322 4167 477 4234; x_wconf 87' lang='lat' dir='ltr'><strong>reductae</strong></span> <span class='ocrx_word' id='word_1_397' title='bbox 501 4170 626 4257; x_wconf 89' lang='lat' dir='ltr'><strong>equalis</strong></span> <span class='ocrx_word' id='word_1_398' title='bbox 650 4182 763 4237; x_wconf 87' lang='lat' dir='ltr'><strong>extent</strong></span> <span class='ocrx_word' id='word_1_399' title='bbox 787 4172 1010 4258; x_wconf 89' lang='lat' dir='ltr'><strong>longitudinis,</strong></span> <span class='ocrx_word' id='word_1_400' title='bbox 1034 4171 1180 4260; x_wconf 89' lang='lat' dir='ltr'><strong>qualibet</strong></span> <span class='ocrx_word' id='word_1_401' title='bbox 1203 4195 1314 4237; x_wconf 87' lang='lat' dir='ltr'><strong>earum</strong></span> <span class='ocrx_word' id='word_1_402' title='bbox 1339 4171 1525 4258; x_wconf 86' lang='lat' dir='ltr'><strong>quindecim</strong></span> <span class='ocrx_word' id='word_1_403' title='bbox 1555 4171 1589 4235; x_wconf 90' lang='lat' dir='ltr'><strong>in</strong></span> <span class='ocrx_word' id='word_1_404' title='bbox 1612 4193 1646 4235; x_wconf 88' lang='lat' dir='ltr'><strong>se</strong></span> <span class='ocrx_word' id='word_1_405' title='bbox 1669 4171 1811 4235; x_wconf 91' lang='lat' dir='ltr'><strong>unitates</strong></span> 
     </span>
    </p>

    <p class='ocr_par' dir='ltr' id='par_1_11' title="bbox 110 4275 1811 4794">
     <span class='ocr_line' id='line_1_36' title="bbox 110 4275 1811 4367; baseline 0.003 -30"><span class='ocrx_word' id='word_1_406' title='bbox 110 4298 138 4338; x_wconf 79' lang='lat' dir='ltr'><strong>es</strong></span> <span class='ocrx_word' id='word_1_407' title='bbox 158 4275 327 4339; x_wconf 88' lang='lat' dir='ltr'><strong>retinente.</strong></span> <span class='ocrx_word' id='word_1_408' title='bbox 372 4275 417 4340; x_wconf 85' lang='lat' dir='ltr'><strong>Et</strong></span> <span class='ocrx_word' id='word_1_409' title='bbox 440 4275 520 4362; x_wconf 91' lang='lat' dir='ltr'><strong>quid</strong></span> <span class='ocrx_word' id='word_1_410' title='bbox 546 4276 640 4341; x_wconf 91' lang='lat' dir='ltr'><strong>huius</strong></span> <span class='ocrx_word' id='word_1_411' title='bbox 670 4279 814 4343; x_wconf 89' lang='lat' dir='ltr'><strong>misterio</strong></span> <span class='ocrx_word' id='word_1_412' title='bbox 844 4281 971 4343; x_wconf 91' lang='lat' dir='ltr'><strong>numeri</strong></span> <span class='ocrx_word' id='word_1_413' title='bbox 1001 4280 1155 4367; x_wconf 89' lang='lat' dir='ltr'><strong>pulcrius,</strong></span> <span class='ocrx_word' id='word_1_414' title='bbox 1186 4281 1220 4344; x_wconf 92' lang='lat' dir='ltr'><strong>in</strong></span> <span class='ocrx_word' id='word_1_415' title='bbox 1243 4302 1308 4366; x_wconf 93' lang='lat' dir='ltr'><strong>quo</strong></span> <span class='ocrx_word' id='word_1_416' title='bbox 1332 4289 1364 4343; x_wconf 90' lang='lat' dir='ltr'><strong>et</strong></span> <span class='ocrx_word' id='word_1_417' title='bbox 1386 4277 1540 4364; x_wconf 86' lang='lat' dir='ltr'><strong>trianguli</strong></span> <span class='ocrx_word' id='word_1_418' title='bbox 1563 4277 1689 4364; x_wconf 89' lang='lat' dir='ltr'><strong>species</strong></span> <span class='ocrx_word' id='word_1_419' title='bbox 1712 4276 1811 4342; x_wconf 90' lang='lat' dir='ltr'><strong>fidem</strong></span> 
     </span>
     <span class='ocr_line' id='line_1_37' title="bbox 159 4381 1810 4472; baseline 0.002 -27"><span class='ocrx_word' id='word_1_420' title='bbox 159 4393 290 4446; x_wconf 88' lang='lat' dir='ltr'><strong>sanctae</strong></span> <span class='ocrx_word' id='word_1_421' title='bbox 314 4381 481 4447; x_wconf 83' lang='lat' dir='ltr'><strong>Trinitatis</strong></span> <span class='ocrx_word' id='word_1_422' title='bbox 504 4383 658 4448; x_wconf 85' lang='lat' dir='ltr'><strong>informat</strong></span> <span class='ocrx_word' id='word_1_423' title='bbox 680 4394 713 4449; x_wconf 91' lang='lat' dir='ltr'><strong>et</strong></span> <span class='ocrx_word' id='word_1_424' title='bbox 736 4384 968 4472; x_wconf 89' lang='lat' dir='ltr'><strong>quindenarius</strong></span> <span class='ocrx_word' id='word_1_425' title='bbox 997 4388 1031 4450; x_wconf 93' lang='lat' dir='ltr'><strong>in</strong></span> <span class='ocrx_word' id='word_1_426' title='bbox 1055 4387 1210 4451; x_wconf 88' lang='lat' dir='ltr'><strong>extremis</strong></span> <span class='ocrx_word' id='word_1_427' title='bbox 1232 4384 1352 4450; x_wconf 90' lang='lat' dir='ltr'><strong>finibus</strong></span> <span class='ocrx_word' id='word_1_428' title='bbox 1376 4383 1558 4471; x_wconf 89' lang='lat' dir='ltr'><strong>triangulae</strong></span> <span class='ocrx_word' id='word_1_429' title='bbox 1581 4383 1685 4470; x_wconf 89' lang='lat' dir='ltr'><strong>figure</strong></span> <span class='ocrx_word' id='word_1_430' title='bbox 1709 4383 1810 4472; x_wconf 92' lang='lat' dir='ltr'><strong>tripli-</strong></span> 
     </span>
     <span class='ocr_line' id='line_1_38' title="bbox 158 4489 1810 4580; baseline 0.002 -28"><span class='ocrx_word' id='word_1_431' title='bbox 158 4489 238 4552; x_wconf 90' lang='lat' dir='ltr'><strong>citer</strong></span> <span class='ocrx_word' id='word_1_432' title='bbox 268 4510 443 4554; x_wconf 88' lang='lat' dir='ltr'><strong>occurrens</strong></span> <span class='ocrx_word' id='word_1_433' title='bbox 473 4491 507 4554; x_wconf 92' lang='lat' dir='ltr'><strong>in</strong></span> <span class='ocrx_word' id='word_1_434' title='bbox 531 4489 657 4555; x_wconf 89' lang='lat' dir='ltr'><strong>duabus</strong></span> <span class='ocrx_word' id='word_1_435' title='bbox 688 4491 834 4578; x_wconf 87' lang='lat' dir='ltr'><strong>partibus</strong></span> <span class='ocrx_word' id='word_1_436' title='bbox 866 4494 947 4576; x_wconf 88' lang='lat' dir='ltr'><strong>suis,</strong></span> <span class='ocrx_word' id='word_1_437' title='bbox 979 4494 1164 4580; x_wconf 89' lang='lat' dir='ltr'><strong>septenario</strong></span> <span class='ocrx_word' id='word_1_438' title='bbox 1187 4492 1341 4557; x_wconf 88' lang='lat' dir='ltr'><strong>videlicet</strong></span> <span class='ocrx_word' id='word_1_439' title='bbox 1365 4503 1397 4556; x_wconf 90' lang='lat' dir='ltr'><strong>et</strong></span> <span class='ocrx_word' id='word_1_440' title='bbox 1420 4491 1596 4575; x_wconf 89' lang='lat' dir='ltr'><strong>octonario,</strong></span> <span class='ocrx_word' id='word_1_441' title='bbox 1627 4512 1733 4556; x_wconf 86' lang='lat' dir='ltr'><strong>mores</strong></span> <span class='ocrx_word' id='word_1_442' title='bbox 1762 4493 1810 4555; x_wconf 92' lang='lat' dir='ltr'><strong>in·</strong></span> 
     </span>
     <span class='ocr_line' id='line_1_39' title="bbox 158 4595 1811 4686; baseline 0.002 -28"><span class='ocrx_word' id='word_1_443' title='bbox 158 4595 261 4678; x_wconf 91' lang='lat' dir='ltr'><strong>struit,</strong></span> <span class='ocrx_word' id='word_1_444' title='bbox 292 4596 425 4682; x_wconf 89' lang='lat' dir='ltr'><strong>insuper</strong></span> <span class='ocrx_word' id='word_1_445' title='bbox 449 4607 481 4661; x_wconf 94' lang='lat' dir='ltr'><strong>et</strong></span> <span class='ocrx_word' id='word_1_446' title='bbox 504 4595 714 4663; x_wconf 87' lang='lat' dir='ltr'><strong>beatitudinis</strong></span> <span class='ocrx_word' id='word_1_447' title='bbox 744 4622 804 4686; x_wconf 89' lang='lat' dir='ltr'><strong>per</strong></span> <span class='ocrx_word' id='word_1_448' title='bbox 826 4599 1061 4665; x_wconf 90' lang='lat' dir='ltr'><strong>immutabilem</strong></span> <span class='ocrx_word' id='word_1_449' title='bbox 1091 4611 1211 4665; x_wconf 89' lang='lat' dir='ltr'><strong>statum</strong></span> <span class='ocrx_word' id='word_1_450' title='bbox 1234 4597 1383 4664; x_wconf 88' lang='lat' dir='ltr'><strong>fidelibus</strong></span> <span class='ocrx_word' id='word_1_451' title='bbox 1407 4597 1627 4684; x_wconf 82' lang='lat' dir='ltr'><strong>repromittit?</strong></span> <span class='ocrx_word' id='word_1_452' title='bbox 1672 4597 1811 4684; x_wconf 90' lang='lat' dir='ltr'><strong>Propter</strong></span> 
     </span>
     <span class='ocr_line' id='line_1_40' title="bbox 157 4700 1811 4794; baseline 0.002 -30"><span class='ocrx_word' id='word_1_453' title='bbox 157 4700 228 4784; x_wconf 89' lang='lat' dir='ltr'><strong>hoe,</strong></span> <span class='ocrx_word' id='word_1_454' title='bbox 252 4711 289 4765; x_wconf 89' lang='lat' dir='ltr'><strong>ut</strong></span> <span class='ocrx_word' id='word_1_455' title='bbox 311 4703 435 4785; x_wconf 89' lang='lat' dir='ltr'><strong>estimo,</strong></span> <span class='ocrx_word' id='word_1_456' title='bbox 460 4714 493 4767; x_wconf 89' lang='lat' dir='ltr'><strong>et</strong></span> <span class='ocrx_word' id='word_1_457' title='bbox 516 4703 666 4791; x_wconf 90' lang='lat' dir='ltr'><strong>originali</strong></span> <span class='ocrx_word' id='word_1_458' title='bbox 689 4705 820 4789; x_wconf 90' lang='lat' dir='ltr'><strong>mundo,</strong></span> <span class='ocrx_word' id='word_1_459' title='bbox 840 4708 896 4793; x_wconf 90' lang='lat' dir='ltr'><strong>qui</strong></span> <span class='ocrx_word' id='word_1_460' title='bbox 919 4729 979 4793; x_wconf 88' lang='lat' dir='ltr'><strong>per</strong></span> <span class='ocrx_word' id='word_1_461' title='bbox 1001 4729 1103 4794; x_wconf 84' lang='lat' dir='ltr'><strong>aquas</strong></span> <span class='ocrx_word' id='word_1_462' title='bbox 1126 4707 1232 4793; x_wconf 90' lang='lat' dir='ltr'><strong>periit,</strong></span> <span class='ocrx_word' id='word_1_463' title='bbox 1256 4707 1318 4770; x_wconf 92' lang='lat' dir='ltr'><strong>iste</strong></span> <span class='ocrx_word' id='word_1_464' title='bbox 1341 4728 1501 4770; x_wconf 88' lang='lat' dir='ltr'><strong>annorum</strong></span> <span class='ocrx_word' id='word_1_465' title='bbox 1522 4727 1686 4787; x_wconf 70' lang='lat' dir='ltr'><strong>numerere,</strong></span> <span class='ocrx_word' id='word_1_466' title='bbox 1710 4703 1745 4768; x_wconf 94' lang='lat' dir='ltr'><strong>id</strong></span> <span class='ocrx_word' id='word_1_467' title='bbox 1761 4715 1811 4768; x_wconf 93' lang='lat' dir='ltr'><strong>est</strong></span> 
     </span>
    </p>

    <p class='ocr_par' dir='ltr' id='par_1_12' title="bbox 109 4805 1972 5327">
     <span class='ocr_line' id='line_1_41' title="bbox 109 4805 1972 4898; baseline 0.003 -27"><span class='ocrx_word' id='word_1_468' title='bbox 109 4831 139 4870; x_wconf 75' lang='lat' dir='ltr'><strong>ro</strong></span> <span class='ocrx_word' id='word_1_469' title='bbox 156 4805 254 4872; x_wconf 89' lang='lat' dir='ltr'><strong>CXX</strong></span> <span class='ocrx_word' id='word_1_470' title='bbox 284 4809 327 4873; x_wconf 89' lang='lat' dir='ltr'><strong>ad</strong></span> <span class='ocrx_word' id='word_1_471' title='bbox 355 4811 568 4895; x_wconf 88' lang='lat' dir='ltr'><strong>penitentiam</strong></span> <span class='ocrx_word' id='word_1_472' title='bbox 598 4810 742 4876; x_wconf 86' lang='lat' dir='ltr'><strong>indultus</strong></span> <span class='ocrx_word' id='word_1_473' title='bbox 773 4824 822 4876; x_wconf 90' lang='lat' dir='ltr'><strong>est</strong></span> <span class='ocrx_word' id='word_1_474' title='bbox 852 4812 980 4878; x_wconf 85' lang='lat' dir='ltr'><strong>dicente</strong></span> <span class='ocrx_word' id='word_1_475' title='bbox 1012 4814 1154 4877; x_wconf 90' lang='lat' dir='ltr'><strong>Domino</strong></span> <span class='ocrx_word' id='word_1_476' title='bbox 1185 4812 1228 4877; x_wconf 87' lang='lat' dir='ltr'><strong>ad</strong></span> <span class='ocrx_word' id='word_1_477' title='bbox 1257 4811 1345 4876; x_wconf 86' lang='lat' dir='ltr'><strong>Noe:</strong></span> <span class='ocrx_word' id='word_1_478' title='bbox 1380 4813 1545 4898; x_wconf 82' lang='lat' dir='ltr'><strong>Eruntqne</strong></span> <span class='ocrx_word' id='word_1_479' title='bbox 1575 4812 1643 4876; x_wconf 85' lang='lat' dir='ltr'><strong>dies</strong></span> <span class='ocrx_word' id='word_1_480' title='bbox 1672 4813 1810 4877; x_wconf 79' lang='lat' dir='ltr'><strong>hominia</strong></span> <span class='ocrx_word' id='word_1_481' title='bbox 1829 4831 1848 4872; x_wconf 87' lang='lat'><strong>1.</strong></span> <span class='ocrx_word' id='word_1_482' title='bbox 1857 4831 1942 4880; x_wconf 66' lang='lat' dir='ltr'><strong>sens,</strong></span> <span class='ocrx_word' id='word_1_483' title='bbox 1951 4831 1972 4872; x_wconf 78' lang='lat'><strong>³.</strong></span> 
     </span>
     <span class='ocr_line' id='line_1_42' title="bbox 160 4914 1809 5008; baseline 0.002 -29"><span class='ocrx_word' id='word_1_484' title='bbox 160 4914 256 4979; x_wconf 81' lang='lat' dir='ltr'><strong>CXX</strong></span> <span class='ocrx_word' id='word_1_485' title='bbox 274 4918 363 4998; x_wconf 84' lang='lat' dir='ltr'><strong>enni,</strong></span> <span class='ocrx_word' id='word_1_486' title='bbox 386 4927 422 4980; x_wconf 90' lang='lat' dir='ltr'><strong>ut</strong></span> <span class='ocrx_word' id='word_1_487' title='bbox 445 4917 544 4981; x_wconf 89' lang='lat' dir='ltr'><strong>sciret</strong></span> <span class='ocrx_word' id='word_1_488' title='bbox 565 4916 661 4983; x_wconf 91' lang='lat' dir='ltr'><strong>homo</strong></span> <span class='ocrx_word' id='word_1_489' title='bbox 685 4919 896 5005; x_wconf 86' lang='lat' dir='ltr'><strong>euangelicus</strong></span> <span class='ocrx_word' id='word_1_490' title='bbox 919 4942 979 5006; x_wconf 92' lang='lat' dir='ltr'><strong>per</strong></span> <span class='ocrx_word' id='word_1_491' title='bbox 995 4920 1152 5008; x_wconf 87' lang='lat' dir='ltr'><strong>Spiritum</strong></span> <span class='ocrx_word' id='word_1_492' title='bbox 1175 4943 1195 4984; x_wconf 91' lang='lat' dir='ltr'><strong>a</strong></span> <span class='ocrx_word' id='word_1_493' title='bbox 1210 4920 1283 4984; x_wconf 88' lang='lat' dir='ltr'><strong>Deo</strong></span> <span class='ocrx_word' id='word_1_494' title='bbox 1308 4918 1422 4984; x_wconf 89' lang='lat' dir='ltr'><strong>doctus</strong></span> <span class='ocrx_word' id='word_1_495' title='bbox 1446 4918 1530 4983; x_wconf 90' lang='lat' dir='ltr'><strong>hanc</strong></span> <span class='ocrx_word' id='word_1_496' title='bbox 1554 4919 1617 5004; x_wconf 92' lang='lat' dir='ltr'><strong>ipsi</strong></span> <span class='ocrx_word' id='word_1_497' title='bbox 1640 4917 1713 4983; x_wconf 90' lang='lat' dir='ltr'><strong>Deo</strong></span> <span class='ocrx_word' id='word_1_498' title='bbox 1737 4940 1809 5004; x_wconf 90' lang='lat' dir='ltr'><strong>gra-</strong></span> 
     </span>
     <span class='ocr_line' id='line_1_43' title="bbox 156 5023 1808 5114; baseline 0.002 -29"><span class='ocrx_word' id='word_1_499' title='bbox 156 5031 223 5086; x_wconf 90' lang='lat' dir='ltr'><strong>tam</strong></span> <span class='ocrx_word' id='word_1_500' title='bbox 246 5045 317 5086; x_wconf 91' lang='lat' dir='ltr'><strong>esse</strong></span> <span class='ocrx_word' id='word_1_501' title='bbox 340 5034 438 5110; x_wconf 91' lang='lat' dir='ltr'><strong>atque</strong></span> <span class='ocrx_word' id='word_1_502' title='bbox 462 5023 677 5089; x_wconf 85' lang='lat' dir='ltr'><strong>sufficientem</strong></span> <span class='ocrx_word' id='word_1_503' title='bbox 700 5024 743 5089; x_wconf 89' lang='lat' dir='ltr'><strong>ad</strong></span> <span class='ocrx_word' id='word_1_504' title='bbox 758 5024 954 5112; x_wconf 89' lang='lat' dir='ltr'><strong>placandum</strong></span> <span class='ocrx_word' id='word_1_505' title='bbox 976 5028 1199 5114; x_wconf 90' lang='lat' dir='ltr'><strong>penitentiam,</strong></span> <span class='ocrx_word' id='word_1_506' title='bbox 1224 5049 1286 5114; x_wconf 92' lang='lat' dir='ltr'><strong>que</strong></span> <span class='ocrx_word' id='word_1_507' title='bbox 1311 5036 1344 5090; x_wconf 90' lang='lat' dir='ltr'><strong>et</strong></span> <span class='ocrx_word' id='word_1_508' title='bbox 1365 5027 1399 5090; x_wconf 93' lang='lat' dir='ltr'><strong>in</strong></span> <span class='ocrx_word' id='word_1_509' title='bbox 1423 5025 1487 5089; x_wconf 91' lang='lat' dir='ltr'><strong>fide</strong></span> <span class='ocrx_word' id='word_1_510' title='bbox 1511 5035 1623 5088; x_wconf 88' lang='lat' dir='ltr'><strong>sancte</strong></span> <span class='ocrx_word' id='word_1_511' title='bbox 1639 5024 1808 5089; x_wconf 82' lang='lat' dir='ltr'><strong>Trinitatis</strong></span> 
     </span>
     <span class='ocr_line' id='line_1_44' title="bbox 155 5128 1809 5221; baseline 0.003 -30"><span class='ocrx_word' id='word_1_512' title='bbox 155 5128 262 5214; x_wconf 91' lang='lat' dir='ltr'><strong>agitur</strong></span> <span class='ocrx_word' id='word_1_513' title='bbox 292 5139 324 5192; x_wconf 90' lang='lat' dir='ltr'><strong>et</strong></span> <span class='ocrx_word' id='word_1_514' title='bbox 353 5151 451 5216; x_wconf 86' lang='lat' dir='ltr'><strong>quam</strong></span> <span class='ocrx_word' id='word_1_515' title='bbox 482 5129 610 5196; x_wconf 86' lang='lat' dir='ltr'><strong>feriatio</strong></span> <span class='ocrx_word' id='word_1_516' title='bbox 641 5132 778 5196; x_wconf 74' lang='lat' dir='ltr'><strong>aniciis</strong></span> <span class='ocrx_word' id='word_1_517' title='bbox 809 5133 1016 5221; x_wconf 90' lang='lat' dir='ltr'><strong>studiumque</strong></span> <span class='ocrx_word' id='word_1_518' title='bbox 1043 5135 1199 5198; x_wconf 85' lang='lat' dir='ltr'><strong>virtutum</strong></span> <span class='ocrx_word' id='word_1_519' title='bbox 1231 5135 1411 5198; x_wconf 89' lang='lat' dir='ltr'><strong>comitatur.</strong></span> <span class='ocrx_word' id='word_1_520' title='bbox 1460 5131 1526 5212; x_wconf 81' lang='lat' dir='ltr'><strong>Qui</strong></span> <span class='ocrx_word' id='word_1_521' title='bbox 1556 5132 1642 5194; x_wconf 90' lang='lat' dir='ltr'><strong>enim</strong></span> <span class='ocrx_word' id='word_1_522' title='bbox 1672 5131 1720 5196; x_wconf 93' lang='lat' dir='ltr'><strong>sic</strong></span> <span class='ocrx_word' id='word_1_523' title='bbox 1749 5155 1809 5218; x_wconf 89' lang='lat' dir='ltr'><strong>per</strong></span> 
     </span>
     <span class='ocr_line' id='line_1_45' title="bbox 155 5236 1904 5327; baseline 0.001 -30"><span class='ocrx_word' id='word_1_524' title='bbox 155 5236 375 5320; x_wconf 86' lang='lat' dir='ltr'><strong>septenarium</strong></span> <span class='ocrx_word' id='word_1_525' title='bbox 392 5241 440 5301; x_wconf 81' lang='lat' dir='ltr'><strong>‘et</strong></span> <span class='ocrx_word' id='word_1_526' title='bbox 455 5239 657 5302; x_wconf 89' lang='lat' dir='ltr'><strong>octonarium</strong></span> <span class='ocrx_word' id='word_1_527' title='bbox 672 5239 805 5324; x_wconf 90' lang='lat' dir='ltr'><strong>penitet,</strong></span> <span class='ocrx_word' id='word_1_528' title='bbox 823 5241 917 5326; x_wconf 90' lang='lat' dir='ltr'><strong>quasi</strong></span> <span class='ocrx_word' id='word_1_529' title='bbox 932 5263 992 5326; x_wconf 89' lang='lat' dir='ltr'><strong>per</strong></span> <span class='ocrx_word' id='word_1_530' title='bbox 1008 5251 1138 5304; x_wconf 85' lang='lat' dir='ltr'><strong>centurn</strong></span> <span class='ocrx_word' id='word_1_531' title='bbox 1153 5242 1271 5327; x_wconf 88' lang='lat' dir='ltr'><strong>viginti</strong></span> <span class='ocrx_word' id='word_1_532' title='bbox 1288 5262 1389 5304; x_wconf 91' lang='lat' dir='ltr'><strong>annos</strong></span> <span class='ocrx_word' id='word_1_533' title='bbox 1405 5239 1480 5303; x_wconf 89' lang='lat' dir='ltr'><strong>Deo</strong></span> <span class='ocrx_word' id='word_1_534' title='bbox 1504 5237 1718 5321; x_wconf 83' lang='lat' dir='ltr'><strong>satisfaciens,</strong></span> <span class='ocrx_word' id='word_1_535' title='bbox 1742 5262 1808 5304; x_wconf 90' lang='lat' dir='ltr'><strong>non</strong></span> <span class='ocrx_word' id='word_1_536' title='bbox 1826 5257 1904 5310; x_wconf 62' lang='lat' dir='ltr'><strong>nnn.</strong></span> 
     </span>
    </p>

    <p class='ocr_par' dir='ltr' id='par_1_13' title="bbox 109 5339 1987 5649">
     <span class='ocr_line' id='line_1_46' title="bbox 109 5339 1807 5434; baseline 0.003 -30"><span class='ocrx_word' id='word_1_537' title='bbox 109 5363 137 5404; x_wconf 74' lang='lat' dir='ltr'><strong>u</strong></span> <span class='ocrx_word' id='word_1_538' title='bbox 155 5340 258 5405; x_wconf 90' lang='lat' dir='ltr'><strong>solum</strong></span> <span class='ocrx_word' id='word_1_539' title='bbox 274 5339 481 5407; x_wconf 89' lang='lat' dir='ltr'><strong>sabbatizans</strong></span> <span class='ocrx_word' id='word_1_540' title='bbox 498 5366 518 5408; x_wconf 84' lang='lat' dir='ltr'><strong>a</strong></span> <span class='ocrx_word' id='word_1_541' title='bbox 534 5345 638 5427; x_wconf 88' lang='lat' dir='ltr'><strong>viciis,</strong></span> <span class='ocrx_word' id='word_1_542' title='bbox 655 5355 787 5410; x_wconf 89' lang='lat' dir='ltr'><strong>eternae</strong></span> <span class='ocrx_word' id='word_1_543' title='bbox 805 5357 837 5410; x_wconf 89' lang='lat' dir='ltr'><strong>et</strong></span> <span class='ocrx_word' id='word_1_544' title='bbox 853 5357 1019 5412; x_wconf 89' lang='lat' dir='ltr'><strong>extremae</strong></span> <span class='ocrx_word' id='word_1_545' title='bbox 1035 5347 1166 5412; x_wconf 90' lang='lat' dir='ltr'><strong>ultionis</strong></span> <span class='ocrx_word' id='word_1_546' title='bbox 1191 5347 1302 5412; x_wconf 84' lang='lat' dir='ltr'><strong>evadit</strong></span> <span class='ocrx_word' id='word_1_547' title='bbox 1325 5347 1529 5434; x_wconf 89' lang='lat' dir='ltr'><strong>supplicium,</strong></span> <span class='ocrx_word' id='word_1_548' title='bbox 1555 5345 1662 5410; x_wconf 90' lang='lat' dir='ltr'><strong>sedet</strong></span> <span class='ocrx_word' id='word_1_549' title='bbox 1678 5344 1807 5410; x_wconf 90' lang='lat' dir='ltr'><strong>culmen</strong></span> 
     </span>
     <span class='ocr_line' id='line_1_47' title="bbox 154 5448 1987 5541; baseline 0.004 -30"><span class='ocrx_word' id='word_1_550' title='bbox 154 5448 310 5513; x_wconf 85' lang='lat' dir='ltr'><strong>virtutum</strong></span> <span class='ocrx_word' id='word_1_551' title='bbox 339 5461 437 5536; x_wconf 86' lang='lat' dir='ltr'><strong>atque</strong></span> <span class='ocrx_word' id='word_1_552' title='bbox 467 5449 678 5516; x_wconf 88' lang='lat' dir='ltr'><strong>beatitudinis</strong></span> <span class='ocrx_word' id='word_1_553' title='bbox 713 5463 845 5518; x_wconf 89' lang='lat' dir='ltr'><strong>eternae</strong></span> <span class='ocrx_word' id='word_1_554' title='bbox 876 5467 1094 5541; x_wconf 89' lang='lat' dir='ltr'><strong>consequetur</strong></span> <span class='ocrx_word' id='word_1_555' title='bbox 1124 5455 1324 5519; x_wconf 88' lang='lat' dir='ltr'><strong>octonarium</strong></span> <span class='ocrx_word' id='word_1_556' title='bbox 1354 5453 1483 5518; x_wconf 91' lang='lat' dir='ltr'><strong>dicente</strong></span> <span class='ocrx_word' id='word_1_557' title='bbox 1513 5452 1674 5518; x_wconf 89' lang='lat' dir='ltr'><strong>Domino:</strong></span> <span class='ocrx_word' id='word_1_558' title='bbox 1711 5453 1810 5520; x_wconf 82' lang='lat' dir='ltr'><strong>Beati</strong></span> <span class='ocrx_word' id='word_1_559' title='bbox 1824 5474 1987 5528; x_wconf 59' lang='lat' dir='ltr'><strong>artissume.</strong></span> 
     </span>
     <span class='ocr_line' id='line_1_48' title="bbox 149 5559 1373 5649; baseline 0.005 -30"><span class='ocrx_word' id='word_1_560' title='bbox 149 5579 309 5642; x_wconf 80' lang='lat' dir='ltr'><strong>pauperes</strong></span> <span class='ocrx_word' id='word_1_561' title='bbox 330 5559 631 5645; x_wconf 62' lang='lat' dir='ltr'><strong>spirituquoniam</strong></span> <span class='ocrx_word' id='word_1_562' title='bbox 657 5563 796 5647; x_wconf 70' lang='lat' dir='ltr'><strong>ipso-rum</strong></span> <span class='ocrx_word' id='word_1_563' title='bbox 821 5575 865 5625; x_wconf 82' lang='lat' dir='ltr'><strong>est</strong></span> <span class='ocrx_word' id='word_1_564' title='bbox 887 5587 1015 5649; x_wconf 67' lang='lat' dir='ltr'><strong>regnum</strong></span> <span class='ocrx_word' id='word_1_565' title='bbox 1039 5564 1175 5626; x_wconf 84' lang='lat' dir='ltr'><strong>celorum</strong></span> <span class='ocrx_word' id='word_1_566' title='bbox 1199 5573 1232 5625; x_wconf 88' lang='lat' dir='ltr'><strong>et</strong></span> <span class='ocrx_word' id='word_1_567' title='bbox 1255 5571 1373 5625; x_wconf 85' lang='lat' dir='ltr'><strong>cetera.</strong></span> 
     </span>
    </p>
   </div>
   <div class='ocr_carea' id='block_1_5' title="bbox 260 5734 673 5807">
    <p class='ocr_par' dir='ltr' id='par_1_14' title="bbox 260 5734 673 5807">
     <span class='ocr_line' id='line_1_49' title="bbox 260 5734 673 5807; baseline 0.01 -19"><span class='ocrx_word' id='word_1_568' title='bbox 260 5734 288 5800; x_wconf 91' lang='lat' dir='ltr'><strong>a)</strong></span> <span class='ocrx_word' id='word_1_569' title='bbox 308 5738 380 5806; x_wconf 70' lang='lat' dir='ltr'><strong>nigro</strong></span> <span class='ocrx_word' id='word_1_570' title='bbox 397 5747 489 5790; x_wconf 66' lang='lat' dir='ltr'><strong>mrem.</strong></span> <span class='ocrx_word' id='word_1_571' title='bbox 509 5739 536 5790; x_wconf 85' lang='lat' dir='ltr'><strong>in</strong></span> <span class='ocrx_word' id='word_1_572' title='bbox 555 5758 634 5807; x_wconf 73' lang='lat' dir='ltr'><strong>mcrp.</strong></span> <span class='ocrx_word' id='word_1_573' title='bbox 652 5759 673 5792; x_wconf 85' lang='lat' dir='ltr'><strong>c.</strong></span> 
     </span>
    </p>
   </div>
   <div class='ocr_carea' id='block_1_6' title="bbox 0 0 2210 6406">
    <p class='ocr_par' dir='ltr' id='par_1_15' title="bbox 0 0 2210 6406">
     <span class='ocr_line' id='line_1_50' title="bbox 0 0 2210 6406; baseline 0 5"><span class='ocrx_word' id='word_1_574' title='bbox 0 0 2210 6406; x_wconf 95' lang='lat' dir='ltr'><strong> </strong></span> 
     </span>
    </p>
   </div>
  </div>
 </body>
</html>
