4386 6390
422 351 487 414 568
909 356 961 410 DE
986 355 1077 412 FINE
1102 356 1332 414 SCHISMATIS
1356 356 1603 414 VATICINIUM.

419 544 536 609 ratoris
560 541 680 608 debeat
703 541 843 608 deficere
868 544 988 607 scisma
1012 554 1044 608 et
1066 545 1244 625 terminari,
1269 565 1409 631 sequens
1433 567 1547 608 versus
1571 545 1626 630 qui
1658 553 1691 607 et
1718 553 1855 630 quartus
1879 549 1930 604 est
1953 539 2067 605 videtur
2102 551 2105 560 ’

419 649 518 737 loqui.
565 649 622 714 Ait
645 650 747 714 enim:

678 755 845 821 Cornua
874 757 1045 822 venturi
1075 755 1331 822 mutilabunt
1360 756 1507 822 federa
1539 755 1689 820 thauri.

420 881 590 962 ,i'l'aurum
615 877 729 944 dicunt
752 902 824 945 esse
847 882 1077 966 imperatorem
1108 893 1240 968 propter
1262 880 1485 945 fortitudinem
1516 890 1549 945 et
1578 881 1724 966 vigorem
1757 880 1877 943 armati
1907 879 2067 942 exercitus.

419 986 520 1051 Cuius
552 1007 674 1051 cornua
704 988 854 1072 potencie
885 985 1079 1052 mutilabunt
1109 987 1164 1052 illa
1194 987 1306 1052 federa
1334 988 1495 1052 scismatis
1520 985 1637 1072 quibus
1661 985 1830 1051 Rolandus
1855 1007 1934 1049 cum
1957 986 2019 1047 suis
2040 1008 2090 1050 ser

419 1094 558 1158 armavit
579 1094 614 1156 in
638 1093 863 1157 sacerdocium
888 1102 921 1158 et
943 1094 977 1156 in
1001 1115 1147 1179 regnum.
1174 1092 1365 1178 tCetemm,
1397 1094 1572 1180 quoniam*
1596 1093 1713 1179 aliquis
1743 1103 1858 1179 posset
1882 1090 2015 1155 obviare
2037 1114 2070 1155 ac

420 1200 539 1282 dicere,
565 1199 662 1286 quod,
687 1209 808 1285 quanto
824 1210 969 1286 tempore
993 1201 1046 1264 isti
1063 1199 1127 1265 duo
1151 1221 1236 1286 pape
1253 1197 1447 1286 regnabunt,
1468 1221 1634 1285 nunquam
1652 1201 1793 1264 scissura
1811 1199 1908 1262 istius
1925 1199 2070 1262 terminus

420 1307 491 1386 erit,
514 1304 690 1392 respondet
714 1327 820 1370 sermo
845 1305 975 1370 divinus
999 1317 1032 1370 et
1056 1307 1101 1371 ait
1124 1307 1157 1370 iu
1181 1307 1293 1392 quinto
1317 1329 1424 1388 versu,
1456 1305 1496 1370 de
1527 1305 1591 1369 illis
1622 1304 1748 1369 duobus
1779 1305 1878 1392 papis
1910 1305 2069 1380 nuncians,

421 1412 523 1500 'quod
546 1411 587 1476 de
612 1413 691 1498 ipsis
715 1413 856 1476 futurum
881 1413 938 1476 sit:
1661 1396 1664 1403 ¹

678 1519 767 1583 Una
790 1518 880 1583 dics
911 1521 1058 1584 mortis
1082 1518 1266 1606 deponet
1289 1529 1401 1584 serta
1432 1519 1612 1584 duorum.
2084 1544 2101 1583 u

419 1644 520 1724 Dicit,
545 1642 634 1730 quod
657 1666 722 1707 una
747 1643 800 1708 die
824 1643 1029 1729 deponentur
1052 1643 1148 1709 ambo
1173 1654 1205 1708 et
1228 1667 1295 1709 una
1317 1643 1370 1708 die
1394 1645 1572 1708 morientur
1602 1642 1708 1718 ambo,
1740 1653 1773 1706 et
1795 1653 1945 1729 potestas
1969 1663 2069 1707 eorum

419 1752 575 1814 morietur
597 1750 746 1835 deposita
763 1748 805 1813 ab
831 1751 919 1813 omni
943 1749 1081 1814 concilio
1104 1751 1209 1814 tocius
1233 1750 1392 1816 catholice
1417 1750 1572 1832 ecclesie,
1597 1748 1792 1814 arbitramur
1816 1749 1904 1812 enim
1929 1749 2070 1814 veniente

420 1856 550 1921 domiuo
581 1857 775 1943 imperatore
806 1857 841 1919 in
864 1856 1007 1920 'Ytaliam
1039 1859 1214 1922 convocari
1244 1879 1373 1921 omnem
1405 1857 1551 1920 ordinem
1583 1856 1842 1928 ecclesiasticum
1875 1865 1909 1919 et
1940 1866 2015 1918 tunc
2042 1857 2071 1919 in

419 1962 528 2049 gladio
545 1961 637 2026 verbi
654 1963 720 2026 Dei
744 1972 777 2026 ct
800 1964 962 2027 sententia
984 1963 1082 2027 totius
1107 1963 1244 2028 ecclesie
1270 1962 1340 2028 illos
1365 1963 1445 2028 duos
1469 1985 1582 2048 papas,
1607 1985 1666 2048 per
1689 1985 1769 2048 quos
1793 1963 1916 2026 scisma
1939 1962 2070 2047 irrepsit,

421 2093 440 2134 a
464 2094 522 2134 suo
545 2081 667 2156 papatu
692 2069 844 2156 deponet,
870 2079 902 2134 et
925 2092 1011 2133 mors
1036 2068 1248 2156 depositionis
1272 2081 1304 2134 et
1327 2069 1521 2156 repulsionis
1546 2091 1657 2132 eorum
1681 2091 1745 2132 non
1770 2067 1901 2132 occidat
1926 2091 1990 2146 eos,
2021 2069 2070 2133 sed
2085 2095 2101 2133 u

420 2177 611 2264 dignitatem
644 2198 754 2240 eorum
786 2175 934 2240 succidat
965 2187 997 2240 et
1028 2176 1163 2240 auferat.
1214 2177 1258 2240 Et
1288 2177 1365 2262 quia
1398 2199 1439 2240 cx
1471 2198 1609 2240 censura
1639 2187 1672 2239 et
1701 2175 1822 2239 iudicio
1854 2174 2070 2260 religiosorum

419 2285 572 2364 virorum,
597 2283 652 2369 qui
677 2292 752 2346 sunt
774 2282 912 2347 humiles
937 2284 1050 2369 spiritu
1076 2293 1107 2347 et
1126 2283 1235 2347 Deum
1258 2283 1409 2347 timentes
1426 2283 1578 2368 potencia
1593 2283 1762 2368 utriusque
1779 2305 1865 2368 pape
1887 2281 2069 2368 deponetur,

419 2387 492 2453 ideo
517 2390 663 2475 sequitur
685 2390 719 2452 in
744 2398 837 2452 sexto
861 2412 974 2452 versu:

678 2495 802 2560 Celsa
826 2507 967 2578 ruunt,
990 2495 1140 2561 humili
1163 2495 1520 2583 pendet'uterque
1546 2493 1710 2581 gradus.

420 2620 520 2702 Dicit,
546 2620 633 2706 quod
658 2619 745 2684 celsa
770 2631 802 2684 ct
825 2619 966 2706 superba
989 2620 1121 2707 fastigia
1137 2620 1263 2708 papalis
1281 2621 1457 2706 dignitatis,
1483 2621 1636 2684 scismata
1652 2619 1802 2698 foventis,
1828 2619 1944 2683 humili
1959 2618 2070 2684 iudicio
2084 2645 2103 2682 a

241 2751 401 2792 narseus.
420 2737 452 2790 et
476 2749 614 2791 censura
638 2736 823 2790 sanctorum
849 2737 881 2789 et
904 2724 1063 2791 bonorum
1079 2729 1232 2809 virorum,
1257 2727 1312 2814 qui
1340 2726 1394 2790 *ab
1412 2728 1499 2791 omni
1524 2727 1598 2806 odio
1622 2739 1653 2791 et
1677 2727 1827 2792 amicicia
1844 2723 2018 2804 vacabunt,
2034 2735 2070 2806 et,

287 2859 400 2908 rusam.
420 2836 479 2919 qui
500 2837 659 2898 emacient
681 2859 793 2898 ananam
815 2859 890 2897 sams
913 2837 952 2898 ab
977 2837 1064 2898 omni
1085 2860 1220 2914 curuare,
1244 2844 1339 2897 ruent
1363 2845 1395 2898 et
1411 2833 1627 2914 destruentur,
1653 2845 1685 2898 et
1707 2832 1781 2898 ideo
1797 2843 1936 2919 uterque
1959 2831 2071 2918 gradus

420 2950 453 3004 et
469 2940 561 3003 istius
585 2962 669 3025 pape
695 2949 727 3004 ct
751 2938 837 3002 illius
861 2939 993 3025 pendet,
1018 2937 1052 3003 id
1068 2949 1117 3004 est
1140 2939 1196 3003 dat
1211 2962 1328 3026 penam
1353 2963 1410 3004 sue
1435 2941 1686 3026 presumptionis
1708 2951 1740 3004 et
1756 2939 1934 3004 scismatici
1952 2940 2070 3002 erroris.

419 3045 463 3110 Et
487 3048 637 3131 quoniam
669 3045 791 3131 gradus
822 3045 869 3109 illi
894 3045 1069 3110 scismatici
1101 3069 1176 3110 suos
1201 3046 1343 3110 fautores
1368 3057 1401 3110 et
1424 3045 1611 3110 defensores
1635 3045 1809 3123 habebant,
1842 3047 1899 3132 qui
1924 3068 2070 3110 consona-

419 3151 498 3216 bant
520 3152 692 3237 utrimque,
718 3151 758 3215 dc
783 3139 1049 3217 hiis'fautoribus
1074 3163 1105 3216 et
1130 3151 1343 3238 complicibus
1367 3154 1401 3216 in
1418 3154 1554 3239 septimo
1578 3175 1675 3217 versu
1704 3153 1867 3238 supponit,
1893 3151 2070 3232 ostendens,
2084 3175 2103 3214 a

421 3257 509 3345 quod
539 3259 638 3321 etiam
668 3259 731 3344 ipsi
763 3282 836 3322 cum
861 3281 920 3322 sua
945 3259 1164 3322 consonancia
1194 3269 1226 3322 et
1250 3259 1336 3323 mala
1360 3258 1534 3323 concordia
1559 3257 1699 3323 debeant
1722 3260 1874 3341 interire,
1907 3260 1953 3322 ait
1976 3259 2069 3322 enim:

677 3364 854 3428 Interitb
879 3375 1004 3451 atque
1029 3366 1171 3450 perit⁰,
1196 3365 1302 3450 quod
1327 3377 1531 3430 consonat
1555 3364 1773 3451 euphonia

525 3489 569 3552 Et
591 3499 641 3552 est
664 3511 794 3552 sensus:
820 3488 913 3569 Illud,
938 3488 1025 3575 quod
1049 3499 1206 3554 consonat
1229 3489 1401 3575 euphonia,
1426 3488 1459 3552 id
1483 3501 1532 3554 est
1555 3491 1737 3554 scismatica
1761 3489 1950 3571 concordie,
1974 3489 2070 3552 idest

420 3597 524 3659 omnis
549 3594 726 3660 concordia
749 3595 909 3658 scismatis
934 3593 994 3659 sub
1019 3595 1140 3659 iudicio
1165 3595 1303 3659 ecclesie
1327 3597 1438 3660 interit
1461 3607 1557 3682 atquc
1581 3597 1676 3683 perit.
1723 3596 1829 3660 Tanta
1854 3597 1916 3660 erit
1941 3617 2071 3659 censura

420 3702 500 3766 recti
531 3701 655 3782 iudicii,
686 3701 774 3787 quod
804 3723 869 3765 non
899 3700 1002 3764 solum
1033 3703 1121 3788 ipsos
1151 3701 1272 3787 gradus
1303 3703 1483 3788 presumpti
1512 3703 1683 3778 scismatis,
1715 3703 1774 3766 sed
1804 3714 1836 3766 et
1867 3725 1991 3782 omnes,
2022 3702 2104 3787 quia

419 3809 564 3872 scismati
595 3806 851 3889 consentiebant,
882 3808 989 3893 perire
1019 3806 1138 3872 abinde
1169 3831 1207 3872 ac
1238 3809 1370 3872 interire
1395 3818 1551 3894 oporteat,
1584 3810 1677 3895 quasi
1702 3809 1806 3873 dicat:
1835 3809 2070 3873 Renunciantes

419 3916 562 3979 scismati
593 3915 635 3978 ad
666 3914 874 3979 concordiam
897 3915 1119 4001 unitatemque
1149 3914 1368 3979 convolabunt
1399 3915 1547 3979 ecclesie.
1594 3914 1675 3978 *Alii
1699 3938 1777 3979 vcro
1803 3915 1993 4003 specialiter
2023 3915 2070 3979 de-

419 4022 629 4085 structionem
653 4022 748 4084 istam
771 4020 917 4084 referunt
940 4020 982 4084 ad
997 4020 1181 4086 Rolandum
1198 4034 1230 4085 et
1246 4044 1320 4085 suos
1345 4043 1502 4108 sequaces
1526 4033 1559 4085 et
1582 4023 1740 4108 incipiunt
1765 4021 1806 4085 ab
1831 4021 1886 4086 illo
1912 4021 1995 4102 loce,
2019 4019 2071 4085 ubi

421 4149 536 4191 versus
561 4128 708 4191 inchoat:

677 4233 723 4296 In
747 4235 925 4298 scoriam
949 4234 1055 4298 ruitd
1079 4234 1237 4314 exitus,
1262 4256 1360 4320 egra
1384 4235 1582 4320 potencia
1605 4235 1767 4320 migrat.
2087 4258 2106 4297 a

419 4359 537 4422 Exitus
561 4358 638 4422 mali
662 4358 824 4444 principii,
849 4358 937 4444 quod
953 4356 1119 4422 Rolandus
1136 4381 1210 4422 cum
1226 4360 1292 4422 suis
1310 4369 1423 4422 contra
1446 4359 1618 4444 imperium
1642 4360 1789 4445 arripuit,
1815 4359 1948 4445 quando
1966 4369 2072 4423 contra

420 4466 648 4550 imperatorem
673 4465 892 4546 coniurarunt,
925 4463 978 4527 ille
1010 4464 1082 4528 talis
1107 4465 1214 4528 exitus
1238 4466 1301 4528 ruit
1324 4466 1357 4528 in
1388 4465 1538 4546 scoriam,
1571 4466 1724 4550 quoniam
1748 4464 1944 4552 purgabitur
1967 4479 2000 4530 et
2022 4466 2072 4529 de-

420 4581 561 4636 structur
590 4573 666 4657 igne
696 4571 872 4657 imperialis
899 4571 1202 4636 animadversionis.
1251 4571 1344 4652 Nam,
1376 4583 1411 4635 ut
1435 4571 1534 4652 aiunt,
1567 4594 1641 4635 cum
1672 4572 1849 4657 imperator
1873 4573 1906 4634 iu
1934 4571 2072 4636 Ytaliam

420 4675 619 4758 adventabit,
645 4678 750 4742 omnis
766 4677 820 4742 illa
837 4700 952 4742 manus
968 4677 1171 4760 dissolvetur,
1197 4689 1229 4742 et
1245 4678 1353 4742 omnia
1369 4677 1631 4742 machinamenta
1655 4688 1688 4742 et
1703 4677 1871 4743 molimina
1887 4678 2028 4742 Rolandi
2044 4689 2072 4742 et

420 4805 552 4851 sucrum
566 4783 729 4869 peribunt.
770 4784 914 4871 Ideoque
931 4785 1083 4870 potencia
1098 4783 1236 4849 Rolandi
1252 4785 1346 4870 quasi
1363 4807 1442 4868 egra
1459 4796 1490 4847 et
1509 4783 1621 4848 nichili
1637 4786 1764 4870 migrat,
1788 4785 1822 4849 id
1839 4796 1898 4866 est,
1922 4782 2110 4871 migrabitis

420 4913 441 4954 a
463 4889 548 4954 facie
573 4890 694 4955 domini
718 4891 922 4976 imperatoris
947 4913 1021 4955 cum
1044 4892 1191 4955 exercitu
1214 4892 1385 4954 venientis.
1432 4891 1553 4954 Putant
1582 4892 1668 4955 enim
1693 4890 1781 4976 quod
1803 4901 1881 4955 tunc
1905 4890 2073 4956 discedant

421 4994 462 5060 ab
487 5017 526 5060 eo
549 5019 652 5082 regna
674 5007 707 5061 et
730 4998 905 5082 principes,
930 4996 1036 5060 clerus
1060 5007 1092 5061 et
1107 4996 1256 5082 populus,
1281 4997 1337 5084 qui
1360 5019 1446 5060 nune
1471 5007 1682 5061 manutenent
1706 5020 1791 5079 eum,
1816 5007 1848 5061 et
1864 4997 1988 5078 federa,
2013 5019 2072 5084 que

420 5103 547 5188 pepigit
570 5125 643 5167 cum
668 5103 714 5166 eis
739 5112 853 5166 contra
875 5103 1114 5190 imperatorem,
1134 5103 1278 5168 funditus
1296 5114 1447 5168 corruant
1464 5114 1496 5167 et
1513 5103 1710 5168 mutilentur.
1746 5104 1842 5168 Unde
1867 5105 2029 5190 sequitur:

679 5207 844 5273 Cornua
865 5212 1035 5273 venturi
1057 5209 1312 5275 mutilabunt
1334 5211 1478 5274 federa
1502 5210 1653 5284 thauri.

421 5314 519 5396 Quod
551 5321 641 5379 ‘vero
673 5314 820 5379 additur:
856 5337 935 5380 una
966 5315 1056 5380 dies
1086 5317 1231 5380 mortis
1268 5316 1450 5402 deponet
1484 5327 1597 5382 serta
1631 5315 1820 5398 duorum,
1856 5340 1919 5403 que
1957 5317 2112 5404 deponiu

420 5420 564 5486 debente
594 5423 627 5486 in
658 5422 800 5502 monte‘,
833 5421 955 5504 dicunt,
988 5422 1074 5509 quod
1105 5424 1149 5486 ita
1181 5423 1393 5509 deponentur,
1425 5423 1512 5508 quod
1543 5447 1607 5488 nou
1639 5421 1854 5488 remanebunt
1886 5423 1961 5502 duc,
1992 5426 2072 5489 sicut

528 5619 553 5682 a)
576 5631 629 5687 quo
647 5641 668 5673 c.
750 5621 778 5685 b)
801 5624 909 5674 Interiit
927 5642 948 5673 c.
1030 5621 1055 5686 c)
1078 5625 1159 5690 periit
1177 5641 1199 5674 c.
1280 5621 1307 5684 d)
1328 5624 1440 5692 sequitur
1459 5641 1491 5674 ex
1510 5641 1617 5674 acarna.
1690 5627 1716 5692 e)
1738 5627 1820 5678 debet
1839 5644 1859 5677 c.
1942 5627 2072 5690 Oltam

420 5712 502 5777 iacptc
520 5711 618 5777 qu-idcm
636 5721 661 5760 et
672 5711 751 5776 salso,
771 5720 799 5760 ut
817 5712 925 5772 videtin,-
943 5719 1030 5764 morte
1049 5712 1151 5762 conicio.
