4396 6390
451 337 515 400 514
742 343 922 400 GERHOHI
944 343 1177 400 PRAEPOSITI
1200 341 1608 400 REICHERSBERGENSIS
1633 342 1799 398 LIBELLI.

450 531 484 596 in
501 540 678 617 conspectu
701 531 855 612 omnium,
879 531 935 616 qui
958 531 1089 596 suntin
1112 530 1274 612 navicula,
1298 533 1332 595 in
1352 541 1465 596 sancta
1480 529 1634 594 videlicet
1657 529 1808 612 ecclesia,
1834 549 1918 614 quos
1941 525 2018 590 inde
2039 550 2102 592 non

451 639 618 724 separavit
639 637 810 702 imminens
835 637 964 701 scisma.

557 743 630 808 Non
654 745 696 807 sit
718 741 777 807 tibi
801 743 841 807 de
865 743 926 808 hoc
950 742 1105 830 ambigua
1128 745 1325 826 coniectura,
1350 743 1408 810 sed
1431 742 1511 808 fides
1534 743 1628 808 finna
1651 753 1684 808 et
1707 765 1781 829 spes
1806 743 2004 822 certissima,
2022 741 2120 826 quod

450 852 534 916 sicut
557 851 633 914 solis
657 861 762 915 ortum
789 851 939 936 prevenit
962 873 1089 932 aurora,
1114 873 1179 937 qua
1201 873 1267 915 nox
1291 852 1431 936 fugatur,
1456 851 1553 914 etiam
1577 851 1765 937 priusquam
1789 848 1838 913 sol
1863 859 2122 934 superterram

449 957 609 1036 videatur,
634 958 681 1022 sic
705 957 912 1022 manifestum
929 955 1052 1022 Christi
1075 957 1251 1022 adventum
1274 956 1430 1044 precedet
1450 956 1591 1044 quedam
1608 955 1739 1021 claritas
1764 955 1947 1020 consimilis
1971 976 2123 1021 aurorae
2154 993 2173 1033 5

346 1063 526 1130 ·r.1os.solis
550 1075 654 1128 ortum
679 1065 913 1149 ‘prevenientis
937 1073 1049 1128 contra
1073 1063 1283 1128 densissimas
1310 1063 1463 1128 tenebras
1493 1086 1554 1150 per
1574 1063 1785 1128 novissimum
1808 1060 2054 1126 Antichristum
2077 1061 2122 1130 in

273 1196 430 1246 arsamus.
449 1181 516 1236 toto
540 1169 660 1236 mundo
684 1170 846 1252 dilatatas,
870 1192 966 1257 quem
990 1170 1139 1237 dominus
1162 1171 1254 1235 Iesus
1283 1170 1457 1236 interficiet
1486 1171 1601 1256 spiritu
1629 1171 1693 1234 oris
1721 1171 1772 1234 sui
1799 1180 1832 1233 et
1860 1168 2012 1233 destruet
2042 1166 2117 1233 illu-

450 1279 604 1342 stratione
628 1276 788 1341 adventus
812 1277 871 1341 sui.
918 1277 990 1342 Hee
1014 1277 1185 1342 illustratio
1208 1278 1315 1363 ipsum
1339 1275 1461 1342 Christi
1484 1277 1660 1342 adventum
1683 1275 1828 1341 creditur
1849 1287 2057 1362 preventum
2079 1293 2114 1344 et

449 1383 655 1450 destmctrua
677 1384 889 1448 novissimum
912 1383 1045 1470 vigiliae
1070 1384 1164 1449 huius
1187 1384 1320 1449 ultimae
1344 1383 1592 1465 Antichristum,
1616 1406 1679 1470 quo
1704 1382 1868 1448 destructo
1897 1384 1934 1446 in
1958 1382 2104 1469 proximo

450 1492 512 1556 erit
535 1491 604 1556 dies
628 1489 750 1555 iudicii.
2114 1495 2194 1557 „1

559 1601 609 1662 14.
644 1597 687 1661 D.
720 1597 806 1678 Quia
822 1597 862 1662 de
879 1597 1010 1662 ultimae
1026 1598 1158 1684 vigiliae
1175 1597 1376 1663 Antichristo
1399 1620 1464 1662 non
1487 1597 1594 1662 fecisti
1616 1597 1824 1676 mentionem,
1846 1618 1940 1682 rogo,
1957 1607 1993 1660 ut
2009 1597 2097 1662 etiam

449 1704 634 1791 vigiliarum
659 1715 840 1768 ceterarum
864 1703 1014 1790 designes
1030 1703 1257 1786 Antichristos‚
1278 1727 1358 1790 quos
1381 1727 1447 1768 non
1470 1727 1591 1791 paucos
1616 1725 1687 1768 esse
1710 1705 1815 1768 innuit
1838 1703 2007 1768 Iohannes
2031 1725 2097 1788 apo-

281 1836 430 1885 aronam.
450 1810 549 1876 stolus
574 1810 702 1875 dicens:
727 1811 772 1876 Et
793 1837 874 1876 nunc
890 1811 1084 1878 Antichristi
1103 1813 1197 1876 multi
1216 1827 1295 1878 sunt.
1344 1810 1379 1877 si
1403 1833 1481 1897 ergo
1505 1811 1608 1897 ipsius
1631 1821 1776 1896 tempore
1792 1809 1990 1874 Antichristi
2015 1809 2097 1874 multi

449 1918 580 1983 fuerunt
602 1919 636 1982 in
659 1919 764 2004 prima
786 1917 909 2003 vigilia,
939 1941 1004 1983 non
1029 1929 1078 1982 est
1101 1917 1236 1982 dubium
1258 1941 1344 1983 nunc
1369 1919 1402 1982 in
1426 1917 1540 1982 ultima
1562 1915 1676 2002 vigilia
1698 1916 1816 1982 multos
1841 1939 1914 1981 esse
1938 1915 2097 1981 Antichri-

450 2035 526 2106 stos‚
550 2025 627 2089 licet
648 2025 826 2110 ignoretur,
847 2025 919 2110 quis
940 2047 1050 2089 eorum
1075 2026 1116 2088 sit
1139 2026 1324 2111 precipuus,
1345 2023 1557 2111 quoadusque
1581 2023 1744 2088 reveletur
1766 2024 1801 2087 in
1816 2045 1875 2088 suo
1899 2035 2058 2110 tempore.
2114 2047 2135 2086 a

556 2131 599 2195 M.
635 2131 764 2196 Revera
786 2132 870 2196 sieut
892 2130 985 2213 dicis,
1009 2131 1100 2195 multi
1116 2130 1308 2196 Antichristi
1331 2143 1405 2196 sunt
1428 2143 1460 2196 et
1483 2143 1557 2195 ante
1581 2153 1640 2196 nos
1660 2130 1800 2213 fuerunt,
1817 2131 1905 2217 quia,
1923 2139 1960 2194 ut
1975 2141 2099 2216 patrum

449 2237 642 2304 diffinitione
674 2236 872 2302 declaratum
897 2249 955 2320 est,
980 2239 1083 2302 omnis
1108 2237 1312 2318 christianus,
1336 2240 1393 2324 qui
1416 2237 1595 2303 secundum
1619 2260 1697 2302 suae
1719 2237 1933 2324 professionis
1957 2259 2100 2301 normam

449 2367 515 2409 uon
537 2345 620 2408 vivit
643 2355 699 2409 aut
721 2345 814 2409 aliter
836 2345 942 2426 docet,
966 2344 1185 2409 Antichristus
1209 2355 1268 2409 est.
1315 2343 1382 2410 Sed
1408 2345 1570 2410 intereos
1594 2344 1821 2425 Antichristos‚
1847 2346 1904 2431 qui
1929 2343 2100 2408 ecclesiam

450 2453 613 2538 persecuti
636 2463 720 2532 sunt,
745 2451 973 2538 quadriformis
996 2452 1161 2515 invenitur
1176 2451 1340 2516 distinctio
1363 2453 1456 2516 iuxta
1477 2450 1609 2516 modum
1626 2461 1765 2536 quatuor
1780 2451 1874 2515 huius
1898 2451 2007 2515 noctis
2022 2451 2100 2536 vigi-

272 2547 431 2650 ’ἧῗξξζξῗζζζζ
449 2557 580 2640 liarum,
612 2559 644 2622 in
675 2580 740 2644 qua
769 2569 879 2622 monet
908 2558 1069 2623 Dominus
1098 2557 1301 2643 vigilandum
1331 2559 1460 2622 dicens:
1499 2559 1633 2647 Vipilnte
1663 2574 1691 2624 et
1720 2573 1815 2639 orate,
1846 2583 1884 2622 ne
1914 2560 2041 2622 intretis
2069 2561 2101 2622 in
2118 2579 2142 2618 a

320 2668 688 2752 u.1s,sr.temptotionem.
724 2664 822 2728 Item:
850 2665 942 2743 Quod
964 2669 1023 2730 uni
1044 2665 1115 2730 dico
1139 2667 1281 2730 omnibus
1305 2664 1395 2729 dico:
1418 2667 1555 2753 vipihrte.
1597 2664 1652 2730 Sic
1676 2664 1719 2728 ad
1741 2663 1944 2750 vigilandum
1961 2685 2101 2728 comino·

450 2771 509 2834 niti
532 2770 616 2835 bene
632 2771 851 2856 vigilavenmt
871 2772 974 2835 sancti
997 2783 1156 2858 martyres
1180 2772 1213 2834 in
1229 2773 1334 2857 prima
1349 2770 1463 2856 vigilia
1486 2781 1599 2836 contra
1622 2772 1672 2835 sui
1695 2771 1848 2858 temporis
1865 2771 2102 2836 Antichristum

451 2879 520 2942 sive
536 2877 753 2942 Antichristos
776 2877 903 2960 multos,
927 2877 1086 2942 idolomm
1102 2877 1240 2942 cultores
1265 2889 1297 2941 et
1320 2877 1569 2942 christianorum
1593 2889 1740 2960 tortores,
1765 2900 1901 2964 quorum
1926 2879 2053 2964 primus
2072 2889 2103 2942 et

451 2985 625 3071 precipuus
642 2994 712 3048 erat
727 2983 814 3048 Nero
830 2985 947 3070 impius
972 2995 1003 3048 et
1026 2985 1182 3070 impurus,
1207 2986 1260 3048 cui
1284 2983 1347 3048 duo
1364 2985 1511 3071 precipui
1528 2984 1654 3070 vigiles,
1679 2984 1743 3048 duo
1766 2985 1980 3070 insignissimi
2004 2995 2102 3048 testes

272 3119 431 3167 usmarus.
451 3092 535 3156 duae
558 3091 710 3156 lucernae
734 3091 895 3173 ardentes,
921 3091 1005 3156 duae
1029 3091 1144 3172 olivae,
1169 3090 1233 3157 duo
1257 3090 1457 3156 candelabra
1479 3091 1552 3156 luce
1569 3092 1716 3155 veritatis
1740 3089 1911 3172 radiantia,
1936 3090 2055 3155 Petrus
2072 3102 2102 3154 et
2120 3113 2143 3152 n

281 3223 432 3272 maruan.
450 3198 582 3279 Paulus,
611 3196 786 3262 infaciem
810 3199 997 3262 restiterunt
1020 3200 1108 3262 etin
1132 3221 1189 3263 suo
1213 3199 1389 3262 certamine
1414 3198 1555 3284 palmam
1581 3198 1717 3262 martirii
1739 3198 1841 3262 Rome
1871 3209 2101 3284 perceperunt,

451 3327 574 3391 suoque
598 3305 755 3390 sanguine
779 3303 892 3369 urbem
916 3303 1045 3369 urbium
1067 3317 1338 3391 pmpuraverunt.
1385 3305 1464 3369 Post
1486 3327 1567 3391 quos
1591 3307 1689 3369 etiam
1710 3305 1872 3370 innumeri
1896 3306 2047 3368 martires
2070 3306 2103 3368 in

452 3412 566 3476 eodem
591 3412 766 3475 certamine
796 3434 856 3498 per
879 3410 990 3476 orbern
1020 3423 1178 3476 terrarum
1209 3412 1497 3499 triumphaverunt.
1545 3413 1583 3476 In
1607 3411 1752 3476 secunda
1775 3411 1888 3498 vigilia
1910 3410 1997 3475 bene
2021 3413 2102 3498 vigi·

451 3519 601 3583 laverunt
624 3519 728 3582 sancti
752 3517 953 3582 confessores
978 3529 1090 3582 contra
1112 3517 1272 3582 hereticos
1297 3529 1330 3582 et
1353 3520 1553 3584 scismaticos
1577 3541 1752 3606 eorumque
1778 3517 1966 3583 defensores
1990 3519 2103 3582 mundi

341 3651 432 3690 anau
452 3624 546 3688 huius
570 3625 745 3711 principes,
770 3647 906 3710 quorum
922 3623 1067 3689 Iulianus
1082 3624 1243 3711 Apostata
1266 3627 1440 3712 precipuus
1458 3625 1542 3707 *furit
1567 3627 1620 3690 cui
1643 3627 1830 3690 restiterunt
1853 3625 2021 3688 infaciem
2039 3624 2102 3690 duo
2120 3646 2144 3684 n

451 3741 551 3795 testes
575 3733 719 3816 insignes
742 3731 905 3796 Iohannes
929 3744 961 3796 et
983 3733 1114 3797 Paulus.
1161 3731 1257 3797 Unde
1287 3734 1322 3796 in
1345 3755 1456 3797 eorum
1486 3731 1587 3797 natali
1616 3733 1699 3797 festo
1722 3755 1788 3796 non
1811 3733 1990 3818 incongrue
2015 3733 2104 3796 canit

292 3865 432 3915 spossus.
453 3838 607 3902 ecclesia:
637 3838 700 3904 Isti
719 3853 791 3903 sum
813 3839 894 3904 duae
917 3841 1019 3904 oh‘eoe
1042 3854 1071 3904 et
1093 3840 1154 3904 dno
1178 3839 1369 3904 candelabra
1394 3840 1537 3904 lucentia.
1584 3839 1709 3903 Horum
1734 3839 1947 3903 constantiam
1971 3837 2103 3924 plurimi

452 3944 568 4030 vigiles
592 3944 748 4009 imitando
772 3945 997 4032 hereticosque
1021 3968 1059 4010 ao
1084 3947 1284 4010 scismaticos
1309 3945 1528 4031 expugnando
1559 3956 1747 4010 moruerunt
1773 3946 1932 4027 coronari,
1963 3945 2021 4008 alii
2045 3967 2103 4031 per

452 4052 642 4132 martirium,
668 4051 723 4114 alii
746 4073 805 4137 per
829 4051 972 4134 exilium,
998 4051 1053 4116 alii
1076 4051 1353 4138 depauperatione
1377 4075 1416 4116 ac
1441 4052 1632 4138 spoliatione
1655 4075 1763 4116 rerum
1787 4074 1928 4133 suarum,
1953 4051 2009 4115 alii
2033 4074 2102 4116 car-

453 4156 582 4223 ceribus
605 4180 707 4244 usque
732 4158 774 4222 ad
797 4168 932 4221 mortem
948 4158 1001 4221 vel
1024 4159 1135 4222 mortis
1154 4158 1334 4245 periculum
1351 4158 1407 4223 diu
1430 4157 1556 4240 inclusi,
1582 4158 1637 4223 alii
1660 4181 1680 4222 a
1702 4159 1768 4222 suis
1792 4157 1941 4222 ecelesiis
1965 4158 2101 4241 exclusi,
2120 4179 2144 4220 n

454 4264 578 4328 exclusi
601 4275 633 4328 et
656 4264 807 4329 hereticis
831 4264 987 4328 ecclesias
1011 4287 1122 4330 eorum
1138 4264 1323 4330 tenentibus
1347 4267 1487 4351 expositi
1511 4265 1553 4329 ad
1575 4264 1776 4330 illudendum
1800 4275 1833 4328 et
1856 4265 2102 4350 conspuendum

452 4370 505 4434 vel
537 4382 624 4436 certe
655 4371 698 4436 ad
727 4370 996 4436 interficiendum.
1041 4372 1081 4435 ln
1105 4373 1207 4436 tercia
1229 4372 1342 4458 vigilia
1366 4371 1449 4436 bene
1472 4371 1621 4458 vigilavit
1651 4383 1781 4436 sanctus
1811 4393 1898 4458 papa
1921 4369 2102 4457 Gregorius

454 4500 528 4542 cum
551 4477 697 4564 pluribus
713 4477 902 4563 vigilantiae
919 4501 996 4543 suae
1013 4478 1216 4543 consortibus
1233 4489 1346 4544 contra
1361 4479 1594 4543 inmundiciam
1611 4479 1815 4544 sacerdotum
1839 4478 2102 4564 symoniacorum

454 4594 551 4670 atque
567 4584 803 4670 neophitorum,
828 4586 873 4649 ita
888 4595 924 4649 ut
939 4584 1116 4650 universali
1132 4587 1351 4650 enuntiatione
1368 4585 1491 4650 diceret
1502 4589 1528 4650 l:
1556 4587 1708 4672 Quisquis
1724 4601 1831 4650 contra
1848 4588 2103 4674 symoniacorum

453 4692 586 4756 heresim
610 4706 638 4756 et
658 4693 874 4778 neophitorum
890 4716 955 4778 pro
980 4693 1090 4780 officii
1108 4695 1163 4758 eui
1184 4695 1249 4757 ioco
1272 4693 1461 4757 vehomenter
1475 4717 1536 4757 non
1553 4697 1675 4772 asserit,
1700 4719 1769 4758 cum
1792 4717 1826 4757 eo
1848 4717 1880 4757 ae
1903 4717 1966 4757 non
1986 4693 2104 4757 dubitet
2120 4713 2146 4751 ω

453 4799 566 4862 habere
581 4801 771 4884 portionem,
795 4823 815 4862 a
838 4823 898 4884 quo
914 4801 1013 4885 prius
1035 4800 1091 4863 hoc
1107 4801 1279 4885 piaculare
1294 4801 1458 4887 flopitium
1487 4802 1622 4886 sumpsit
1649 4801 1822 4864 exordium.
1871 4797 1907 4863 Si
1936 4798 1998 4862 iste
2023 4798 2103 4884 vigil

453 4904 488 4966 in
510 4914 619 4968 nostro
642 4914 787 4990 ternpore
804 4905 940 4986 viveret,
961 4905 1017 4990 qui
1039 4904 1219 4991 neophitos,
1244 4904 1343 4969 idest
1365 4906 1493 4969 noviter
1508 4927 1693 4986 conversos,
1717 4927 1739 4969 a
1761 4903 1973 4990 dignitatibus
1998 4905 2102 4969 eccle-

454 5011 592 5074 siasticis
623 5009 781 5074 arcendos
810 5012 945 5092 censuit,
969 5010 1048 5097 quid
1070 5034 1157 5075 nnnc
1181 5011 1304 5076 diceret
1327 5010 1379 5075 vel
1402 5022 1515 5098 ageret
1539 5022 1650 5076 contra
1673 5033 1845 5098 perversos
1869 5021 1903 5075 et
1924 5033 2101 5097 numquam

455 5139 640 5198 conversos,
670 5118 917 5199 incontinentes,
948 5115 1196 5182 concubinarios
1225 5118 1439 5183 manifestos?
1489 5118 1565 5205 Ipso
1596 5119 1717 5205 quippe
1747 5127 1923 5200 asserente,
1955 5119 2040 5182 sicut
2068 5119 2103 5181 in

563 5371 592 5443 1)
619 5372 754 5450 Greporii
775 5373 799 5429 Ι,
825 5373 919 5449 Epist.
943 5374 1013 5444 XII,
1038 5375 1067 5431 9.
1092 5376 1134 5431 ad
1152 5375 1298 5446 Victorem,
1323 5375 1391 5432 ΕΕ.
1416 5375 1456 5447 ΙΙ,
1475 5397 1509 5452 p.
1528 5376 1606 5445 357;
1636 5375 1723 5448 Jnffe‘
1742 5395 1788 5432 nr.
1807 5374 1890 5432 1859
1900 5397 1910 5444 ,·
1941 5376 1982 5447 cs.
2008 5375 2100 5451 Epist.
2118 5389 2145 5428 ss

462 5480 588 5536 ll'idonis
617 5481 659 5536 ad
678 5480 805 5556 archiep.
831 5481 958 5552 Medici,
990 5480 1090 5537 Libelli
1117 5482 1219 5538 delita
1245 5481 1270 5552 I,
1295 5503 1329 5558 p.
1355 5482 1391 5550 5,·
1423 5482 1502 5538 Petri
1523 5482 1664 5540 Damiani
1686 5482 1773 5538 Liber
1793 5481 1970 5558 preterimus
2000 5503 2023 5539 c.
2049 5481 2100 5552 28,

455 5586 555 5643 Lihelii
576 5587 600 5656 Ι,
620 5607 652 5662 p.
672 5587 728 5657 57,·
752 5587 901 5644 Humherti
923 5587 1032 5644 cardin.
1057 5588 1122 5644 ado.
1146 5587 1313 5645 sititoniacos
1335 5588 1360 5659 I,
1385 5589 1474 5659 c.13,
1498 5588 1562 5646 ibid.
1582 5609 1615 5664 p.
1631 5589 1688 5644 121
1699 5611 1709 5658 ;
1733 5589 1774 5661 es.
1793 5588 1879 5645 Liber
1894 5589 1929 5646 de
1942 5588 2101 5646 simoniacis

453 5713 543 5768 supra
562 5714 593 5769 p.
613 5693 685 5750 244.

1821 5895 1862 5968 ,s
