4426 6398
461 381 644 440 mousom
666 384 810 441 nxums
834 384 863 440 s.
888 375 1105 444 crunnum
1130 351 1379 447 onusounuu.
1683 386 1752 450 sss

522 569 642 635 Noster
663 569 767 635 lectus
791 571 898 636 adhuc
922 582 1031 637 tamen

524 675 619 742 Senis
642 676 761 764 fraglat
785 677 939 743 odoribus
951 683 971 762 ¹,

521 783 561 847 In
584 806 648 870 quo
671 784 813 849 candida
835 785 937 873 lilya²

460 903 493 954 30
522 887 614 972 Sunt,
639 900 672 954 et
696 913 770 955 oum
792 891 887 958 violis
910 914 994 982 rose.

521 993 762 1083 Cedrinamque
786 1008 871 1063 retro
895 998 1050 1068 domum,a

520 1102 644 1167 Hortus
668 1103 835 1170 delitiosus
859 1115 917 1188 est,

518 1209 670 1274 Vernaus
693 1210 837 1294 floribus
862 1215 970 1277 areis·

517 1315 706 1381 Exornatus
729 1323 947 1404 aromatum⁴3

456 1440 490 1488 35
520 1423 581 1488 ‘Et
604 1425 708 1510 pomis
730 1424 953 1491 redolentibus
1022 1439 1024 1444 '

516 1530 627 1595 Arbor
648 1531 716 1596 feta
738 1532 936 1618 refringitur.

518 1637 613 1720 Nam,
637 1639 786 1724 quamvis
810 1639 932 1725 glacies
960 1639 1047 1722 furit,

518 1744 614 1809 Nonb
637 1746 753 1809 messis
776 1768 850 1810 mea
872 1746 993 1832 friguit.

518 1851 608 1916 Thus
632 1862 664 1916 et
686 1874 806 1938 myrra,
831 1875 958 1936 crocus,
982 1875 1112 1940 cyprus,

456 1975 490 2023 40
518 1957 658 2041 Nardus,
681 1959 800 2041 fistula,
824 1957 1006 2024 balsamum
1016 1965 1038 2042 ⁵,

517 2065 667 2130 Necdum
689 2067 788 2130 vinea
810 2065 925 2131 fertilis

517 2171 637 2236 Amisit
659 2172 789 2237 laticem
814 2195 917 2238 suum.

516 2278 662 2344 Menbris
685 2289 836 2365 preterea
857 2279 935 2344 lieet

516 2385 665 2451 Defectis
688 2386 793 2450 rediet
816 2387 914 2470 viror,

455 2504 489 2556 45
517 2491 600 2556 Cum
624 2502 660 2556 tu
682 2503 759 2580 s'epe
783 2495 946 2577 reviseris,

514 2599 646 2684 Integre
669 2599 747 2664 fidei
770 2600 908 2684 thorum,

514 2706 559 2770 Et
581 2705 723 2772 fecunda
745 2729 864 2793 parens
887 2721 1005 2772 novam

514 2812 644 2876 Prolem
667 2815 845 2900 parturiam
859 2812 938 2878 tibi.

515 2918 574 2984 Sin
596 2941 675 2984 vero
698 2942 760 2984 nec
784 2920 891 2985 adhuc
915 2922 1018 3004 venis,

452 3037 487 3090 50
514 3025 584 3090 Nec
608 3049 761 3112 sponsam
784 3028 905 3113 repetis
928 3038 1026 3110 mam,

513 3131 717 3220 Letabuutur
740 3133 889 3216 adulteri,

515 3238 579 3318 Qui
602 3249 738 3304 matrem
761 3241 914 3304 miserem
937 3251 1097 3325 premunt,

512 3345 723 3432 Infantesque
747 3355 819 3410 tuos
842 3347 948 3432 magis

513 3451 756 3538 Confusamque
780 3452 912 3516 domum
935 3454 1130 3539 prement0’.
1224 3493 1225 3496 =

633 3647 694 3712 IX.
733 3648 920 3735 Sponsus
948 3648 1180 3736 respondit.
1285 3687 1287 3692 ·

513 3771 631 3851 ‘Quam
655 3773 827 3837 criminose
852 3795 914 3856 me,
939 3795 1039 3855 soror,
1064 3774 1184 3859 arguis,

513 3877 586 3959 Quo
609 3879 713 3946 tendit
735 3881 799 3944 ista
821 3879 1052 3966 increpitatio‘?
1124 3919 1128 3923 ·
1184 3920 1189 3926 -
1223 3919 1225 3922 -

566 3983 634 4049 Cur
657 3997 728 4050 esse
752 3996 784 4051 te
807 3985 890 4052 diois
913 3985 1092 4051 relictam?

619 4089 813 4178 Coniugiine
837 4092 935 4157 fidem
958 4092 1100 4179 reliqui?

469 4215 484 4262 5
513 4197 586 4262 Non
611 4197 836 4284 permovebor,
861 4209 911 4263 set
933 4200 1039 4286 patiar
1062 4198 1167 4264 libens

512 4304 560 4368 Te
585 4304 815 4391 disputantem.
863 4305 993 4371 Stemus
1017 4307 1104 4370 enim
1128 4307 1239 4370 simul!

565 4411 611 4476 Ut
634 4411 825 4494 iudicemur,
849 4422 980 4496 stemus,
1005 4414 1148 4500 inquam.

617 4519 687 4582 Iam
711 4518 771 4582 tibi
794 4519 916 4584 iudicio
939 4542 1106 4606 reponam.

511 4624 607 4690 Nunc
631 4648 708 4710 crgo
731 4648 839 4708 narra,
864 4627 891 4692 si
915 4625 994 4712 quid
1017 4625 1130 4709 habes,
1155 4627 1221 4708 ubi,

419 4789 421 4792 .
451 4747 483 4795 10
512 4731 665 4815 Quando,
689 4732 742 4797 vel
765 4732 799 4796 in
823 4755 888 4818 qua
911 4755 946 4796 re
969 4731 1029 4797 tibi
1054 4733 1152 4804 defui.

511 4837 596 4902 Nam
620 4849 735 4924 questa
758 4849 871 4904 contra
893 4861 945 4903 me
969 4838 1091 4904 videris
1100 4841 1124 4922 d,

565 4944 661 5024 Quod
685 4943 801 5008 sedeas
825 4947 919 5031 quasi
942 4945 1154 5013 derelicta0’.

190 5143 217 5208 t)
239 5147 326 5196 aereis
346 5163 375 5206 a,
394 5163 458 5197 oon.
472 5145 566 5204 Haur,
586 5143 717 5206 Br't'dteler,
736 5144 770 5210 os.
786 5145 858 5196 Cant.
873 5147 956 5206 5,13:
977 5146 1070 5197 Genus
1087 5147 1161 5198 illius
1175 5148 1248 5198 siout
1260 5147 1370 5200 areolae
1384 5154 1545 5199 aromatum.
1602 5145 1630 5210 b)
1653 5165 1702 5200 uos
1715 5166 1736 5199 c.

84 5231 110 5296 o)
132 5241 257 5301 premunt
275 5253 296 5285 c.
369 5231 397 5296 d)
417 5234 506 5286 vidais
524 5253 588 5285 corr.
605 5235 707 5285 videris
726 5252 746 5284 o.
820 5229 847 5296 e)
869 5250 897 5284 re
916 5235 1028 5300 rescript.
1047 5253 1068 5286 c.

193 5405 221 5494 1)
246 5414 355 5474 Contio.
377 5415 477 5485 1‚1s:
500 5416 624 5472 lectulus
647 5423 744 5472 noster
766 5416 891 5472 floridus.
966 5404 996 5493 2)
1022 5416 1090 5472 Met.
1107 5415 1162 5486 IV,
1181 5416 1260 5473 355:
1286 5419 1408 5473 candide
1430 5419 1498 5473 lilia.
1570 5409 1600 5496 3)
1626 5415 1735 5476 Gentio.

36 5537 64 5576 ss
86 5521 114 5591 l,
130 5521 186 5577 16:
211 5523 305 5596 'ligne
320 5525 462 5578 domorum
481 5530 638 5578 nostrarum
654 5524 779 5578 cedrina.
849 5514 880 5600 4)
904 5520 1348 5594 DehorwcflGontic.4,16:
1373 5525 1490 5593 Auster,
1515 5525 1607 5596 perfla
1624 5526 1735 5580 hortum

82 5646 174 5684 meum
199 5637 229 5684 et
252 5629 342 5684 fluunt
364 5636 490 5685 ammata
511 5629 597 5684 iliius.
712 5621 742 5706 5)
769 5627 877 5687 Cautio.
903 5628 1078 5698 4,13.14:
1109 5627 1195 5702 Cypri
1225 5648 1287 5685 curn
1315 5633 1413 5700 nardo,
1443 5633 1548 5687 nardus
1573 5639 1603 5686 ct
1627 5649 1733 5698 crocus,

83 5734 179 5791 fistule
197 5742 227 5792 et
246 5737 449 5792 cinnamomum
472 5753 534 5791 cum
558 5737 695 5792 universis
718 5736 801 5808 lignis
816 5737 929 5804 Libani,
954 5735 1067 5808 myrrha
1090 5742 1120 5791 et
1144 5737 1205 5791 aloe
1229 5754 1293 5792 eum
1307 5738 1436 5792 omnibus
1459 5738 1554 5808 primis
1569 5739 1733 5809 unguentis.

153 5855 254 5907 Libelli
274 5855 308 5907 de
329 5855 384 5907 lite.
417 5857 470 5908 111.
1486 5858 1520 5907 80
