4478 6442
710 419 890 477 CARMINA
911 421 954 476 IN
977 420 1173 478 SIMONIAM
1194 421 1245 477 ET
1269 419 1523 478 ROMANORUM
1545 419 1779 477 AVARITIAM.
1813 421 1852 475 II.
1876 420 1929 476 111.

754 623 786 672 15
815 607 1003 695 spiritualia
1027 609 1090 672 iam
1114 609 1208 694 quasi
1230 606 1310 672 vilia
1332 605 1420 672 done
1440 606 1621 690 trahuntur,

813 713 845 779 A
869 713 1033 779 secleratis
1057 725 1235 800 sanctaque
1259 715 1359 800 gratis
1382 737 1447 780 non
1470 712 1688 779 tribuuntur⁸.

813 818 1067 902 Inmedicabilis‚
1091 819 1290 886 insaciabilis
1313 822 1376 886 ista
1397 843 1520 906 vorago

815 925 923 1008 Quam
945 928 1101 1014 sequitur,
1124 950 1183 1014 pro
1208 949 1273 1014 qua
1294 929 1430 992 moritur
1453 927 1629 1014 dampnata
1650 949 1808 1014 propago.

813 1033 918 1116 India,
944 1031 1075 1116 Gracia,
1098 1034 1223 1098 Pontus
1247 1045 1280 1098 et
1302 1034 1384 1098 Asia
1405 1057 1470 1100 non
1494 1035 1656 1099 saciarent

752 1156 786 1206 20
814 1140 997 1226 Ingluviem
1020 1141 1187 1228 Romaque
1211 1139 1297 1205 luem
1319 1140 1397 1206 licet
1420 1141 1672 1206 accumularent.

814 1246 887 1328 Qua
911 1246 1067 1335 specialia
1089 1257 1164 1312 sunt
1187 1246 1261 1330 sibi,
1284 1247 1383 1334 pallia
1406 1249 1475 1313 aive
1498 1258 1671 1331 monetam,

813 1353 1002 1419 Deficerent
1024 1377 1131 1441 neque
1155 1353 1343 1419 sufficerent
1365 1354 1417 1419 hic
1440 1376 1561 1440 ponere
1584 1365 1715 1420 metam.

813 1461 943 1548 anglia,
968 1461 1079 1527 Scotia
1101 1461 1256 1548 largaque
1279 1461 1421 1526 Francia
1443 1461 1544 1526 multa
1567 1460 1734 1545 dederunt,

813 1566 988 1656 Rubraque
1013 1569 1148 1634 coccina
1170 1567 1312 1633 candida
1334 1567 1477 1633 vellera¹
1501 1577 1750 1654 conposuerunt.

752 1691 785 1740 aa
816 1672 1065 1762 Conposucrunt
1088 1673 1177 1763 quod
1198 1674 1370 1740 voluerunt
1393 1685 1426 1740 et
1447 1685 1643 1756 meruerunt,

813 1781 906 1846 Idola
929 1781 1082 1869 plumbea
1105 1803 1167 1868 quc
1192 1782 1285 1868 quasi
1308 1782 1441 1846 numina
1465 1781 1711 1846 constituerunt.

813 1888 886 1954 Non
910 1899 1091 1953 metuentes
1114 1910 1175 1953 nec
1198 1898 1398 1975 reputantes,
1422 1886 1510 1975 quod
1533 1886 1625 1952 Deus
1648 1886 1726 1952 illab

814 1993 1001 2061 Evacuabit
1023 2004 1056 2060 et
1078 1993 1291 2060 annichilabit
1313 1994 1396 2058 salsa
1419 1993 1556 2081 sigillar.

601 2195 628 2260 a)
649 2198 803 2250 tribuerunt
822 2196 868 2248 El.
941 2195 970 2258 b)
991 2195 1046 2248 illis
1064 2213 1100 2260 c.;
1124 2213 1142 2248 a
1160 2195 1205 2248 Fi.
1277 2195 1303 2259 c)
1324 2195 1422 2262 sigillis
1441 2214 1461 2246 c.

1186 2409 1451 2417 ——-—-——-

605 2773 735 2840 Codices
759 2775 840 2840 uude
863 2776 920 2840 hoc
942 2799 1067 2840 carmen
1091 2775 1203 2840 damus
1225 2790 1314 2840 aaut:
1339 2773 1372 2860 1)
1397 2773 1648 2861 δαίὡόανρεηεὼ
1671 2797 1718 2837 ar.
1741 2773 1845 2854 1232,
1869 2798 1950 2838 auec.
1968 2772 2049 2837 XII.
2074 2799 2138 2838 coa-

487 2882 606 2970 fcctus,
637 2882 681 2970 cf.
707 2880 855 2947 ‘Archia’
879 2881 941 2961 IX,
965 2906 1002 2969 p.
1021 2883 1103 2962 481,·
1136 2881 1180 2962 Χ,
1202 2906 1240 2968 p.
1258 2882 1341 2962 614,-
1375 2879 1410 2968 2)
1435 2880 1532 2945 Vatic.
1556 2879 1734 2945 Christiana
1756 2905 1819 2968 req.
1841 2879 1938 2961 1283,
1967 2882 2026 2945 ubi
2051 2905 2141 2944 manu

493 3011 573 3052 saec.
590 2987 670 3052 XII.
696 3013 742 3054 ec.
771 3002 844 3076 poet
872 3002 977 3053 cartae
1005 2988 1158 3074 quaedam
1182 2987 1348 3053 Remeaaaa
1378 3002 1406 3052 et
1433 2989 1647 3052 narrationem
1675 2987 1713 3052 de
1736 2987 1881 3076 Arnuifo
1904 2988 2140 3073 archiepiscopo

494 3092 720 3180 (989-991)
745 3097 946 3181 compositam
969 3097 1120 3159 incertum
1141 3109 1194 3174 eat,
1217 3096 1262 3183 cf.
1279 3094 1399 3159 ‘Areia'
1415 3093 1497 3174 XII,
1515 3119 1550 3182 p.
1569 3095 1633 3158 315
1641 3119 1651 3174 3
1674 3092 1709 3180 3)
1733 3094 1878 3159 Bruxell.
1896 3095 2140 3174 8883-8895,
2156 3119 2179 3158 ao

494 3201 652 3286 quondam
681 3226 706 3265 a.
731 3201 903 3266 Laurentii
925 3201 1122 3282 Leodiensia,
1152 3226 1231 3266 aare.
1249 3201 1330 3265 XII.
1360 3203 1507 3288 sanatas,
1537 3201 1582 3288 cs.
1607 3200 1754 3266 ‘Archiv’
1783 3201 1879 3281 VIII,
1906 3225 1943 3288 p.
1969 3203 2045 3265 518.
2091 3201 2142 3264 Ea

497 3308 511 3369 1
530 3331 638 3372 ueram
655 3307 863 3389 Gicsebreclrt,
880 3308 933 3372 ‘D.
951 3307 1034 3372 KZ.’
1051 3307 1114 3372 III
1118 3311 1140 3389 ⁵,
1157 3309 1305 3395 p.1278.
1330 3308 1433 3372 edidit
1442 3313 1463 3388 ²,
1486 3308 1543 3372 aad
1561 3331 1622 3373 aaa
1644 3310 1724 3372 satra
1745 3322 1897 3373 accurate.
1936 3309 1955 3371 2
1979 3308 2141 3373 Duclcrac

494 3415 529 3478 in
545 3413 698 3479 ‘Histoire
723 3413 761 3478 de
778 3428 844 3478 was
860 3415 904 3479 les
920 3415 1275 3503 cardiuauafraacois’
1293 3414 1404 3496 (Paria
1422 3415 1520 3499 1660)
1545 3413 1593 3494 ΙΙ,
1611 3439 1647 3502 p.
1666 3415 1758 3478 576ss
1780 3415 1963 3480 adhibuisse
1988 3415 2139 3494 cidem-⁴,

486 3533 599 3606 postca
629 3545 698 3585 eum
727 3523 809 3586 sicut
831 3523 851 3585 3
876 3521 1053 3586 Buttmann
1083 3525 1117 3586 ia
1142 3546 1230 3586 usum
1260 3536 1398 3586 nostrum
1429 3521 1604 3608 dcacrr‘rrar't.
1629 3559 1673 3568 -—
1701 3520 1831 3586 Codr'cea
1860 3521 2034 3586 admodum
2064 3524 2140 3586 inter

492 3650 526 3690 ce
549 3626 708 3712 da'fferum.
756 3626 797 3691 Ia
823 3629 837 3691 1
858 3631 1057 3714 prooemium
1080 3630 1100 3693 8
1124 3653 1267 3693 uersuum
1298 3629 1460 3708 antecedit,
1491 3630 1583 3716 r‘afra
1613 3631 1669 3694 aab
1693 3627 1723 3692 A
1755 3629 1940 3715 eoalyatam,
1971 3628 2061 3714 quod
2088 3629 2143 3692 etri
2156 3650 2179 3690 ao

494 3733 617 3798 easdem
647 3736 813 3800 amteatias
843 3734 964 3799 mutiet
996 3735 1161 3820 eodemque
1194 3749 1290 3799 metro
1320 3738 1523 3822 compositum
1553 3751 1610 3816 eat,
1647 3750 1747 3800 tamen
1778 3737 1974 3822 epiyramma
2005 3735 2139 3800 eimdem

493 3842 632 3905 auctoru
660 3841 819 3927 quondam
841 3865 980 3906 semaam
1002 3844 1153 3928 scriptum
1176 3866 1240 3907 esee
1256 3855 1347 3928 puto,
1370 3867 1390 3906 a
1414 3843 1550 3907 librario
1573 3842 1696 3907 demum
1714 3865 1884 3928 perperam
1907 3865 1977 3904 cum
2002 3841 2141 3906 uersibus

492 3949 688 4032 sequentibus
711 3950 916 4012 coniunctum.
952 3946 992 4011 Ia
1016 3949 1047 4028 3,
1070 3951 1127 4012 uti
1148 3950 1167 4012 3
1184 3949 1287 4036 salire
1308 3951 1505 4034 sequentibus
1527 3951 1642 4014 accisis
1665 3950 1685 4011 5
1709 3972 1817 4012 versus
1839 3962 1957 4012 tantum
1980 3948 2140 4027 habeatur,

496 4053 513 4115 7
537 4077 645 4117 versia
664 4056 840 4139 praemissi
858 4068 939 4135 auat,
964 4055 1078 4139 quibua
1094 4069 1200 4140 poeta,
1223 4069 1257 4120 ut
1278 4055 1458 4120 Eadmerur
1481 4055 1531 4119 cel
1555 4053 1727 4119 Ordericus
1751 4054 1874 4134 Vitatis,
1897 4078 2001 4118 nrorcs
2025 4056 2139 4141 effemi-

492 4173 582 4224 natae
604 4162 746 4224 uirorum
769 4163 804 4225 in
821 4160 963 4225 Francia
987 4175 1015 4224 et
1037 4163 1071 4224 in
1086 4160 1207 4249 Auctio
1229 4186 1308 4226 racc.
1327 4161 1406 4224 XII.
1426 4163 1468 4225 in.
1493 4161 1714 4226 invalescentes
1732 4163 1892 4248 castiyat5.
1929 4159 1970 4224 Ia
1986 4161 2095 4225 codice
2110 4161 2137 4223 2.
2156 4185 2179 4225 ao

493 4265 637 4351 denique,
660 4268 720 4352 qai
731 4267 817 4331 calm
832 4291 924 4331 cerea
939 4265 1020 4330 Tres
1037 4277 1150 4332 contra
1164 4267 1340 4332 Dominum
1364 4269 1488 4354 incipit,
1504 4265 1695 4352 Wigbertus
1719 4270 1754 4332 ia
1770 4264 1936 4331 Gilbertus
1960 4281 2140 4354 corruptum

602 4484 631 4552 1)
656 4486 702 4544 Dc
719 4486 819 4562 palliis
836 4495 925 4562 poeta
946 4487 1056 4545 videaur
1079 4487 1222 4564 recitasse,
1246 4509 1318 4564 quae
1340 4490 1482 4564 quondam
1505 4488 1598 4546 rubrus
1621 4489 1747 4546 oucibus
1768 4487 1903 4565 ineiyaita
1926 4497 2029 4556 cruat;
2052 4486 2139 4556 Boclc,

493 4588 608 4648 ‘Gaea
633 4593 685 4650 der
700 4592 794 4670 liturq.
813 4591 991 4652 Gewa'rrder’
1008 4593 1049 4665 ΙΙ,
1068 4613 1101 4669 p.
1118 4593 1178 4649 192
1187 4615 1197 4664 ,·
1220 4595 1382 4665 Heraclius,
1401 4595 1633 4652 ‘Kirctearecirt'
1650 4594 1674 4664 Ι,
1693 4615 1726 4671 p.
1746 4593 1818 4652 210.
1888 4593 1920 4664 2)
1947 4593 1998 4666 Cs-
2017 4594 2140 4651 Wattea-

491 4695 571 4767 back,
589 4695 759 4769 ί0113116,
778 4720 812 4775 p.
830 4699 903 4770 412,
929 4721 956 4756 a.
976 4700 1004 4755 3.
1076 4701 1106 4770 3)
1129 4701 1209 4759 Unde
1231 4701 1375 4777 repetitura
1399 4710 1440 4758 est
1460 4721 1479 4759 a
1495 4701 1615 4770 Palatio,
1633 4699 1763 4758 ‘Forrcin
1786 4721 1839 4758 zur
1858 4701 2009 4758 deuteriam
2027 4699 2139 4759 Gescar'

493 4803 579 4874 XIII,
598 4824 632 4880 p.
651 4805 724 4876 579,
748 4826 776 4862 a.
796 4806 824 4862 3.
898 4804 929 4876 4)
956 4805 1066 4877 Codice,
1090 4827 1144 4883 quo
1166 4827 1232 4864 uaris
1255 4816 1303 4877 art,
1328 4815 1392 4865 erat
1413 4807 1494 4866 Alea.
1512 4807 1630 4878 Petaoir',
1655 4807 1711 4884 qai,
1736 4827 1796 4864 cam
1820 4816 1846 4865 et
1867 4808 1927 4882 r'poe
1949 4809 2140 4881 fragmentum
2158 4825 2181 4865 ar

491 4909 625 4967 historiae
649 4914 686 4968 de
708 4914 888 4969 restitutione
905 4914 1015 4970 Amulfi
1040 4921 1069 4971 et
1094 4915 1233 4971 electione
1251 4914 1385 4971 Gerberti
1407 4916 1437 4970 in
1452 4934 1586 4970 summum
1609 4914 1771 4988 pontificem
1795 4914 1944 4984 exhiberet,
1970 4933 2033 4972 curn
2050 4915 2142 4972 codice

495 5013 656 5075 Christianae
677 5038 736 5096 req.
761 5019 832 5077 idem
850 5019 947 5090 fuisse
968 5020 1086 5078 videaur.

811 5123 843 5201 5)
868 5127 959 5184 Omne
981 5146 1034 5200 per
1056 5127 1109 5184 hoc
1132 5135 1243 5200 tempus
1267 5128 1405 5184 deformat
1429 5131 1502 5184 edax
1523 5129 1664 5184 hominum
1685 5148 1755 5202 pus3

865 5235 936 5289 Nam
959 5235 1079 5290 laxando
1102 5253 1193 5290 comas
1216 5252 1358 5307 proceru
1381 5235 1504 5292 femineo
1526 5254 1585 5292 mas

864 5341 915 5397 Vir
937 5359 993 5396 non
1015 5341 1076 5396 vult
1100 5361 1174 5410 esse,
1197 5342 1345 5398 muliebria
1366 5343 1461 5397 dando
1483 5359 1573 5414 penes
1596 5361 1637 5397 se.

864 5447 983 5503 Femina
1005 5448 1076 5516 vult,
1100 5449 1202 5520 primas
1224 5457 1334 5504 mutans
1357 5456 1464 5516 vestes,
1488 5447 1550 5505 fieri
1572 5467 1640 5516 mas,

820 5559 836 5608 5
864 5555 903 5609 Et
927 5571 996 5624 quas
1019 5555 1097 5610 nulla
1118 5561 1213 5611 monet
1236 5556 1283 5610 lex
1305 5558 1380 5611 unde
1404 5556 1473 5611 licet
1497 5563 1596 5612 tenere
1620 5563 1681 5611 net.

864 5659 985 5716 Actibus
1008 5678 1076 5732 ergo
1098 5662 1177 5716 noris
1200 5680 1269 5718 sexu
1291 5661 1324 5716 fit
1346 5663 1375 5717 in
1398 5663 1536 5718 alterutro
1558 5663 1610 5730 vis,

864 5766 905 5823 Ut
928 5768 970 5822 vir
992 5768 1029 5821 ait
1052 5767 1147 5840 pelex,
1172 5769 1209 5822 sit
1232 5768 1337 5825 femina
1359 5770 1401 5824 vir
1423 5769 1483 5825 sine
1508 5777 1549 5837 te,
1573 5770 1628 5826 lex.
1708 5845 1711 5852 Δ
