4418 6412
507 324 560 378 DE
584 323 917 380 INVESTIGATIONE
943 325 1195 382 ANTIGHRISTI
1219 327 1252 380 L.
1270 326 1294 384 Ι.
1672 321 1735 382 383

1765 467 1775 504 'l
1800 493 1806 506 .

186 509 253 574 Sed
289 520 322 574 et
357 533 430 593 nos,
465 511 613 596 quamvis
645 511 906 576 lerosolimorum
942 535 1040 598 super
1075 512 1124 575 his
1160 512 1336 576 avariciam
1373 513 1573 594 incusamus,
1609 525 1735 578 nostros
1755 467 1879 586 bilariam
1904 543 1965 590 pro-

75 640 210 705 prorsus
246 640 407 682 excusare
446 641 510 681 non
548 618 720 704 possimus.
779 619 863 682 Nam
898 620 975 704 quia
1013 642 1090 704 sepe
1129 619 1329 704 multumque
1368 618 1583 704 euuangelica
1622 618 1735 684 imbuti
1755 596 1967 718 ὼξζῃὲξωζξω

73 723 242 804 doctrina,
275 735 435 810 quatenus
466 723 572 788 sobrie
604 747 643 788 ac
673 726 755 790 iuste
788 735 819 789 et
849 727 902 811 pie
933 727 1096 804 viverent,
1132 748 1196 788 ιιοιι
1229 737 1422 810 receperant
1452 727 1622 790 caritatem
1653 728 1735 790 ven'-
1754 751 1870 800 raam.

75 833 167 911 tatia,
199 842 235 895 ut
266 831 348 894 salvi
378 831 506 912 fierent,
540 830 614 894 ideo
645 833 732 895 misit
763 832 809 895 cis
840 832 932 896 Deus
962 833 1184 917 operationem
1216 832 1349 912 ameria,
1381 843 1416 895 ut
1446 831 1618 896 crederent
1648 856 1735 898 men-

32 966 50 1004 s
76 936 167 1002 datio
200 949 233 1002 et
262 937 485 1001 iudicarentur
514 960 625 1000 omnes
656 938 712 1023 qui
747 961 812 1001 non
847 939 1054 1002 crediderant
1084 939 1227 1018 veritati,
1264 937 1321 1000 sed
1353 951 1585 1002 consenserant
1619 940 1734 1026 iniqui·
1754 964 1912 1014 sarasan.

78 1046 147 1108 tati.
197 1045 280 1108 Nam
312 1055 345 1108 et
374 1045 468 1128 signa
497 1056 594 1129 atque
624 1043 775 1130 prodigia
804 1044 969 1108 urendatia
1001 1044 1114 1108 eodem
1146 1058 1291 1129 tempore
1322 1067 1387 1108 non
1416 1044 1598 1126 defuerunt,
1629 1069 1692 1132 que
1716 1069 1736 1110 a

78 1151 153 1215 Deo
179 1174 239 1238 per
262 1150 420 1237 quosdam
449 1149 533 1214 illius
564 1152 764 1237 tempestatis
789 1153 885 1232 viros,
917 1173 975 1236 per
999 1151 1156 1237 quosdam
1182 1151 1279 1214 etiam
1308 1151 1397 1214 illius
1418 1153 1471 1215 vie
1494 1151 1734 1238 perditissimae

80 1259 185 1322 socios
210 1257 424 1343 multiplicata
447 1269 530 1338 sunt,
555 1269 590 1320 ut
613 1256 737 1320 eisdem
766 1256 984 1321 mirabiliariis
1015 1256 1211 1322 irruentibus
1242 1259 1393 1321 niminrm
1424 1258 1466 1321 ad
1490 1281 1546 1322 eos
1570 1259 1672 1324 turbis
1696 1283 1734 1325 ac

81 1365 175 1450 signa
205 1365 258 1428 vel
289 1365 442 1428 sanitates
473 1363 657 1450 petentibus
683 1364 739 1426 vix
763 1347 896 1428 vacaret
926 1386 1042 1450 panem
1075 1363 1257 1428 comedere.
1306 1363 1403 1443 Quod
1432 1365 1502 1451 ipse
1533 1365 1600 1430 vidi
1633 1367 1734 1431 oeulis

24 1495 63 1535 ro
81 1472 172 1551 meis,
202 1473 365 1536 fictionem
388 1493 467 1534 vero
491 1469 741 1534 miraculorum1
766 1472 819 1534 eui
843 1473 1006 1556 assignem
1030 1472 1153 1556 ignoro,
1179 1480 1361 1534 utrumnam
1387 1471 1446 1552 his,
1478 1494 1537 1558 per
1561 1495 1641 1557 quos
1665 1473 1734 1537 fieri

82 1577 285 1658 dicebantur,
310 1600 352 1640 an
369 1599 446 1640 vero
463 1576 522 1658 his,
547 1599 567 1640 a
583 1575 701 1662 quibus
717 1576 922 1662 petebantur,
947 1589 1071 1641 certum
1095 1601 1159 1640 non
1183 1577 1298 1658 habeo,
1323 1601 1395 1641 cum
1421 1589 1529 1643 tamen
1552 1579 1640 1643 fictio
1664 1581 1735 1666 ipsa

82 1685 261 1749 certissime
284 1686 319 1748 in
341 1683 449 1748 multis
474 1685 515 1748 sit
537 1683 675 1769 prodita.
722 1683 981 1748 Adducebantur
1004 1707 1143 1770 namque
1168 1686 1238 1748 ceci
1262 1683 1313 1746 vcl
1338 1685 1492 1749 semiceci
1516 1696 1547 1749 et
1571 1685 1679 1750 claudi
1703 1699 1735 1752 et

81 1789 359 1855 benedicebantur
382 1790 423 1854 ab
440 1791 487 1854 eis
511 1791 655 1854 oratione
679 1790 767 1855 facta
789 1813 887 1876 super
903 1813 959 1854 eos
983 1813 1056 1854 cum
1080 1813 1194 1854 manns
1219 1792 1434 1875 impositione.
1475 1792 1627 1878 Dumque
1652 1794 1736 1858 inter

81 1896 305 1962 benedicentis
322 1896 425 1961 verba
448 1898 594 1983 requisiti
619 1895 660 1960 ab
685 1899 764 1982 ipsis
781 1897 931 1960 violentis
955 1897 1184 1960 miraculorum
1209 1896 1416 1961 exactoribus
1440 1897 1587 1980 fuissent,
1612 1922 1653 1962 an
1677 1900 1734 1964 ali-

39 2031 63 2070 ιι
81 2003 160 2090 quid
183 2004 299 2068 melius
323 2003 481 2072 haberent
504 2003 614 2090 illique
638 2005 768 2090 proprie
793 2004 940 2068 sanitatis
965 2003 1076 2090 cupidi
1099 2003 1210 2089 aliqua
1233 2003 1331 2067 dubie
1357 2004 1600 2090 responderent,
1626 2008 1734 2070 statim

72 2135 154 2176 ,cum
184 2111 326 2175 clamore
357 2109 510 2175 sublimes
540 2109 752 2197 rapiebantur
775 2122 808 2174 et
830 2111 923 2196 quasi
948 2111 1018 2174 sani
1049 2111 1134 2174 inter
1157 2132 1271 2174 luanus
1295 2112 1495 2176 vastantium
1520 2111 1732 2178 ducebantur.
1771 2153 1772 2158 κ

79 2218 145 2297 Qui
176 2217 308 2282 tandem
339 2216 401 2280 sibi
432 2218 567 2298 dimissi,
598 2240 663 2280 non
687 2217 743 2280 diu
774 2218 943 2280 sanitatem
975 2227 1150 2302 potuerunt
1180 2216 1342 2298 simulare,
1374 2217 1433 2282 sed
1457 2241 1514 2282 sue
1538 2219 1733 2285 infirmitatis

78 2337 236 2388 consueta
267 2323 422 2406 subsidia,
454 2323 630 2388 scamnella
652 2323 807 2387 videlicet
837 2323 946 2388 claudi
976 2347 1014 2386 ac
1047 2325 1117 2388 ceci
1148 2323 1248 2388 duces
1272 2323 1490 2389 resumebant.
1538 2325 1733 2391 Audivimus

78 2433 177 2494 etiam
202 2431 243 2495 de
259 2430 464 2517 quibusdam,
490 2430 577 2517 quod
601 2442 674 2516 post
690 2453 800 2494 veram
817 2432 1016 2494 curationem
1041 2430 1168 2494 duobus
1193 2430 1245 2494 vel
1268 2429 1370 2495 tribus
1395 2430 1511 2498 diebus
1534 2433 1733 2518 interpositis

77 2655 110 2708 et
135 2646 318 2708 sanctitatis
334 2644 574 2709 Theodericum
590 2645 683 2729 quasi
707 2655 883 2730 martyrem
900 2641 1089 2724 efferebant,
1115 2665 1211 2729 quem
1235 2643 1403 2729 fingebant
1427 2644 1467 2708 de
1491 2668 1626 2709 numero
1650 2648 1733 2711 eius-

76 2750 154 2814 dem
179 2751 341 2816 exercitus
366 2774 386 2814 a
408 2750 519 2815 Iudeis
543 2750 626 2814 clam
651 2773 710 2836 per
732 2749 880 2814 fraudem
905 2750 1059 2831 occisum,
1084 2749 1126 2813 ad
1150 2752 1242 2813 cuius
1267 2750 1473 2836 sepulchrum
1498 2751 1614 2816 crebra
1638 2753 1733 2818 valde

74 2857 286 2943 fingebantur
309 2857 476 2939 miracula,
501 2857 559 2921 sed
581 2881 645 2920 non
670 2869 743 2942 post
765 2856 898 2942 longum
921 2879 981 2942 per
997 2855 1143 2920 eiusdem
1159 2854 1371 2921 fabricatores
1388 2858 1544 2922 mendatii
1562 2871 1630 2923 tota
1646 2859 1733 2924 fictio

26 3037 37 3054 ⁸
75 2964 250 3050 propalata
273 2976 332 3045 est,
355 2975 391 3027 ut
413 2965 529 3028 mirum
553 2986 617 3027 ιιοιι
642 2966 692 3046 sit,
718 2965 744 3026 si
768 2963 852 3026 filius
876 2962 928 3025 ille
953 2962 1155 3048 perditionis,
1180 2965 1272 3027 cuius
1297 2975 1346 3027 est
1370 2963 1529 3029 adventus
1554 2965 1733 3030 secundum
1754 2990 1813 3030 rua.

24 3098 55 3138 aa
75 3073 301 3157 operationem
319 3071 483 3135 Sathanae
508 3072 540 3133 in
557 3072 644 3134 omni
660 3072 779 3135 virtute
803 3082 836 3133 ct
859 3068 959 3154 signis
984 3092 1023 3132 ac
1047 3070 1204 3154 prodigiis
1228 3069 1441 3134 mendacibus
1464 3072 1549 3135 inter
1571 3072 1655 3136 hecb
1679 3072 1734 3136 ad·

74 3189 213 3242 ventare
236 3177 289 3241 vel
313 3177 486 3241 advenisse
510 3188 650 3264 putetur.

130 3341 183 3402 67.
219 3339 538 3402 Precursorium
563 3338 724 3422 signum
748 3337 855 3401 tanti
880 3349 1010 3400 motus
1034 3348 1184 3402 ventus
1208 3335 1393 3400 turbinis
1417 3339 1619 3403 maximus
1644 3352 1683 3405 et
1753 3365 1804 3412 (so).

800 3443 1011 3507 insolitus.

185 3551 283 3615 Hunc
308 3575 386 3615 sane
410 3545 532 3616 motum
556 3552 734 3614 maximum
758 3549 840 3614 alius
864 3550 995 3636 quidam
1024 3562 1129 3614 motus
1153 3549 1307 3614 terribilis
1330 3551 1427 3615 valde
1458 3553 1600 3638 itemque
1632 3555 1733 3618 maxi-

25 3686 55 3725 so
75 3682 149 3722 mus
173 3658 207 3722 in
231 3660 301 3723 eius
325 3660 452 3743 signum
476 3669 689 3743 precesserat.
737 3656 851 3722 Subito
876 3678 1017 3742 namque
1037 3668 1153 3721 ventus
1177 3656 1310 3742 quidam
1334 3656 1472 3723 turbinis
1489 3659 1733 3724 vehementissi-
1754 3685 1814 3724 ιιιι.

76 3769 181 3848 mus³,
206 3765 335 3851 qualem
359 3787 536 3850 numquam
561 3775 635 3828 ante
659 3786 720 3828 nec
744 3763 847 3827 relatu
871 3786 932 3826 nee
956 3765 1180 3849 experientia⁰
1197 3765 1357 3847 novimus,
1382 3788 1402 3828 a
1416 3767 1526 3851 regnis
1545 3766 1734 3831 Occidentis

77 3871 257 3936 adveniens
281 3894 320 3935 ac
343 3871 412 3934 fere
429 3871 512 3935 VIII
535 3871 686 3934 horarum
710 3871 820 3957 spacio
845 3869 965 3934 durans
983 3869 1121 3933 eandem
1137 3870 1199 3934 celi
1216 3871 1404 3956 regionemd
1421 3873 1618 3957 pertransiit,
1636 3896 1734 3959 quam

78 3989 111 4042 et
133 3977 340 4065 postmodum
363 3979 544 4041 exercitum
567 3978 780 4064 pertransisse
805 3977 1042 4062 perspeximus.
1085 3977 1191 4040 Huius
1207 3978 1296 4041 venti
1319 3987 1410 4042 tanta
1434 3988 1504 4042 erat
1527 3978 1735 4044 vehementia

78 4097 110 4149 et
132 4086 283 4171 impetus,
308 4096 343 4149 ut
367 4083 480 4148 domos
503 4084 703 4147 firmissimas
728 4105 914 4169 annosaque
939 4081 1057 4146 robora
1080 4092 1264 4146 everteret⁰
1280 4106 1341 4148 nec
1360 4088 1459 4148 ‘esset
1474 4086 1566 4149 vicus
1583 4096 1639 4149 aut
1655 4086 1733 4150 civi-
1752 4112 1830 4160 aar.

29 4219 58 4258 aa
78 4203 138 4274 tas,
170 4193 204 4256 in
234 4215 299 4277 qua
328 4214 393 4255 ιιοιι
424 4192 533 4254 menia
562 4190 737 4254 fortissima
767 4190 928 4270 diruisset,
959 4213 1025 4252 non
1049 4189 1174 4272 domna,
1199 4212 1262 4276 que
1285 4190 1441 4254 lesionem
1472 4192 1541 4254 eius
1566 4191 1731 4274 evaderet,

78 4301 164 4363 sicut
186 4300 342 4384 scriptum
367 4308 431 4362 est:
461 4297 671 4383 Terroresque
693 4298 731 4362 de
754 4299 829 4378 cele,
857 4307 892 4359 ut
920 4296 1028 4382 palam
1058 4297 1100 4358 sit
1126 4305 1309 4382 respectum
1337 4297 1405 4360 irae
1430 4297 1570 4383 desuper
1593 4299 1677 4362 sicut
1699 4300 1733 4362 in
1752 4325 1890 4372 meran.
1929 4349 1930 4352 ι

79 4406 172 4491 signo
196 4405 397 4470 vehementis
414 4405 513 4488 venti,
537 4405 584 4468 ita
607 4415 639 4468 et
662 4405 695 4466 iu
719 4414 803 4467 terre
826 4413 916 4466 motu
938 4402 1148 4482 infructuose,
1172 4403 1270 4467 immo
1295 4415 1326 4467 et
1349 4405 1542 4490 perniciose,
1567 4404 1652 4469 illius
1677 4428 1735 4492 exj

124 4599 125 4602 =
187 4566 214 4631 a)
235 4572 363 4635 pristinas
382 4587 402 4618 r.
475 4565 503 4630 b)
524 4571 558 4618 he
577 4587 597 4619 c.
671 4565 696 4630 c)
718 4570 896 4634 expergentia
914 4585 934 4618 c.
1007 4567 1035 4630 d)
1057 4569 1169 4632 regione
1188 4586 1209 4618 c.
1283 4567 1308 4626 e)
1331 4575 1484 4619 everterent
1502 4586 1523 4618 c.

190 4715 218 4786 l)
246 4715 294 4789 Cf.
320 4716 362 4774 W.
386 4716 563 4785 Berrrhardi,
589 4714 703 4772 ‘Jahrb
729 4714 867 4772 Koarads
890 4711 958 4769 III.'
983 4713 1023 4782 II,
1043 4734 1076 4788 p.
1095 4712 1168 4768 527.
1215 4713 1313 4788 Neque
1337 4733 1502 4790 coynoscere
1519 4734 1635 4790 possam
1659 4717 1735 4791 quod

33 4841 61 4880 to
80 4823 118 4882 G.
136 4823 252 4896 Haffer,
277 4821 351 4879 ‘Der
374 4822 472 4898 heilipe
488 4821 648 4878 Beralsard
667 4841 721 4878 voa
739 4819 914 4878 Olairoauae'
940 4820 960 4875 1
979 4814 1107 4896 (1886),
1126 4839 1159 4894 p.
1179 4819 1229 4876 83.
1255 4820 1289 4876 de
1305 4817 1439 4878 Gerholto
1462 4821 1544 4877 aar:
1569 4823 1676 4878 ‘schied
1701 4829 1737 4878 er'

79 4926 151 5006 (scil.
176 4925 305 5006 Gerhoh)
336 4932 386 4985 das
417 4929 688 5000 Kreuzaugswirken
719 4929 871 4994 Bernards,
903 4928 996 4982 dieses
1027 4926 1175 4982 “Pfeilers
1205 4927 1263 4981 und
1287 4927 1501 4999 Glanzgestirns
1531 4930 1583 4984 der
1606 4928 1730 4984 Kirche''

78 5038 207 5093 sichtlich
223 5054 277 5092 von
294 5037 350 5093 den
367 5036 493 5091 falechen
506 5035 755 5092 Wunderzeichen
771 5032 887 5088 andrcr’
906 5041 966 5102 etc,
992 5051 1052 5088 aaa
1072 5033 1106 5089 de
1121 5032 1265 5088 miraculis
1281 5032 1436 5090 Bernardo
1459 5035 1611 5109 adsumptis
1634 5044 1733 5092 aucurr

79 5152 174 5201 noster
197 5143 269 5200 nihil
285 5117 431 5212 'renuerim
454 5143 495 5212 cs.
521 5141 698 5212 Strcrralsbfel
720 5141 744 5210 I,
763 5161 796 5214 p.
816 5139 874 5208 22;
898 5139 973 5196 Ama
997 5139 1026 5195 S.
1044 5138 1104 5195 Iac.
1124 5139 1210 5195 Leod.
1235 5159 1263 5194 a.
1280 5138 1380 5194 1146:
1405 5141 1474 5196 Visa
1497 5148 1527 5196 et
1551 5143 1632 5214 signa
1654 5161 1732 5197 men-

79 5253 152 5306 dacii
176 5253 332 5306 creduntur
356 5248 410 5306 SS.
436 5248 519 5317 XVI,
538 5269 572 5323 p.
591 5248 671 5317 641,·
694 5247 769 5303 Ana.
794 5245 983 5302 Bruaruillar.
1009 5265 1037 5302 a.
1054 5245 1148 5314 1145,
1175 5245 1227 5302 SS.
1248 5245 1313 5315 VII,
1332 5266 1365 5321 p.
1381 5245 1454 5302 787.
1532 5243 1563 5321 2)
1589 5245 1637 5319 Cf.
1655 5247 1730 5304 dan.

32 5374 61 5414 aa
80 5356 226 5432 Herhipol.
243 5377 271 5413 a.
287 5357 381 5426 1147,
400 5355 454 5412 SS.
472 5355 555 5424 XVI,
568 5375 601 5430 p.
620 5354 648 5423 3,
673 5353 719 5410 ubi
734 5354 830 5410 eaden
847 5371 893 5408 res
902 5352 1002 5423 fusius
1017 5351 1191 5408 describitur.
1263 5352 1292 5420 3)
1312 5350 1361 5423 Cf.
1379 5353 1454 5410 Ana.
1473 5353 1578 5410 Mettio.
1595 5354 1731 5423 α.1145,

82 5464 136 5520 SS.
161 5463 215 5532 IX,
241 5483 274 5537 p.
299 5462 380 5532 503,-
413 5460 523 5520 Conh'n.
548 5461 680 5518 Admrmt.
705 5479 761 5516 rec.
786 5460 821 5514 A.
845 5479 874 5515 a.
895 5459 988 5528 1145,
1019 5457 1053 5514 ib.
1073 5477 1107 5533 p.
1125 5457 1205 5528 581,-
1235 5458 1310 5515 Αιιιι.
1336 5459 1481 5535 Herbipol.
1507 5460 1646 5530 a.1145,
1676 5459 1731 5518 SS.

81 5569 165 5639 XVI,
184 5589 218 5644 p.
236 5569 270 5639 3,·
294 5569 373 5626 Auct.
392 5568 526 5625 Lamban.
544 5588 572 5624 a.
588 5569 681 5636 1145,
708 5565 763 5622 SS.
780 5565 834 5636 IX,
847 5585 879 5640 p.
898 5565 977 5634 555,·
1001 5564 1076 5621 Anu.
1094 5564 1249 5640 Aquicinct.
1267 5585 1295 5621 α.
1310 5565 1403 5634 1145,
1430 5565 1484 5622 sa.
1502 5566 1586 5637 XVI,
1600 5587 1631 5642 p.
1650 5566 1732 5634 504,-

80 5676 157 5732 Ana.
183 5677 255 5732 Rod.
279 5696 307 5732 α.
324 5675 418 5746 1145,
442 5675 476 5732 ib.
497 5693 530 5750 p.
546 5675 618 5730 718.
