4478 6442
406 404 585 462 caulinis
608 407 648 463 IN
673 407 868 464 SIMONIAM
890 409 942 464 ET
965 407 1220 464 ROMANORUM
1243 407 1475 462 AVARITIAM.
1509 407 1545 463 V.
1564 406 1614 462 vl.

513 593 541 658 Ο
565 595 681 681 pietas,
706 618 725 660 o
748 596 809 672 ius,
834 618 853 660 o
877 597 970 682 regni
993 595 1195 682 sceptriger·
1219 593 1324 676 huius,

513 699 637 783 Colum,
661 713 757 786 terra,
782 725 871 767 mare
895 701 1016 767 debent
1038 701 1132 766 vobis
1156 700 1302 766 iubilare.

511 806 611 873 Curia
634 808 773 891 celestis,
799 809 839 873 dc
863 810 955 874 cuius
979 808 1106 873 civibus
1131 809 1218 890 estis,

511 914 550 978 In
573 926 684 979 vestra
707 938 786 980 cura
809 917 917 1002 posuit
940 917 1106 980 terrestria
1128 916 1209 981 iura.

467 1037 483 1085 5
512 1019 612 1085 Curia
634 1023 806 1104 terrestris,
830 1023 926 1086 iussis
950 1021 1092 1087 obnoxia
1115 1023 1242 1102 vestris,

509 1128 574 1193 Pro
598 1127 691 1193 vobis
716 1139 795 1211 orat,
820 1151 878 1216 pro
901 1139 1010 1193 vestra
1032 1128 1129 1194 laude
1153 1128 1288 1194 laboret.

512 1232 634 1317 Gloria,
658 1257 736 1321 pax,
761 1237 890 1323 requies
915 1236 985 1301 colo
1008 1246 1159 1324 terrqque
1183 1238 1341 1323 marique,

511 1340 634 1424 Gloria,
658 1343 797 1425 iusticia,
822 1343 982 1429 sapientia
1005 1355 1119 1429 regnat
1142 1341 1272 1429 ubique.

510 1449 582 1512 Rex
606 1458 638 1513 et
660 1448 715 1513 lex
738 1459 771 1514 et
793 1471 860 1536 pax
882 1472 1019 1534 regnum
1043 1450 1136 1536 regit,
1161 1449 1299 1529 ordinat,
1323 1451 1402 1528 unit,

449 1572 482 1620 10
510 1555 661 1638 Predam,
686 1556 782 1638 furta,
806 1556 898 1621 nefas
922 1556 1040 1642 gladie,
1066 1579 1183 1638 cruce,
1198 1579 1329 1621 carcere
1353 1557 1455 1642 punit.
1489 1623 1490 1626 Ἴ

509 1662 675 1748 Regnator
699 1686 841 1727 summus
865 1663 925 1728 fuit
949 1675 1082 1728 actenus
1106 1663 1249 1749 undique
1274 1686 1433 1744 nummus,

509 1768 668 1834 Nummus
692 1779 762 1834 erat
784 1771 948 1856 princeps,
972 1770 1059 1856 quod
1082 1793 1147 1834 non
1171 1769 1247 1834 licet
1270 1792 1341 1834 esse
1365 1768 1530 1856 deinceps.

485 1923 488 1926 -
509 1874 647 1941 Cessent
670 1887 841 1963 emptores,
865 1899 930 1940 non
954 1886 1012 1958 est,
1037 1878 1092 1963 qni
1116 1876 1239 1941 vendat
1261 1876 1412 1959 honores3

511 1983 652 2063 Questus
676 1983 813 2065 vilescit,
837 2005 898 2047 rex
921 1993 1029 2048 noster
1052 1983 1195 2070 vendere
1218 1983 1332 2046 nescit.

444 2106 481 2154 ,15
510 2089 653 2154 Exitiale
677 2090 791 2172 forum,
816 2089 984 2154 subversio
1008 2090 1223 2154 iudiciorumh

509 2197 582 2261 Non
606 2198 667 2260 erit
689 2197 823 2261 ulterius
847 2219 944 2282 super
967 2196 1042 2261 aula
1064 2198 1221 2283 principis
1245 2197 1350 2260 huius.

508 2297 668 2368 Venditor
690 2305 853 2390 antiquus,
877 2303 1001 2390 Symon
1023 2326 1149 2390 magus,
1174 2313 1300 2390 emptor
1323 2304 1463 2389 iniquus,

509 2409 624 2476 Cesset
645 2410 775 2493 librare,
800 2421 906 2476 cesset
928 2432 1075 2475 nummos
1099 2408 1269 2474 fabricare.

508 2517 645 2582 Malleus
669 2529 718 2582 est
740 2518 873 2598 fractus,
895 2518 999 2603 regali
1022 2516 1156 2581 fulmine
1179 2526 1296 2596 tactus,

447 2641 481 2690 20
507 2623 609 2688 Libra
632 2626 718 2690 iacet
741 2635 860 2711 spreta,
884 2625 980 2711 periit
1004 2646 1062 2688 sua
1085 2623 1167 2687 falsa
1190 2634 1329 2687 moneta.

507 2731 649 2796 Fabrica
671 2741 739 2796 tota
762 2732 856 2818 perit,
880 2731 974 2796 faber
996 2729 1147 2795 incudem
1171 2729 1234 2794 sibi
1258 2730 1373 2816 querit,

508 2837 624 2919 Querit
646 2839 679 2902 in
703 2837 852 2920 ecclesia,
876 2861 941 2903 non
964 2839 1155 2902 inventurus
1178 2838 1212 2900 in
1236 2836 1320 2901 aula.

507 2946 606 3031 Ergo,
631 2956 816 3010 sanctarum
840 2955 987 3032 pastores
1011 2944 1233 3026 ecclesiarum,

507 3051 622 3117 Pellite
645 3052 825 3117 vendentes
850 3063 882 3116 et
906 3061 1049 3142 ementes
1072 3050 1194 3137 templa
1217 3061 1397 3115 tenentesr.

141 3274 170 3316 2⁶
295 3269 321 3332 a)
349 3273 486 3337 sceptigsr
507 3273 529 3321 1.
620 3267 649 3332 b)
676 3271 758 3333 sic13
786 3271 936 3336 iudiciique
956 3273 980 3321 2.
1071 3267 1097 3332 c)
1125 3271 1153 3320 in
1173 3272 1188 3320 2
1206 3269 1259 3320 aiio
1284 3287 1374 3320 omnm
1398 3269 1441 3320 lios
1459 3286 1543 3320 vanu
1565 3287 1621 3320 cum
1642 3269 1769 3334 prioribus
1786 3287 1838 3321 non

187 3359 341 3410 minaeum
357 3360 472 3410 addidit:

615 3431 648 3481 Iu
667 3430 792 3482 claustris
812 3429 913 3481 Christi
931 3437 995 3481 sunt
1014 3447 1121 3497 semper
1140 3435 1259 3495 quatuor
1277 3431 1332 3488 isti,

615 3520 682 3570 Cum
702 3521 784 3571 Petro
805 3519 896 3579 Iudas,
916 3537 978 3570 cum
998 3519 1116 3570 lenitur
1135 3520 1263 3570 Ananias.

614 3610 689 3660 Petri
708 3615 770 3660 sunt
790 3611 890 3674 quique
910 3610 1024 3676 perfecti
1044 3607 1234 3674 discipulique.

615 3699 748 3750 Venditor
766 3697 882 3768 ecclesie
903 3698 986 3748 Iudas
1007 3698 1182 3765 cognoscitur
1201 3713 1268 3748 esse.

881 3945 1146 3953 —n--—--——-

977 4207 1042 4282 Vl.

300 4343 441 4426 Codices,
464 4346 547 4410 unde
570 4347 626 4410 boc
641 4370 766 4411 carmen
782 4371 812 4410 c.
830 4347 922 4410 1839.
943 4371 964 4409 a
980 4345 1150 4410 Friderieo
1166 4345 1297 4410 Monio¹
1313 4359 1454 4432 eaporte
1478 4359 1506 4410 et
1523 4346 1617 4409 1840.
1642 4347 1681 4410 nb
1698 4326 1834 4410 E'deleet.

189 4453 340 4517 Dumiril
361 4456 512 4540 tnteqrum
524 4456 536 4494 ²
550 4453 726 4540 sculpamus
747 4453 846 4517 denuo
862 4452 995 4532 edimus,
1018 4466 1090 4516 sunt
1103 4451 1147 4536 A)
1166 4451 1310 4516 Bruxell.
1328 4453 1443 4516 10674.
1469 4454 1596 4537 eiusque
1618 4453 1834 4540 apoqraplmm

189 4559 219 4622 A
235 4560 266 4644 1)
286 4559 432 4624 Bruoeell.
451 4560 548 4638 9802,
572 4561 638 4623 iam
653 4583 751 4645 supra
769 4559 901 4623 laudati.
941 4559 1025 4636 Quos
1039 4559 1078 4622 L.
1098 4558 1221 4622 Traube
1243 4581 1344 4645 nuper
1359 4559 1489 4623 eontulit
1503 4560 1652 4644 nobisque
1676 4583 1755 4644 quae
1778 4558 1835 4623 ad-

141 4689 170 4729 so
188 4680 350 4731 notaverat
370 4665 416 4730 od
436 4665 644 4752 supplendum
662 4668 760 4752 prius
775 4665 903 4729 vPerteii
922 4665 1140 4752 apoqrnplum
1164 4667 1291 4729 comiter
1313 4664 1508 4730 condonavit.
1548 4665 1715 4730 Auctorem
1734 4665 1772 4730 G.
1790 4665 1834 4729 H.

188 4771 277 4838 Perta
291 4772 479 4836 Hunoldam
495 4797 559 4836 esse
574 4774 707 4836 coniecit
714 4776 736 4853 ⁸,
761 4774 850 4836 cuiue
873 4795 999 4836 carmen
1015 4771 1053 4836 de
1071 4772 1166 4835 anulo
1182 4785 1210 4836 et
1224 4772 1334 4836 baculo
1351 4771 1444 4859 infra
1462 4770 1505 4858 (p.
1518 4773 1595 4856 721)
1617 4771 1770 4836 edendum
1786 4773 1836 4836 lu's

189 4881 329 4944 versibus
348 4905 368 4943 a
385 4880 531 4960 librariis
547 4879 666 4943 codicia
688 4880 883 4942 subiunctum
901 4892 952 4942 est.
989 4876 1055 4942 Sed
1069 4877 1230 4964 quidquid
1245 4877 1282 4942 de
1297 4877 1451 4942 Hunaldo
1467 4893 1655 4964 compertum
1679 4879 1836 4960 babemus,

188 4986 261 5051 ltuic
276 4989 442 5051 sententiae
458 4999 618 5072 repupnat.
653 4983 726 5071 Ipse
741 4987 824 5049 enim
840 5008 1005 5072 coquomen
1020 4984 1111 5070 pacis
1128 4988 1260 5048 amans⁴
1276 4986 1342 5049 sibi
1354 4983 1476 5049 indidit
1483 4987 1640 5071 pacisque
1656 4988 1835 5050 antautiaai-

188 5117 271 5156 mum
286 5094 427 5158 uersibus
442 5094 509 5156 satir
523 5092 679 5178 bucusque
692 5094 825 5156 seruatis
838 5116 871 5157 se
882 5093 1051 5179 praestitit,
1064 5105 1097 5154 ut
1112 5092 1189 5156 tales
1205 5093 1386 5170 invectione,
1401 5091 1509 5176 quales
1523 5106 1625 5156 noster
1639 5094 1835 5178 excapitavit,

140 5223 170 5262 co
188 5200 221 5264 ei
237 5200 360 5263 ascribi
380 5212 541 5284 nequeant,
557 5201 749 5285 praesertim
765 5223 834 5262 cum
857 5212 885 5263 et
907 5212 1002 5262 metro
1025 5211 1054 5261 et
1075 5198 1298 5262 elocutionibus
1314 5200 1457 5262 carmina
1481 5222 1542 5262 non
1565 5198 1685 5262 modice
1709 5201 1789 5263 iutm
1803 5223 1836 5263 sc

190 5306 349 5392 differant.
385 5305 545 5390 Equidem
568 5305 742 5391 quidquam
766 5307 846 5369 certi
866 5304 904 5369 de
927 5319 1052 5369 auctore
1075 5306 1214 5370 conicere
1237 5329 1298 5369 nou
1322 5307 1434 5369 nemim.
1475 5303 1626 5369 Oodeirll
1650 5307 1685 5369 in
1702 5304 1839 5370 dioecesi

297 5544 326 5613 1)
352 5543 501 5620 ‘Anzeiqer
517 5544 577 5615 fiir
593 5543 698 5600 Kande
713 5543 764 5600 der
780 5542 918 5600 teutschen
938 5542 1062 5600 Vorzeit'
1083 5541 1163 5612 VIII,
1182 5562 1215 5618 p.
1234 5541 1308 5613 597,
1332 5562 1358 5600 u
1375 5541 1490 5599 1-12.
1516 5563 1551 5600 ce
1575 5544 1667 5600 codem
1692 5543 1784 5601 codice
1799 5543 1834 5614 A,

186 5669 266 5726 quem
284 5651 368 5722 salso
391 5668 506 5707 numero
530 5649 603 5706 629.
627 5649 730 5727 aiqnat.
830 5649 860 5718 2)
885 5648 1008 5706 ‘Poisiea
1025 5649 1194 5724 populaires
1217 5649 1317 5706 latim
1340 5649 1378 5706 du
1401 5668 1498 5724 tropen
1522 5652 1575 5726 (ipe
1592 5670 1627 5726 p.
1645 5649 1834 5706 231—234.

190 5753 221 5830 3)
245 5755 374 5814 ‘Arellio'
398 5755 462 5827 VII,
483 5776 516 5832 p.
536 5755 630 5813 1005.
722 5752 754 5830 4)
775 5756 807 5812 V.
825 5756 876 5812 77.
1521 5743 1523 5750 ’

259 5876 361 5928 Libelli
380 5877 413 5928 de
434 5875 490 5930 lite.
522 5877 576 5928 111.
1588 5877 1622 5928 89
