4418 6412
409 345 474 410 408
701 351 881 408 GERHOHI
904 350 1137 407 PRAEPOSI'I'I
1160 349 1568 407 REICHERSBERGENSIS
1591 350 1758 406 LIBELLI.

275 547 389 640 ²3⁵3qu
516 537 598 604 Cum
622 539 720 626 igitur
742 537 915 603 Ieremiam
938 548 1095 624 regnante
1118 559 1196 623 rege
1218 535 1410 602 Babilonico
1434 546 1466 601 et
1489 559 1567 623 rege
1590 536 1692 602 Israel
1714 535 1978 601 lerosolimitano
2001 537 2188 610 lact-2

327 628 333 650 ²
370 627 375 640 ⁵
409 648 539 733 captivo
564 655 660 731 atque
683 644 861 709 Ierusalem
885 643 1051 709 destructa
1074 643 1149 708 olim
1173 642 1361 708 demnatum
1386 653 1510 708 constet
1537 665 1595 730 pro
1619 642 1739 730 populo
1762 643 1829 708 Dei
1852 654 1887 708 et
1910 643 2202 717 univers&

409 753 541 818 civitate
571 751 749 816 Ierusalem
780 773 890 815 orasse
920 750 1066 831 multum,
1097 751 1170 836 quis
1200 747 1327 814 dubitet
1356 748 1487 814 beatum
1515 750 1648 815 Petrum
1678 761 1835 836 regnante
1868 748 2004 814 diabolo
2035 751 2207 822 ix:

408 859 537 924 Nerone
568 867 698 923 tenente
729 855 844 923 urbem
870 857 1007 922 Romam
1037 858 1130 943 quasi
1159 856 1295 921 alteram
1318 853 1521 921 Babiloniam
1552 857 1617 920 iam
1648 855 1703 920 diu
1734 855 1925 922 defunctum
1958 855 2207 929 adhue]

304 989 390 1032 uaso.
409 987 501 1030 orare
532 987 590 1052 pro
620 963 739 1052 populo
762 963 829 1028 Dei
860 973 892 1028 et
916 964 1082 1027 ‘universa
1112 963 1243 1028 civitate
1267 961 1470 1026 Ierusalem?
1518 962 1625 1043 Quam
1653 962 1765 1028 dolans
1789 985 1810 1027 a
1833 962 1976 1050 spiritali
2001 962 2207 1026 ltu-..-

231 1097 389 1147 aestuaria
408 1070 516 1137 tiocho
539 1070 694 1159 pollutam
718 1069 900 1136 credendus
924 1080 973 1135 ast
999 1092 1086 1134 nuno
1109 1067 1333 1134 vehementius
1357 1091 1449 1132 orare
1472 1067 1683 1134 habundante
1706 1069 1802 1134 nimis
1825 1070 2004 1156 iniquitate
2029 1091 2098 1138 ae
2133 1092 2207 1134 ς

408 1178 640 1264 refrigescente
671 1177 816 1259 caritate,
848 1187 1006 1263 quatenus
1039 1175 1125 1240 illius
1159 1173 1358 1240 orationibus
1392 1174 1588 1240 adiuventur
1620 1177 1655 1240 in
1685 1175 1867 1241 sacerdotio
1900 1185 1933 1240 et
1964 1197 2088 1262 regno
2158 1191 2206 1230 ⁴>

407 1285 639 1371 principantes,
662 1292 699 1348 ut
727 1282 791 1349 duo
820 1282 931 1368 gladii,
963 1281 1115 1370 spiritalis
1144 1292 1176 1347 et
1202 1281 1389 1364 materialia,
1419 1283 1561 1346 invicem
1592 1305 1627 1347 sa
1657 1281 1813 1348 adiuvent
1842 1305 1953 1369 neque
1985 1281 2078 1350 alter
2163 1290 2203 1310 ”

408 1390 545 1456 altarum
568 1391 727 1476 inpugnat
749 1389 802 1454 vel
825 1388 982 1475 impediat
1004 1399 1155 1454 manante
1179 1389 1335 1454 intereos
1351 1387 1536 1470 eoncordia,
1561 1411 1645 1475 quae
1668 1389 1730 1453 fuit
1753 1390 1838 1454 inter
1852 1389 1970 1454 Aaron
1987 1412 2071 1476 pon-

407 1497 526 1562 tificem
550 1507 582 1562 et
604 1497 742 1584 Moysen
766 1497 947 1583 principem
970 1495 1092 1582 populi,
1115 1496 1200 1560 inter
1216 1494 1400 1561 Samuelem
1424 1507 1457 1560 et
1472 1494 1583 1560 David
1606 1517 1727 1582 regem,
1751 1496 1837 1560 inter
1852 1493 2063 1562 Salomonem
2079 1519 2138 1566 ιι
2205 1495 2207 1526 ³

408 1613 440 1668 et
457 1603 587 1670 Sadoch
611 1602 813 1668 sacerdotem
836 1603 916 1684 sive,
940 1612 976 1666 ιιι
998 1601 1041 1666 ad
1055 1612 1166 1666 nostra
1181 1603 1367 1666 veniamus:
1392 1601 1497 1689 qualis
1521 1602 1563 1666 ad
1586 1612 1713 1689 tempus
1735 1601 1797 1666 fuit
1819 1602 1907 1666 inter
1928 1600 2060 1668 beatum

409 1708 605 1796 Gregorium
628 1732 747 1796 papam
771 1719 804 1774 et
826 1711 1055 1795 imperatorem
1070 1708 1264 1773 Mauricium
1288 1719 1479 1794 ceterosque
1503 1710 1536 1774 in
1559 1708 1742 1796 apostolatu
1764 1709 1818 1796 pie
1841 1708 2058 1794 agricolantes

408 1827 441 1882 et
463 1818 497 1880 in
513 1818 649 1904 imperio
665 1815 750 1880 bane
774 1839 812 1880 aa
837 1817 920 1880 iusta
937 1814 1163 1880 dominantes⁸
1187 1814 1229 1880 ad
1244 1814 1421 1879 vindictam
1439 1814 1693 1897 malefactorum,
1717 1813 1847 1880 laudem
1862 1837 1945 1879 vero
1962 1813 2057 1880 bono·

407 1947 488 1988 rum.
537 1922 611 2005 Qui,
643 1924 670 1986 si
693 1946 758 1987 non
781 1923 864 1988 iuste
888 1921 1046 1987 dominari
1070 1920 1192 2003 volunt,
1220 1920 1400 1986 instruendi
1423 1933 1506 2003 sunt,
1534 1944 1601 1985 non
1624 1920 1822 2005 destruendi,
1847 1931 1883 1988 ut
1907 1923 1978 1985 iure
2004 1943 2057 1986 suo

263 2058 317 2098 aaa.
326 2058 346 2107 ι,
355 2058 388 2098 ιι.
408 2031 551 2094 contenti
581 2028 680 2094 nichil
711 2029 849 2116 amplius
879 2027 1011 2109 faciant,
1040 2051 1137 2115 quam
1170 2029 1378 2093 constitutum
1408 2027 1481 2109 illis,
1511 2037 1543 2092 et
1572 2030 1664 2093 iuxta
1694 2027 1874 2092 doctrinam
1905 2026 2057 2092 Iohannis
2073 2055 2096 2094 u

407 2135 568 2225 baptistae
592 2137 753 2200 neminem
778 2136 965 2200 concutiant
988 2157 1094 2222 nequa
1119 2135 1337 2221 calumpniam
1366 2134 1498 2217 saciant,
1530 2134 1588 2200 sed
1619 2135 1761 2200 contenti
1793 2135 1858 2200 sint
1888 2133 2056 2221 stipendiis

408 2243 485 2325 suis,
508 2265 560 2326 ne,
585 2244 612 2307 si
635 2243 848 2330 pretergreaai
871 2241 991 2307 fuerint
1013 2264 1107 2306 suum
1125 2243 1185 2325 ius,
1210 2263 1308 2307 manu
1323 2241 1389 2306 Dei
1413 2251 1629 2323 conterantur,
1653 2253 1689 2306 ut
1709 2240 1750 2306 de
1769 2241 1918 2328 predicto
1942 2241 2058 2326 legitur

407 2349 566 2415 Mauricio
589 2372 648 2436 per
671 2349 792 2414 Focam
817 2371 963 2414 cesarem
986 2349 1167 2429 interfecta,
1198 2370 1263 2412 non
1286 2347 1347 2413 hoc
1370 2358 1513 2436 optante,
1545 2347 1603 2413 sed
1625 2371 1684 2435 pro
1708 2347 1811 2414 salute
1835 2347 1922 2413 illius
1946 2357 2057 2412 orante

408 2455 503 2521 beato
527 2454 687 2541 Gregorio
699 2460 719 2519 ¹.

514 2562 608 2627 Talia
636 2585 688 2628 me
718 2562 875 2627 secretius
904 2584 968 2626 non
997 2560 1096 2625 semel
1120 2571 1279 2626 tractante
1303 2584 1376 2626 cum
1402 2561 1520 2626 domno
1543 2562 1748 2648 imperatore,
1771 2561 1957 2626 firmissIme
1984 2583 2057 2626 con·
2075 2585 2099 2624 ao

407 2679 543 2734 testatus
566 2679 616 2732 est
645 2669 715 2733 iure
739 2691 797 2733 suo
820 2667 1032 2733 libentissima
1057 2689 1091 2731 se
1116 2678 1302 2732 contentum
1331 2690 1402 2733 esse
1425 2667 1509 2734 velle
1537 2679 1633 2755 atque
1657 2669 1803 2734 Romano
1825 2667 1975 2755 pontifici
1997 2667 2057 2732 hoc

408 2774 558 2840 sibinen
582 2774 775 2840 diminuenti
800 2774 964 2839 humiliter
985 2773 1097 2839 favere
1121 2773 1165 2838 ad
1186 2776 1333 2860 regimen
1356 2774 1547 2856 aecclesiae,
1572 2798 1665 2840 suum
1688 2799 1765 2840 vero
1789 2776 1840 2840 ius
1864 2774 2058 2839 diminuenti

407 2881 512 2947 modis
536 2880 686 2948 omnibus
709 2903 749 2945 ac
772 2881 876 2946 tocius
899 2881 992 2966 regni
1008 2879 1132 2944 viribus
1149 2879 1250 2946 obniti
1266 2880 1350 2946 velle
1367 2883 1509 2946 maxime
1531 2881 1594 2946 hac
1616 2880 1740 2962 fidutia,
1763 2880 1851 2968 quod
1873 2903 1950 2960 non,
1975 2881 2060 2944 siout

232 2981 389 3076 ¹·⁹⁸².',·²,',¹,}2
408 2987 525 3071 aiebat,
557 2988 599 3052 sit
622 3010 698 3051 vere
723 3009 893 3052 successor
914 2987 1004 3051 Petri
1028 2986 1182 3052 dicentis:
1214 2988 1315 3052 Deam
1339 2991 1450 3068 lineata,
1473 3013 1574 3076 repom
1600 2989 1815 3076 *honorificate
1838 2987 1891 3053 vel
1914 2988 2059 3052 imitator

230 3123 387 3174 narramur.
408 3093 529 3160 Christi
553 3093 706 3159 dicentis:
731 3095 867 3160 Reddite
890 3119 969 3180 quae
992 3110 1063 3160 aaut
1085 3096 1203 3160 casaris
1226 3097 1338 3175 rasori,
1362 3110 1391 3160 et
1412 3119 1492 3181 quoe
1514 3111 1586 3160 auat
1601 3094 1675 3175 Dei,
1691 3095 1769 3176 Deo,
1789 3095 1977 3182 quicunque
1998 3092 2057 3158 sub
2075 3116 2100 3156 aa

407 3202 537 3267 nomine
560 3201 670 3289 papali
692 3199 791 3265 vellet
813 3223 879 3264 non
903 3200 1006 3265 solum
1029 3201 1063 3264 in
1086 3199 1183 3280 clero,
1213 3200 1271 3265 sed
1294 3211 1327 3264 et
1353 3202 1387 3264 in
1410 3222 1510 3286 ragno
1535 3199 1694 3265 dominari
1717 3211 1835 3287 questu
1856 3199 2002 3266 fastuoso
2026 3212 2057 3264 et

406 3310 494 3374 fastu
516 3321 700 3395 questuosa.
746 3307 785 3371 In
809 3307 894 3372 bunc
918 3306 1050 3372 modum
1072 3305 1182 3370 verbis
1205 3305 1393 3372 Teutonicis
1424 3306 1575 3394 loquente
1599 3306 1717 3372 domno
1740 3309 1935 3394 imperatore
1960 3317 2057 3394 atque

407 3417 441 3480 in
464 3414 526 3480 hoc
549 3438 643 3480 suum
665 3437 784 3501 papam
808 3413 1066 3494 commendante,
1091 3412 1178 3500 quod
1200 3413 1254 3478 ille
1278 3436 1343 3478 non
1366 3413 1595 3478 adversaretur
1617 3415 1752 3501 imperio
1767 3435 1875 3501 neque
1890 3413 2057 3478 federatus

408 3531 493 3587 esset
517 3545 591 3586 oum
613 3519 759 3586 hostibus
783 3521 875 3606 regni
899 3541 1005 3608 neque
1029 3521 1099 3606 ipse
1124 3529 1258 3606 cuperet
1281 3521 1314 3584 in
1337 3543 1438 3607 regno
1462 3543 1599 3606 regnare
1623 3520 1675 3585 vel
1699 3520 1868 3602 dominari,
1893 3541 1955 3606 ego
1980 3543 2056 3584 eun-

407 3629 482 3695 dem
506 3651 626 3716 papam
649 3650 742 3692 suum
767 3628 814 3691 sic
837 3625 1018 3713 repudiavi,
1043 3637 1079 3691 ut
1100 3626 1167 3691 Dei
1189 3627 1294 3713 gratia
1321 3649 1373 3692 me
1402 3626 1604 3692 confortante
1636 3627 1778 3692 dicerem
1808 3649 1975 3714 nunquam
2005 3648 2100 3690 meso

407 3735 453 3800 illi
477 3734 691 3816 obediturum,
715 3733 772 3820 qui
795 3757 815 3798 a
837 3733 925 3799 nullo
949 3731 1109 3798 cardinali
1131 3735 1283 3819 episcopo
1307 3743 1393 3798 esset
1417 3743 1635 3816 consecratus,
1659 3733 1719 3800 sed
1741 3731 1783 3798 ab
1800 3744 1956 3798 extraneo
1981 3755 2056 3797 exe-

408 3853 516 3907 cratus
546 3852 579 3906 et
607 3841 641 3904 in
672 3841 764 3904 ouius
794 3850 887 3926 parta
918 3862 982 3904 non
1013 3850 1099 3905 esset
1128 3861 1246 3926 corpus
1269 3840 1413 3923 Domini,
1442 3840 1530 3927 quod
1557 3851 1683 3906 constat
1713 3849 1807 3906 extra
1836 3841 1993 3905 unitatem
2024 3841 2057 3903 in

407 3949 558 4014 scismate
589 3947 706 4012 confici
735 3968 801 4010 non
830 3967 936 4032 posse.
983 3945 1055 4010 Hoc
1079 3944 1180 4010 verbo
1211 3945 1321 4011 audito
1345 3947 1516 4012 commotio
1539 3948 1723 4034 principum
1746 3957 1836 4012 tanta
1858 3946 1920 4012 fuit
1943 3957 2057 4012 contra

406 4077 468 4136 ma,
492 4065 528 4119 ut
551 4053 668 4141 aliquis
692 4075 804 4118 eorum
821 4053 1073 4117 comminaretur
1096 4051 1176 4116 mihi
1198 4051 1418 4139 suspendium,
1443 4051 1560 4140 aliquis
1583 4054 1731 4140 rapinam
1754 4051 1913 4118 bonorum
1937 4063 1970 4118 et
1993 4052 2057 4118 alia

407 4160 591 4226 huiusmodi
620 4159 718 4242 mala,
748 4158 789 4224 de
819 4157 937 4247 quibus
967 4182 1033 4224 non
1063 4168 1112 4223 est
1141 4157 1236 4223 modo
1267 4157 1442 4223 dicendum
1471 4181 1531 4245 par
1553 4158 1690 4244 singula,
1714 4158 1833 4224 domno
1858 4159 2056 4246 imperatore
2074 4181 2100 4222 aa

407 4269 576 4355 pacienter
598 4267 659 4332 bec
682 4266 834 4331 audiente
858 4287 964 4352 neque
979 4274 1088 4330 tamen
1112 4263 1156 4330 ad
1177 4265 1239 4329 hec
1263 4287 1397 4329 assensu
1413 4264 1517 4330 malob
1533 4275 1706 4348 annuente,
1724 4266 1810 4352 quia,
1835 4266 1862 4330 si
1878 4266 2055 4348 annuisset,

407 4375 476 4439 vita
505 4385 537 4438 et
566 4396 706 4461 persona
736 4395 809 4438 mea
838 4372 952 4436 fuisset
982 4371 1132 4458 exposita
1160 4370 1268 4436 multis
1298 4370 1462 4457 periculis,
1493 4393 1578 4458 quae
1609 4381 1799 4458 protegente
1829 4394 1881 4436 me
1910 4371 2056 4437 Domino

407 4490 484 4545 tunc
509 4481 609 4546 evasi.

515 4586 613 4667 Quod
642 4596 750 4652 autem
779 4586 822 4650 sit
850 4585 930 4651 mihi
958 4585 1094 4672 posthac
1124 4584 1266 4649 futurum
1295 4586 1406 4649 nescio
1422 4572 1535 4671 'atque
1559 4584 1632 4651 ideo
1655 4586 1740 4650 inter
1763 4607 1854 4670 spem
1877 4595 1910 4649 et
1932 4595 2055 4650 metum

406 4692 566 4759 fluctuans
590 4716 610 4756 a
633 4703 747 4756 sancta
761 4692 908 4757 Romana
931 4690 1092 4756 aecclesia
1109 4713 1170 4778 per
1183 4690 1318 4756 latorem
1335 4693 1533 4777 presentium
1549 4689 1719 4756 eonsilium
1742 4702 1775 4756 et
1797 4690 1956 4756 auxilium
1979 4702 2055 4778 peto
2073 4716 2100 4755 so

407 4810 440 4864 et
463 4808 640 4886 expectans
664 4808 813 4886 expecto,
843 4808 939 4884 prout
960 4797 1034 4862 Deo
1066 4797 1229 4884 aspirante
1253 4806 1363 4861 vestra
1389 4797 1562 4884 prudentia
1588 4798 1793 4884 prospexerit
1822 4799 2054 4880 necessarium,

407 4929 472 4972 non
495 4905 598 4972 solum
621 4904 710 4986 mihi,
735 4903 794 4969 sed
817 4915 849 4968 at
872 4903 943 4968 aliis
967 4905 1001 4968 in
1024 4903 1085 4968 hoc
1110 4904 1269 4968 scismatis
1290 4903 1436 4990 periculo
1460 4904 1600 4968 anxiatis
1624 4903 1767 4990 mihique
1789 4906 1824 4968 in
1847 4903 2055 4970 tribulatione

407 5014 548 5078 sociatis.
596 5012 741 5093 Quorum
771 5033 893 5076 nevos
919 5010 1042 5075 lateant
1070 5011 1249 5096 angustiae,
1273 5011 1368 5075 unius
1392 5033 1504 5075 eorum
1525 5010 1649 5075 litteras
1673 5009 1752 5074 mihi
1775 5012 1890 5074 missas
1913 5033 2054 5098 pensare

407 5120 603 5206 dignemini:
627 5119 751 5184 Domao
769 5115 954 5206 Gserlolzo]
971 5119 1095 5183 illustri
1114 5132 1142 5182 et
1164 5119 1341 5184 vaomadlll
1353 5120 1517 5204 preposito
1541 5118 1579 5182 de
1594 5118 1803 5205 Ricderaberp
1818 5119 1941 5205 freter,
1964 5121 2055 5183 corius

407 5252 516 5292 aeman
539 5227 701 5292 tacendum
726 5240 778 5305 eet,
802 5249 871 5290 cum
894 5226 1046 5290 laetantia
1070 5226 1245 5290 orationum
1268 5227 1409 5290 ar‘aoeroe
1433 5225 1606 5290 devotionis
1628 5226 1817 5310 obsequium.
1852 5223 2054 5290 Periculosae
2072 5249 2099 5289 to

514 5475 540 5540 a)
562 5477 574 5529 l
593 5480 706 5529 dhantea
724 5495 802 5543 supra
820 5477 894 5536 linea,
913 5477 956 5526 ahi
974 5477 1098 5528 virentes
1116 5477 1164 5528 dal.
1237 5473 1264 5538 b)
1286 5495 1349 5528 corr.
1369 5494 1398 5528 ea·
1417 5476 1496 5527 mala.

517 5693 546 5766 1)
571 5695 631 5752 loo.
655 5695 686 5751 V.
711 5694 742 5751 S.
761 5692 896 5770 Greqorii
918 5693 972 5764 IV,
998 5713 1020 5750 c.
1041 5693 1090 5763 19,
1117 5691 1189 5769 Opp.
1215 5695 1258 5750 ed.
1282 5692 1390 5750 Bened
1416 5692 1469 5762 IV,
1495 5694 1545 5750 col.
1565 5692 1636 5749 135.
1674 5693 1716 5750 M.
