4410 6406
455 307 518 370 302
745 313 925 369 GERHOHI
949 313 1181 368 PRAEPOSITI
1204 313 1611 370 REICHERSBERGENSIS
1635 313 1800 369 LIBELLI.

451 500 576 580 bamus,
607 501 669 564 nisi
699 499 781 564 forte
812 498 932 565 alicubi
964 498 1152 564 discordent
1175 523 1194 564 a
1217 500 1349 564 divinae
1379 499 1461 586 legis
1489 499 1782 580 constitutionibus,
1806 522 1921 563 verum
1954 499 1991 562 in
2016 496 2111 560 domo

452 605 551 673 Iacob
568 605 707 692 simplex
730 608 872 672 narratio
897 617 928 670 et
952 607 1115 671 sincerum
1131 607 1288 672 iudicium
1304 606 1482 671 secundum
1499 606 1750 671 consuetudines
1774 607 1987 692 antiquorum
2007 603 2112 690 ponti-

451 715 547 778 ficum
568 713 786 778 Romanorum
810 723 964 800 perornat
986 714 1090 798 ipsam
1116 712 1255 795 domum,
1281 714 1307 776 si
1330 713 1385 777 lex
1401 713 1535 777 Domini
1558 712 1857 799 inreprehensibilis
1882 710 2057 799 presideat
2079 711 2114 772 in

451 842 501 902 ea,
531 831 697 906 tamquam
727 819 859 884 domina
889 821 1034 905 gentium
1063 821 1216 906 princeps
1248 821 1498 906 provinciarum,
1523 842 1588 906 qua
1615 820 1801 884 dominante
1826 829 1857 884 et
1881 827 2048 904 regnante
2080 817 2114 880 in

451 926 546 992 domo
570 924 670 990 Iacob
701 925 755 990 lex
779 927 916 991 forensis
946 925 1059 990 iudicii
1084 926 1135 990 vel
1160 926 1278 991 aneilla
1304 925 1487 990 subserviat
1510 949 1571 1013 per
1593 925 1875 1012 contemptibiles*
1907 925 1951 990 ad
1985 924 2144 988 maiores

274 1059 433 1108 erarium.
452 1034 557 1098 minus
581 1032 715 1098 idoneos
739 1034 983 1114 amministrata,
1015 1035 1099 1097 sicut
1122 1032 1286 1120 apostolus
1310 1033 1457 1115 consulit,
1486 1056 1527 1098 ne
1551 1034 1689 1098 maiores
1713 1033 1768 1120 qui
1792 1033 1932 1097 orationi
1957 1041 1993 1096 et
2018 1031 2114 1094 mini·

343 1165 433 1214 ·p.rss.
452 1141 550 1204 sterio
574 1138 667 1204 verbi
691 1162 764 1204 cum
789 1139 942 1226 apostolis
966 1162 1085 1205 vacare
1110 1139 1255 1222 'debent
1286 1140 1420 1204 nimium
1448 1139 1648 1204 secularibus
1672 1141 1817 1225 negociis
1840 1139 2058 1226 implicentur
2081 1149 2114 1201 et

452 1269 511 1333 per
533 1247 594 1311 heo
619 1247 747 1311 utiliora
777 1247 983 1312 suffocentur.
1030 1245 1160 1311 Iudices
1192 1249 1278 1312 enim
1308 1257 1375 1310 tarn
1406 1246 1568 1311 seculares
1593 1269 1690 1334 quam
1714 1245 1875 1333 spiritales
1906 1248 1941 1310 in
1964 1244 2114 1310 ecclesia

453 1354 515 1418 Dei
533 1352 732 1418 sufficienter
747 1353 788 1418 ad
805 1353 1073 1440 diremptionemb
1090 1353 1192 1418 litium
1210 1353 1453 1418 constituendos
1470 1353 1628 1440 exemplis
1645 1353 1752 1440 Moysi
1768 1365 1800 1418 et
1815 1354 1947 1418 monifis
1967 1351 2113 1438 apostoli

452 1460 616 1542 docemur,
641 1470 676 1524 ut
699 1461 740 1524 sit
763 1461 881 1547 cuique
904 1459 1043 1525 liberum
1059 1483 1116 1546 pro
1134 1483 1306 1524 causarum
1323 1459 1477 1546 qualitate
1494 1483 1580 1524 nunc
1597 1459 1854 1526 ecclesiasticum
1870 1483 1958 1524 nunc
1977 1459 2112 1522 forense
2133 1485 2157 1523 ιο

451 1567 607 1632 iudicium
631 1578 796 1653 expetere,
820 1579 865 1649 ut,
895 1568 922 1630 si
945 1589 1010 1631 non
1033 1567 1243 1653 perfectionis
1267 1589 1376 1631 amore
1402 1566 1470 1630 vult
1493 1589 1552 1631 sua
1575 1577 1815 1653 contempnere,
1846 1567 1879 1631 in
1904 1566 1967 1630 hoc
1993 1565 2112 1630 saltem

451 1672 559 1738 valeat
582 1673 714 1760 pulsans
737 1673 865 1760 pulsato
888 1695 1023 1760 parcere
1048 1696 1190 1760 suaeque
1214 1675 1418 1739 innocentiae
1442 1673 1533 1738 lucra
1557 1675 1654 1738 efiam
1679 1697 1753 1738 cum
1769 1673 1911 1759 dampno
1935 1672 2023 1737 lucri
2048 1682 2112 1736 ter-

451 1781 521 1844 reni
545 1791 765 1866 augmentare,
791 1781 817 1844 si
841 1803 906 1844 non
929 1779 1017 1866 apud
1039 1781 1167 1866 iniquos
1192 1791 1224 1844 et
1247 1780 1394 1845 infideles
1415 1780 1560 1845 forenses
1584 1780 1674 1845 illum
1691 1781 1826 1867 exponit
1848 1780 1931 1845 forte
1956 1779 2112 1843 crucian-

451 1887 538 1968 dum,
562 1887 644 1952 forte
668 1886 872 1973 spoliandum
896 1909 955 1974 per
978 1887 1119 1952 iudicem
1142 1889 1296 1970 cinctum,
1320 1887 1378 1952 sed
1402 1889 1514 1974 pocius
1538 1888 1668 1952 trahens
1691 1887 1782 1952 illum
1805 1887 1847 1952 ad
1863 1886 2113 1952 ecclesiasticos

450 1993 575 2058 iudices
605 1995 770 2079 geminum
801 1993 925 2058 lucrum
957 2005 1173 2080 consequatur
1203 2005 1236 2059 et
1264 1996 1299 2058 iu
1329 1993 1556 2059 emendatione
1586 1994 1694 2058 fratris
1725 2004 1758 2058 et
1786 1995 1821 2059 in
1850 1994 1916 2058 suis
1946 1991 2112 2057 rehabitis
2134 2017 2159 2058 rs

451 2098 574 2187 absque
591 2100 737 2165 vindicta
759 2101 937 2186 sanguinis,
963 2123 1027 2187 qua
1050 2123 1116 2165 non
1139 2099 1238 2166 debet
1260 2101 1379 2166 inferre
1403 2100 1505 2166 iudex
1528 2102 1584 2187 qni
1607 2102 1733 2186 virgam
1757 2110 1892 2182 tantum,
1916 2123 1982 2164 nou
2008 2102 2112 2164 etiam

450 2206 594 2294 gladium
617 2217 734 2293 portat.
771 2205 956 2272 Concordat
979 2207 1029 2271 his
1053 2229 1137 2295 quae
1161 2207 1299 2272 dicimus
1322 2208 1390 2272 Leo
1414 2231 1501 2295 papa
1524 2209 1590 2272 suis
1614 2207 1754 2272 decretis
1777 2206 1920 2294 capitulo
1937 2207 2048 2271 XX¹¹¹⁰
2065 2206 2111 2270 II.

451 2313 600 2378 dicens1:
628 2315 734 2379 Aliud
756 2315 883 2400 quidem
906 2330 951 2380 est
973 2315 1077 2380 debito
1101 2318 1183 2380 iusta
1206 2339 1376 2402 reposcere,
1400 2316 1495 2380 aliud
1510 2318 1650 2401 propria
1666 2316 1880 2402 perfectiouis
1903 2339 2013 2380 amore
2038 2339 2111 2378 ccu-

450 2436 613 2508 tempaere.
662 2419 727 2486 Sed
748 2423 935 2487 illicitorum
958 2425 1082 2487 veniam
1094 2425 1305 2509 posterlauteru
1329 2437 1447 2509 oportet
1469 2425 1562 2487 etiam
1586 2423 1684 2486 ticiu'a
1706 2423 1860 2486 obsanare
1886 2421 2007 2487 dicente
2032 2445 2110 2508 apo-

287 2553 431 2603 ncoasn.
450 2529 545 2592 stolo:
569 2527 698 2594 ‘Omnia
723 2529 824 2607 lacent,
848 2528 906 2592 sed
925 2552 988 2592 uon
1004 2531 1110 2593 omnio
1133 2529 1328 2616 ecpediuut’.
1371 2529 1459 2594 Urrde
1481 2531 1514 2594 ai
1528 2531 1701 2615 penitentes
1724 2529 1836 2593 habeut
1857 2553 1986 2593 causam
2012 2553 2111 2614 quum
2131 2553 2158 2592 ιο

451 2636 606 2722 septipere
626 2636 713 2722 forte
735 2658 797 2699 noa
821 2635 960 2715 debeant
990 2636 1103 2700 melina
1133 2638 1248 2722 eapetit
1275 2638 1347 2721 quob
1377 2637 1640 2700 aecclesiasticum
1669 2661 1763 2722 quern
1778 2636 1913 2723 foretne
1937 2635 2109 2700 iudicium.

344 2767 432 2817 emo.
451 2740 544 2805 Haec
567 2740 706 2805 dicendo
733 2744 877 2806 “sanctus
901 2742 969 2806 Leo
993 2763 1081 2828 papa
1104 2741 1245 2806 ostendit
1268 2743 1345 2806 satis
1364 2764 1440 2806 non
1471 2741 1573 2806 solum
1604 2741 1743 2822 forense,
1775 2740 1955 2806 sedetiam
1979 2740 2110 2806 aeccle-

452 2848 619 2912 siasticum
641 2846 798 2912 iudicium
823 2848 864 2912 ad
880 2847 941 2913 hoc
959 2849 994 2912 in
1009 2846 1171 2913 aeeclesia
1185 2847 1252 2912 Dei
1267 2849 1477 2913 constitutum
1500 2858 1533 2912 et
1556 2870 1614 2912 suo
1638 2860 1783 2934 tempore
1806 2848 1907 2912 fuisse
1931 2858 2109 2935 utrumque

451 2956 615 3036 usitatum,
639 2963 675 3018 ut
697 2955 731 3018 in
747 2953 901 3019 utrolibet
919 2965 1049 3019 servata
1066 2954 1272 3019 distinctione
1296 2954 1368 3020 lites
1385 2954 1649 3038 dissolverentur,
1673 2978 1739 3019 non
1754 2965 1862 3019 tamen
1885 2956 1959 3041 ipsa
1982 2954 2110 3018 iudicia

451 3059 639 3126 confusione
663 3060 857 3126 Babilonica
887 3062 1100 3126 miscerentur
1123 3073 1155 3125 et
1185 3063 1218 3125 in
1242 3061 1406 3147 quoddam
1436 3072 1586 3126 nentrum
1610 3071 1822 3143 verterentur,
1854 3061 1913 3126 sed
1942 3063 1977 3125 in
2000 3062 2107 3126 eccle·
2128 3087 2155 3126 se

451 3168 581 3232 sis-atico
604 3165 732 3254 legibus
756 3167 875 3232 divinis
898 3169 1052 3232 institutis
1077 3190 1237 3233 canonum
1254 3167 1543 3232 consuetudinibus
1564 3168 1658 3234 bonis
1674 3169 1768 3254 virga
1791 3168 1979 3233 directionis
1995 3191 2107 3232 move·

451 3284 539 3338 retur
562 3296 621 3360 per
637 3297 768 3338 manum
792 3274 909 3339 iudicis
933 3298 998 3340 uon
1015 3275 1113 3340 cincti
1138 3287 1170 3339 et
1192 3275 1225 3338 in
1242 3274 1363 3339 forensi
1385 3274 1513 3362 legibus
1536 3274 1757 3362 imperialibus
1774 3274 1901 3362 gladius
1918 3286 2108 3340 moveretur

451 3379 494 3444 ad
509 3379 712 3470 vindicta[m]
730 3381 985 3464 malefactorum,
1009 3382 1139 3447 laudem
1155 3405 1232 3446 vero
1252 3380 1411 3446 bonorum
1434 3403 1493 3468 per
1508 3381 1650 3446 iudicem
1666 3384 1819 3463 cinctum,
1844 3381 1903 3446 sed
1922 3383 1999 3468 quia
2022 3382 2105 3446 tales

291 3514 319 3554 οι.
329 3515 374 3554 120.
382 3514 402 3564 r,
410 3514 431 3556 e.
451 3486 636 3575 aliquando,
653 3497 689 3552 ut
704 3487 804 3552 Iacob
822 3488 986 3575 apostolus
1003 3490 1057 3572 ait,
1076 3490 1261 3576 opprimunt
1284 3499 1316 3552 et
1339 3489 1401 3574 ipsi
1426 3489 1557 3553 trahunt
1572 3510 1734 3574 pauperes
1750 3487 1792 3552 ad
1807 3487 1940 3568 iudicia,
1965 3488 2103 3552 salubris

293 3619 401 3672 nosse,
410 3623 430 3661 1.
450 3603 500 3658 est
523 3594 724 3660 consuetudo
746 3595 781 3658 in
804 3594 954 3676 ecclesia,
979 3605 1014 3660 ut
1038 3594 1201 3682 apostolus
1225 3595 1377 3660 audiatur
1399 3595 1529 3659 dicens:
1559 3596 1666 3662 Audet
1687 3597 1808 3682 uliquis
1830 3611 1964 3661 cestrum
1989 3598 2104 3661 habens
2124 3623 2150 3662 so

342 3728 430 3779 mss.
451 3704 607 3789 negotium
630 3702 776 3767 iudicari
795 3703 886 3788 apud
907 3705 1034 3790 iniquos
1057 3717 1085 3767 et
1106 3727 1167 3767 nou
1191 3702 1280 3789 apud
1300 3716 1440 3784 sanctos,
1463 3713 1561 3788 atque
1585 3713 1620 3766 ut
1642 3703 1712 3788 ipse
1729 3713 1838 3766 monet
1854 3725 1964 3766 coram
1982 3704 2102 3766 sanctis

450 3817 483 3872 et
508 3805 706 3894 spiritalibus
737 3808 899 3873 interdum
922 3819 1101 3873 tractentur
1124 3809 1256 3894 negotia
1280 3810 1378 3872 etiam
1402 3809 1511 3873 civilia
1537 3831 1602 3873 non
1630 3809 1802 3895 inportuno
1826 3810 1949 3894 garritu
1972 3808 2102 3894 legista-

450 3937 531 3996 rum,
556 3914 615 3978 sed
638 3937 775 3978 censura
797 3914 906 4000 legum
930 3914 1114 3978 divinarum
1137 3913 1373 3979 terminandas
1420 3915 1517 3980 Esset
1543 3926 1650 3980 tamen
1674 3927 1848 4002 utcumque
1872 3914 2052 3998 tolerabile,
2076 3917 2103 3980 si

450 4020 601 4085 fidelibus
632 4031 665 4086 ct
694 4020 788 4086 bonis
814 4020 939 4107 legistis
970 4021 1011 4085 ad
1036 4021 1178 4107 aliquam
1202 4043 1334 4085 cansam
1359 4021 1564 4086 discutienda
1587 4044 1607 4085 a
1629 4021 1737 4086 iudice
1768 4020 1905 4107 spiritali
1935 4021 2101 4087 advocatis

339 4155 430 4205 mnae.
450 4127 669 4193 discussiones
692 4127 746 4192 ille
769 4128 885 4192 fierent
908 4150 1053 4192 seorsum
1077 4138 1109 4192 et
1139 4126 1311 4214 adipsum
1334 4128 1517 4192 differretur
1541 4139 1573 4192 et
1596 4128 1778 4193 deferretur
1801 4127 1914 4192 'finale
1944 4127 2101 4214 iudicium
2120 4155 2147 4194 as

450 4233 491 4298 de
523 4235 692 4299 sententiis
722 4232 910 4321 legista-rum
941 4235 1009 4299 sive
1041 4232 1308 4299 concordantium
1339 4235 1430 4298 sived
1453 4235 1719 4316 discordantium,
1744 4246 1779 4299 ut
1808 4236 1878 4321 ipse
1902 4234 1991 4299 velut
2021 4235 2102 4300 alter

450 4339 558 4405 Adam
582 4339 710 4405 videret
738 4340 817 4427 quid
840 4351 974 4404 vocaret
1001 4363 1081 4421 eam,
1107 4363 1169 4426 que
1194 4340 1360 4426 elegistis
1392 4351 1500 4405 essent
1530 4365 1632 4428 usque
1662 4343 1695 4406 in
1719 4341 1817 4406 finem
1840 4341 1999 4406 discusse.
2047 4343 2100 4408 Sic

452 4449 549 4512 etiam
580 4471 700 4535 papam
722 4447 908 4534 Eugenium
931 4446 1071 4511 vidimus
1102 4447 1267 4534 aliquanto
1298 4448 1425 4529 fecisse,
1457 4471 1532 4512 cum
1561 4446 1697 4512 haberet
1727 4470 1836 4513 secum
1867 4448 1989 4534 peritos
2019 4449 2100 4535 legis

451 4554 622 4637 humanae,
647 4553 765 4641 quibus
792 4555 826 4619 in
850 4553 998 4619 absentia
1028 4576 1086 4618 sua
1114 4555 1248 4640 negotia
1270 4553 1502 4620 ventilantibus
1533 4556 1603 4641 ipse
1633 4554 1765 4620 tandem
1796 4577 1835 4618 ea
1865 4557 2101 4620 consummavit

451 4660 581 4725 iudiciis
604 4660 766 4725 finalibus.
812 4660 1017 4746 Aliquotiens
1040 4659 1172 4724 tandem
1196 4657 1309 4746 legista
1334 4661 1483 4748 permissi
1513 4673 1588 4726 ante
1612 4663 1718 4747 ipsum
1742 4663 1879 4748 strepitu
1903 4661 2045 4728 clamoso
2069 4673 2101 4726 et
2117 4688 2145 4727 so

450 4768 624 4834 artificioso
648 4789 765 4832 causas
796 4766 962 4831 involvere
987 4767 1033 4832 sic
1057 4789 1113 4831 eas
1135 4767 1380 4848 intricaverunt,
1404 4779 1439 4832 ut
1462 4769 1520 4832 vix
1543 4769 1683 4855 poterint
1706 4769 1759 4833 vel
1782 4769 1852 4855 ipse
1875 4769 1929 4833 vel
1952 4769 2101 4834 cardina·

270 4899 430 4952 sanzonem.
449 4874 530 4939 lium
554 4875 727 4961 quisquam
751 4895 806 4937 eas
831 4872 1008 4938 dissolvere
1038 4873 1218 4960 meliusque
1249 4884 1326 4939 tunc
1355 4874 1470 4939 fuisset
1498 4874 1570 4939 illas
1601 4875 1757 4940 einomias
1788 4875 1897 4940 domui
1920 4874 2100 4940 Pharaonis

450 4983 601 5045 inmissae
631 4982 665 5045 in
689 4980 820 5045 domum
843 4979 943 5043 Iacob
974 5003 1037 5044 non
1068 4979 1167 5044 fuisse
1198 4981 1399 5045 intromissas
1429 4983 1570 5070 maxime
1602 4991 1757 5066 regnante
1781 4979 1911 5047 Christo
1942 4983 1974 5045 in
2005 4981 2100 5047 domo

449 5086 550 5152 Iacob
574 5089 607 5151 in
631 5098 786 5152 eternum.

558 5331 585 5394 a)
608 5331 801 5398 conteptibiles
820 5348 840 5382 c.
914 5326 941 5392 b)
964 5331 1145 5397 direptionem
1163 5349 1183 5381 e.
1256 5329 1282 5393 c)
1304 5334 1474 5383 terminanna
1492 5350 1512 5384 c.
1585 5329 1614 5394 d)
1634 5349 1699 5383 seve
1718 5350 1738 5384 e.
2119 5344 2145 5384 u

561 5557 590 5628 1)
618 5558 709 5634 Epist.
727 5557 797 5614 167.
822 5557 864 5613 ad
877 5556 1029 5626 Rusonem,
1054 5555 1155 5632 inquis.
1173 5557 1210 5626 X,
1237 5555 1310 5632 Opp.
1335 5559 1377 5614 ed.
1395 5557 1538 5615 Ballert'm‘
1560 5559 1583 5628 I,
1609 5560 1658 5615 col.
1677 5559 1777 5628 1424;
1802 5559 1955 5618 Heraclius
1972 5581 2005 5636 p.
2021 5560 2101 5628 617,-

454 5664 539 5725 (ἔται.
558 5663 590 5724 C.
607 5664 661 5736 XI,
686 5684 731 5741 qu.
752 5664 779 5733 1,
805 5683 827 5720 c.
854 5662 912 5732 24,·
936 5662 976 5733 cs.
1001 5662 1048 5719 De
1071 5662 1179 5740 edificio
1203 5663 1260 5719 Dei
1281 5683 1304 5720 c.
1324 5664 1396 5733 113,
1415 5685 1448 5740 p.
1469 5665 1539 5721 181.
