4426 6398
640 371 875 432 emortuus
897 371 1189 432 EBORAOENSES.
1223 374 1275 432 1v.
1720 371 1784 435 669

132 563 319 650 regiminis„
335 572 484 628 sanctum
508 571 542 627 et
562 563 710 648 regimen
732 561 849 648 ipsum,
872 581 935 626 nec
957 560 1001 626 ad
1023 559 1104 626 illud
1127 560 1285 626 accedere
1301 563 1475 649 quisquam
1493 563 1564 628 iure
1580 573 1697 650 potest,
1720 566 1785 630 nisi
1899 607 1902 615 ·

133 678 275 735 sanctus.
316 667 375 734 Hii
398 669 496 734 etiam
519 668 575 754 qui
598 677 756 754 regnrntur
774 691 872 756 qoam
891 682 966 733 sant
987 667 1125 749 electam,
1145 692 1222 756 pauo
1243 683 1363 750 cauom,
1381 670 1522 756 popalus
1545 670 1783 757 mutuastis,
1803 698 1950 749 aroana

132 800 245 858 samen,
268 778 324 842 cai
344 775 504 842 beuadc'cr't
516 775 685 860 Dominus,
709 783 742 838 et
764 772 808 838 sd
822 795 904 860 quos
926 772 1114 859 specialiter
1135 773 1279 860 loquitur
1294 774 1424 840 diceus:
1449 775 1563 842 Sancti
1582 791 1682 859 estote,
1705 781 1784 865 quia
1802 803 1940 854 manas

133 897 162 948 at
183 906 237 970 eqo
264 895 391 947 saumae
418 905 499 962 sum,
528 881 674 947 domiuus
696 879 785 946 Deus
807 893 913 946 vater.
959 877 1040 944 Ideo
1070 880 1170 964 igitur
1199 892 1433 946 consecrantur
1461 892 1495 947 et
1523 879 1784 948 benedicuntur*

101 1017 114 1056 s
133 986 320 1052 sacerdotes
343 997 377 1052 et
398 1008 503 1074 reges,
527 994 563 1051 ut
586 995 698 1072 sancte
717 986 824 1072 gentis
847 995 880 1050 et
902 985 1035 1050 seminis
1051 984 1225 1070 benedicti,
1250 989 1354 1052 sancti
1378 988 1442 1052 sint
1463 996 1607 1053 rectores
1630 999 1664 1053 et
1684 987 1783 1055 bene·

133 1093 212 1158 dicti
235 1103 268 1158 et
290 1102 402 1180 sancte
424 1093 577 1179 potestati
601 1095 793 1178 *sanctoque
816 1091 967 1177 regimini
990 1093 1096 1156 sancti
1111 1092 1296 1177 cohereant,
1320 1102 1354 1158 et
1376 1094 1517 1158 ministri
1541 1106 1574 1159 et
1597 1105 1784 1162 sanctorum
1802 1121 1894 1172 auu.

134 1198 276 1265 decensb
300 1200 341 1264 sit
364 1197 501 1286 copula⁶
526 1199 615 1264 etin
638 1196 762 1284 glutino
785 1196 852 1262 Dei
874 1198 967 1263 unita
989 1199 1185 1264 conventio‘¹
1187 1247 1395 1265 .......

241 1304 341 1370 *Ideo
364 1306 464 1390 igitur
486 1315 718 1370 consecrantur
747 1303 934 1369 sacerdotes
964 1313 997 1369 et
1018 1325 1114 1391 reges
1137 1315 1170 1370 et
1191 1304 1444 1390 sanctificantur,
1467 1316 1504 1371 ut
1524 1306 1621 1372 nullis
1644 1309 1784 1394 negotiis
1803 1334 1891 1384 muas.

134 1409 188 1476 vel
211 1409 350 1494 actibus,
373 1412 430 1498 qui
453 1411 496 1476 ad
518 1409 627 1475 Deum
650 1410 782 1474 minime
806 1411 982 1496 pertinent,
1006 1419 1215 1498 occupentur,
1238 1411 1296 1477 sed
1325 1414 1430 1477 sancti
1460 1413 1534 1496 sint,
1561 1412 1596 1477 id
1619 1423 1669 1480 est
1691 1425 1785 1480 extm

90 1547 117 1587 10
134 1529 253 1582 terram
283 1527 317 1582 et
345 1527 440 1582 extra
467 1516 625 1582 mundum
648 1516 821 1602 segregati,
845 1516 931 1581 inter
952 1515 1061 1582 Deum
1092 1527 1125 1582 et
1146 1517 1302 1605 populum
1328 1517 1524 1584 mediatores
1553 1517 1670 1604 effecti,
1696 1522 1784 1585 etin

135 1622 213 1712 celis
236 1634 470 1690 conversentur
492 1633 526 1689 et
547 1623 582 1687 in
604 1623 698 1688 terris
722 1619 868 1688 subditos
891 1621 1110 1689 moderentur.
1155 1623 1246 1706 Ideo,
1275 1625 1419 1711 iuquam,
1448 1625 1701 1711 sanctificantur,
1726 1627 1783 1692 sed

134 1730 239 1796 isdem
260 1728 539 1795 sanctificantibus
562 1730 679 1794 causis.
724 1727 810 1794 Nam
833 1727 949 1793 eodem
972 1739 1084 1795 sancto
1108 1729 1233 1816 Spiritu
1256 1730 1508 1814 sanctificantur,
1533 1731 1648 1797 ecdem
1672 1743 1784 1800 sancto

135 1836 308 1902 chrismate
331 1846 365 1902 et
387 1835 458 1902 oleo
481 1835 735 1918 sanctificantur,
760 1833 876 1899 ecdem
905 1845 1018 1902 sancto
1048 1835 1142 1901 verbi
1164 1835 1230 1901 Dei
1252 1837 1420 1902 misterio⁰
1444 1849 1477 1902 et
1498 1839 1618 1904 virtute
1642 1839 1783 1906 sanctifi·

135 1953 258 2022 cantur.
303 1941 401 2008 Unde
436 1952 469 2007 ct
503 1941 641 2007 eandem
675 1940 966 2006 sanctificationem
1001 1953 1034 2006 et
1067 1941 1206 2006 eundem
1241 1944 1495 2008 consecrationis
1526 1942 1693 2010 ‘effectum
1728 1968 1784 2012 eos
1802 1972 1892 2022 ⁸„usn

91 2049 255 2118 rehabere
286 2048 420 2136 quidam
449 2047 647 2115 arbitrantur
674 2057 808 2135 propter
836 2047 969 2114 easdem
999 2070 1115 2112 causas
1147 2049 1387 2115 sanctificantes
1419 2060 1452 2114 et
1480 2060 1614 2137 propter
1644 2051 1782 2118 eandem

134 2157 329 2222 unctionem.
382 2154 478 2221 Unde
511 2177 578 2220 uua
611 2154 792 2241 eademque
826 2153 956 2220 videtur
990 2175 1061 2218 esse
1095 2155 1309 2220 sanctificatio
1344 2155 1523 2221 sacerdotis
1558 2167 1591 2221 et
1624 2159 1712 2243 regis
1749 2170 1783 2224 et

134 2271 267 2350 propter
295 2260 357 2327 hoc
381 2262 485 2326 virtus
514 2260 640 2343 eadem,
664 2282 730 2347 qua
758 2270 894 2346 uterque
924 2259 1127 2326 uniformiter
1157 2260 1336 2345 deificatur,
1367 2273 1400 2328 et
1428 2262 1594 2329 induendo
1618 2263 1805 2342 dominum*

134 2379 278 2435 nostum
292 2367 402 2432 Iesum
418 2365 584 2433 Christum
606 2366 644 2432 fit
666 2367 792 2453 etipse
816 2365 955 2432 christu
976 2366 1122 2432 Domini.
1156 2367 1272 2454 Neque
1290 2369 1377 2433 enim
1401 2369 1435 2433 in
1458 2369 1655 2455 unguendo¹
1671 2391 1782 2458 regem

134 2475 240 2539 minus
269 2482 418 2538 sanctum
447 2472 501 2538 vel
530 2472 672 2538 deterius
702 2472 842 2538 efficitur
871 2472 977 2539 oleum
1007 2472 1088 2539 illud
1117 2484 1151 2539 et
1179 2475 1298 2539 crisma
1323 2484 1473 2540 sanctum
1496 2485 1529 2541 et
1550 2476 1585 2539 in
1607 2477 1783 2562 unguendo

91 2609 117 2648 so
135 2579 338 2646 sacerdotem
361 2580 504 2644 sanctius
527 2589 625 2666 atque
648 2579 774 2662 melius,
798 2578 857 2644 sed
873 2574 915 2644 ad
929 2589 1103 2666 utrumque
1127 2589 1177 2645 est
1198 2582 1293 2646 unius
1309 2580 1456 2646 eiusdem
1472 2582 1601 2648 virtutis
1618 2592 1651 2646 et
1666 2585 1783 2648 sancti·

134 2687 219 2752 tatis.
264 2685 547 2772 Etpropterhoc
570 2684 794 2750 videturesse
817 2695 961 2773 potestas
984 2685 1110 2752 eadem.
1147 2685 1279 2752 Etenim
1303 2689 1331 2751 si
1352 2686 1397 2752 sd
1419 2708 1460 2752 ea
1481 2697 1608 2754 tantum
1630 2690 1784 2775 respicia-

134 2814 215 2875 mus,
240 2791 358 2879 quihus
381 2791 634 2875 sanctificantur,
657 2815 724 2856 una
746 2792 927 2879 eademque
942 2790 1108 2857 videbitur
1129 2794 1165 2857 iu
1180 2803 1317 2879 uuoque
1334 2815 1405 2858 esse
1430 2805 1463 2859 et
1484 2795 1595 2861 unctio
1619 2806 1652 2860 et
1667 2797 1785 2862 sancti·

134 2898 243 2964 ficatio
266 2908 300 2963 et
321 2909 476 2985 potestas.
522 2897 559 2965 Si
581 2920 659 2964 vero
683 2898 726 2964 ad
749 2898 900 2986 exempla
922 2897 1033 2985 divine
1055 2899 1199 2982 rationis,
1222 2901 1317 2964 iuxta
1339 2921 1403 2986 que
1425 2911 1592 2986 unguntur
1615 2911 1648 2966 et
1666 2904 1784 2967 saucti-

135 3005 283 3087 ficautur,
306 3006 409 3070 maior
431 3007 518 3091 regis
541 3027 641 3092 quam
663 3004 841 3071 sacerdotis
866 3015 899 3071 et
920 3007 1030 3071 unctio
1054 3014 1087 3070 et
1109 3004 1323 3070 sanctificatio
1348 3016 1381 3071 et
1402 3017 1556 3093 potestas.
1602 3007 1675 3072 Etsi
1698 3010 1785 3074 enim

92 3110 314 3180 sesecundum
348 3113 518 3177 materiam
552 3111 616 3176 olei
651 3123 683 3176 et
716 3110 845 3176 visibile
880 3121 1119 3177 sacramentum
1148 3111 1264 3176 eadem
1294 3113 1337 3176 sit
1364 3114 1475 3177 unctio
1506 3123 1539 3178 et
1571 3113 1785 3181 sanctificatio

137 3218 315 3282 sacerdotis
338 3228 371 3282 et
393 3218 491 3303 regis,
515 3217 574 3282 sed
596 3217 776 3283 secundum
798 3218 986 3282 interiorem
1015 3218 1154 3302 gratiam
1184 3227 1217 3282 et
1238 3219 1409 3283 veritatem
1439 3218 1613 3285 invisibilis
1636 3230 1669 3285 et
1692 3223 1785 3307 spiri-

136 3323 232 3389 tualis
255 3325 412 3410 unguenti
435 3335 468 3388 et
490 3324 633 3389 maxime
656 3323 835 3389 secuudum
858 3323 1043 3410 exemplum
1072 3321 1131 3388 filii
1153 3322 1229 3406 Dei,
1253 3322 1297 3387 ad
1319 3322 1407 3409 quod
1429 3325 1577 3390 instituta
1600 3335 1659 3408 est,
1682 3329 1787 3392 maior

138 3440 170 3494 et
185 3431 328 3494 sanctior
341 3429 472 3494 videtur
486 3430 596 3495 unctio
620 3439 654 3494 et
676 3428 889 3495 sanctificatio
913 3439 946 3494 et
959 3438 1103 3516 potestas
1126 3430 1214 3514 regis
1231 3450 1328 3515 quam
1351 3429 1540 3494 sacerdotis.
1575 3430 1659 3496 Nam
1675 3435 1785 3498 unctio

138 3535 269 3622 quidem
299 3545 332 3600 et
361 3535 574 3601 sanctificatio
604 3535 810 3600 sacerdotum
840 3534 883 3599 ad
913 3534 1098 3621 exemplum
1128 3534 1241 3600 Aaron
1269 3535 1416 3600 instituta
1445 3545 1504 3618 est,
1535 3559 1631 3623 quem
1654 3537 1786 3625 Moyses
1990 3625 1991 3628 1

93 3667 120 3710 ao
138 3642 273 3706 uncxit⁸
297 3651 330 3706 et
359 3642 585 3724 sanctificavit,
616 3651 648 3706 et
678 3641 765 3728 quod
794 3641 899 3706 maius
929 3650 988 3723 est,
1020 3641 1063 3706 ad
1093 3640 1277 3727 exemplum
1308 3640 1536 3727 apostolorum,
1561 3665 1642 3729 quos
1672 3646 1787 3710 uncxit
1804 3668 1884 3711 mas.

138 3747 230 3812 Deus
259 3758 353 3834 pater
382 3749 535 3814 unctione
565 3747 803 3834 spiritualiter
831 3748 937 3833 gratia
967 3747 1097 3833 spiritus
1120 3748 1235 3811 sancti.
1281 3747 1382 3834 Regis
1404 3769 1483 3812 vero
1507 3750 1616 3814 unctio
1640 3751 1787 3816 instituta
1805 3776 1883 3819 sors.

139 3853 252 3919 estad
276 3852 461 3941 exemplum
483 3853 579 3936 illius,
603 3875 699 3940 quem
715 3855 804 3919 Deru
825 3854 941 3940 paterh
963 3856 1150 3919 oscitante
1174 3852 1303 3917 secrda¹
1323 3875 1387 3939 pre
1409 3855 1552 3920 morbus
1566 3859 1787 3943 participibus
1804 3882 1927 3932 uesano.

138 3964 216 4042 surb,
237 3960 314 4025 Iesu
338 3958 459 4025 Christi
482 3959 605 4025 domini
627 3961 739 4025 noemi.
785 3960 967 4046 Participes
991 3960 1111 4024 etenim
1133 3981 1246 4044 regum
1271 3960 1401 4023 suntin
1424 3981 1519 4024 sacra
1541 3963 1694 4027 unctione
1719 3965 1785 4050 epi·

139 4067 239 4152 scopi,
262 4064 437 4153 presbiteri
459 4076 492 4130 et
514 4087 627 4130 omnes
650 4065 827 4131 christiani.
864 4064 930 4132 Sed
953 4087 1012 4152 pre
1034 4067 1074 4129 iis
1104 4063 1255 4131 omnibus
1278 4068 1370 4131 ausit
1392 4089 1461 4131 eam
1484 4066 1572 4132 Deua
1595 4069 1661 4132 oleo
1685 4071 1786 4156 leticia
1803 4094 1912 4144 raras.

94 4199 121 4240 aa
140 4187 168 4238 at
192 4176 300 4262 pratia
328 4171 470 4260 spiriac
498 4177 608 4238 cauca.
655 4171 740 4237 Nam
770 4170 1043 4258 quemadmodum
1074 4170 1195 4235 dictum
1226 4181 1285 4253 est,
1316 4170 1501 4237 sacerdotes
1532 4172 1664 4259 quidem
1692 4177 1787 4240 unxit

59 4354 66 4370 ⁸
140 4279 223 4345 sicut
251 4277 414 4365 apostolos
445 4299 520 4342 suos
549 4279 702 4342 unctione
733 4277 903 4364 spirituali,
927 4299 1039 4363 regem
1062 4299 1140 4341 vero
1171 4278 1255 4342 sicut
1276 4276 1378 4342 filium
1401 4299 1494 4343 suum
1519 4280 1785 4366 *primogenitum
1804 4271 1900 4375 ᾗξ151581
1909 4323 1955 4368 111

140 4393 172 4449 et
201 4395 275 4450 ante
304 4383 423 4450 secula
445 4385 591 4470 genitum
621 4407 681 4471 pre
710 4374 864 4462 omnibus¹
889 4381 1103 4470 participibus
1133 4385 1209 4447 suis.
1255 4383 1300 4448 Et
1321 4382 1383 4448 hoc
1407 4383 1540 4470 quidem
1563 4384 1720 4450 habemus
1744 4409 1787 4451 ex

139 4492 330 4556 auctoritate
354 4500 387 4555 et
409 4491 571 4555 sententia
593 4489 776 4554 divinarum
800 4491 1089 4572 consecrationum,
1114 4488 1231 4576 quibus
1255 4490 1302 4553 eis
1319 4488 1474 4554 divinitus
1498 4489 1604 4574 datur,
1629 4492 1787 4578 quicquid

69 4619 73 4626 ·
139 4595 260 4661 habent
289 4595 554 4663 sanctificationis
578 4605 610 4660 et
632 4595 758 4683 gratiel‘
781 4605 815 4661 st
836 4596 1015 4683 potestatis.
1062 4594 1270 4680 Quapropter
1299 4596 1383 4660 sicut
1404 4595 1519 4660 mehor
1541 4606 1592 4660 est
1613 4597 1697 4662 filius
1721 4597 1787 4663 Dei

94 4702 292 4790 coapostolis
315 4703 393 4784 suis,
418 4712 450 4767 et
473 4703 615 4766 sanctior
636 4703 746 4766 unctio
771 4703 841 4766 eius
863 4702 1016 4766 unctione
1046 4700 1264 4787 apostolorum
1295 4711 1327 4765 et
1356 4711 1500 4788 potestas
1524 4703 1593 4766 eius
1617 4701 1787 4770 sublimior

138 4819 297 4895 potestate
327 4807 465 4892 illorum,
495 4810 542 4872 ita
570 4807 703 4873 melior¹
729 4829 801 4872 esse
824 4807 955 4872 videtur
983 4829 1042 4871 rex
1072 4805 1295 4871 sacerdotibus
1326 4817 1358 4872 et
1387 4809 1530 4873 sanctior
1552 4811 1694 4876 unctiom
1717 4811 1786 4876 eius

139 4915 291 4980 unctione
314 4914 442 4980 illorum
466 4925 499 4979 et
514 4925 658 5000 potestas
674 4915 743 4978 eius
766 4913 893 4978 illorum
908 4922 1069 5000 potestate
1086 4910 1263 4977 sublimior.
1301 4913 1429 4978 Eadem
1443 4915 1568 4979 ratione
1592 4917 1676 4981 sicut
1691 4915 1786 4981 sedes

139 5020 197 5085 filii
219 5020 285 5085 Dei
307 5022 503 5107 prestantior
527 5031 576 5086 est
598 5019 817 5108 apostolorum
840 5018 927 5102 sede,
950 5020 1019 5084 ita¹¹
1042 5017 1137 5082 sedes
1167 5021 1254 5104 regis
1283 5021 1480 5105 prestantior
1502 5032 1553 5085 est
1581 5021 1786 5088 sacerdotum

140 5125 217 5190 sede
241 5137 275 5190 ct
296 5127 390 5211 virga
413 5128 506 5212 regni
530 5128 599 5191 eius
621 5127 716 5212 virga
738 5125 837 5190 officii
859 5125 997 5207 illorum,
1021 5125 1099 5211 quia
1115 5124 1209 5188 sedes
1233 5135 1266 5188 et
1281 5126 1375 5212 virga
1397 5125 1524 5190 illorum
1548 5137 1786 5192 sacramentum

94 5259 122 5298 ss
140 5242 190 5296 est
212 5231 299 5296 sedis
323 5243 356 5296 et
377 5233 470 5319 virge
493 5232 721 5319 apostolorum,
745 5233 839 5317 virga
861 5242 970 5296 autem
994 5240 1046 5295 et⁰
1071 5230 1165 5294 sedes
1188 5232 1275 5316 regis
1299 5242 1536 5297 sacramentum
1566 5243 1617 5297 est
1638 5234 1730 5321 virge
1754 5244 1788 5298 et
1805 5259 1890 5310 runa.

140 5337 228 5402 sedis
251 5335 383 5402 Christi.
429 5338 502 5403 Hoc
526 5339 624 5403 etiam
650 5347 787 5402 testatur
808 5338 982 5402 auctoritas
1004 5337 1173 5423 utriusque
1195 5335 1442 5402 benedictionis.
1488 5338 1573 5403 Nam
1602 5337 1645 5402 ad
1674 5360 1785 5426 regem

247 5535 274 5600 a)
293 5537 655 5588 comesbsnedicanturA.
705 5535 844 5599 b)dtsA.
893 5534 1120 5603 c)copupulaA.
1170 5534 1786 5601 d)seqaiturmaprmdipresaiodcoocesanctus

139 5625 357 5677 sBs'cmomisas.
406 5623 824 5689 amucomarministeriort.
868 5624 1081 5690 fluguendori.
1127 5619 1323 5690 gluncnxitB.
1369 5621 1502 5685 h)om.B.
1548 5622 1568 5687 i)
1584 5633 1647 5676 ante
1660 5641 1681 5675 s.
1694 5625 1785 5676 om.B.

141 5711 170 5779 h)
191 5713 256 5781 g'ras
271 5709 304 5766 B.
369 5712 389 5778 l)
410 5713 542 5766 melorA.
606 5709 642 5775 rn)
662 5713 838 5764 raama
857 5714 1032 5764 unctionerl.
1093 5709 1121 5775 u)
1143 5714 1297 5762 ita-sac.
1316 5712 1394 5762 sodes
1412 5711 1506 5762 ornB.
1570 5711 1598 5774 ο)
1618 5713 1786 5778 superscml.
