4410 6406
434 379 498 443 308
726 387 905 444 GERHOHI
928 387 1162 445 PRAEPOSITI
1184 388 1591 446 REICHERSBERGENSIS
1616 390 1781 446 LIBELLI.

255 599 414 650 narrasses.
435 573 487 638 die
511 574 566 639 illo
589 575 676 640 idern
699 575 784 638 filius
807 575 873 639 Dei
897 601 996 656 nemo,
1026 576 1141 662 inquit,
1172 580 1258 641 norit
1280 602 1376 664 acqua
1399 579 1508 665 anpeli
1528 579 1770 664 incedensque
1786 579 1882 665 filius
1905 580 1975 642 nostr·
1994 575 2090 642 Peter

433 683 527 746 solue.
574 682 716 746 Proinde
746 704 841 746 nemo
865 705 885 746 a
907 704 959 746 me
983 693 1153 768 exspectet
1176 683 1228 747 vel
1252 685 1435 770 suspicetur
1457 683 1541 748 velle
1565 706 1617 748 me
1641 683 1793 764 diffinire,
1818 683 1907 770 quod
1929 685 1963 748 in
1990 683 2090 747 solius

434 789 541 852 Patris
563 790 685 852 noticia
708 799 741 853 et
763 799 922 875 potestate
947 789 1043 853 situm
1067 801 1125 854 est.
1173 789 1274 854 Totus
1298 813 1376 854 vero
1407 813 1512 854 sermo
1542 801 1653 855 noster
1683 791 1725 854 ad
1748 791 1810 855 hoc
1833 789 1948 872 tendit,
1973 799 2013 854 ut
2036 785 2092 854 de-

434 905 592 959 monstret
620 896 776 981 preterita
805 895 965 960 ecclesiae
997 907 1029 960 et
1060 897 1264 960 inimicorum
1288 897 1357 961 eius
1381 908 1495 962 contra
1518 920 1590 962 eam
1614 908 1706 983 gesta
1729 898 1926 962 sufficientia
1949 919 2025 962 esse
2050 896 2093 960 ad

434 1002 655 1088 impletionem
686 1003 918 1089 scripturarum
949 1001 989 1066 de
1013 1001 1213 1068 Antichristo
1241 1002 1451 1090 loquentium,
1476 1004 1572 1068 etiam
1598 1005 1624 1067 si
1648 1026 1713 1068 non
1736 1005 1847 1068 veniat
1873 1003 1948 1068 talis
1971 1003 2124 1084 bestias

274 1134 414 1184 sparsa.
435 1108 540 1196 qualis
555 1109 654 1194 vulgo
675 1110 844 1173 estimatur
858 1119 1014 1173 venturus
1030 1108 1260 1190 Antichristus,
1277 1111 1334 1196 qui
1349 1110 1503 1174 videlicet
1518 1109 1682 1175 Christum
1705 1133 1770 1175 non
1793 1111 1893 1175 fuisse
1911 1110 2092 1195 Christum,

435 1238 469 1281 se
493 1239 572 1281 vero
597 1215 761 1280 Christum
785 1238 857 1280 esse
881 1226 1015 1298 asserat,
1041 1217 1153 1302 quiin
1177 1216 1296 1302 templo
1326 1217 1486 1281 materiali
1517 1216 1630 1281 sedeat
1658 1217 1831 1282 ostendens
1856 1241 1900 1300 se,
1932 1229 2092 1304 tanquam

436 1323 477 1388 sit
500 1323 602 1404 Deus,
627 1333 660 1386 et
682 1323 766 1388 inter
789 1334 899 1388 cetera
922 1323 1017 1407 signa
1040 1322 1205 1387 mendatis
1233 1322 1435 1388 materialem
1464 1324 1573 1409 ignem
1605 1323 1645 1387 de
1670 1324 1740 1388 celo
1765 1324 1965 1390 descendere
1990 1326 2095 1389 faciat

343 1455 416 1496 rurs.
435 1453 475 1496 ac
504 1429 585 1495 duos
614 1440 714 1494 testes
738 1428 852 1494 Enoch
877 1439 909 1492 et
932 1429 1062 1493 Heliam
1092 1429 1303 1494 materialiter
1333 1429 1461 1494 occidat
1490 1453 1529 1493 ac
1560 1441 1670 1494 cetera
1699 1441 1844 1517 peragat,
1873 1455 1936 1518 que
1968 1431 2013 1496 de
2037 1432 2094 1497 illo

436 1536 658 1601 ecclesiastica
680 1537 784 1622 magis
809 1537 918 1622 opinio
943 1558 1039 1622 quam
1063 1535 1145 1600 fides
1168 1546 1266 1600 tenet.
1302 1536 1401 1601 Fides
1425 1537 1512 1601 enirn
1534 1536 1629 1602 nobis
1654 1537 1755 1601 solum
1778 1539 1813 1601 in
1827 1538 1938 1602 Deum
1961 1549 2095 1625 patrem
2116 1561 2141 1601 ro

435 1645 524 1708 etin
548 1643 714 1708 dominum
737 1643 845 1707 Iesum
870 1653 967 1729 atque
992 1644 1026 1706 in
1049 1642 1218 1707 amborum
1241 1645 1389 1730 spiritum
1414 1655 1519 1708 estet
1542 1666 1613 1708 esse
1637 1636 1736 1708 debet
1759 1655 1856 1731 atque
1880 1645 1915 1708 in
1938 1645 2002 1726 his,
2029 1667 2095 1732 que

436 1752 468 1814 in
493 1773 628 1837 corpore
658 1774 717 1838 pro
741 1760 852 1814 nostra
882 1749 985 1814 salute
1009 1771 1123 1835 passus
1148 1761 1198 1814 est
1219 1749 1272 1814 vel
1296 1752 1363 1836 egit
1387 1749 1536 1814 dominus
1559 1751 1652 1815 Iesus
1683 1762 1716 1815 et
1745 1751 1786 1815 de
1816 1751 1925 1816 futuro
1955 1752 2094 1817 iudicio.

435 1857 488 1922 De
512 1856 713 1922 Antichristo
737 1879 815 1921 vero
845 1855 945 1921 nichil
976 1855 1063 1920 aliud
1087 1854 1182 1920 nobis
1212 1857 1332 1921 infide
1357 1879 1428 1922 esse
1456 1856 1563 1938 debet,
1594 1858 1657 1921 nisi
1681 1857 1769 1944 quod
1791 1881 1851 1944 per
1874 1860 1944 1924 eius
1968 1859 2095 1924 adven-

436 1976 503 2030 tum
534 1977 566 2030 ct
596 1965 818 2052 operationem
848 1965 1028 2050 scripturae
1060 1962 1100 2027 de
1130 1963 1185 2028 illo
1214 1963 1447 2050 prophetantes
1477 1963 1633 2050 compleri
1662 1986 1799 2028 neeesse
1830 1976 1889 2029 est.
1937 1965 2038 2030 Unde
2063 1977 2097 2030 et

435 2072 529 2137 nobis
554 2073 681 2159 opinari
704 2071 757 2135 vel
782 2072 933 2135 estimare
956 2069 1033 2134 licet
1056 2069 1096 2134 de
1119 2069 1339 2151 Antichristis,
1364 2072 1420 2156 qui
1442 2081 1681 2157 precesserunt,
1705 2073 1733 2135 si
1756 2071 1838 2136 forte
1863 2071 1906 2136 ad
1929 2072 2096 2158 impletio·
2118 2096 2143 2135 rs

435 2202 511 2244 nem
535 2181 766 2265 scripturarum
791 2189 823 2242 et
846 2178 1024 2242 misterium
1047 2177 1226 2264 iniquitatis
1250 2177 1448 2242 sufficientes
1470 2179 1534 2241 sint
1556 2200 1598 2242 an
1614 2200 1689 2258 non,
1713 2179 1865 2242 nimirum
1882 2178 2095 2265 cupientibus

436 2285 529 2351 nobis
560 2287 593 2350 in
617 2283 820 2350 sermonibus
845 2285 911 2348 suis
941 2284 1116 2348 iustificare
1141 2283 1319 2348 Dominum
1343 2307 1382 2348 ac
1405 2283 1628 2348 demonstrare
1657 2284 1877 2366 iustificatum,
1902 2286 1965 2350 etsi
1993 2285 2095 2350 hodie

257 2417 416 2466 astruunt.
436 2393 506 2458 freri
529 2393 608 2457 velit
631 2392 727 2456 finale
751 2391 917 2473 iudicium,
949 2391 1033 2456 sieut
1056 2392 1213 2477 scripturn
1238 2403 1302 2455 est:
1329 2391 1505 2478 laetificata
1529 2407 1572 2456 est
1593 2395 1752 2478 sapientia
1775 2419 1795 2458 o
1811 2395 1899 2480 filiis
1921 2397 2002 2458 sarrs.
2051 2393 2096 2457 Et

436 2500 495 2565 hcc
519 2500 560 2564 de
576 2501 757 2586 prefatione
782 2498 870 2563 diota
886 2499 959 2562 sint.
994 2498 1089 2562 Nunc
1115 2496 1262 2561 divinum
1285 2498 1476 2561 invocamus
1499 2497 1705 2580 adiutorium,
1731 2500 1823 2562 cuius
1847 2500 1964 2585 spiritu
1989 2501 2094 2586 scrip-

435 2617 516 2688 ture,
542 2606 582 2671 de
607 2606 724 2693 quibus
754 2628 841 2670 nunc
871 2606 1016 2686 interest,
1047 2604 1176 2669 condite
1201 2615 1284 2685 sunt,
1308 2615 1344 2668 ut
1367 2604 1408 2669 de
1431 2604 1525 2669 nobis
1553 2605 1587 2668 in
1610 2605 1736 2688 eodem,
1761 2628 1824 2692 quo
1849 2605 1980 2670 condite
2006 2619 2093 2688 sunt,
2114 2630 2143 2670 ro

435 2716 549 2801 spiritu
574 2713 613 2778 de
637 2715 716 2801 ipsis
741 2713 909 2800 scripturis
933 2723 1022 2776 recta
1045 2733 1160 2798 sapere
1184 2733 1222 2774 ac
1247 2710 1287 2775 de
1312 2712 1381 2775 cius
1405 2733 1535 2798 semper
1550 2711 1769 2776 consolatione
1793 2713 1826 2776 in
1844 2712 2029 2778 ordinando
2053 2735 2094 2778 ac

435 2821 589 2885 struendo
613 2842 760 2884 sermone
784 2818 938 2905 gaudere.

624 2999 727 3063 Item
751 2998 835 3062 alia
857 2996 1078 3084 praefacio
1103 3019 1227 3082 super
1251 2996 1649 3060 commemoratione
1674 2997 1897 3061 scismatis.

543 3123 626 3188 Cum
656 3121 774 3187 librum
806 3122 892 3187 hunc
921 3123 1061 3208 primurn
1091 3121 1349 3206 investigationis
1379 3120 1572 3185 Antichristi
1607 3119 1784 3185 scriberem
1814 3131 1846 3185 et
1876 3143 1992 3186 recens
2023 3123 2091 3188 iarn
2112 3147 2140 3186 aa

356 3255 416 3305 ·p.s.
436 3232 555 3296 scisma
578 3230 618 3295 de
643 3231 848 3294 contentione
871 3239 1009 3315 papatus
1032 3227 1213 3292 Alexandri
1236 3239 1334 3314 atque
1352 3227 1551 3308 'Octaviani
1576 3249 1672 3313 quem
1689 3227 1855 3292 Victorem
1879 3228 2002 3310 dieunt,
2026 3231 2091 3293 fer-

436 3349 528 3403 veret
551 3337 686 3423 singulis
710 3334 867 3422 partibus,
893 3334 980 3421 quod
1003 3333 1066 3398 sibi
1090 3333 1295 3398 commodum
1311 3332 1484 3398 videbatur
1505 3335 1540 3398 in
1564 3336 1614 3398 sui
1636 3335 1782 3398 favorem
1798 3335 2040 3400 assumentibus
2057 3347 2092 3402 et

436 3445 626 3512 alterutrum
650 3445 719 3507 sive
749 3465 809 3530 per
831 3443 1002 3506 veritatem
1026 3442 1094 3504 sive
1125 3463 1184 3526 per·
1207 3441 1413 3505 occasionem
1436 3439 1679 3526 derogantibus,
1704 3440 1845 3528 dumque
1869 3454 1979 3528 partes
2003 3455 2090 3508 utre-

436 3577 499 3640 que
522 3550 727 3616 multitudine
750 3571 943 3634 magnorum
967 3559 999 3612 et
1021 3570 1087 3612 non
1111 3547 1444 3633 contempnendorum
1470 3547 1675 3612 sacerdotum
1698 3549 1887 3634 insuperet
1910 3571 2026 3635 regum
2049 3573 2089 3616 ao

436 3661 619 3747 principum
644 3680 678 3722 se
701 3657 813 3722 favore
844 3657 1023 3720 munirent:
1055 3654 1160 3719 fateor
1189 3653 1250 3718 hac
1281 3655 1496 3718 contentionis
1526 3652 1647 3718 nebula
1675 3665 1775 3718 totam
1806 3667 1927 3719 terram
1956 3667 2089 3742 tegente
2110 3682 2136 3722 sc

436 3768 618 3853 faciemque
643 3764 780 3830 ecclesie
803 3773 887 3827 tetra
903 3762 1042 3848 caligine
1058 3760 1249 3826 obfuscante
1265 3761 1424 3824 nonsatis
1440 3759 1519 3824 mihi
1536 3760 1672 3824 claruit¹
1695 3760 1749 3825 rel
1771 3763 1895 3847 puritas
1919 3762 2089 3828 electionis

437 3873 678 3939 ecclesiasticae
708 3873 742 3935 in
765 3869 989 3934 Alexandrum
1019 3868 1104 3932 facte
1127 3867 1181 3931 vel
1208 3868 1365 3954 pervicax
1394 3868 1595 3954 presumptio
1625 3869 1727 3953 partis
1752 3869 1944 3934 Octaviane.
1992 3870 2089 3936 Unde

436 3980 578 4068 pendulo
609 4001 724 4065 gressu
753 3979 838 4042 inter
860 3976 932 4040 illas
956 3975 1132 4039 disisioncs
1155 3974 1311 4038 incedens
1335 3984 1368 4039 et
1390 3975 1483 4060 quasi
1508 3974 1743 4038 concionatoris
1766 3975 1863 4041 modo
1894 3979 2089 4043 sententiam

437 4108 628 4173 suspensam
657 4097 772 4151 tenens
801 4085 836 4147 in
859 4095 1007 4147 neutram
1029 4092 1156 4168 partem
1180 4080 1343 4145 declinare
1374 4080 1479 4145 facilis
1503 4080 1559 4144 fui.
1606 4079 1690 4145 Cum
1712 4082 1936 4167 ignorantibus
1960 4085 2088 4170 ignora·

295 4218 417 4266 maras.
437 4193 523 4277 barn,
548 4216 622 4258 curn
645 4190 870 4257 dubitantibus
894 4187 1085 4254 dubitabam
1100 4188 1271 4274 factusque
1288 4210 1360 4251 sum
1379 4189 1463 4252 sieut
1485 4189 1574 4253 homo
1598 4213 1659 4253 nou
1682 4190 1816 4254 audiens
1839 4205 1868 4254 et
1888 4215 1950 4256 non
1973 4193 2089 4257 liabens
2107 4215 2133 4253 ss

317 4326 417 4374 aare.
438 4305 472 4367 in
495 4326 548 4366 ore
570 4325 626 4365 suo
649 4301 885 4388 redargutiones
909 4312 937 4362 et
959 4299 1055 4382 qrtasr'
1075 4299 1214 4360 nesciens
1237 4297 1405 4382 reprobare
1428 4297 1547 4360 molant
1571 4311 1599 4361 et
1620 4297 1734 4383 eligere
1762 4298 1882 4361 bouum.
1929 4297 1976 4361 At
2002 4321 2088 4362 nunc

437 4420 610 4494 postquam
639 4405 882 4470 mendaciorum
913 4402 1030 4467 nebule
1055 4412 1169 4466 contra
1192 4403 1382 4466 canonicam
1406 4401 1598 4466 electionem
1621 4401 1803 4466 Alexandri
1831 4403 1969 4468 conficte
1994 4427 2087 4491 cepe-

437 4525 512 4578 runt
534 4535 710 4594 rarescere,
739 4513 819 4597 ipsis
843 4511 940 4574 etiarn
964 4507 1160 4594 negantibus
1183 4531 1222 4572 ac
1247 4508 1433 4572 solemniter
1460 4531 1582 4594 negare
1606 4510 1738 4594 paratis,
1763 4532 1827 4596 que
1851 4520 1965 4574 eontra
1987 4513 2087 4598 impe-

436 4623 519 4685 rium
543 4619 702 4705 sacrilege
726 4618 929 4703 conspirasse
953 4615 1148 4680 dicebantur
1170 4625 1203 4679 et
1225 4614 1305 4679 nulli
1327 4614 1509 4679 mortalium
1533 4615 1616 4679 velle
1641 4639 1739 4703 super
1762 4615 1811 4680 his
1834 4619 1994 4682 rationem
2016 4618 2088 4683 red·

436 4727 525 4810 dere,
560 4738 726 4814 tamquam
760 4724 819 4788 soli
851 4722 921 4788 celo
953 4721 1109 4787 debentes
1139 4723 1371 4803 innocentiam,
1408 4721 1640 4788 accedentibus
1671 4745 1800 4810 quoque
1830 4725 1864 4787 in
1895 4747 2087 4790 consensum
2105 4749 2131 4788 ro

437 4834 604 4899 electionis
629 4835 664 4897 iu
686 4830 911 4896 Alexandrum
935 4830 1020 4893 facte
1045 4828 1177 4892 sedibus
1201 4828 1397 4914 apostolicis,
1427 4829 1462 4893 id
1486 4839 1536 4893 est
1558 4829 1826 4912 Ierosclirnitana,
1857 4833 1891 4895 in
1914 4853 1981 4917 qua
2004 4831 2089 4896 sedit

436 4940 575 5006 Iacobus
599 4938 774 5027 apostolus,
797 4937 982 5001 Antiocena
1004 4958 1144 5022 quoque,
1168 4936 1202 4998 in
1219 4957 1284 5021 qua
1298 4936 1403 5021 primo
1419 4935 1504 4999 sedit
1526 4934 1641 5000 beatus
1656 4936 1784 5018 Petrus,
1809 4959 1872 5024 que
1896 4948 1929 5001 et
1951 4949 2087 5025 utreque

437 5049 575 5113 ecclesie
599 5048 722 5112 litteras
750 5043 946 5131 apostolicas
976 5052 1179 5124 mernerunt3
1211 5052 1322 5106 sancte
1347 5064 1475 5128 quoque
1499 5042 1644 5106 Romane
1668 5042 1806 5107 ecclesie
1830 5045 1952 5109 maiore
1976 5056 2010 5109 et
2032 5068 2088 5132 po-

436 5157 517 5220 tiore
541 5152 756 5220 cardinalium
779 5173 924 5232 numero,
948 5148 1051 5213 tribus
1074 5147 1229 5214 videlicet
1253 5148 1355 5212 solum
1379 5149 1557 5234 exeeptis2,
1580 5150 1614 5213 in
1638 5149 1784 5214 eiusdem
1799 5149 1981 5215 Alexandri
2005 5150 2088 5216 elee-

436 5263 557 5327 tioncm
588 5256 875 5340 consentientibus,
907 5277 1003 5343 quern
1026 5254 1182 5320 videlieet
1211 5254 1414 5319 dominorum
1445 5255 1657 5320 cardinalium
1688 5267 1795 5321 cetum
1825 5280 1884 5322 nos
1907 5257 2087 5322 Romanam
2106 5283 2132 5323 rs

437 5369 610 5434 ecclesiam
631 5365 858 5452 intelligimus:
890 5363 940 5427 his
962 5363 1106 5448 inquam,
1130 5361 1303 5426 declaratis
1326 5361 1392 5426 iam
1414 5361 1500 5426 ultra
1523 5360 1693 5427 dubitandi
1723 5362 1813 5428 locus
1836 5387 1902 5429 non
1925 5375 1984 5447 est,
2009 5366 2088 5452 quin

437 5478 464 5540 is
487 5498 546 5561 pro
569 5497 656 5561 papa
678 5472 823 5559 legitimo
846 5468 1015 5552 habeatur,
1040 5490 1136 5555 quern
1160 5477 1193 5532 et
1215 5467 1331 5532 electio
1356 5469 1514 5532 canonica
1538 5480 1571 5533 et
1593 5471 1795 5534 consecratio
1826 5493 1936 5535 eorum
1960 5472 2087 5558 pontifi-

438 5605 512 5648 cum
540 5583 576 5645 in
599 5580 709 5645 sedern
732 5578 822 5642 beati
844 5577 933 5641 Petri
956 5576 1127 5662 promovit,
1152 5597 1289 5661 quorum
1311 5575 1346 5638 id
1369 5576 1447 5638 iuris
1471 5575 1571 5640 fuisse
1595 5577 1727 5662 antique
1750 5577 1917 5642 Romanae
1949 5578 2086 5642 ecclesie

547 5745 577 5824 l)
603 5747 650 5821 Cf.
675 5747 761 5820 infra
785 5765 808 5803 c.
826 5744 877 5801 53.
971 5739 1002 5818 2)
1025 5741 1150 5801 Narniae
1172 5762 1198 5800 v.
1222 5743 1308 5815 infre
1332 5764 1355 5799 c.
1374 5743 1425 5800 53.
