4418 6412
444 325 508 386 368
737 327 917 384 GERHOHI
939 325 1171 382 PRAEPOSITI
1194 323 1602 380 REICHERSBERGENSIS
1627 325 1793 380 LIBELLI.

444 517 530 598 dum,
561 517 648 604 quod
678 538 743 580 non
773 516 819 579 ait
848 513 1009 578 sententia
1039 513 1178 599 pastoris
1208 511 1301 598 gregi
1332 511 1504 592 ‘tenenda’,
1535 511 1593 576 sed
1624 512 1788 576 ‘timenda'
1821 522 1880 576 est.
1927 512 1959 576 Is
1989 525 2074 582 auten

442 625 581 710 pastoris
612 623 805 687 sententiam
829 643 894 685 non
918 619 1126 705 contempnit,
1155 618 1214 683 sed
1236 619 1328 682 timet
1351 620 1416 704 qui,
1445 629 1480 682 ut
1504 617 1566 682 sibi
1590 618 1729 700 videtur,
1761 619 1880 683 iniuste
1904 618 2020 704 ligatus
2039 624 2076 688 rel

444 730 487 794 ad
509 731 664 794 maiorem
690 727 836 814 confugit
866 727 1064 791 audientiam
1089 724 1152 807 vel,
1184 725 1211 788 si
1241 725 1344 788 maior
1374 724 1541 789 audientia
1570 747 1635 789 non
1666 737 1725 808 est,
1756 736 1859 794 totum
1883 737 1916 790 et
1940 725 2037 790 solum
2054 729 2078 794 id

444 835 532 923 quod
554 847 661 922 potest
691 835 769 900 facit
794 833 900 899 eidem
924 834 1048 919 pastori
1072 843 1104 896 et
1128 831 1286 896 ecclesiae
1317 853 1408 895 suam
1439 831 1633 917 exponendo
1664 833 1894 896 innocentiam.
1943 832 2008 898 Sed
2035 833 2079 900 hec

444 953 477 1007 et
492 955 603 1008 cetera
619 941 787 1024 eiusmodi,
805 952 839 1005 ut
856 939 979 1004 dictum
995 949 1053 1022 est,
1078 939 1118 1004 de
1142 938 1196 1002 illo
1220 948 1350 1024 pastore
1375 938 1545 1002 sentienda
1568 948 1652 1020 sunt,
1678 941 1769 1004 cuius
1793 939 1950 1004 cathedra
1972 942 2005 1003 in
2021 965 2110 1027 que-s

444 1051 548 1114 stione
572 1071 637 1114 non
661 1059 719 1113 est.
765 1047 810 1112 At
840 1069 926 1112 nunc
958 1045 1088 1133 quando
1120 1045 1254 1110 dicitur:
1287 1045 1389 1110 ‘Ecce
1420 1044 1473 1108 hic
1501 1055 1550 1109 est
1574 1044 1722 1110 Christus
1752 1055 1809 1110 aut
1840 1068 1919 1110 eece
1949 1047 2014 1111 illic
2042 1061 2084 1113 aut

445 1159 543 1220 etiam
573 1177 679 1242 neque
710 1154 763 1219 hic
793 1175 899 1241 neque
927 1152 1014 1235 illic’,
1043 1175 1082 1217 eo
1106 1152 1194 1239 quod
1217 1153 1385 1238 utriusque
1409 1151 1531 1217 Christi
1555 1151 1710 1217 cathedra
1739 1153 1773 1217 in
1797 1155 1969 1239 questione
1993 1155 2033 1219 sit
2053 1195 2085 1203 —

444 1286 521 1328 nam
544 1263 616 1344 iste,
640 1263 740 1344 aiunt,
764 1283 823 1347 per
847 1261 1064 1325 scismaticum
1088 1260 1360 1345 conspirationem
1384 1281 1423 1324 ae
1447 1260 1659 1324 simoniacam
1682 1261 1813 1346 irrepsit
1821 1271 1845 1342 ⁸,
1877 1259 1935 1324 alii
1958 1284 2034 1326 vero
2057 1262 2088 1326 de

446 1369 519 1452 alio,
544 1371 604 1434 iste
628 1368 836 1433 tumultuarie
860 1368 986 1454 inupit,
1010 1365 1087 1430 drnn
1110 1365 1234 1452 grande
1259 1364 1431 1430 concilium
1455 1365 1559 1448 huius,
1584 1365 1673 1430 aliud
1696 1389 1774 1430 vero
1799 1389 1882 1453 eque
1907 1366 2032 1453 grande
2047 1369 2091 1432 rel

445 1476 602 1562 grandius
618 1475 761 1556 alterius,
785 1496 919 1538 causam
934 1483 1044 1537 tuetur
1067 1473 1195 1552 eteius,
1213 1473 1269 1558 qui
1290 1493 1332 1536 ex
1348 1472 1487 1536 adverso
1512 1483 1571 1554 cst,
1595 1471 1758 1559 improbat
1781 1483 1814 1538 et
1837 1474 1997 1560 dampnat
2012 1474 2092 1538 dum·
2109 1496 2156 1540 nc

447 1606 510 1670 que
540 1583 706 1669 utriusque
730 1581 869 1646 Romani
897 1581 1005 1644 vocati
1035 1577 1198 1665 pontificis
1229 1589 1318 1643 tanto
1348 1579 1476 1643 facibus
1507 1580 1668 1644 sententia
1698 1582 1949 1667 contempnitur,
1982 1591 2094 1668 quanto

446 1691 564 1754 minori
582 1690 714 1753 unitatis
738 1709 899 1752 consensu
915 1684 967 1749 vel
985 1707 1103 1750 causae
1128 1683 1320 1749 certitudine
1345 1684 1531 1750 roboratur:
1556 1687 1628 1773 quis
1653 1697 1703 1751 est
1725 1688 1759 1750 in
1774 1686 1837 1752 hac
1853 1688 2096 1752 tumultuatione

447 1819 486 1861 ac
509 1795 639 1860 turbine
669 1805 767 1881 atque
792 1792 1019 1858 incertitudine
1043 1814 1216 1856 causarum
1238 1790 1340 1856 latere
1363 1791 1477 1856 valens
1501 1793 1646 1879 quinon
1670 1792 1809 1858 libenter
1831 1794 1934 1860 latere
1959 1793 2098 1860 debeat?

449 1901 530 1984 Quis
555 1912 602 1967 est
633 1903 689 1988 qui
719 1925 753 1965 se
784 1903 869 1966 inter
898 1899 1041 1964 medium
1072 1898 1209 1963 duorum
1240 1899 1450 1963 conciliorum
1480 1900 1574 1986 quasi
1606 1899 1742 1965 duorum
1772 1903 1931 1967 montium
1962 1903 2100 1967 invicem

448 2009 662 2096 pugnantium
677 2008 789 2073 volens
812 2009 944 2090 inserat,
968 2017 1004 2071 ut
1026 2005 1111 2070 hunc
1128 2005 1181 2069 vel
1204 2004 1293 2069 illum
1317 2015 1459 2070 montem
1482 2006 1665 2090 transferat,
1690 2007 1789 2073 alium
1813 2008 1984 2074 stabiliat?
2024 2008 2101 2089 Quis
2118 2033 2139 2072 n

353 2142 429 2192 aas.
448 2115 533 2180 illius
549 2116 602 2180 vel
625 2115 710 2180 illius
735 2137 866 2180 causam
883 2111 1123 2178 defendendam
1140 2111 1250 2176 *facile
1274 2123 1418 2176 assumat
1440 2135 1538 2199 quem
1561 2123 1687 2178 tanturn
1703 2114 1757 2179 vel
1779 2125 1904 2179 tantum
1930 2116 2102 2181 concilium

449 2223 605 2309 dampnat
628 2233 661 2286 et
683 2221 857 2309 profanat?
894 2219 976 2300 Quis
992 2241 1070 2284 vero
1095 2219 1225 2305 sapiens
1249 2241 1314 2282 non
1336 2219 1478 2305 refugiat
1500 2243 1558 2306 pro
1582 2219 1637 2284 illo
1661 2223 1742 2286 mori
1765 2222 1818 2286 vel
1842 2224 2101 2309 persecutionem

273 2355 429 2406 anonas.
448 2330 517 2415 pati
540 2328 580 2392 de
605 2329 697 2393 cuius
721 2351 819 2392 cause
843 2327 973 2392 iusticia
995 2324 1148 2390 dubitat?
1183 2325 1251 2389 Vix
1268 2327 1354 2389 enim
1377 2348 1435 2411 pro
1459 2327 1543 2390 iusto
1569 2328 1641 2413 quis
1664 2329 1809 2412 moritur,
1834 2352 1912 2394 nam
1936 2353 1995 2416 pro
2019 2329 2102 2394 bono

310 2463 360 2504 nn.
368 2462 400 2512 ro,
410 2463 429 2500 1.
449 2436 584 2500 forsitan
600 2436 673 2521 quis
690 2433 809 2498 audeat
824 2435 916 2498 mori.
954 2431 1036 2514 Quis
1059 2442 1168 2496 autern
1191 2433 1317 2497 nesciat
1332 2455 1485 2518 magnum
1503 2456 1574 2498 esse
1598 2435 1806 2522 sacrilegium
1828 2437 1863 2500 in
1880 2437 1965 2502 ovile
1983 2435 2101 2501 Christi

449 2544 628 2629 irrumpere
644 2541 805 2606 violenter
827 2539 879 2604 vel
904 2563 921 2604 e
946 2539 1075 2604 diverso
1099 2561 1158 2625 per
1174 2540 1385 2603 simoniacam
1400 2539 1455 2603 vel
1470 2541 1687 2606 scismaticam
1704 2543 1979 2629 conspirationem
2005 2545 2102 2630 irrep·
2119 2569 2142 2608 a

450 2648 555 2714 sisse?
602 2647 687 2712 Nam
710 2647 792 2711 alter
815 2669 936 2728 eorum,
961 2646 1018 2732 qui
1042 2645 1200 2710 eiusmodi
1231 2657 1314 2728 sunt,
1346 2646 1407 2728 fur,
1438 2646 1520 2711 alter
1542 2669 1621 2712 vero
1646 2658 1678 2712 et
1700 2647 1782 2714 latro
1813 2661 1871 2732 cst,
1902 2651 2003 2715 immo
2027 2673 2102 2715 vero

450 2758 579 2842 utrique
609 2754 721 2820 talium
752 2753 841 2818 fures
871 2763 946 2818 sunt
976 2762 1008 2817 et
1037 2752 1190 2835 latrones,
1220 2775 1295 2818 narn
1319 2763 1351 2816 ct
1374 2753 1427 2816 ille
1452 2755 1508 2840 qui
1530 2753 1690 2818 violenter
1718 2755 1834 2842 irrupit
1862 2781 1941 2822 oves
1968 2758 2103 2838 furatur,

450 2873 572 2928 mactat
596 2872 629 2926 et
651 2860 758 2948 perdit
781 2871 814 2926 et
837 2861 893 2947 qui
916 2882 975 2946 pro
998 2870 1136 2945 accepta
1165 2859 1304 2946 pecunia
1335 2859 1487 2924 scindunt
1518 2860 1701 2942 ecclesiam,
1732 2885 1796 2926 non
1826 2863 1933 2928 minus
1964 2864 2037 2928 fure
2067 2887 2103 2928 ac

450 2969 534 3035 Iuda
556 2968 720 3056 proditore
744 2965 954 3032 detestabiles
978 2967 1131 3031 existunt.
1179 2965 1338 3032 Scindunt
1360 2989 1438 3031 vero
1462 2965 1646 3051 ecclesiam,
1670 2989 1733 3055 que
1757 2981 1806 3034 est
1830 2993 1949 3057 corpus
1974 2969 2103 3052 Christi,

452 3078 479 3140 si
502 3086 611 3141 tamen
635 3077 681 3140 ita
704 3085 762 3157 est,
786 3085 822 3139 ut
845 3073 972 3156 dicitur,
998 3074 1053 3160 qui
1076 3095 1135 3160 pro
1152 3083 1288 3160 accepta
1303 3075 1443 3161 pecunia
1459 3073 1614 3139 domnum
1628 3075 1868 3161 imperatorem,
1885 3100 1983 3164 quern
2001 3078 2103 3142 multi-
2121 3101 2143 3141 a

452 3182 597 3248 tudinem
628 3183 721 3268 sequi
745 3179 880 3246 dubium
910 3190 1057 3262 nonest,
1082 3181 1418 3245 excommunicaturos
1443 3203 1477 3244 se
1502 3183 1699 3246 sacramenti
1728 3181 1926 3249 firmitudine
1950 3186 2104 3272 promise·

452 3299 527 3354 runt
549 3298 590 3372 et,
615 3299 651 3354 ut
674 3286 788 3352 eadem
805 3287 1098 3352 excommunicatio
1120 3287 1153 3350 in
1169 3287 1311 3351 futurum
1334 3285 1428 3350 firma
1451 3298 1667 3374 permaneret,
1691 3312 1734 3353 ex
1757 3290 1934 3355 eorundem
1960 3314 2104 3378 compro-

452 3397 634 3461 mitentium
650 3404 725 3460 cetu
739 3415 859 3480 papam
883 3392 946 3457 sibi
965 3417 1023 3479 pro
1040 3393 1155 3458 eadem
1172 3394 1459 3480 compromissione
1476 3395 1661 3460 scismatica
1677 3419 1716 3460 ac
1733 3397 1912 3462 simoniaca
1928 3397 2105 3484 elegerunt.

453 3503 522 3567 Hos
546 3525 618 3589 ego,
650 3502 758 3588 siqui
780 3500 861 3566 tales
885 3511 969 3583 sunt,
1001 3500 1149 3565 scindere
1173 3498 1225 3564 vel
1249 3499 1383 3564 scidisse
1407 3500 1516 3566 iudico
1541 3502 1713 3567 ecclesiam
1737 3525 1798 3569 nec
1822 3503 1925 3569 Iudae
1949 3506 2105 3592 proditori

453 3609 657 3696 paulominus
688 3607 921 3690 sceleratiores,
953 3608 1094 3672 maxime
1119 3629 1192 3671 cum
1217 3606 1353 3671 domnus
1381 3609 1557 3694 imperator
1585 3609 1628 3674 ad
1652 3633 1780 3675 omnem
1810 3613 1974 3676 iusticiam
1997 3612 2107 3699 legum
2124 3637 2148 3676 ao

453 3715 516 3798 vel,
541 3725 628 3780 certe
653 3716 680 3779 si
703 3714 821 3779 domno
837 3737 922 3800 pape
940 3713 1125 3800 placuisset,
1151 3713 1193 3778 ad
1210 3714 1379 3778 consilium
1396 3715 1573 3780 electarum
1597 3717 1671 3782 hino
1695 3717 1771 3782 inde
1787 3741 2001 3805 personarum
2022 3731 2107 3784 stare

454 3832 586 3910 paratus
609 3823 706 3886 fuerit
730 3820 771 3886 de
787 3821 837 3885 his
861 3819 1022 3901 omnibus,
1046 3843 1145 3907 super
1161 3819 1278 3907 quibus
1302 3820 1520 3907 impetebatur
1534 3822 1588 3887 vel
1612 3825 1676 3888 iam
1700 3824 1807 3890 adhuc
1831 3836 1916 3891 stare
1940 3829 1974 3890 in
1992 3827 2107 3892 eodem

454 3940 587 4016 paratus
610 3931 661 4011 sit,
685 3930 713 3992 si
736 3930 800 3992 sint
824 3929 880 4015 qui
903 3951 990 3992 nunc
1013 3926 1093 3991 illud
1117 3927 1263 4013 recipere
1287 3925 1429 3992 debeant
1452 3951 1490 3992 ac
1514 3928 1625 3994 velint.
1668 3929 1752 3995 Nam
1776 3931 1826 3996 his
1849 3933 1906 4019 qui
1930 3936 2000 3998 eius
2026 3933 2108 3998 chri·

455 4037 651 4101 stianitatem
674 4058 733 4122 pro
756 4036 897 4122 pecunia
920 4033 1022 4100 Siculi
1046 4057 1084 4098 ac
1108 4033 1399 4099 Mediolanensium
1422 4035 1609 4100 vendidisse
1639 4036 1800 4122 dicuntur,
1831 4041 1894 4104 nisi
1925 4063 2025 4127 super
2047 4041 2109 4106 hoc

454 4142 555 4208 verbo
580 4143 779 4228 expurgatis,
810 4163 875 4206 nou
906 4163 940 4204 se
970 4140 1066 4206 facile
1097 4139 1231 4206 eredere
1261 4143 1389 4228 poterit.
1437 4141 1503 4207 Sed
1534 4141 1653 4208 dicitur
1681 4145 1776 4209 mihi:
1806 4145 1899 4228 ‘Quis
1922 4157 1958 4211 tu
1983 4170 2028 4230 es,
2054 4149 2110 4236 qui
2127 4171 2151 4212 a

455 4249 534 4314 talia
555 4248 645 4335 loqui
668 4270 835 4335 presumas
859 4257 892 4312 et
916 4249 1010 4334 quasi
1032 4245 1093 4312 tibi
1116 4269 1281 4312 assumere
1304 4247 1460 4313 iudicium
1484 4248 1525 4313 de
1548 4261 1640 4314 tanta
1662 4250 1859 4317 sublimitate
1878 4253 1931 4318 vel
1955 4277 2110 4340 persona-

456 4378 527 4420 rum
550 4355 603 4419 vel
627 4354 841 4419 causamml'
890 4353 957 4420 Sed
980 4355 1062 4419 sciat
1085 4356 1141 4441 qui
1163 4377 1215 4418 me
1239 4353 1318 4418 talia
1339 4355 1524 4441 loquentem
1547 4357 1691 4440 miratur,
1723 4358 1815 4441 sciat,
1838 4359 1982 4448 inquam,
2007 4371 2041 4425 et
2063 4362 2110 4425 in-

456 4461 582 4548 telligat
611 4484 676 4526 non
699 4484 750 4526 me
774 4460 920 4525 iudicare
951 4460 1136 4525 sublimium
1167 4460 1361 4547 dignitatum
1391 4483 1557 4547 personas,
1588 4463 1736 4547 sedeas,
1761 4465 2111 4554 quaspublicafama

456 4567 599 4655 loquitur
627 4590 743 4632 causas
765 4569 894 4654 iniquas
918 4567 1082 4650 detestari,
1114 4566 1153 4632 de
1178 4567 1295 4654 quibus
1319 4569 1406 4632 omni
1436 4567 1557 4632 homini
1587 4571 1684 4635 etiam
1713 4571 1833 4655 infimo,
1858 4572 2002 4659 qualium
2026 4597 2110 4639 unus

458 4697 519 4761 ego
543 4697 624 4756 sum,
649 4675 773 4738 ratione
797 4675 898 4738 utenti
922 4674 1056 4756 licitum,
1086 4675 1184 4738 immo
1209 4684 1241 4738 et
1262 4675 1410 4740 naturale
1434 4685 1483 4739 est
1506 4674 1660 4741 iudicare.
1707 4677 1775 4743 Aut
1798 4681 1826 4743 si
1849 4690 1882 4744 et
1903 4679 2015 4745 iudico
2039 4704 2113 4767 per-.
2128 4705 2154 4744 ro

458 4803 554 4846 sonas
584 4783 618 4845 in
649 4779 855 4845 sublimitatis
885 4781 1016 4845 nomine
1046 4780 1237 4844 constitutas
1265 4780 1319 4845 vel
1346 4783 1444 4846 etiam
1474 4781 1555 4846 alias
1585 4784 1664 4848 mihi
1694 4787 1883 4850 commissas
1913 4787 2023 4852 iudico
2055 4809 2110 4852 eas

458 4887 578 4952 iudicio
602 4887 817 4968 discretionis,
848 4885 1049 4974 suspendens
1079 4887 1209 4950 interim
1232 4886 1510 4953 condemnationis
1538 4889 1705 4972 iudicium,
1728 4891 1833 4957 donec
1858 4893 1981 4958 crimen
2005 4896 2111 4959 cuius-

458 4993 537 5058 libet
560 5017 672 5060 eorum
691 4994 745 5058 vel
768 4993 999 5059 ecclesiasticis
1015 4992 1069 5057 vel
1090 4992 1230 5079 publicis
1253 4993 1380 5078 legibus
1404 4995 1676 5082 condempnatum
1700 4999 1873 5064 manifesta
1895 5000 1967 5064 luce
1992 4979 2111 5088 cogho·

318 5126 440 5176 ousae.
458 5123 547 5166 vero.
594 5102 647 5166 De
672 5100 822 5187 qualibus
846 5100 1025 5187 apostolus:
1057 5100 1246 5188 Manifesta,
1269 5100 1384 5186 inquit,
1407 5117 1480 5166 saort
1501 5127 1597 5188 opera
1620 5107 1738 5186 carnia,
1762 5129 1821 5191 qua
1843 5121 1915 5170 suot
1929 5109 2112 5195 fornicatio

459 5218 493 5272 et
516 5219 625 5273 cetera
648 5208 735 5273 talia.
783 5206 856 5289 Que
881 5208 977 5272 etiam
1002 5205 1123 5271 iudicio
1148 5206 1448 5293 condempnationis
1472 5207 1604 5292 iudicat,
1630 5231 1703 5274 cum
1726 5211 1806 5296 ipsis
1830 5211 2018 5278 auctoribus
2042 5238 2111 5280 sca·
2129 5239 2155 5279 aa

367 5313 573 5398 ramleram,
604 5319 753 5403 quonzbm
777 5317 946 5400 quitatio,
976 5315 1090 5399 inquit,
1122 5329 1218 5401 ayant
1246 5313 1374 5402 rapaton
1397 5314 1464 5379 Dei
1485 5339 1547 5379 oon
1570 5333 1801 5403 consequentur.
1848 5319 1931 5384 Item
1954 5322 2011 5407 qui
2034 5321 2113 5387 talia

461 5432 562 5508 agunt
585 5420 675 5508 digni
699 5429 773 5484 sunt
795 5430 909 5484 morte.

569 5655 595 5718 a)
616 5657 719 5724 irripsit
736 5673 758 5707 e.
