4418 6412
451 413 515 476 348
746 418 926 474 GERHOHI
949 417 1182 475 PRAEPOSITI
1206 397 1613 474 REICHERSBERGENSIS
1637 417 1804 472 LIBELLI.

449 630 514 673 non
538 606 652 672 saltem
676 605 718 670 ab
742 605 843 671 occisi
866 606 1065 670 crematione
1089 627 1128 670 ac
1152 603 1375 670 submersione
1400 606 1469 670 eius
1494 605 1656 670 occisores
1683 614 1879 686 metuerimt,
1905 614 2058 690 quatenus
2079 629 2092 670 a
2189 650 2190 655 κ

271 737 291 776 1.
300 737 356 785 aas.
367 737 386 786 s,
395 737 430 776 u.
449 713 545 779 domo
570 712 764 778 sacerdotali
788 713 956 798 sanguinis
981 712 1107 798 questio
1131 721 1255 776 remota
1279 721 1375 794 esset,
1400 712 1484 776 sicut
1499 709 1611 776 David
1635 710 1800 798 quondam
1824 710 1979 775 honestas
1995 709 2094 776 Abner
2192 713 2195 736 1

449 821 607 907 exequias
637 819 781 905 providit
809 829 907 906 atquc
937 830 1012 883 ante
1042 819 1131 905 ipsas
1158 817 1258 901 flevit,
1283 829 1319 883 ut
1341 819 1534 904 sanguinem
1557 817 1781 883 fraudulenter
1803 817 1944 882 effusum
1969 839 1989 881 a
2011 817 2095 884 domo

449 949 488 992 ao
518 926 634 991 throno
664 947 723 990 suo
753 925 960 990 removeret?
1008 925 1075 991 Sed
1105 924 1146 989 de
1177 925 1226 989 his
1257 925 1320 1011 ipsi
1350 923 1502 990 viderint.
1548 923 1637 989 Nihil
1667 925 1754 990 enim
1787 945 1886 1010 super
1915 923 1967 988 his
1997 937 2101 990 nostra

448 1035 593 1115 interest,
617 1034 680 1097 nisi
704 1055 856 1120 cuperem
880 1033 975 1096 matri
999 1044 1107 1097 nostre
1131 1041 1243 1096 sancte
1267 1032 1434 1096 Romanae
1457 1030 1637 1096 aecclesiae
1661 1029 1695 1095 id
1718 1031 1807 1117 quod
1830 1029 1963 1114 bonum,
1988 1031 2101 1096 iustum
2136 1059 2152 1097 1

450 1151 482 1205 01
504 1139 675 1205 honestum
692 1151 751 1204 est.
787 1139 874 1204 Sane
898 1137 939 1203 de
963 1138 1112 1203 doctrina
1136 1149 1168 1203 et
1190 1161 1272 1203 nece
1288 1137 1425 1203 Arnoldi
1448 1137 1571 1203 idcirco
1590 1139 1734 1203 inserere
1750 1139 1897 1224 presenti
1919 1137 1992 1202 loco
2008 1137 2108 1221 volui,

270 1269 430 1319 0111111101.
449 1269 489 1312 ne
524 1245 577 1311 vel
613 1246 758 1310 doctrine
794 1245 863 1310 eius
898 1267 1009 1332 prave,
1046 1267 1109 1332 que
1145 1246 1205 1309 etsi
1238 1244 1308 1310 zelo
1338 1245 1421 1310 forte
1448 1243 1545 1328 bono,
1576 1244 1634 1309 sed
1656 1246 1775 1310 minori
1809 1246 1949 1310 scientia
1983 1245 2113 1331 prolata

450 1365 508 1436 est,
528 1352 581 1418 vel
603 1353 678 1418 neci
701 1354 771 1418 eius
794 1374 967 1439 perperam
990 1362 1062 1416 acte
1079 1350 1195 1416 videar
1217 1373 1387 1416 assensum
1403 1349 1551 1438 prebere.
1586 1351 1661 1416 Non
1677 1352 1763 1416 enirn
1780 1350 1987 1438 condempno
2004 1351 2157 1416 ecole—

449 1462 531 1525 siam
550 1460 615 1524 Dei
638 1459 691 1524 vel
715 1459 926 1524 ecclesiarum
950 1457 1095 1545 presules
1120 1458 1244 1544 regalia
1266 1457 1473 1546 possidentes
1497 1470 1530 1523 et
1552 1460 1599 1523 eis
1623 1458 1710 1524 licite
1734 1480 1773 1523 ao
1796 1457 1944 1522 modeste
1969 1469 2112 1538 utentes,
2140 1515 2184 1540 q

449 1567 525 1632 licet
548 1565 726 1631 laboriosas
750 1588 861 1630 eorum
886 1587 981 1630 curas
1005 1576 1038 1629 et
1061 1566 1292 1651 occupationes
1315 1565 1468 1630 molestas
1492 1567 1706 1650 sexagenaria
1729 1564 1774 1629 illi
1799 1564 1915 1630 domus
1931 1564 1999 1629 Dei
2015 1564 2192 1629 celsi-

448 1672 555 1738 tudini
577 1672 757 1738 assimilare
787 1672 867 1737 mihi
890 1673 997 1737 visum
1021 1673 1071 1737 sit.
1119 1671 1216 1753 Quod
1239 1694 1318 1764 vero
1341 1672 1489 1759 plerique
1513 1671 1700 1736 sacerdotes
1722 1672 1775 1736 vel
1803 1673 1952 1758 episcopi
1982 1682 2195 1743 10100οε

450 1779 556 1864 studio
581 1779 781 1844 secularibus
811 1780 951 1865 negotiis
975 1779 1028 1843 vel
1052 1777 1179 1844 actibus
1202 1779 1405 1865 impendunt,
1430 1778 1520 1844 obliti
1545 1801 1608 1866 que
1632 1778 1806 1843 sacerdotii
1830 1788 1915 1862 sunt,
1941 1777 2030 1864 quod
2053 1777 2195 1842 de—

449 1888 553 1974 posito
578 1885 686 1972 gladio
711 1885 870 1973 spirituali
893 1887 1043 1972 proprias
1067 1886 1176 1972 gladio
1207 1885 1368 1951 materiali
1392 1884 1495 1950 ultum
1518 1885 1558 1950 iri
1581 1897 1698 1972 parant
1720 1887 1865 1969 iniurias,
1890 1885 1980 1972 quod
2004 1884 2187 1949 vindi=

450 2004 560 2060 cantes
584 2017 618 2058 sc
642 1993 781 2058 lesiones
804 1993 838 2056 in
855 1991 1045 2079 corporibus
1069 2004 1125 2057 aut
1148 1992 1245 2057 rebus
1269 1994 1316 2056 eis
1333 2014 1414 2080 quos
1437 1993 1586 2058 inimicos
1610 1993 1798 2057 existimant
1820 2003 1930 2079 preter
1945 1991 2195 2078 legitimas&

449 2110 625 2188 potestates
649 2100 884 2182 machinantur,
910 2099 997 2186 quod
1021 2123 1135 2165 currus
1158 2099 1220 2164 sibi
1245 2111 1277 2164 et
1301 2100 1426 2186 equites
1450 2121 1493 2163 ex
1517 2099 1652 2164 decimis
1681 2099 1819 2185 aliisque
1849 2098 1997 2163 fidelium
2020 2097 2195 2164 obla*

449 2207 592 2272 tionibus
616 2207 841 2293 multiplicant,
865 2217 901 2271 ut
923 2206 1133 2271 terribiliores
1159 2206 1356 2271 adversariis
1381 2207 1454 2290 sint,
1479 2207 1631 2293 quodque
1655 2207 1817 2293 equitatus
1840 2229 1978 2271 numero
2002 2205 2188 2271 suble-—

450 2316 518 2379 vati
541 2314 695 2401 populum
719 2314 909 2379 seculariter
931 2313 1074 2378 vivendo
1102 2316 1136 2378 in
1159 2313 1327 2400 Egyptum
1356 2312 1531 2378 reducunt:
1563 2313 1625 2378 hec
1649 2325 1682 2378 et
1705 2325 1815 2378 cetera
1838 2312 1888 2376 his
1913 2313 2033 2378 similia
2054 2314 2180 2383 velE

354 2444 430 2494 *1.11.
450 2421 612 2486 deteriora
634 2421 677 2485 ad
692 2419 901 2485 desolationis
925 2419 1200 2485 abominationem
1223 2421 1257 2484 in
1279 2419 1351 2485 loco
1369 2425 1497 2485 'sancto
1521 2431 1659 2485 stantem
1680 2421 1844 2506 pertinere
1867 2442 1934 2484 non
1950 2418 2140 2484 dubitem.-

451 2527 581 2609 Quanto
606 2528 692 2592 enim
716 2525 836 2592 Christi
861 2528 1037 2613 patientiae
1062 2538 1095 2591 et
1116 2527 1357 2591 mansuetudini
1381 2527 1551 2591 dissimilia
1574 2538 1657 2610 sunt,
1682 2538 1771 2591 tanto
1796 2526 1838 2591 ad
1862 2527 2109 2592 similitudinem

450 2633 642 2699 Antichristi
666 2633 834 2698 accedunt.
999 2643 1001 2648 ’
2143 2665 2166 2707 a

379 2855 431 2906 (111.
611 2833 663 2895 41.
700 2831 758 2895 1)0
780 2830 851 2894 LX
875 2829 1032 2895 cubitis
1056 2828 1303 2894 altitudinis
1326 2829 1473 2916 templi
1497 2828 1546 2894 ad
1570 2829 1725 2894 clerum
1750 2828 1945 2895 collacio.

557 2955 627 3020 Nec
643 2977 721 3020 vero
745 2954 847 3019 solum
871 2955 1084 3041 inepiscopis
1108 2953 1272 3040 plerisque
1297 2977 1535 3042 sexagenorum
1553 2953 1734 3019 cubitorum
1758 2955 1904 3042 typicam
1927 2953 2027 3038 illam,
2044 2977 2100 3042 quc

450 3063 515 3126 iam
539 3062 627 3127 dicta
649 3073 708 3145 est,
733 3061 969 3145 celsitudinem,
1000 3061 1059 3126 sed
1082 3071 1115 3125 et
1141 3061 1174 3124 111
1198 3060 1323 3148 reliquo
1348 3061 1435 3126 clero
1459 3061 1571 3126 videre
1596 3071 1654 3143 est,
1685 3062 1826 3126 maxime
1858 3071 1969 3126 tamen
2000 3063 2034 3126 in
2056 3062 2101 3126 his

451 3169 508 3255 qui
538 3167 740 3233 cathedrales
770 3179 883 3232 tenent
914 3168 1080 3232 ecclesias.
1127 3168 1172 3231 Hi
1196 3169 1282 3231 euim
1306 3191 1379 3232 eum
1407 3190 1515 3254 neque
1539 3190 1700 3232 canonum
1727 3190 1834 3254 neque
1858 3167 2034 3232 cenobitali
2057 3191 2101 3232 re-

450 3273 685 3360 gule.subiecti
710 3275 782 3358 siut,
808 3274 976 3340 cuiusdam
1000 3274 1143 3360 regulae,
1167 3297 1266 3361 quam
1288 3274 1438 3339 Ludwici
1460 3275 1570 3359 regisl
1594 3274 1715 3357 dicunt,
1746 3274 1949 3360 professores
1974 3298 2009 3339 sc
2033 3299 2100 3362 per·
2116 3299 2137 3336 11

451 3381 572 3446 hibent.
611 3381 683 3462 Qua
707 3383 857 3446 nimirum
882 3381 1005 3466 regula,
1030 3383 1057 3445 si
1081 3392 1191 3446 tamen
1215 3381 1328 3467 regula
1352 3391 1384 3446 et
1407 3404 1471 3445 non
1495 3382 1603 3466 potius
1627 3382 1796 3467 pravitatis
1820 3403 1859 3446 ac
1882 3383 2102 3467 perversitatis

450 3487 599 3553 doctrina
629 3487 768 3553 dicenda
797 3498 855 3569 est,
887 3489 1036 3552 incuria
1065 3486 1168 3573 regali
1198 3511 1257 3574 per
1280 3487 1403 3552 aulicos
1434 3499 1467 3552 01
1498 3488 1636 3553 curiales
1667 3488 1802 3553 clericos
1831 3487 1994 3553 fabricata
2023 3491 2104 3553 inter

449 3594 589 3680 plurima
612 3595 821 3680 perfectionis
848 3605 1004 3680 precepta
1027 3593 1171 3680 undique
1202 3597 1236 3659 in
1259 3617 1359 3659 unum
1384 3617 1426 3658 ex
1449 3605 1577 3681 patrum
1602 3594 1697 3660 dietis
1721 3594 1805 3660 bene
1829 3605 1861 3659 et
1885 3595 2008 3660 utiliter
2032 3619 2103 3659 con-

450 3712 543 3786 gesta
573 3701 634 3766 hoc
661 3724 761 3766 unum
785 3703 878 3787 quasi
901 3724 1062 3766 venenum
1094 3703 1221 3784 retinet,
1254 3701 1340 3787 quod
1371 3701 1564 3788 euangelica
1594 3702 1761 3788 perfecti0,
1793 3701 1833 3766 de
1858 3725 1923 3788 qua
1951 3701 2106 3788 gloriatur

273 3832 431 3882 1111111011.
451 3809 566 3872 Petrus
590 3808 702 3873 dicens
725 3808 885 3872 Domino:
911 3809 992 3873 Ecce
1015 3833 1071 3873 1101
1095 3811 1282 3894 reliquimus
1306 3812 1411 3873 omniu
1435 3824 1462 3873 et
1484 3812 1710 3874 socraticarum
1733 3823 1760 3874 10
1783 3819 1816 3873 01
1839 3807 1879 3872 de
1904 3831 1970 3895 qua
1994 3809 2104 3873 Domi·
2121 3833 2145 3870 so

294 3939 431 3988 1101111.
451 3937 527 3978 uus:
559 3916 639 3980 Nisi
659 3918 741 4001 quis,
772 3915 888 4000 inquit,
919 3918 1328 3996 -1011111101111011101111ίό110,
1355 3941 1413 4002 que
1429 3917 1585 4002 possidet,
1608 3941 1670 3980 aon
1689 3930 1791 4002 potest
1812 3941 1896 3980 rueras
1919 3941 1985 3981 esse
2010 3917 2104 3981 111001-

446 4023 544 4107 pulus
567 4021 609 4084 ad
633 4021 717 4086 solos
738 4021 924 4103 monachos,
949 4044 1013 4084 non
1037 4022 1135 4085 etiam
1159 4021 1201 4085 ad
1225 4021 1328 4087 cleros
1344 4023 1515 4109 pertineat.
1559 4020 1655 4102 Quod
1679 4044 1776 4108 quam
1800 4021 1949 4086 falsitatis
1973 4023 2104 4109 plenum

451 4129 492 4191 sit
514 4127 566 4191 vel
591 4151 633 4191 ex
658 4151 696 4192 eo
721 4126 869 4192 omnibus
901 4128 984 4192 scire
1008 4126 1191 4192 volentibus
1222 4128 1334 4215 liquet,
1365 4128 1452 4214 quod
1483 4128 1579 4214 primi
1609 4128 1704 4192 huius
1734 4130 1881 4215 precepti
1911 4139 2104 4194 executores

451 4257 524 4298 cum
549 4257 590 4297 ex
614 4235 759 4320 precepti
789 4235 891 4319 ipsius
922 4233 1108 4298 obedientia
1139 4257 1267 4299 omnem
1296 4234 1520 4320 euangelicam
1550 4235 1783 4320 perfectionem
1813 4237 1944 4300 executi
1973 4235 2104 4318 fuerint,

451 4364 516 4426 qua
538 4341 642 4404 maior
663 4340 752 4404 nulla
775 4350 833 4421 est,
858 4339 898 4404 de
923 4340 1043 4405 mundo
1060 4340 1214 4406 videlicet
1238 4341 1332 4406 electi
1356 4351 1388 4405 et
1411 4341 1523 4406 celesti
1546 4343 1733 4428 magisterio
1758 4343 1895 4406 instituti
1918 4365 1961 4406 ex
1977 4353 2104 4429 aposto·
2122 4366 2148 4405 ss

451 4447 533 4511 latus
557 4446 664 4511 officio
688 4448 821 4533 insuper
850 4469 915 4510 non
946 4447 1049 4510 solum
1074 4447 1195 4528 clerici,
1227 4447 1284 4511 sed
1309 4459 1341 4512 at
1365 4447 1556 4512 clericorum
1587 4450 1751 4534 principes
1775 4471 1814 4512 ac
1837 4449 1986 4534 magistri
2009 4450 2105 4535 primi

451 4554 637 4616 extiterunt.
685 4551 811 4632 Quibus
835 4553 904 4638 ipse
930 4553 1058 4618 celestis
1082 4555 1238 4639 magister
1262 4553 1409 4618 Christus
1439 4577 1503 4618 non
1534 4566 1609 4619 ante
1634 4555 1833 4641 apostolatus
1856 4555 1909 4619 vel
1933 4555 2104 4620 clericatus

452 4659 594 4724 officium
617 4659 780 4746 imposuit,
804 4659 908 4724 donec
932 4683 988 4724 eos
1016 4661 1048 4723 in
1073 4659 1286 4725 mundialium
1310 4683 1416 4725 rerum
1441 4660 1598 4748 despectu
1622 4663 1737 4748 suique
1761 4663 1879 4726 amoris
1903 4661 2104 4749 perfectione

340 4754 431 4849 iffi
450 4765 604 4852 probatos
627 4767 762 4830 invenit.
797 4766 893 4831 Unde
918 4769 973 4830 uni
997 4789 1109 4831 eorum
1129 4790 1203 4832 cum
1220 4766 1357 4832 dixisset
1379 4769 1497 4832 tercio:
1533 4770 1634 4834 Amas
1657 4771 1728 4834 11101
1762 4768 1868 4832 eidem
1891 4769 1994 4833 tercio
2019 4791 2104 4832 amo·

451 4895 520 4937 rem
544 4873 708 4938 confitenti
731 4885 808 4937 tunc
833 4873 963 4936 demum
987 4885 1060 4960 post
1084 4874 1228 4960 singulas
1252 4876 1370 4938 amoris
1395 4874 1616 4940 confessiones
1640 4875 1878 4961 pascendorum
1894 4897 2054 4960 agnomm
2073 4887 2104 4938 et
2121 4900 2148 4938 so

452 4981 561 5044 ovium
585 5000 696 5044 curam
718 4981 869 5046 iniunxit.

378 5129 430 5180 (11).
1067 5107 1119 5169 42.
1155 5104 1348 5169 Urbanus
1372 5128 1487 5192 papa.

559 5226 728 5293 Urbanum
752 5249 880 5314 quoque
910 5251 1029 5316 papam
1060 5252 1099 5294 ac
1128 5241 1305 5317 martyrem
1335 5229 1370 5293 id
1396 5231 1502 5315 ipsum
1531 5229 1572 5294 110
1597 5230 1674 5294 01011
1698 5231 1898 5317 perfectione
1922 5252 2039 5317 sapere
2063 5253 2105 5294 ex

451 5333 592 5399 decretis
609 5335 678 5399 eius
694 5333 900 5420 generalibus
917 5334 1024 5422 palam
1043 5349 1100 5418 est,
1118 5359 1254 5423 quorum
1272 5334 1442 5399 exordium
1457 5335 1521 5400 tale
1546 5342 1631 5400 est2:
1656 5338 1801 5402 Urbanus
1817 5362 1910 5424 popa
1933 5352 1962 5402 et
1984 5353 2105 5426 martyr

451 5444 593 5508 omuibus
617 5443 801 5508 christianis
831 5445 866 5508 iu
888 5445 1134 5531 sanctificatione
1158 5443 1301 5529 Spr'ritrrs
1324 5457 1352 5508 et
1374 5447 1555 5530 aspersione
1582 5447 1748 5531 surripuistis
1768 5445 1891 5509 Christi
1910 5446 2043 5509 salutern
2073 5454 2148 5507 0110

560 5661 588 5733 1)
615 5661 664 5736 Os.
690 5662 792 5740 Opusc.
824 5665 858 5720 cle
888 5664 996 5743 edichio
1020 5665 1077 5720 Dei
1107 5685 1129 5720 c.
1149 5663 1200 5734 50,
1233 5684 1322 5739 supra
1348 5685 1381 5740 p.
1402 5663 1482 5734 165;
1513 5663 1671 5739 Epistulam
1702 5665 1745 5720 orl
1764 5664 1955 5722 innocentium
1982 5685 2104 5741 papam,

449 5789 539 5846 supra
556 5790 590 5846 p.
609 5769 682 5827 207.
776 5770 806 5842 2)
829 5771 939 5829 Urbani
960 5770 985 5827 I.
1011 5770 1088 5844 epist.
1114 5791 1138 5828 c.
1158 5772 1185 5842 l,
1210 5771 1364 5828 lsrnsclzius
1381 5791 1415 5845 p.
1433 5771 1504 5826 143.
