4544 6420
422 397 491 459 ’148
718 402 897 458 GERHOHI
921 401 1154 457 PRAEPOSITI
1178 401 1584 456 REICHERSBERGENSIS
1608 400 1772 456 LIBELLI.

427 591 520 676 quasi
544 612 603 676 per
627 590 733 654 crucis
757 590 884 674 signum
909 589 1033 674 possint
1057 587 1196 652 evadere
1215 588 1404 653 vindictam.
1444 587 1532 674 Ergo
1557 589 1584 651 si
1608 589 1670 674 ipsi
1692 588 1858 674 principes
1882 587 2077 652 aecclesiam

427 696 608 760 lacerantes
638 696 807 760 tradentur
836 697 870 759 in
900 717 1015 759 manus
1045 694 1147 780 gladii
1176 695 1211 758 in
1241 695 1383 780 presenti
1414 694 1523 758 seculo
1555 705 1588 758 et
1610 705 1718 780 partes
1742 694 1888 780 vulpium
1920 703 2027 758 erunt*
2045 694 2077 756 in

427 803 545 884 futuro,
570 804 616 866 sic
640 825 752 866 omnes
777 825 887 866 eorum
912 803 1150 866 consentientes
1174 801 1253 865 foris
1274 800 1415 865 vastabit
1437 800 1565 886 gladius
1589 813 1621 865 et
1643 801 1728 864 intus
1752 824 1864 886 pavor.
1904 800 1995 881 Quos
2018 801 2087 864 uti-¹

428 933 491 997 que
522 933 584 974 nec
612 909 691 973 foris
715 908 842 994 gladius
873 931 934 972 nec
965 910 1051 972 intus
1082 931 1185 994 pavor
1209 930 1282 972 cum
1306 907 1414 994 aliqua
1438 908 1486 971 sui
1515 907 1636 972 lesione
1661 919 1813 988 vastaret,
1845 909 1871 970 si
1896 930 1950 971 eos
1974 907 2079 971 nudos

428 1017 550 1081 nudam
574 1038 704 1082 crucem
728 1025 900 1102 sequentes
926 1015 1004 1079 ‘tau'
1030 1014 1123 1079 litora
1147 1016 1363 1100 consignaret.
1411 1013 1477 1079 Sed
1507 1015 1585 1100 quia
1614 1027 1744 1078 terrena
1774 1013 1922 1100 diligunt,
1952 1037 2035 1100 quae
2060 1037 2113 1076 aa

428 1123 540 1188 mundi
565 1120 767 1209 principibus
792 1123 862 1186 dari
885 1121 938 1185 vel
961 1122 1082 1186 auferri
1106 1133 1250 1208 possunt,
1281 1144 1415 1186 necesse
1440 1133 1489 1186 est
1512 1143 1568 1185 eos
1592 1144 1712 1207 pavore
1738 1123 1834 1200 intus,
1864 1121 1943 1185 foris
1970 1119 2079 1206 gladio

428 1231 560 1312 vastari,
585 1229 716 1315 quando
741 1251 854 1316 pacem
878 1241 1040 1292 terrenum
1064 1251 1123 1315 per
1145 1228 1258 1292 mundi
1282 1229 1445 1314 principes
1469 1227 1582 1292 vident
1604 1251 1669 1292 non
1693 1230 1827 1292 servari.
1873 1229 1945 1292 Hec
1968 1229 2079 1314 itaque

429 1338 567 1401 vastatio
591 1359 612 1400 a
635 1337 819 1400 sanctuario
844 1335 987 1420 incipiet,
1012 1337 1089 1421 quia
1113 1334 1249 1399 clericos
1273 1336 1502 1422 proprietarios
1526 1333 1706 1399 aecclesiae
1731 1336 1922 1399 sanctuariis
1946 1335 2079 1420 indigne

428 1442 620 1508 incubantes
644 1444 749 1529 primo
774 1442 984 1506 exterminari
1009 1443 1191 1526 continget:
1223 1464 1296 1505 cum
1321 1441 1464 1522 divitiae,
1489 1465 1570 1528 quas
1594 1441 1770 1528 possident,
1802 1465 1822 1506 a
1844 1441 2000 1506 militibus
2024 1464 2079 1504 ne·

331 1569 360 1609 ·.
396 1569 409 1608 ’.
429 1552 515 1615 mine
547 1549 742 1614 defendente
774 1548 961 1612 traderentur
989 1561 1020 1612 et
1044 1561 1305 1612 consumentur.⁴
1335 1548 1464 1612 Deinde
1495 1549 1557 1634 ipsi
1587 1562 1643 1613 aut
1673 1548 1824 1634 peribunt
1854 1547 1907 1613 “ab
1937 1550 2078 1612 invicem
2101 1573 2126 1609 ιο

430 1657 569 1743 dispersi
599 1668 665 1734 aut,
697 1655 784 1742 quod
813 1656 918 1738 magis
949 1665 998 1718 est
1028 1653 1070 1717 ab
1102 1652 1250 1718 omnibus
1278 1653 1372 1718 bonis
1396 1655 1574 1741 optandum
1599 1667 1630 1719 et
1653 1656 1693 1719 de
1718 1656 1788 1741 ipso
1812 1655 1966 1720 bonitatis
1990 1655 2079 1719 fonte

430 1763 637 1852 sperandum,
663 1761 876 1826 salvabuntur
900 1762 1059 1825 conversi.

536 1871 724 1948 Enimvero,
758 1870 784 1932 ei
815 1869 988 1954 episcopus
1019 1867 1222 1932 multitudine
1259 1881 1544 1954 quantumcunque
1580 1891 1751 1932 numerosa
1783 1881 1815 1932 et
1845 1869 2079 1933 consuetudine

431 1989 694 2064 quatumcunque
724 1975 847 2055 inolita,
879 1973 978 2038 semel
1009 1996 1047 2038 ac
1079 1974 1172 2038 simul
1204 1974 1357 2060 despecto
1389 1974 1474 2039 lineo
1502 1987 1535 2038 et
1557 1974 1735 2061 apostolico
1759 1975 1873 2040 habitu
1895 1975 2024 2061 fulgens
2048 1989 2081 2040 et

317 2109 411 2158 uasa.
430 2085 695 2148 atramentarium
720 2081 887 2166 scriptoris
911 2081 953 2145 ad
977 2103 1072 2144 renes
1096 2079 1230 2160 habens,
1261 2081 1323 2145 hoc
1352 2093 1410 2162 est,
1442 2104 1535 2146 sacra
1559 2083 1790 2168 scripturorum
1815 2083 2006 2148 auctoritate
2031 2105 2079 2146 se·
2100 2108 2129 2148 rs

430 2193 602 2276 metipsum
628 2191 803 2274 accingens
827 2189 873 2252 ita
896 2187 1038 2268 incedat,
1063 2198 1098 2251 ut
1120 2187 1257 2272 figuram
1283 2187 1357 2252 ‘tau'
1383 2211 1519 2275 quorum
1544 2200 1650 2274 potest
1672 2189 1832 2254 frontibus
1856 2187 2022 2262 inscribat,
2049 2203 2081 2252 et

431 2321 486 2362 eos
510 2296 709 2383 apostolicae
733 2296 819 2358 vitae
844 2293 1043 2380 professores
1068 2307 1100 2357 et
1124 2295 1228 2358 crucis
1254 2293 1374 2358 Christi
1398 2293 1592 2359 baiolatores
1616 2294 1678 2359 sibi
1702 2309 1855 2378 assumat,
1884 2308 1981 2383 atque
2006 2319 2080 2360 cum

430 2404 493 2468 illis
518 2403 594 2468 solis
611 2403 791 2466 animarum
809 2423 920 2465 curam
937 2399 1118 2486 provideat,
1144 2401 1244 2464 ceteri
1268 2402 1337 2464 sine
1362 2401 1460 2466 dubio
1477 2401 1691 2467 vastabuntur
1710 2403 1826 2488 gladiis
1851 2427 1908 2467 sex
1925 2405 2080 2486 virorum,

362 2539 363 2542 ¹
431 2511 492 2574 hoc
524 2523 582 2588 est,
614 2510 796 2595 principum
828 2520 1039 2571 terrenorum.
1087 2506 1151 2587 Qui
1179 2507 1253 2570 ideo
1279 2509 1407 2572 senario
1431 2531 1564 2572 numero
1590 2509 1916 2596 comprehenduntur,
1948 2512 2024 2597 quia
2049 2512 2081 2574 in

432 2617 575 2704 presenti
599 2616 719 2680 mundo
744 2638 802 2678 sex
826 2613 942 2678 diebus
967 2625 1075 2678 creato
1101 2637 1159 2700 per
1183 2637 1240 2678 sex
1265 2625 1367 2679 etates
1392 2615 1535 2700 gladium
1559 2639 1624 2680 non
1648 2618 1716 2680 sine
1741 2639 1840 2680 causa
1863 2629 1992 2703 portare
2010 2641 2082 2704 per·
2101 2644 2128 2682 sc

432 2726 611 2788 mittuntur.
660 2723 697 2785 ln
720 2722 864 2808 presenti
888 2743 965 2784 vero
990 2731 1133 2806 tempore
1159 2722 1312 2808 episcopo
1336 2721 1429 2785 lineis
1454 2733 1486 2786 et
1510 2721 1658 2786 candidis
1689 2724 1837 2810 puritatis
1866 2736 1898 2788 et
1928 2726 2081 2789 innocen-

433 2832 497 2895 tiae
523 2827 668 2893 vestibus
692 2828 805 2892 induto
830 2828 876 2891 sic
901 2828 961 2890 iste
986 2826 1113 2912 gladius
1137 2827 1320 2908 famulatur,
1345 2841 1389 2907 ut,
1415 2829 1512 2892 etiam
1530 2852 1603 2893 cum
1622 2829 1765 2893 creditur
1781 2830 1958 2912 adversari,
1982 2831 2082 2895 nichil

284 2964 414 3012 rarum.
434 2938 496 3002 illis
520 2947 638 3001 noceat
661 2949 757 3022 atque
782 2932 944 2998 interdum
968 2934 1079 2998 divino
1104 2947 1226 2998 terrore
1250 2947 1399 2998 retunsus
1424 2937 1643 3021 conquiescat,
1669 2937 1759 3000 iuxta
1783 2936 1879 3000 illud:
1910 2939 1984 3002 Nou
2007 2941 2082 3002 reli·

435 3048 503 3132 quit
524 3046 678 3109 hominem
709 3067 817 3107 uocare
848 3045 903 3122 cio,
934 3056 963 3106 et
984 3044 1140 3128 corripuit
1155 3067 1220 3128 pro
1244 3045 1290 3106 eis
1312 3068 1407 3128 repes.
1455 3042 1568 3127 Longe
1591 3044 1701 3128 itaque
1726 3045 1765 3107 sit
1789 3042 1830 3106 ab
1855 3045 2009 3130 episcopo
2034 3067 2082 3108 se·

435 3150 553 3216 calaris
577 3173 695 3237 pompe
718 3146 883 3230 illecebra,
909 3171 971 3233 que
995 3159 1150 3234 tanquam
1174 3147 1306 3212 sordida
1327 3151 1427 3212 vestis
1452 3149 1603 3236 deturpat
1626 3150 1767 3234 insignia
1791 3150 1997 3236 episcopalia.
2039 3151 2084 3216 Ut
2104 3177 2130 3215 u

435 3257 514 3345 quid
543 3259 628 3322 enim
659 3256 706 3320 illi
736 3267 791 3320 aut
814 3256 914 3318 vestis
939 3255 1088 3340 preciosa
1111 3267 1166 3318 aut
1189 3255 1326 3319 militum
1351 3256 1507 3319 caterva?
1553 3255 1710 3342 Nunquid
1734 3257 1849 3321 iterum
1874 3258 2083 3344 comprehen-

435 3366 561 3430 dendus
586 3377 618 3428 ct
641 3361 880 3447 crucifigendus
905 3372 953 3425 est
977 3360 1134 3442 Christus,
1163 3375 1198 3425 ut
1228 3360 1271 3426 ad
1294 3361 1354 3426 hoc
1378 3363 1564 3426 faciendum
1589 3363 1754 3427 cohortem
1779 3363 1877 3428 ducat
1900 3366 2083 3451 episcopus,

272 3472 537 3548 r.oor.s,12.ludae
561 3472 667 3559 potius
691 3469 849 3548 traditori,
875 3491 972 3555 quam
997 3469 1093 3532 Petro
1118 3469 1240 3554 pastori
1265 3469 1510 3533 conformatus?
1558 3470 1650 3535 Sicut
1673 3471 1759 3534 enim
1783 3472 1875 3534 iuxta
1893 3471 1987 3535 Pauli
2012 3495 2083 3536 sen·

436 3583 569 3644 tentiam
601 3579 657 3665 qui
686 3589 802 3664 peccat
833 3578 865 3640 in
890 3576 1033 3656 fratrem,
1064 3598 1123 3660 pro
1147 3597 1211 3661 quo
1236 3573 1382 3639 Christus
1407 3587 1551 3640 mortuus
1575 3589 1633 3656 est,
1664 3589 1781 3663 peccat
1803 3578 1837 3641 in
1860 3579 1967 3663 ipsum
1991 3577 2084 3643 Chri-

436 3699 530 3764 stum,
555 3687 610 3772 qui
627 3707 685 3772 pro
702 3685 773 3769 ipso
790 3694 933 3747 mortuns
951 3695 1016 3746 est:
1042 3683 1088 3745 sic
1113 3695 1145 3745 et
1169 3683 1341 3767 episcopus
1366 3681 1490 3768 ubsque
1514 3683 1623 3766 dubio,
1649 3685 1704 3770 qui
1720 3707 1772 3746 res
1790 3707 1970 3771 pauperum
1986 3686 2085 3750 tradit
2104 3712 2131 3750 ao

347 3817 416 3858 ura.
436 3792 600 3872 militibus,
624 3793 710 3856 fame
734 3789 850 3874 affligit
874 3802 906 3852 et
929 3789 1049 3853 occidit
1072 3811 1233 3874 pauperes
1250 3787 1381 3868 Christi,
1406 3800 1503 3875 atque
1527 3792 1573 3854 ita
1593 3813 1734 3876 peccans
1757 3792 1808 3855 'in
1831 3791 1946 3856 fratres
1969 3807 2086 3879 peccat

436 3905 468 3967 in
486 3900 650 3966 Christum
675 3921 733 3984 pro
750 3895 868 3961 talibus
893 3895 1070 3959 liberandis
1095 3895 1195 3958 semel
1218 3896 1251 3958 in
1276 3917 1310 3958 se
1335 3897 1404 3982 ipso
1421 3897 1574 3960 traditum
1591 3896 1762 3962 militibus:
1788 3899 1844 3985 qui
1864 3921 1950 3964 nunc
1967 3902 2083 3964 iterum

437 4031 496 4093 per
519 4009 690 4092 episcopos
713 4004 852 4069 traditur
875 4001 1029 4067 militibus
1053 4003 1087 4065 iu
1111 4003 1177 4066 suis
1200 4001 1355 4066 membris
1379 4002 1573 4088 affligendus
1598 4015 1630 4068 ct
1654 4004 1862 4069 occidendus.
1901 4007 2085 4094 Episcopus

438 4114 524 4177 enim
554 4111 686 4176 tradens
717 4109 879 4194 stipendia
909 4132 1089 4196 pauperum
1120 4109 1218 4172 tradit
1248 4111 1373 4174 animas
1403 4121 1435 4173 et
1457 4111 1541 4174 vitas
1566 4133 1686 4192 eorum,
1718 4123 1807 4176 tanto
1838 4112 1980 4178 deterior
2002 4113 2085 4178 Inda

437 4219 602 4300 traditore,
635 4229 755 4304 quanto
787 4215 915 4278 avidius
946 4237 987 4278 cx
1011 4215 1066 4278 tali
1091 4215 1263 4280 traditione
1292 4218 1435 4303 precium
1460 4219 1627 4303 sanguinis
1652 4218 1773 4304 colligit
1797 4231 1829 4283 et
1851 4221 1885 4284 in
1908 4243 1985 4285 usus
2010 4244 2084 4286 suos
2105 4245 2131 4284 us

438 4325 588 4406 custodit,
620 4323 707 4411 quod
730 4322 828 4386 ludas
859 4320 1027 4407 possidere
1057 4321 1168 4400 noluit,
1201 4323 1259 4386 sed
1284 4346 1317 4386 sc
1341 4324 1402 4387 hoc
1428 4326 1594 4410 accepisse
1619 4348 1721 4410 usque
1746 4325 1788 4389 ad
1811 4337 1947 4390 mortem
1972 4328 2083 4392 doluit.

438 4434 536 4518 Ergo,
561 4443 596 4495 ut
620 4431 821 4510 dictumest,
845 4428 947 4492 Iudae
971 4426 1129 4508 traditori,
1154 4451 1218 4492 non
1236 4429 1332 4492 Petro
1357 4432 1479 4515 pastori
1503 4433 1675 4518 episeopus
1700 4433 1928 4516 conformatur,
1954 4436 2084 4520 quando

438 4540 574 4604 militum
599 4539 763 4602 cohortem
781 4535 886 4614 ducit,
912 4557 1008 4621 quam
1033 4535 1073 4598 de
1098 4535 1268 4621 stipendiis
1292 4558 1472 4622 pauperum
1496 4539 1610 4623 pascit.
1658 4537 1723 4604 Sed
1747 4541 1871 4604 utinam
1887 4541 1984 4605 Petro
2009 4565 2084 4606 con-

438 4647 631 4710 formaretur
655 4655 687 4708 et
711 4643 751 4706 de
775 4642 882 4705 medio
907 4641 1053 4720 militum,
1077 4643 1162 4705 inter
1185 4665 1266 4728 quos
1290 4655 1417 4707 tenetur
1440 4645 1568 4708 vinctus
1592 4647 1715 4709 catenis
1740 4645 1877 4728 duabus,
1901 4649 1947 4712 ita
1971 4650 2084 4728 exiret,

328 4779 418 4826 raas.
438 4767 473 4818 ut
497 4767 665 4838 utramque
689 4751 851 4837 proiciens
872 4772 945 4813 cum
962 4748 1129 4835 psalmisto
1146 4749 1284 4813 diceret:
1309 4751 1541 4837 Dr'rurupomue
1564 4754 1688 4816 viuculo
1713 4779 1819 4818 eorum
1842 4769 1871 4818 et
1884 4759 2086 4841 proiciamus
2104 4779 2132 4817 ro

438 4889 456 4925 u
482 4863 570 4924 roobia
596 4863 698 4946 r'uprou
726 4861 874 4944 sparnum.

549 4987 598 5048 li.
635 4983 727 5062 erao
753 4993 826 5044 sunt
850 4993 957 5045 autem
982 4981 1041 5044 hae
1066 4981 1150 5045 durae
1175 4992 1320 5062 catenae,
1346 4981 1462 5067 quibus
1486 4983 1658 5069 episcopus
1682 4983 1802 5070 ligatur
1824 4984 1884 5050 sub
1906 4986 2085 5052 rectoribus

439 5092 551 5156 mundi
574 5088 781 5154 tenebrarum
813 5088 937 5168 harum,
969 5089 1130 5150 sustinens
1155 5110 1318 5151 carcerem
1346 5088 1578 5152 tenebrosum?
1624 5090 1784 5154 Nimirum
1809 5115 1874 5156 una
1898 5104 2013 5157 catena
2037 5109 2087 5158 cst

439 5199 625 5276 hominium,
650 5219 709 5282 per
725 5195 812 5281 quod
837 5218 856 5256 a
879 5191 1034 5257 militibus
1051 5195 1255 5279 astringitur,
1281 5193 1382 5258 altera
1402 5206 1450 5258 est
1474 5195 1529 5259 illa
1549 5196 1713 5277 timiditas,
1739 5221 1804 5285 qua
1828 5222 1862 5263 se
1887 5223 1906 5264 a
1929 5200 2084 5265 militibus

363 5456 377 5494 r.
387 5455 420 5494 rs.
546 5439 700 5493 leronimus
717 5439 752 5491 ad
768 5435 916 5490 Paulinum
931 5435 1129 5506 presbyterum
1140 5431 1166 5488 1:
1195 5434 1387 5490 Multitudiaes
1403 5434 1541 5491 bominum
1565 5443 1592 5491 ct
1605 5435 1705 5513 officia
1730 5445 1755 5492 et
1776 5439 1959 5497 salutati-'oues
1974 5471 2016 5480 —-
2032 5473 2084 5498 -.
2105 5455 2132 5493 ts

441 5546 615 5602 Secularium
640 5551 665 5598 et
688 5543 809 5599 rrruaeimo
828 5541 981 5616 potentium
1006 5540 1146 5597 corrcortiu
1170 5540 1270 5596 devito.

549 5759 577 5819 lt
605 5757 696 5832 Epist.
724 5757 773 5811 58.
799 5757 840 5812 rut
861 5755 1022 5822 Paulinum,
1049 5752 1121 5828 Opp.
1148 5755 1189 5810 ed.
1211 5753 1368 5810 Volturcius
1391 5752 1414 5824 I,
1441 5756 1490 5810 rol.
1518 5755 1590 5811 323.
1662 5799 1664 5804 .
