4544 6420
484 385 659 443 sanitari
683 386 882 442 SAGIENSIS
907 385 1196 442 ARCHIlllACONI
1219 386 1444 442 INVECTIVA.
1730 382 1789 444 101

137 585 250 637 tatem.
298 573 390 638 Sicut
416 574 517 636 ‘enim
540 595 605 636 una
628 571 786 638 benorum
810 573 891 638 fides
916 585 974 654 est,
1000 574 1047 639 sic
1071 585 1103 638 et
1127 574 1257 660 spiritus
1282 597 1375 638 unus.
1423 573 1582 639 Malorum
1598 597 1676 639 vero
1702 577 1793 662 spiri·
1813 595 1901 637 uns.

138 691 191 744 tus
215 679 387 766 multiplex
411 691 443 744 et
466 678 618 742 voluntas
642 679 805 764 ambigua.

248 787 396 851 Tandem
414 809 502 872 ergo,
526 786 639 850 favore
655 787 845 851 Divinitatis
862 787 971 851 multis
988 787 1130 851 lacrimis
1152 785 1333 872 implorato,
1359 787 1435 852 dum
1450 789 1618 875 utriusque
1635 811 1794 876 personae

138 895 279 958 merital
303 907 335 957 et
358 895 590 980 prosequentia
613 907 723 979 partes
747 893 855 958 studia
879 895 1098 974 conl'enrntur,
1127 895 1279 957 inventus
1304 906 1353 957 est
1374 895 1491 959 Petms
1515 895 1679 981 indignior
1702 896 1794 979 adeo,

107 1013 175 1064 sut
206 1023 248 1064 ex
279 1001 381 1086 ipsius
413 1002 655 1088 comparatione
686 999 779 1064 alteri
809 1024 967 1086 personae
998 1001 1135 1085 irrogari
1166 1002 1276 1086 gravis
1306 1002 1426 1065 iniuria
1456 1001 1631 1066 videretur.
1679 1003 1796 1068 Studia

140 1130 219 1172 vero
243 1109 385 1194 partium
409 1119 500 1171 tanta
516 1106 686 1172 dividebat
710 1109 888 1193 imparitas,
913 1121 947 1171 ut
964 1108 1061 1171 Petro
1085 1108 1228 1172 nondum
1245 1121 1339 1172 extra
1362 1107 1451 1172 urbis
1476 1111 1605 1173 moenia
1622 1111 1794 1196 quisquam

141 1215 267 1296 favor²,
299 1213 436 1278 alterum
466 1216 552 1278 infra
582 1213 696 1278 urbem
730 1213 859 1300 quidem
892 1237 966 1301 pars
990 1216 1097 1301 potior
1121 1213 1282 1298 elegisset,
1315 1227 1346 1279 et
1371 1227 1465 1279 extra
1488 1214 1602 1279 urbem
1626 1240 1728 1303 usque
1754 1217 1796 1282 ad

140 1321 222 1384 fines
257 1333 362 1385 terrae
393 1332 462 1386 tota
492 1324 556 1386 iam
592 1323 658 1386 fere
690 1333 814 1407 patrem
848 1321 1076 1406 profitereturl’
1108 1321 1257 1385 ecelesia,
1312 1321 1449 1407 Sumpta
1483 1323 1582 1407 igitur
1612 1345 1654 1386 ex
1684 1325 1795 1408 magni

140 1428 262 1491 Leonis
292 1451 398 1515 papae
430 1428 562 1492 decreto
594 1430 766 1509 sententia,
798 1427 854 1491 ubi
886 1451 919 1492 se
951 1429 1091 1515 partium
1115 1440 1191 1493 vota
1215 1429 1409 1512 diviserant,
1439 1430 1527 1493 visus
1559 1443 1609 1494 est
1638 1429 1701 1493 illis
1725 1432 1795 1494 iure

96 1568 122 1606 10
142 1537 302 1599 canonico
333 1535 547 1622 preferendus
578 1537 619 1616 is,
652 1541 710 1622 qai
738 1538 912 1600 evectioribus
941 1537 1057 1600 studiis
1088 1539 1255 1600 iocabatur
1286 1552 1314 1600 er
1342 1540 1494 1600 maritet
1542 1535 1616 1617 Qua
1642 1538 1795 1601 nimirum

142 1643 278 1720 ratione,
305 1665 377 1706 cum
402 1643 434 1705 in
458 1665 578 1729 papam
601 1643 838 1723 Innocentium,
864 1643 1041 1728 inspirante
1065 1642 1218 1722 Domine,
1251 1644 1489 1722 convenissent,
1521 1645 1584 1728 ipsi
1615 1645 1723 1707 statim
1755 1643 1795 1707 (le

143 1748 331 1812 obedientia
361 1761 417 1813 tua
448 1760 480 1813 ct
510 1749 620 1812 debita
651 1749 852 1812 subiectione
884 1750 1057 1836 scripsisti,
1093 1748 1262 1836 postulasti
1294 1759 1401 1814 tamen
1432 1750 1534 1835 ipsius
1564 1750 1716 1814 honorari
1747 1775 1794 1814 re-

143 1857 264 1941 scripto
289 1867 321 1920 et
344 1879 460 1920 munus
484 1856 654 1941 legationis
679 1855 809 1920 habitae
834 1856 1019 1920 confirmari
1028 1861 1048 1919 ³.
1085 1857 1201 1920 Visum
1225 1867 1273 1919 est
1297 1857 1518 1936 simoniacum,
1543 1857 1689 1921 favorem
1704 1868 1793 1922 tuum

143 1963 304 2026 redimere
335 1962 506 2048 legationis
539 1963 662 2046 offici03
695 1977 825 2027 etcum
849 1964 919 2048 ipse
943 1969 1053 2049 partes
1077 1963 1147 2026 illas
1171 1963 1303 2026 visitare
1332 1962 1392 2027 sub
1419 1963 1546 2028 'eodem
1570 1975 1715 2050 tempore
1741 1964 1795 2028 de·
1815 1982 1842 2022 ·.
1884 1984 1899 2021 ’-

97 2101 123 2139 1s
144 2072 334 2150 creussen,
358 2070 464 2134 nullus
488 2069 578 2134 locus
602 2081 729 2157 poterat
754 2069 814 2133 sab
838 2071 940 2155 ipsius
964 2071 1129 2156 presentia
1152 2081 1274 2132 restare
1298 2069 1415 2155 legate.
1462 2070 1576 2156 Neque
1602 2073 1687 2136 enim
1708 2071 1794 2158 lega-

142 2188 196 2240 tus
219 2178 379 2264 presentis
403 2199 572 2263 personae,
598 2177 656 2241 sed
680 2176 823 2241 absentis
848 2176 958 2264 explet
982 2176 1173 2262 obsequium
1190 2178 1319 2263 iamque
1336 2189 1444 2240 tantus
1461 2178 1503 2241 ad
1519 2178 1683 2242 Romanas
1700 2201 1795 2243 aures

143 2284 249 2348 malae
273 2285 572 2348 amministrationis
596 2295 670 2347 tuae
696 2283 818 2348 clamor
841 2283 1042 2360 ascenderat,
1074 2294 1109 2346 ut
1133 2293 1218 2346 esset
1242 2282 1282 2346 de
1308 2307 1356 2364 eo,
1389 2284 1475 2369 quod
1500 2283 1575 2348 olim
1600 2286 1794 2371 impetrave-

143 2403 230 2468 ras⁰‚
254 2392 433 2477 penitentia
457 2393 570 2474 maior,
595 2414 701 2476 quam,
727 2405 762 2454 ut
786 2391 882 2454 modo
905 2391 1133 2470 restituereris,
1158 2391 1304 2454 affectus.
1340 2390 1456 2454 Tulisti
1472 2390 1636 2476 repulsam
1653 2393 1796 2477 graviter

144 2510 177 2562 et
200 2497 347 2562 mutilata
369 2499 534 2583 potentiae
559 2511 632 2562 tuae
658 2521 780 2561 omnus
803 2497 944 2561 doluisti.
991 2497 1099 2582 Atque
1130 2496 1338 2560 inferioribus
1369 2509 1465 2561 antea
1495 2496 1591 2561 modo
1619 2498 1725 2562 factus
1748 2501 1795 2563 in·

98 2635 124 2673 so
143 2607 244 2669 ferior
267 2619 299 2668 et
320 2603 408 2668 velut
431 2607 463 2668 in
481 2616 646 2668 senectute
671 2615 838 2690 reputatus
862 2603 994 2684 inutilia
1020 2606 1165 2668 consueti
1188 2603 1340 2668 beneficii
1364 2604 1462 2668 finem
1478 2606 1611 2690 rapinae
1636 2617 1725 2670 ratus
1748 2607 1795 2670 in-

143 2713 271 2790 iuriam,
295 2713 486 2776 temerariae
512 2733 686 2775 succensus
711 2734 745 2774 es
770 2711 900 2776 ultionis
925 2711 1053 2774 affectu.
1097 2711 1270 2790 Quoniam,
1296 2710 1372 2774 dum
1396 2710 1526 2796 repulsa
1549 2713 1711 2776 ministrat
1734 2714 1795 2776 ira-

144 2819 284 2883 cundiae
309 2841 425 2882 causas
449 2829 481 2882 et
504 2819 616 2882 inuata
640 2817 904 2902 dedignationem
933 2819 1017 2905 parit
1042 2817 1148 2898 elatio,
1180 2817 1306 2881 addidit
1336 2817 1469 2882 ambitio
1498 2820 1679 2901 cecitatem,
1712 2843 1796 2906 quae

145 2925 277 3011 quidem
301 2947 363 3007 res,
388 2948 462 2989 eum
479 2927 545 2989 otia
560 2925 708 2989 nesciant
732 2939 764 2988 et
788 2948 806 2988 a
831 2927 896 2988 suis
921 2922 1090 2989 effectibus
1107 2947 1226 2988 vacare
1251 2926 1466 3010 nonpossint,
1491 2938 1711 3012 contemptum
1731 2928 1795 2990 iam

145 3043 316 3118 susceptae
339 3033 440 3119 partis
465 3031 653 3117 dedignatio
678 3032 765 3108 fecit,
796 3032 1061 3096 indiscretionem
1085 3033 1205 3096 cecitas
1230 3043 1365 3118 operata
1388 3045 1446 3113 est,
1478 3035 1667 3097 temerarios
1698 3056 1796 3097 ausus

98 3167 126 3207 ss
144 3139 315 3203 iracundia
330 3140 551 3225 preformavit.
589 3138 704 3224 Spreta
729 3139 829 3224 igitur
845 3161 893 3220 eo,
919 3139 1006 3224 quod
1030 3150 1117 3202 recte
1138 3161 1340 3224 susceperas
1365 3150 1397 3203 et
1420 3138 1594 3204 indiscrete
1620 3163 1796 3204 conversus

146 3245 309 3324 adalind,
340 3247 511 3310 temerarie
535 3244 698 3332 prioribus
723 3247 885 3309 contraria
909 3247 1097 3331 concepisti,
1129 3246 1316 3332 factumque
1341 3255 1399 3327 est,
1429 3246 1515 3332 quod
1538 3248 1573 3310 in
1596 3245 1694 3310 rebus
1719 3269 1795 3333 sepe

146 3354 304 3438 contingit
326 3353 486 3432 humanis,
511 3363 546 3416 ut
571 3355 659 3416 circa
682 3375 751 3415 rem
775 3353 966 3438 propensius
991 3353 1175 3416 affectatam
1197 3359 1301 3438 'spem
1323 3355 1515 3438 precipitem
1532 3352 1697 3417 desideria
1720 3377 1794 3418 con·
1816 3373 1843 3410 *t
1854 3373 1906 3411 1111Ι

146 3473 242 3546 cepta
264 3461 438 3524 firmarent.
477 3459 595 3522 Misisti
620 3459 761 3544 legatum
778 3459 923 3538 Romam,
949 3461 1005 3545 qui
1021 3459 1138 3534 eidem,
1164 3483 1260 3545 quem
1284 3460 1349 3522 iam
1366 3459 1558 3542 devoveras,
1583 3460 1680 3525 Petro
1705 3459 1794 3524 favo-

147 3590 214 3632 rem
237 3579 327 3630 tuum
350 3565 500 3630 venalem
531 3589 589 3652 pro
620 3589 754 3630 munere
786 3566 957 3650 legationis
989 3566 1118 3628 offerret
1149 3577 1179 3628 et
1211 3565 1347 3629 similem
1373 3564 1434 3628 sibi
1459 3567 1641 3630 ministrum
1666 3565 1795 3631 domino

100 3703 128 3740 so
146 3673 339 3738 federaret5.
385 3672 561 3759 Expletum
593 3685 641 3737 est
672 3674 740 3736 sine
772 3672 962 3737 difficultate
991 3674 1231 3752 commercium,
1263 3682 1295 3735 et
1319 3672 1395 3736 dum
1419 3685 1450 3737 te
1476 3675 1596 3736 cecitas
1619 3673 1796 3738 indiscreta

253 3874 280 3936 a)
300 3875 379 3926 favor
396 3892 459 3924 corr.
479 3893 546 3924 neon.
567 3877 591 3924 2.
610 3875 701 3924 fautor
719 3893 739 3924 e.
813 3873 840 3934 b)
863 3874 1039 3924 eonfiteretur
1060 3875 1092 3922 Ι).
1166 3875 1192 3934 c)
1214 3875 1397 3938 imperaveras
1416 3892 1436 3924 c.
1456 3875 1490 3923 Ι).

256 4041 284 4110 l)
309 4041 399 4112 Magis
423 4041 459 4095 de
483 4058 606 4111 persona
629 4057 712 4110 quam
736 4040 771 4094 de
798 4040 937 4094 electione
962 4037 1103 4110 pontilicis
1120 4040 1330 4095 decernendum
1347 4058 1413 4107 esse,
1440 4038 1598 4095 Lndooieas
1614 4058 1668 4096 rec
1686 4038 1716 4095 in
1733 4058 1796 4096 con-

146 4148 272 4204 vocando
295 4147 441 4204 concilium
464 4145 602 4202 constiutit
625 4139 738 4221 (Super.
762 4144 808 4202 vit.
834 4145 942 4201 Ladon.
968 4144 1008 4215 II,
1027 4144 1055 4213 2,
1081 4147 1097 4200 1.
1117 4165 1139 4201 e.
1160 4165 1192 4220 p.
1212 4140 1275 4219 51).
1347 4145 1377 4214 2)
1396 4145 1454 4202 Leo
1470 4145 1493 4202 J.
1510 4165 1594 4221 popa
1618 4147 1659 4202 od
1672 4147 1797 4202 Anasta·

145 4255 224 4324 eluza,
245 4253 515 4311 lbcssaloaieensem
539 4253 706 4328 episcopan,
732 4252 789 4327 Ep.
807 4253 856 4322 14,
881 4249 899 4324 ξ
921 4253 937 4306 11
965 4247 1051 4327 (opp.
1077 4253 1139 4307 edd.
1164 4252 1308 4308 Ballerini
1330 4252 1353 4320 J,
1373 4251 1454 4320 68&
1478 4251 1527 4308 loo
1551 4252 1638 4308 Decr.
1658 4253 1689 4322 V,
1716 4253 1775 4308 347
1787 4274 1796 4322 ;

102 4377 127 4416 ae
147 4361 221 4418 Pan.
245 4361 302 4429 III,
327 4361 364 4430 6,·
395 4358 480 4419 Grat.
505 4359 592 4416 Dcer.
618 4379 641 4414 c.
667 4359 717 4414 36.
743 4359 805 4416 dist.
832 4359 891 4427 63,·
925 4358 1011 4431 Jaffe‘
1038 4379 1083 4414 nr.
1109 4359 1191 4428 411,·
1226 4359 1266 4430 cf.
1291 4358 1412 4416 Bosenis
1434 4358 1517 4416 vitam
1541 4358 1699 4415 innocent-ii
1720 4361 1800 4434 apud

154 4467 306 4525 ll'attericb
329 4469 347 4524 1.
365 4487 387 4524 e.
408 4488 440 4542 p.
462 4462 553 4541 174).·
584 4466 613 4522 Si
637 4468 722 4535 forte,
752 4469 828 4538 quod
851 4486 905 4522 nec
929 4467 1154 4538 reprehensibile
1178 4484 1232 4521 nee
1255 4467 1441 4538 irreligiosum
1465 4467 1628 4532 iudicamus,
1655 4474 1722 4522 vota
1745 4468 1795 4523 eli-

146 4576 273 4648 gentium
296 4576 324 4630 in
347 4576 417 4630 duas
439 4593 470 4629 se
495 4575 651 4630 diuiserunt
681 4583 789 4646 partes,
819 4575 848 4628 in
878 4574 1089 4644 metropolitani
1120 4574 1221 4627 imlicio
1253 4574 1334 4626 alteri
1365 4573 1536 4643 preferatur,
1569 4575 1616 4644 qui
1647 4575 1796 4628 maioribus

147 4685 259 4738 iuvetur
280 4683 380 4737 studiis
404 4690 434 4737 et
457 4683 574 4750 meritis,
599 4689 719 4742 tantum,
744 4689 776 4738 ut
799 4685 892 4735 nullus
916 4683 1000 4736 detur
1024 4681 1118 4733 invitis
1143 4687 1172 4732 et
1196 4698 1252 4733 nou
1269 4681 1435 4750 petentibus
1460 4687 1508 4734 etc.
1580 4679 1610 4748 3)
1637 4677 1795 4738 Girerdum

147 4809 297 4864 numquam
321 4790 355 4845 de
378 4789 516 4865 legatione
538 4789 580 4844 ad
601 4787 792 4844 licencentiam
811 4807 922 4862 papam
946 4785 1100 4861 scripsisse,
1124 4787 1176 4842 sed
1190 4783 1351 4860 eirardtene
1371 4785 1514 4862 episstolam
1537 4805 1626 4860 supra
1651 4788 1794 4842 laudatam

101 4912 129 4948 so
141 4897 264 4974 finxisse
286 4894 440 4974 fictamque
471 4914 531 4951 cum
560 4917 582 4951 s.
607 4894 763 4951 Bernardo
794 4893 891 4950 abbate
919 4893 1138 4949 crrrvanenicessc
1169 4891 1262 4968 (slipen
1288 4895 1304 4948 l.
1331 4914 1352 4948 c.
1380 4913 1412 4967 p.
1436 4892 1475 4947 32
1493 4912 1534 4968 sq.
1567 4893 1723 4962 contendit;
1755 4895 1794 4964 es.

151 5004 269 5060 alterata
292 5005 309 5060 l.
331 5021 353 5058 c.
380 5023 413 5077 p.
439 5001 501 5056 278
518 5022 559 5076 sq.
610 5001 638 5056 S.
666 5001 835 5057 Bernardus
866 5002 900 5056 (le
931 5001 1026 5056 (eedem
1059 5000 1175 5075 epistola
1205 4999 1234 5056 in
1266 5019 1307 5074 ep.
1329 4999 1399 5055 126.
1431 4999 1487 5055 iarn
1517 4998 1631 5073 saqrius
1660 5001 1795 5056 laudata:

147 5113 266 5178 Primus,
291 5109 387 5184 inquit,
412 5111 599 5164 interamnae
620 5110 716 5163 scribit
738 5126 830 5179 papae
847 5107 1023 5174 Innocentio,
1049 5109 1221 5178 legationem
1237 5112 1372 5178 postulat,
1396 5126 1453 5161 non
1476 5108 1597 5175 obtinet,
1622 5108 1794 5178 indignatur,

147 5220 246 5274 resiliit
270 5219 305 5272 ab
329 5219 387 5285 illo,
411 5216 523 5270 transiit
547 5217 581 5270 ad
606 5217 699 5282 alium,
724 5216 811 5287 ipsius
835 5234 865 5270 se
891 5233 953 5271 esse
978 5219 1102 5286 legatum
1126 5215 1271 5285 gloriatur.
1312 5213 1360 5270 ,ld
1380 5213 1573 5269 Haineericum
1597 5233 1713 5288 qaoque,
1738 5213 1796 5270 Ro-

147 5345 251 5382 manae
273 5323 346 5381 sedis
369 5322 578 5391 caracellarium,
604 5323 638 5378 de
662 5323 756 5378 eadem
781 5341 813 5378 re
830 5320 987 5378 (brendam
1013 5321 1120 5378 litteras
1141 5321 1249 5377 dedisse
1268 5341 1289 5376 s.
1307 5319 1478 5376 Bernartius
1501 5319 1557 5376 alio
1581 5321 1639 5376 loeo
1662 5320 1798 5398 affimant

101 5453 129 5491 es
149 5429 189 5507 ,ζμ.
210 5431 280 5487 131.
300 5425 370 5505 32).·
401 5431 432 5484 In
464 5431 567 5485 litteris
598 5431 745 5500 siquidem,
778 5447 847 5499 quas
872 5448 962 5500 nuper
986 5431 1021 5484 ad
1046 5429 1245 5484 caricellarium
1269 5429 1379 5498 scripsit
1407 5427 1567 5494 facillima,
1598 5445 1692 5482 nonne
1716 5432 1794 5498 lega-

148 5540 232 5594 tionis
256 5555 319 5593 sesc
344 5545 374 5593 et
390 5557 475 5594 onere
502 5539 657 5593 etnomine
675 5537 804 5590 honorari
828 5543 907 5590 tanto
932 5536 1074 5607 indignius
1098 5536 1249 5606 supplicat,
1276 5542 1382 5604 quanto
1399 5535 1550 5588 humilius?
1576 5542 1624 5590 etc.
1696 5533 1726 5602 4)
1746 5532 1794 5605 Qf.

149 5645 318 5702 Bernhardi
340 5645 357 5700 l.
376 5664 398 5699 c.
418 5663 451 5718 p.
470 5643 530 5698 327
549 5664 609 5718 sq.,·
635 5642 821 5698 sllildlbacber
844 5645 861 5698 1.
880 5663 902 5697 c.
922 5661 955 5717 μ.
977 5642 1036 5697 125
1053 5662 1094 5716 sq.
1167 5641 1196 5708 5)
1222 5640 1268 5695 In
1291 5641 1345 5696 bac
1363 5641 1501 5716 legatione
1518 5639 1611 5716 Gipon
1635 5643 1652 5696 I.
1671 5661 1694 5696 c.
1720 5640 1796 5696 dubi·

148 5751 225 5810 tevit.
261 5750 336 5807 Nam
360 5750 415 5806 iam
441 5751 485 5807 die
509 5749 559 5806 24.
576 5749 669 5824 April.
691 5749 784 5804 niso.
809 5750 961 5805 Anaclctas
979 5768 1063 5823 papa
1080 5746 1219 5817 (lirarclo,
1247 5747 1454 5823 Enpolismensi
1469 5747 1606 5822 qriscopo,
1631 5747 1794 5823 legationen
