4410 6406
524 342 642 398 LIBER
663 343 717 398 DE
740 341 1007 399 NOVITATIBUS
1031 342 1151 400 HUIUS
1174 342 1382 400 TEMPORIS.
1717 337 1781 401 293

118 528 284 592 bomine-m
307 544 336 594 et
357 531 512 594 bominem
535 530 636 594 Deam
653 530 874 616 predicamus,
905 555 941 594 ae
957 531 1048 618 forte
1076 533 1110 594 ia
1134 555 1263 594 oocoorn
1289 556 1466 612 curramus,
1497 535 1565 614 tibi,
1589 547 1695 619 potor,
1719 557 1783 620 per

119 635 259 702 lotorem
278 639 471 722 precantium
495 660 590 723 anper
605 639 762 722 questione
785 637 844 700 boc
866 639 1012 702 mairana
1027 650 1201 719 tractatam,
1226 662 1316 723 quem
1339 641 1372 702 si
1391 653 1445 703 tao
1468 641 1625 726 approbat
1646 642 1782 704 auctori·

119 755 186 820 tas,
218 746 331 808 iterum
355 745 484 808 cantabo
509 743 594 829 qaod
615 757 644 807 et
665 757 756 807 anteo
780 746 924 808 cantavi:
954 743 1111 826 ‘Domina
1142 745 1305 832 refugiam
1335 759 1368 809 ta
1383 747 1497 834 factos
1520 771 1552 810 ea
1575 746 1690 827 nobia’,
1722 772 1783 811 noo
1802 767 1910 818 Paean

120 851 215 934 qaod
237 851 359 937 confido
383 853 417 914 in
440 864 478 931 te,
502 851 633 914 mortali
653 850 786 930 bomine,
810 849 867 914 sed
889 852 923 914 ia
938 849 1041 931 Petro,
1065 853 1160 916 immo
1184 853 1334 937 inpetro,
1358 854 1448 916 cotos
1457 853 1655 942 fortitudini
1671 868 1783 940 portae
1804 875 1953 924 uminis.

82 976 98 1014 s
124 957 238 1044 injbrr'
257 981 319 1020 non
336 958 552 1042 prevalebunt.
588 955 672 1020 Item
688 965 803 1041 postea
817 956 902 1020 inter
918 955 1035 1020 similia
1051 956 1198 1042 pericula
1214 979 1234 1020 a
1248 979 1336 1044 papa
1352 955 1517 1022 Celestino
1534 960 1665 1045 suscepi
1682 961 1781 1046 scrip-

122 1071 198 1126 tum
223 1061 473 1127 consolatorium
497 1073 529 1127 et
552 1062 828 1146 confortatoriam,
859 1063 951 1127 cuius
982 1061 1044 1127 hoe
1074 1072 1124 1126 est
1154 1063 1386 1150 rescriptum¹:
1415 1064 1588 1130 Calacticus
1618 1069 1783 1152 episcopas

121 1195 239 1234 seruos
267 1195 427 1235 saeorum
451 1171 518 1235 Det
546 1171 658 1234 dilecto
674 1171 750 1257 filio
776 1167 962 1258 osorton]
986 1169 1284 1259 Rviotatrperyaai
1297 1175 1461 1258 preposito
1491 1173 1623 1238 eatstan
1652 1187 1681 1237 et
1706 1196 1781 1259 opo·

123 1278 272 1340 stole-‘cam
303 1277 554 1342 benedictionem.
603 1276 707 1363 Super
736 1277 992 1342 tribulationibus
1022 1291 1050 1340 et
1079 1280 1235 1365 angustiis
1264 1316 1308 1324 —
1335 1316 1379 1324 —
1404 1281 1581 1344 'sabocaire
1612 1281 1780 1344 valcamus.
1802 1301 1878 1352 ‘aia

126 1383 344 1447 Damnabat.
371 1383 423 1446 VI.
449 1384 526 1447 Kal.
552 1383 626 1448 Feb.
675 1382 859 1447 Novissime
884 1404 1014 1468 quoque
1044 1384 1222 1447 innumeris
1254 1386 1420 1471 expositus
1451 1384 1565 1450 iaculis
1597 1385 1639 1449 ad
1663 1407 1782 1472 papam

70 1513 102 1550 ιο
126 1486 338 1577 Eug[enium]
372 1488 514 1575 confugi,
546 1490 638 1553 cuius
669 1499 701 1553 et
723 1487 834 1554 verbis
858 1499 891 1553 et
914 1490 1044 1576 scriptis
1074 1489 1274 1555 confortante
1298 1490 1410 1573 didici,
1434 1514 1533 1578 quam
1556 1514 1634 1556 vere
1659 1491 1781 1557 dictum

128 1596 171 1658 sit
201 1596 235 1659 in
258 1594 541 1660 benedictionibus
565 1594 700 1682 Ioseph:
733 1596 825 1660 Sedet
855 1599 889 1660 in
905 1597 998 1684 forti
1017 1621 1111 1662 orcas
1134 1601 1201 1662 cias
1225 1612 1254 1662 ct
1275 1598 1430 1663 dobaoloto
1458 1613 1531 1663 caat
1559 1601 1687 1664 uincula
1710 1602 1782 1664 bra·
1802 1623 1944 1671 enasor.

128 1703 272 1766 chiara-m
296 1718 324 1767 et
345 1729 494 1767 mannam
518 1706 585 1768 ciue
601 1727 665 1790 per
687 1727 814 1767 monam
831 1706 970 1789 poteritis
994 1704 1097 1768 Iacob.
1145 1703 1189 1768 Et
1218 1713 1253 1769 tu
1284 1705 1425 1786 noveris,
1455 1715 1491 1768 tu
1514 1704 1660 1769 Adriane
1684 1728 1781 1792 papa,

127 1831 228 1894 quam
245 1807 422 1873 clementer
443 1808 497 1872 ille
516 1831 568 1873 me
586 1810 741 1895 respexit,
765 1808 937 1873 considera
960 1809 1062 1896 ipsius
1086 1810 1267 1896 epistolam,
1292 1833 1357 1897 qua
1380 1810 1538 1876 dissoluta
1560 1823 1635 1876 sunt
1650 1812 1784 1878 vincula

128 1913 336 1980 brachiorum
365 1925 399 1979 et
421 1939 575 1980 manuum
604 1939 751 1980 mearum
782 1937 840 2002 per
870 1939 1002 1980 manum
1032 1917 1172 2002 potentis
1195 1915 1306 1981 Iacob.
1354 1916 1479 1982 Textue
1510 1919 1580 1982 eius
1610 1918 1664 1983 bic
1695 1924 1781 1984 est2:

78 2047 108 2085 is
126 2023 294 2111 Enycnr'oa
323 2027 489 2111 episcopua
518 2049 626 2089 aarum
655 2049 815 2088 soraorarn
846 2023 913 2088 Dei
941 2024 1053 2088 dilecto
1076 2026 1152 2112 filio
1178 2021 1365 2112 G[orbobo]
1388 2025 1686 2113 Rr'cbcrr'sperpenst'
1705 2052 1782 2113 pre·

124 2133 231 2215 poat'to
254 2130 386 2194 saluam
410 2145 438 2195 et
460 2133 665 2216 apostolicam
689 2131 939 2195 benedictionem.
988 2129 1117 2218 Scripta
1147 2131 1321 2196 deuotionis
1350 2169 1394 2178 -
1417 2170 1460 2179 -—
1485 2136 1599 2197 'tenero
1630 2135 1782 2199 colamus.
1801 2155 1879 2206 *aaa

127 2237 250 2300 Datum
274 2235 381 2301 Sutrii
400 2237 514 2301 XVII.
539 2237 616 2302 Kal.
642 2237 741 2301 Ionii.

237 2343 352 2424 Audis,
383 2343 493 2429 presul
516 2344 661 2407 Romane
685 2343 841 2425 Adriane,
866 2343 1028 2430 quomodo
1052 2355 1275 2408 antecessores
1298 2345 1346 2408 tui
1370 2346 1542 2409 astiterunt
1569 2346 1647 2409 mibi
1671 2348 1781 2431 agoni-

127 2451 218 2514 zanti
243 2461 274 2514 et
297 2439 458 2536 pugnanti
481 2449 524 2514 ad
546 2449 680 2531 bestias,
704 2473 789 2537 quae
813 2473 890 2536 sepe
915 2461 1188 2536 expugnaverunt
1210 2473 1263 2514 me
1287 2473 1307 2514 a
1329 2452 1497 2516 iuventute
1528 2474 1602 2516 moa
1625 2453 1690 2516 iam
1713 2453 1781 2518 fere

80 2582 108 2619 20
127 2579 191 2643 per
220 2580 322 2620 annos
347 2557 449 2621 XXX
473 2556 687 2643 prolongata³
716 2558 888 2643 iniquitate
917 2555 1046 2621 illorum
1069 2559 1307 2646 fabricantium
1337 2584 1436 2646 capro
1469 2559 1594 2624 doroom
1620 2585 1720 2624 meum
1751 2570 1783 2625 et
1801 2584 1924 2634 reum.

128 2663 271 2728 necdum
302 2674 437 2751 peracta
467 2673 516 2727 est
545 2685 665 2750 pugna.
711 2663 844 2728 Etenim
873 2686 939 2728 non
968 2673 1143 2750 potuerunt
1172 2663 1251 2728 mihi
1275 2666 1322 2729 sie
1344 2664 1525 2752 prevalere,
1550 2667 1628 2752 quin
1652 2666 1784 2732 vincula

128 2769 338 2834 brachiorum
370 2781 402 2835 et
430 2793 585 2835 manuum
615 2792 761 2834 mearum
792 2791 922 2856 semper
945 2779 1054 2834 essent
1081 2769 1196 2852 soluta,
1219 2781 1255 2835 ut
1278 2771 1386 2836 adbuc
1409 2773 1516 2858 gratia
1538 2772 1604 2837 Dei
1627 2785 1701 2838 sunt
1724 2796 1784 2860 per

129 2901 263 2942 manum
279 2879 420 2965 potentis
436 2875 536 2942 Iacob
552 2887 744 2963 protegente
760 2898 812 2941 me
829 2877 951 2962 pariter
974 2889 1006 2941 et
1029 2877 1142 2941 divina
1164 2879 1271 2964 gratia
1295 2889 1328 2942 et
1350 2878 1548 2965 apostolicae
1572 2880 1659 2944 sedis
1683 2880 1784 2945 tutela

130 2985 307 3048 fortissima
337 2995 449 3048 contra
480 2983 657 3070 Symonem
691 2984 724 3046 in
755 2983 851 3048 domo
881 2982 946 3047 Dei
981 2985 1222 3070 negociantem,
1254 2995 1367 3050 contra
1396 2985 1580 3072 Nycolaum
1610 2988 1782 3073 impurum,

80 3115 110 3154 ss
130 3101 245 3155 contra
274 3091 414 3155 Neronis
449 3089 654 3177 tyrannidem
689 3089 796 3154 adhue
831 3091 864 3153 in
894 3089 986 3154 laicis
1017 3090 1212 3177 quibusdam
1244 3093 1423 3156 sevientem
1453 3103 1486 3157 et
1516 3093 1651 3180 Symoni
1688 3117 1783 3180 mago

130 3209 246 3262 contra
261 3197 438 3283 Symonem
453 3197 585 3261 Petrum
608 3197 759 3283 nequiter
782 3197 956 3260 faventem.
1002 3197 1065 3261 His
1087 3199 1198 3284 itaque
1215 3200 1310 3286 quasi
1333 3198 1437 3264 tribus
1460 3201 1574 3264 amieis
1598 3200 1782 3284 confidatis,

129 3305 241 3392 Halyn
264 3303 468 3369 turbulentus
493 3314 607 3367 contra
630 3325 681 3368 me
706 3304 882 3389 consurgit,
907 3305 1034 3368 irruens
1058 3328 1100 3368 ex
1123 3304 1273 3388 adverso,
1298 3307 1392 3392 quasi
1415 3305 1509 3370 turbo
1533 3307 1576 3371 ad
1593 3306 1783 3393 dispergen-

130 3412 209 3476 dum
232 3434 284 3476 me
308 3413 369 3475 sio·
378 3410 576 3476 involvendo
601 3411 777 3474 sententias
801 3409 1014 3492 sermonibus,
1038 3422 1134 3497 prout
1157 3413 1220 3498 ipsi
1235 3412 1366 3477 videtur
1389 3414 1570 3499 exquisitis,
1595 3414 1663 3496 sed,
1687 3424 1783 3500 prout

130 3542 193 3605 ego
217 3517 365 3600 arbitror,
391 3519 579 3604 'imperitia
604 3526 648 3598 ut,
678 3517 742 3580 nisi
773 3516 922 3580 dominus
953 3517 994 3581 de
1018 3516 1146 3582 turbine
1170 3517 1216 3582 illi
1239 3542 1298 3605 pro
1322 3542 1375 3584 me
1399 3519 1596 3606 respondere
1620 3520 1782 3606 dignetur,
1802 3543 1879 3593 aaa.

84 3651 112 3689 ao
130 3639 199 3690 tota
222 3625 308 3689 salus
332 3647 414 3706 mea,
438 3625 537 3688 immo
561 3624 658 3687 totius
675 3623 835 3687 ecclesiae
851 3623 1053 3709 periclitetur
1068 3625 1222 3710 graviter,
1239 3624 1370 3712 quando
1385 3649 1450 3691 non
1466 3635 1642 3713 utcumque
1661 3625 1783 3692 flumen

130 3732 266 3797 illiditur
288 3731 398 3796 domui
421 3731 487 3795 Dei
505 3730 645 3817 ¹fundate
669 3752 768 3815 supra
790 3740 914 3815 petram
919 3775 1125 3795 .......

742 3964 772 4025 5.
808 3961 866 4024 De
891 3961 1005 4025 scala
1028 3961 1165 4026 Iacob.

240 4178 313 4245 'Sic
338 4178 424 4243 enim
451 4177 610 4263 premissa
633 4185 761 4261 patrum
784 4172 887 4238 verba
910 4185 1079 4256 testantur,
1106 4175 1227 4239 homini
1255 4186 1421 4263 assumpto
1445 4176 1557 4241 datum
1581 4187 1724 4242 estesse
1748 4179 1782 4242 in
1802 4201 1881 4252 aaa.

83 4283 235 4371 ingloria
257 4285 358 4372 patris
381 4285 437 4365 ita,
461 4293 497 4347 ut
518 4281 581 4348 hoc
605 4281 709 4346 omnis
731 4280 845 4366 lingua
860 4280 1061 4363 confiteatur,
1079 4303 1276 4369 quamquam
1291 4282 1386 4348 Iudei
1410 4294 1443 4348 et
1465 4283 1667 4348 iudaiaantes
1690 4283 1781 4349 here-

130 4393 187 4456 tici
210 4391 359 4456 valenter
380 4390 500 4456 literati
523 4389 585 4454 hoe
608 4411 729 4474 negare
753 4387 904 4469 audeant,
929 4409 1067 4474 quorum
1083 4387 1216 4473 quidam
1240 4389 1335 4454 dictis
1359 4400 1392 4454 et
1415 4391 1544 4477 seriptis
1568 4389 1629 4455 hoc
1653 4391 1782 4474 docent,

130 4498 218 4586 quod
242 4498 390 4564 Ohrisnrs
420 4499 453 4561 in
481 4507 598 4560 natura
627 4495 769 4560 humana
791 4495 857 4559 Dei
886 4493 971 4558 filius
1001 4516 1068 4558 non
1098 4495 1140 4558 sit
1168 4495 1232 4559 nisi
1261 4518 1321 4582 per
1344 4496 1563 4583 adoptionem,
1588 4519 1662 4562 eum
1685 4498 1781 4585 longe

130 4617 204 4671 ante
228 4629 286 4671 nos
310 4605 362 4670 hic
386 4627 477 4669 error
499 4605 541 4668 sit
564 4602 821 4688 condempnatus
844 4602 878 4664 in
901 4601 1030 4665 Bonoso
1054 4601 1197 4665 heretico
1222 4611 1254 4665 et
1276 4625 1349 4666 meo
1373 4625 1503 4689 quoque
1527 4613 1683 4690 tempore,
1708 4628 1782 4669 cum

131 4735 236 4778 essem
259 4713 393 4794 Romal,
424 4710 466 4776 ab
489 4711 636 4775 Honorio
666 4732 754 4795 papa
782 4707 880 4772 fuerit
910 4705 1084 4772 exsufflata
1113 4707 1173 4790 hec
1203 4731 1361 4794 perversa
1391 4709 1540 4774 doctrina
1569 4721 1719 4796 porrecto
1751 4713 1782 4776 ei

82 4845 112 4884 eo
129 4819 239 4884 libello
263 4818 447 4906 aquodam
472 4818 628 4882 oenomao
652 4816 866 4880 Lateranensi
889 4814 951 4879 hoc
975 4813 1211 4879 rationabiliter
1233 4827 1410 4900 asserente,
1434 4816 1522 4902 quod
1546 4818 1643 4881 etiam
1667 4840 1781 4882 secun-

130 4927 208 4992 dum
229 4926 393 4991 hominem
418 4923 567 4989 Christus
591 4933 641 4987 est
662 4922 748 4986 filius
771 4922 837 4986 Dei
859 4921 1027 5005 naturalis,
1051 4944 1117 4986 non
1139 4920 1324 5008 adoptivus.
1382 4971 1779 4988 ........

239 5273 269 5344 1)
292 5271 381 5346 Jaffe'
398 5291 445 5329 nr.
464 5271 559 5340 8484,
585 5271 651 5328 Lat.
669 5291 697 5328 a.
714 5269 808 5340 1144,
830 5269 895 5326 Ian.
914 5267 973 5338 27,
998 5267 1038 5338 cs.
1057 5266 1161 5325 Coram.
1186 5267 1215 5324 in
1233 5288 1281 5344 ps.
1300 5265 1351 5325 25.
1375 5269 1479 5341 infra,·
1509 5269 1587 5344 epist.
1606 5268 1657 5340 21,
1684 5269 1783 5347 Miyae

131 5391 149 5438 t.
169 5381 241 5451 193,
267 5382 317 5439 col.
336 5379 409 5437 5⁷8.
504 5377 534 5449 2)
557 5377 646 5451 Joffb
664 5397 710 5434 ar.
736 5375 832 5446 8922,
859 5375 949 5432 Sutrii
971 5374 1113 5444 alltc,
1141 5374 1292 5445 Mai.16,·
1315 5375 1355 5446 cf.
1376 5373 1479 5435 comm
1503 5376 1533 5433 in
1552 5396 1599 5452 pr.
1618 5375 1668 5432 38.
1687 5377 1780 5433 eost.

85 5503 113 5542 os
130 5489 232 5561 infra,·
256 5487 334 5562 epist.
353 5485 405 5558 21,
431 5486 531 5563 bliqne
554 5493 573 5542 t.
590 5485 661 5554 193,
687 5485 737 5542 col.
756 5482 829 5540 577.
908 5479 939 5556 3)
964 5479 1032 5539 Com
1056 5483 1217 5557 optacolom
1239 5489 1366 5538 nostrton
1389 5502 1417 5539 a.
1434 5482 1527 5538 1156.
1553 5482 1709 5541 Hadriano
1725 5482 1779 5540 IV.

132 5594 285 5652 Bcnweati
307 5593 441 5650 traditam
464 5593 508 5664 sit,
533 5591 569 5650 ob
591 5612 619 5648 o.
645 5612 668 5648 c.
688 5589 783 5646 1125.
854 5586 885 5662 4)
911 5585 959 5659 Os.
984 5588 1030 5644 De
1054 5586 1162 5666 edificio
1186 5588 1243 5644 Dei
1266 5608 1288 5644 c.
1308 5588 1358 5658 74,
1382 5609 1472 5664 sopra
1490 5609 1523 5665 p.
1544 5588 1624 5657 1785
1649 5589 1782 5664 prwla

130 5702 173 5758 od
192 5699 385 5758 Innocentiam
402 5719 515 5776 papam
538 5716 628 5775 sopra
648 5719 680 5774 p.
699 5697 772 5754 204.
