4418 6412
711 315 952 374 OPUSOULUM
975 317 1029 372 ΑΙ)
1054 317 1311 376 CARDINALES.
1771 313 1835 376 403

291 501 374 567 Cum
405 501 465 567 hec
496 503 541 567 ita
572 525 606 567 se
636 501 788 584 habeant,
813 525 911 591 opere
940 506 1087 590 precium
1118 514 1176 587 est,
1208 505 1361 571 odomni
1389 505 1581 588 cardinales,
1612 517 1657 589 ut,
1686 507 1714 572 si
1737 506 1835 572 vultis

181 609 364 674 aecclesiae
394 608 543 674 membra
572 608 678 674 divisa
709 608 904 693 coadunare,
935 621 1046 676 notum
1077 610 1205 676 faciatis
1232 633 1334 698 regno
1363 623 1395 677 et
1423 613 1613 696 aecclesiae,
1642 613 1730 700 quod
1758 635 1833 696 non,

183 717 270 781 sicut
292 717 460 802 vulgatum
484 726 542 799 est,
566 715 732 780 intenditis
756 714 799 780 ad
815 715 1068 782 destructionem
1091 719 1184 804 regni
1207 717 1260 782 vel
1282 719 1420 805 imperil,
1445 742 1504 806 pro
1527 720 1619 784 cuius
1643 719 1764 786 bonore
1786 721 1834 784 in·

182 823 353 909 tegrsliter
375 821 537 888 servando
560 823 725 910 principes
748 824 841 908 regni
864 845 967 909 usque
991 823 1033 888 ad
1055 833 1193 889 mortem
1216 835 1341 890 certare
1366 824 1592 908 decrevenmt,
1609 828 1664 913 qui
1681 849 1755 892 cum
1771 828 1835 892 sint

145 952 163 992 s
183 929 277 994 multi
300 939 332 994 et
354 931 475 1014 magni,
499 952 557 1016 pro
581 951 683 1015 parvo
707 927 828 994 habent
844 931 1129 1013 excommunicari,
1154 929 1212 996 sed
1228 953 1340 996 eorum
1356 934 1649 998 excommunicatio
1673 934 1833 998 scismatis

184 1036 351 1122 ampliatIo
375 1046 408 1101 et
431 1037 632 1102 confirmatio
656 1037 727 1117 crit,
751 1037 814 1100 nisi
830 1036 922 1100 Deus
946 1047 1081 1118 avertat,
1104 1038 1190 1124 quia,
1215 1049 1250 1102 ut
1273 1039 1319 1104 ait
1334 1038 1535 1126 Augustinus
1546 1043 1567 1122 ¹,
1591 1041 1650 1106 abi
1668 1041 1833 1106 multitudo

184 1157 230 1208 est
252 1146 286 1208 a'a
309 1145 414 1231 calpa,
441 1145 491 1210 ibi
511 1145 645 1209 coasilio
668 1145 880 1230 separationis
903 1146 1015 1209 inertia
1038 1159 1110 1210 snat
1131 1159 1160 1209 et
1176 1147 1360 1231 perniciosa
1369 1155 1394 1225 ⁸,
1423 1149 1500 1232 qaia
1523 1148 1626 1233 impia
1649 1160 1678 1212 et
1698 1149 1834 1234 superbo

184 1265 277 1336 atque
298 1252 466 1338 sacrilega,
490 1265 518 1316 et
532 1251 612 1338 plus
641 1252 767 1315 turbant
796 1253 938 1337 infirmos
969 1251 1072 1330 bonos,
1103 1276 1196 1337 qnam
1227 1254 1388 1339 corrigant
1416 1256 1575 1318 animosos
1603 1253 1711 1318 orclas.
1759 1253 1833 1318 Huc

184 1354 323 1438 accedit,
339 1355 427 1442 quod
450 1367 483 1420 ct
505 1355 552 1420 illi
575 1379 679 1438 suum,
703 1378 799 1442 quem
817 1355 930 1421 dicunt
951 1379 1081 1442 papam,
1104 1366 1254 1443 paratum
1278 1355 1320 1421 ad
1335 1357 1595 1423 maledicendum
1619 1357 1750 1440 habent,
1774 1381 1835 1447 per

136 1488 167 1527 ιο
185 1484 282 1549 quern
305 1463 337 1526 in
362 1485 397 1528 se
420 1461 594 1527 maledicta
617 1473 795 1527 extenuare
819 1461 932 1527 solent.
970 1460 1096 1544 Quibus
1115 1462 1265 1528 omnibus
1289 1463 1502 1529 consideratis
1524 1466 1618 1529 iuxta
1641 1465 1834 1551 sapientiam

185 1567 278 1634 vobis
303 1569 459 1634 divinitus
481 1569 673 1654 inspiratam
696 1571 846 1656 cogitate,
871 1568 1010 1656 qualiter
1032 1567 1126 1635 nobis
1156 1571 1355 1635 miseremini
1386 1570 1500 1636 saltem
1523 1593 1581 1636 vos
1605 1572 1702 1636 amici
1732 1573 1834 1636 nostri
1853 1595 1976 1645 aaran.

184 1685 218 1740 et
241 1676 373 1741 domini.
418 1675 552 1740 Movent
574 1677 729 1762 pietatem
752 1687 894 1740 vestram
917 1677 1047 1740 vexatio
1071 1686 1181 1741 nostra
1204 1687 1237 1741 et
1260 1676 1419 1764 dispersio
1443 1701 1599 1764 agnorum
1622 1676 1719 1743 beato
1736 1678 1833 1743 Petro

185 1783 439 1865 commissorum,
464 1783 517 1846 cui
540 1781 591 1846 bis
616 1781 739 1847 dictum
763 1792 812 1846 est
834 1804 854 1846 a
877 1781 1036 1846 Domino:
1066 1783 1165 1848 Pasce
1195 1807 1292 1872 cynos
1322 1809 1404 1850 meos
1434 1794 1466 1849 et
1496 1784 1611 1850 semel:
1642 1785 1741 1850 Posce
1764 1811 1835 1852 oves
1853 1773 1944 1866 {gh-'ll’

184 1915 279 1969 necas,
307 1898 343 1953 ut
366 1888 519 1954 videlicet
547 1911 606 1976 pro
637 1887 764 1954 tenellis
794 1889 887 1974 agnis
918 1889 1039 1953 maiore
1071 1911 1150 1954 cura
1172 1889 1323 1976 vigilaret
1347 1913 1444 1976 quam
1475 1914 1533 1977 pro
1557 1892 1683 1978 magnis
1706 1890 1833 1974 ovibus,

141 2019 166 2059 rs
185 2017 259 2059 curn
282 2007 392 2060 tamen
416 2006 448 2060 et
472 2017 549 2060 oves
572 1994 658 2060 fetae
686 1995 855 2082 indigeant
883 1994 939 2058 illa
966 1993 1171 2078 discretione,
1196 2019 1261 2082 qua
1284 2019 1361 2060 usus
1385 2007 1433 2061 est
1456 1995 1555 2062 Iacob
1580 1996 1692 2062 nolens
1716 2020 1833 2084 greges

186 2103 293 2166 ovium
318 2125 449 2166 suarum
476 2103 583 2166 nimiis
614 2101 781 2167 laboribus
811 2103 845 2165 in
867 2102 923 2166 via
945 2123 1077 2184 vexare,
1102 2124 1232 2184 cavens,
1263 2125 1304 2167 ne
1335 2113 1538 2168 morerentur
1560 2125 1624 2168 uno
1648 2103 1701 2168 die
1725 2105 1834 2170 cuncti
1853 2128 1994 2178 canaan.

184 2229 311 2294 greges.
357 2208 447 2273 Ecce
471 2231 556 2273 nunc
580 2219 707 2294 tempus
732 2218 781 2273 est
803 2207 998 2289 miserabile,
1019 2229 1083 2294 quo
1106 2219 1253 2294 pastores
1277 2211 1387 2274 ovium
1410 2210 1527 2290 iurant,
1550 2219 1586 2274 ut
1609 2231 1725 2296 pacem
1742 2215 1834 2297 *qua-
1853 2234 1944 2274 *raon

185 2313 378 2402 lerncunquc
401 2314 544 2380 habeant
566 2337 626 2401 per
644 2312 862 2380 obedientiam
879 2313 1033 2396 Gnidoni,
1058 2337 1153 2402 quem
1173 2315 1366 2380 Pascbalem
1389 2321 1531 2402 papam²
1553 2315 1675 2398 dicunt,
1699 2318 1834 2404 promis·

184 2443 253 2484 sam
277 2421 330 2486 vel
352 2423 502 2487 iuratam.
548 2422 672 2487 Verum
696 2423 753 2508 qui
775 2443 836 2486 nec
859 2422 966 2486 iurare
990 2443 1051 2486 nec
1075 2423 1261 2508 promittere
1285 2421 1397 2486 volunt
1427 2421 1472 2486 illi
1502 2421 1732 2505 obedientiam,
1762 2445 1834 2509 pre·

136 2526 324 2592 redonibus
348 2539 556 2615 exponuntur
579 2538 611 2593 et
634 2527 873 2615 disperguntur,
904 2529 989 2592 sicut
1018 2528 1051 2592 in
1075 2526 1306 2614 Salzbnrgensi
1334 2528 1495 2594 aecclesia
1522 2540 1679 2617 exparte
1703 2529 1834 2611 accidit,

183 2636 216 2698 in
240 2657 307 2722 qua
330 2636 455 2700 initium
480 2634 627 2700 dolorum
650 2647 873 2721 preostensum
897 2646 1021 2700 ceteras
1045 2634 1222 2700 aecclesias
1246 2636 1361 2700 terruit
1385 2635 1639 2718 considerantes,
1664 2635 1751 2724 quod
1773 2659 1835 2702 nec
1854 2661 1994 2712 nemias.

183 2752 300 2828 patruo
324 2765 393 2824 suo,
417 2741 536 2806 domno
559 2752 669 2808 nostro
693 2741 939 2828 archiepiscopo
950 2746 971 2824 ³,
1001 2740 1138 2806 domnus
1167 2742 1345 2829 Imperator
1368 2741 1438 2808 vult
1460 2765 1606 2829 parcere,
1637 2743 1701 2808 nisi
1724 2742 1835 2808 volun-

182 2849 264 2912 tatib
293 2871 371 2913 suae
402 2849 600 2935 acquiescat,
632 2849 716 2914 sicut
745 2847 837 2913 mnlti
867 2850 1094 2935 episcoporum
1124 2849 1190 2912 iam
1220 2848 1379 2929 lecerunt,
1409 2851 1465 2935 qui
1494 2851 1592 2915 etiam
1615 2849 1779 2915 subiectos
1801 2851 1836 2914 in

182 2955 326 3043 idipsum
356 2955 487 3020 trahunt
515 2979 579 3022 non
611 2956 850 3022 consentientes
881 2954 1117 3042 persequendo,
1147 2956 1387 3020 consentientes
1417 2956 1584 3042 perdendo
1594 2961 1616 3020 ⁴.
1664 2955 1730 3037 Qui
1757 2979 1835 3021 vero

135 3087 163 3127 ss
181 3062 332 3127 meliores
356 3064 519 3128 intereos
543 3063 704 3145 videntur,
735 3086 801 3128 non
829 3073 949 3149 cogunt
979 3084 1054 3126 suos
1085 3063 1202 3143 iurare,
1234 3061 1293 3126 sed
1316 3061 1378 3126 sibi
1402 3062 1624 3128 tantummodo
1648 3064 1834 3150 promittere

183 3167 414 3252 obedientiam,
439 3169 528 3256 quod
550 3181 582 3234 et
609 3169 702 3234 multi
731 3170 854 3235 faciunt
885 3167 1079 3256 quibusdam
1108 3169 1143 3232 in
1173 3168 1392 3254 simplicitate,
1422 3168 1617 3256 quibusdam
1648 3171 1681 3233 in
1710 3171 1835 3234 astucia

182 3298 243 3340 sua
267 3274 477 3362 deprehensis
501 3286 534 3340 et
557 3275 750 3364 illaqueatis,
775 3277 820 3341 ita
843 3285 878 3340 ut
902 3275 958 3340 alii
981 3276 1099 3340 mortui
1122 3272 1370 3358 absorbeantur,
1395 3275 1449 3340 alii
1465 3276 1543 3340 vivi.
1578 3276 1663 3340 Nam
1680 3277 1736 3363 qni
1760 3277 1834 3340 sim-

182 3381 312 3468 pliciter
340 3381 496 3448 incedunt
524 3384 708 3448 nescientes
736 3383 856 3447 malum
886 3403 957 3446 esse
986 3381 1071 3468 quod
1100 3380 1233 3462 faciunt,
1265 3383 1383 3446 mortui
1414 3380 1645 3465 absorbentur,
1676 3383 1732 3470 qni
1755 3404 1833 3446 vero

182 3490 290 3554 sciunt
305 3489 425 3554 malum
441 3511 512 3554 esse
537 3488 582 3553 illi
599 3488 817 3554 obedientiam
833 3490 1031 3576 promittere,
1051 3509 1148 3575 quem
1164 3510 1229 3552 non
1244 3489 1396 3574 ignorant
1411 3487 1629 3553 obedientiam
1644 3511 1833 3577 perversam

136 3622 164 3662 so
182 3597 318 3679 iurasse,
335 3597 402 3660 visi
418 3595 643 3662 absorbentur.
679 3594 746 3662 Sed
761 3595 862 3683 aliqui
878 3618 988 3662 eorum
1010 3596 1057 3659 sic
1074 3593 1270 3682 sepelliant,
1288 3605 1324 3658 ut
1340 3592 1558 3660 obedientiam
1573 3597 1763 3681 promittant
1786 3617 1833 3660 se·

182 3679 326 3768 cundum
338 3725 480 3768 canones
492 3702 538 3768 illi
554 3725 652 3790 quem
668 3705 774 3768 sciunt
788 3704 913 3767 iurasse
926 3712 1039 3768 contra
1055 3723 1196 3766 canones
1213 3699 1442 3766 obedientiam.
1470 3700 1595 3790 *Aliqui
1606 3725 1684 3767 vero
1700 3703 1831 3790 promit·
1851 3724 1881 3766 ·.
1930 3753 1936 3766 .

182 3819 254 3874 tunt
277 3808 497 3875 obedientiam
519 3807 663 3875 debitam
687 3811 727 3892 el,
751 3811 803 3875 cui
826 3797 947 3874 nullam
970 3807 1091 3874 debent
1113 3806 1343 3888 obedientiam,
1367 3829 1405 3872 eo
1429 3806 1516 3894 quod
1539 3810 1580 3873 sit
1602 3819 1695 3873 extra
1713 3808 1832 3873 Betha-

181 3918 281 3998 niam,
305 3927 398 3981 extra
421 3915 552 3982 domum
576 3915 811 3999 obedientiae⁵,
835 3918 869 3981 in
892 3938 957 4003 qna
981 3915 1049 3980 sola
1071 3914 1180 4002 placet
1203 3913 1395 4001 obsequium
1410 3913 1534 3979 Mariae
1559 3937 1597 3980 ac
1616 3915 1774 3997 Marthae,
1798 3916 1833 3979 in

183 4045 248 4110 qua
270 4023 402 4110 placent
427 4023 580 4088 lacrimae
607 4024 822 4110 penitentium
849 4033 881 4088 et
907 4032 1108 4109 unguentum
1135 4021 1343 4104 odoriferum,
1372 4021 1464 4086 cuius
1492 4020 1590 4086 odore
1621 4032 1689 4086 tota
1718 4021 1832 4086 domus

136 4154 165 4197 aa
182 4129 390 4195 obedientiae
412 4130 574 4217 impletur.
619 4129 734 4218 Neque
757 4129 837 4194 illud
860 4129 947 4194 foras
971 4129 1132 4210 efferetur,
1161 4129 1244 4193 sicut
1267 4150 1328 4192 nec
1352 4129 1429 4214 agni
1453 4149 1568 4193 carnes
1592 4129 1626 4192 in
1648 4150 1713 4192 una
1737 4127 1831 4192 domo

183 4236 330 4301 edendae
354 4236 441 4302 foras
464 4237 649 4302 afferendae
668 4248 752 4317 sunt,
777 4237 854 4323 quia
872 4258 933 4301 nec
956 4237 990 4299 in
1010 4237 1162 4300 scismate
1185 4257 1246 4300 nec
1266 4236 1301 4298 in
1316 4233 1424 4298 heresi
1444 4233 1554 4321 aliqua
1573 4235 1705 4299 iamiam
1721 4233 1832 4321 damp-

182 4353 259 4408 nata
282 4344 423 4409 inveniri
445 4349 609 4430 possuntfl.

289 4451 383 4515 Haec
416 4449 510 4515 nobis
546 4448 765 4515 asserentibus
799 4450 950 4536 privatim
986 4471 1025 4513 ac
1059 4447 1200 4534 publice,
1231 4458 1267 4512 ut
1302 4469 1450 4533 egressos
1486 4448 1705 4529 reinvitemus,
1741 4447 1832 4512 multi

182 4555 276 4621 nobis
315 4556 555 4640 contradicunt,
590 4557 645 4644 qui
683 4579 742 4621 nos
779 4556 979 4621 scismaticos
1017 4577 1087 4620 esse
1125 4565 1274 4618 asserunt
1312 4565 1344 4619 et
1381 4577 1415 4618 se
1454 4553 1669 4618 universalem
1707 4553 1831 4619 aeccle·

138 4688 165 4728 so
183 4664 264 4727 siam
294 4673 428 4750 propter
457 4664 578 4728 sociam
607 4662 857 4728 multitudinem.
904 4661 996 4726 Unus
1026 4671 1134 4726 autem
1165 4683 1208 4725 ex
1237 4660 1310 4742 illis,
1339 4683 1413 4724 cum
1444 4670 1531 4726 esset
1553 4660 1700 4747 pontifex
1730 4663 1831 4747 partis

182 4769 278 4851 illius,
307 4768 392 4834 dixit
424 4769 503 4834 mihi
537 4770 660 4856 Papiae
695 4768 813 4834 domno
848 4770 1042 4855 imperatore
1077 4769 1201 4832 curiam
1236 4777 1367 4832 tenente
1401 4766 1478 4850 illic,
1513 4765 1570 4832 ubi
1601 4777 1632 4832 et
1661 4790 1722 4854 ego
1758 4791 1831 4832 cum

183 4875 301 4941 domno
336 4899 409 4941 meo
443 4876 700 4964 archyepiscopo
739 4875 855 4940 affuil:
892 4874 1021 4939 ‘Nonne
1060 4873 1212 4939 indicatis
1250 4873 1430 4938 hereticum
1465 4884 1497 4938 et
1531 4875 1768 4962 symoniacum,
1804 4876 1832 4938 si

290 5074 317 5140 a)
337 5077 374 5127 ita
391 5094 455 5127 corr.
470 5094 519 5142 pro
537 5076 694 5144 periculosa
711 5094 733 5127 c.
805 5074 833 5139 b)
854 5093 917 5126 corr.
936 5092 965 5125 es:
984 5073 1125 5127 voluntate
1143 5091 1164 5125 c.

293 5237 323 5314 1)
348 5237 550 5316 Qaamar.
568 5238 827 5310 Parmeniam'lll,
852 5259 875 5296 c.
891 5238 941 5310 14,
967 5236 1040 5314 Opp.
1057 5237 1112 5309 IX,
1137 5238 1187 5295 col.
1206 5237 1257 5294 65.
1289 5237 1331 5294 M.
1402 5237 1432 5307 2)
1457 5237 1514 5295 ΙΙΙ.
1585 5234 1615 5313 3)
1641 5236 1774 5296 &arado
1789 5238 1830 5310 II,

138 5361 165 5402 so
176 5345 277 5419 fratri
291 5345 400 5404 Ottoais
418 5347 501 5422 episc.
520 5346 665 5424 Frisinp.;
689 5345 729 5418 cf.
745 5344 854 5405 Coctia
870 5343 1137 5421 Claustroaccburp.
1154 5343 1179 5415 I,
1202 5344 1259 5401 SS.
1278 5343 1330 5416 XI,
1350 5365 1383 5420 p.
1398 5343 1472 5400 611.
1496 5345 1538 5402 M.
1544 5366 1555 5415 ;
1577 5344 1653 5403 Aac.
1669 5344 1830 5403 Reiclrcrsb.

183 5452 328 5510 α.1166.
352 5453 370 5509 l.
387 5455 406 5510 l.
472 5452 503 5524 4)
527 5452 602 5511 Aac.
619 5452 831 5530 Reicdersberp.
856 5472 884 5510 c.
904 5451 998 5521 1165,
1024 5449 1078 5506 SS.
1095 5450 1196 5521 XVII,
1215 5470 1249 5526 p.
1267 5449 1340 5506 4⁷2.
1411 5451 1441 5522 5)
1465 5451 1586 5509 Hieron
1604 5451 1703 5508 hesic.
1726 5451 1829 5509 cornia.

184 5559 330 5630 nstrata,
363 5557 436 5636 Opp.
460 5560 517 5631 III,
549 5561 599 5618 col.
624 5559 699 5616 516.
813 5557 845 5633 6)
877 5557 925 5630 Os.
957 5575 1030 5634 ᾳιιαε
1054 5555 1241 5614 Miiklbacdcr
1258 5577 1291 5633 p.
1317 5557 1389 5614 368.
1414 5558 1457 5615 ad
1483 5559 1556 5615 lunc
1585 5559 1674 5616 locum
1703 5558 1830 5615 adnotat.

186 5663 391 5742 7)A.1164,
416 5665 504 5742 sept,
535 5666 611 5724 Ana.
635 5665 847 5743 Reiclrersdcrp.
873 5663 927 5722 SS.
954 5662 1054 5733 XVII,
1079 5683 1112 5738 p.
1131 5663 1211 5720 471:
1243 5661 1300 5728 Qui
1322 5666 1416 5720 statim
1439 5665 1469 5720 in
1489 5683 1586 5721 mense
1610 5664 1771 5737 Septembri
1795 5666 1831 5721 ad

1566 5785 1617 5835 51*
