4478 6442
461 399 522 461 726
953 405 1005 461 DE
1030 405 1164 461 ANULO
1189 405 1240 460 ET
1264 405 1421 462 Bacuuo
1446 405 1605 463 VERSUS.

566 593 745 678 Sequuntur
764 593 814 657 bic
833 593 1058 658 similitudinis
1071 595 1178 678 pretio
1194 595 1348 670 carmina,
1372 617 1452 678 quoe
1473 592 1633 658 codicibus
1649 617 1728 658 suec.
1747 593 1827 656 XII.
1847 593 2109 657 Bruxelleusihos

457 703 585 785 accipias
609 703 855 764 conintemorutis
875 699 1051 786 10670(1),
1068 701 1135 787 fol.
1155 699 1305 762 69’-70.
1324 715 1352 764 et
1368 699 1513 784 9799(2)
1538 701 1627 764 uobis
1646 700 1823 764 cuduntur.
1862 700 1913 764 De
1930 702 2044 786 quibus
2061 701 2108 765 dc-

457 808 585 892 cci-iptio
602 805 687 870 Iulio
702 805 785 870 Petit
807 808 1021 870 conseruatori
1038 808 1162 892 pretias
1184 808 1308 894 optimis
1331 808 1496 870 mrraeimos.
1537 805 1652 871 Iterum
1677 831 1712 871 eo
1738 808 1869 872 curtiali!
1892 806 1967 871 Cur.
1987 807 2110 893 Hompa

456 915 560 976 socius
584 927 693 976 noster.
739 913 851 976 Versus
878 915 976 975 1-4.
1002 912 1104 976 edidit
1127 914 1191 978 ici-m
1215 912 1426 998 Reiffenoery,
1450 913 1620 976 ‘Bullctius
1644 913 1682 978 dc
1707 913 1838 977 I'Acud.
1865 914 1991 1001 royaIe'
2021 914 2109 992 i'III.

458 1019 488 1096 2,
508 1045 542 1104 p.
562 1020 625 1082 252
659 1019 701 1100 (u.
723 1021 838 1102 1841);
870 1018 916 1099 II,
943 1045 968 1082 u.
989 1021 1017 1085 1.
1063 1019 1167 1096 Morte,
1191 1019 1437 1106 ‘Aiizciperfi'ir
1462 1019 1577 1083 Kuude
1602 1019 1657 1083 der
1681 1021 1831 1084 teutschen
1855 1020 1994 1084 Vorzeit'
2022 1020 2135 1098 I'III,s

451 1151 486 1212 μ
506 1127 579 1189 596.
1654 1178 1692 1242 u.
1719 1179 2002 1244 conminus.

777 1426 903 1491 Anulus
928 1439 959 1490 et
982 1425 1117 1491 baculus
1142 1425 1205 1492 duo
1230 1443 1303 1492 sunt
1326 1428 1466 1512 insignia
1478 1431 1497 1508 ¹,
1522 1449 1581 1514 per
1605 1451 1667 1514 quc

831 1533 1029 1598 I'ontificulis
1053 1533 1155 1599 honor
1177 1534 1315 1598 traditur
1338 1534 1485 1622 ecclesie.

777 1640 903 1704 Anulus
927 1651 976 1705 est
999 1642 1119 1727 sponsi,
1143 1639 1277 1706 baculus
1300 1642 1476 1728 pastoris&
1502 1652 1533 1704 et
1556 1653 1648 1728 apte:

831 1747 927 1812 Hunc
952 1749 1055 1834 pietas
1079 1760 1195 1828 sacrat,
1220 1748 1305 1812 hunc
1329 1747 1442 1834 regula
1465 1749 1601 1834 iusticie.

734 1870 749 1918 5
778 1853 923 1918 Cautus²
947 1855 980 1918 in
1003 1853 1053 1918 his
1077 1867 1184 1920 rector
1206 1853 1289 1918 bene
1314 1855 1360 1919 sic
1385 1853 1550 1940 dispenset
1573 1867 1755 1942 utrumque,

832 1961 880 2026 No
905 1963 1008 2048 pietas
1033 1963 1113 2026 recti
1138 1961 1300 2047 discrepet
1324 1985 1342 2026 a
1366 1961 1485 2048 specie.

777 2067 848 2132 Rex
873 2069 1002 2154 sapiens
1027 2067 1201 2132 Salomonh
1227 2068 1397 2155 sculptoris
1421 2067 1576 2154 providus
1600 2081 1667 2133 arte

832 2174 871 2238 In
895 2174 1014 2261 templo
1039 2175 1129 2239 vario
1154 2173 1300 2239 condidit
1322 2174 1383 2239 hec
1407 2197 1515 2261 opere.

278 2309 436 2358 nmium.
777 2281 804 2344 F
807 2283 956 2346 innerate
981 2281 1055 2346 inde
1080 2280 1181 2346 boves
1205 2280 1264 2345 sub
1288 2280 1432 2362 basibus,
1456 2281 1531 2346 inde
1555 2281 1665 2346 leones

717 2405 748 2453 10
831 2386 1005 2452 Vultibusd
1029 2389 1200 2475 oppositis3
1225 2409 1307 2452 enea
1330 2389 1490 2453 materies.

292 2523 435 2570 memes.
779 2493 944 2560 Cherubin
969 2517 1010 2559 ex
1034 2517 1112 2560 auro
1137 2493 1290 2560 velabant
1313 2494 1432 2559 federis
1457 2517 1565 2559 arcam

830 2602 997 2688 Expositis
1022 2601 1080 2666 elis
1103 2625 1206 2688 prona
1229 2624 1328 2688 super
1349 2599 1507 2666 fabricae.

777 2708 927 2774 Ecclesie
951 2707 1039 2774 basis
1063 2719 1232 2795 reputatur
1253 2709 1427 2795 episcopus
1451 2731 1539 2774 esse:

832 2815 976 2880 Sustinet
998 2815 1052 2880 hic
1076 2815 1230 2902 populum
1254 2815 1338 2880 sicut
1361 2837 1441 2880 onus
1465 2815 1598 2880 fabrice.

718 2939 748 2987 15
777 2922 992 2987 Mansuetudo
1015 2920 1124 3002 boum,
1148 2922 1256 2986 fervor
1279 2933 1369 2986 notat
1392 2945 1449 2986 ora
1471 2922 1613 2987 leonum:

830 3029 912 3092 Esse
937 3027 1098 3093 sacerdoti
1123 3027 1220 3094 debet
1242 3039 1414 3116 utrumque
1438 3028 1569 3094 bonum.

778 3135 857 3200 Tale
882 3134 977 3199 decet
1000 3157 1077 3200 sane
1102 3157 1230 3221 semper
1253 3135 1321 3200 fore
1345 3136 1507 3222 pontificis
1531 3159 1596 3218 cor,

831 3241 892 3306 Cui
915 3240 1000 3306 bene
1025 3243 1197 3306 conveniat
1221 3265 1293 3307 cum
1317 3243 1437 3328 pietate
1462 3243 1558 3328 rigor.

777 3347 943 3412 Cherubin
968 3359 1017 3412 est
1040 3348 1152 3412 doctor
1175 3349 1228 3412 cui
1251 3348 1349 3434 plena
1372 3351 1509 3414 scientia
1532 3362 1658 3415 constat
1667 3357 1687 3432 ³,

714 3471 747 3519 so
829 3454 873 3518 Ut
895 3456 948 3540 pie
972 3455 1024 3519 vel
1047 3456 1130 3520 iuste
1154 3467 1243 3520 recta
1267 3455 1384 3520 docent
1406 3456 1536 3520 faciet‘.

773 3705 898 3768 Anulus
922 3715 955 3768 et
977 3703 1112 3769 baculus
1135 3717 1210 3769 sunt
1231 3704 1429 3791 pontificalia
1452 3727 1554 3787 sacra,

830 3811 901 3896 Quo
925 3811 1005 3876 falso
1031 3835 1124 3876 cesar
1146 3823 1277 3898 arrogat
1299 3834 1370 3876 esse
1395 3833 1462 3876 sua.

775 3917 877 4003 Regia
900 3917 1006 3982 denuo
1031 3929 1104 3982 sunt
1128 3917 1191 3982 duo
1215 3928 1378 4004 sceptrum
1402 3919 1454 3984 vel
1477 3917 1627 3983 diadema

827 4023 978 4088 Ambitus
1002 4035 1035 4089 et
1057 4026 1146 4090 furor
1168 4025 1227 4110 hec
1252 4047 1322 4090 esse
1346 4025 1424 4089 facit
1447 4027 1588 4112 propria.

730 4147 745 4195 5
773 4130 876 4196 Romu
900 4142 997 4217 caput
1019 4131 1130 4196 mnndi
1153 4133 1237 4218 regit
1260 4130 1346 4196 orbis
1370 4143 1499 4218 sceptra
1521 4132 1680 4215 rotundi⁴‚

827 4236 972 4303 Urbibus
995 4237 1072 4302 urbs
1096 4238 1235 4304 celebris
1259 4262 1301 4303 ex
1324 4239 1416 4303 titulo
1439 4239 1526 4303 fidei.

774 4345 838 4410 Hic
862 4345 951 4409 locus
975 4346 1102 4432 imperii
1125 4368 1188 4432 quo
1211 4345 1268 4409 fiat
1290 4347 1433 4410 inunctio
1456 4347 1537 4432 regi,

830 4452 904 4533 Qua
928 4453 998 4517 sine
1021 4453 1234 4518 monarchus
1257 4475 1352 4516 nemo
1376 4464 1482 4538 potest
1503 4454 1584 4518 fieri.

775 4558 918 4623 Presulis
942 4569 991 4623 est
1014 4571 1121 4624 autem
1145 4582 1238 4624 sacra
1262 4561 1421 4624 crismatis
1445 4562 1564 4642 unctio,
1589 4560 1629 4626 de
1654 4585 1718 4648 qua

715 4688 747 4737 ro
829 4665 983 4730 Traditur
1006 4677 1142 4752 augusto
1166 4668 1290 4730 terrorh
1314 4665 1355 4730 ab
1380 4667 1529 4750 ecclesia,

562 4917 587 4980 a)
605 4923 760 4981 caustus13
780 4937 842 4970 corr.
857 4922 880 4970 2.
955 4919 982 4978 b)
1000 4921 1126 4971 Saiemon
1137 4929 1268 4985 postem.
1282 4921 1411 4973 Salomon
1427 4925 1450 4972 l.
1523 4920 1769 4982 c)Piuxerstl.2.
1842 4921 2025 4990 d)Vuipibns
2044 4928 2104 4976 1.2.

456 5013 481 5068 c)
504 5011 634 5060 fabricam
657 5013 679 5060 1.
752 5009 772 5070 f)
794 5011 934 5060 saciantl.
949 5012 972 5060 2.
1045 5008 1073 5074 g)
1096 5011 1255 5060 monarchur
1277 5014 1297 5060 1.
1318 5013 1342 5060 2.
1415 5009 1443 5072 h)
1465 5021 1551 5062 terrar
1573 5015 1682 5073 heom.
1703 5015 1726 5062 2.

563 5224 593 5298 1)
619 5225 666 5298 Cf.
693 5227 834 5303 Ranycrii
856 5227 900 5284 lib.
926 5229 960 5284 dc
983 5229 1069 5284 (anulo
1093 5228 1245 5298 retiaculo,
1271 5227 1332 5284 Lib.
1360 5229 1393 5284 de
1416 5229 1462 5284 lite
1477 5228 1518 5298 ΙΙ,
1537 5249 1570 5304 p.
1589 5228 1662 5298 509,
1687 5249 1712 5286 o.
1734 5231 1764 5285 l:
1797 5230 1906 5285 Anulus
1932 5241 1962 5286 et
1987 5231 2105 5288 baculus

454 5335 509 5388 duo
533 5341 597 5387 sunt
622 5353 701 5388 sacru
725 5335 814 5405 signa.
930 5331 961 5408 2)
984 5335 1058 5390 lhid.
1083 5355 1108 5391 v.
1128 5334 1162 5389 3:
1188 5335 1297 5390 Anulus
1322 5343 1365 5390 est
1389 5337 1499 5407 sponsi3
1532 5355 1556 5392 o.
1576 5337 1629 5391 ll:
1655 5337 1694 5392 Ar
1718 5337 1836 5392 baculus
1859 5338 1970 5408 prefert
1994 5340 2105 5411 siguum
2124 5355 2149 5392 to

453 5442 582 5512 pastoris.
677 5440 705 5508 3)
731 5439 800 5496 Isid.
820 5440 940 5514 Etymol.
963 5440 1043 5511 VIII,
1062 5441 1091 5511 ὅ,
1110 5440 1167 5496 22:
1193 5443 1329 5498 cherubin
1347 5443 1376 5496 id
1394 5451 1437 5497 cst
1453 5443 1600 5513 plenitudo
1624 5443 1770 5500 scientiae.
1863 5439 1893 5519 4)
1920 5441 1969 5515 Ψ.
1995 5463 2105 5502 versum

454 5547 648 5621 critiquiorcm,
687 5566 764 5622 quem
797 5569 819 5604 e.
847 5568 874 5622 p.
907 5547 1029 5605 iuvenies
1060 5547 1089 5604 in
1120 5549 1198 5605 codd.
1232 5548 1262 5605 S.
1289 5547 1369 5607 Gelli
1395 5548 1465 5618 135,
1496 5568 1569 5606 socc.
1588 5549 1715 5618 X—XI,
1740 5549 1853 5624 12526
1880 5544 2106 5622 sti'meiclriiiss

455 5654 505 5709 der
525 5653 672 5724 tee'sutiot.
698 5674 751 5710 ron
777 5653 816 5710 St.
836 5653 956 5712 Gollcri’
975 5675 1008 5731 p.
1028 5650 1103 5730 541)
1129 5663 1154 5712 ct
1176 5655 1308 5712 liminensi
1334 5654 1426 5711 1043.
1453 5655 1526 5726 743,
1550 5676 1623 5712 succ.
1642 5655 1727 5712 IIIII.
1746 5667 1800 5726 cx„
1819 5657 1877 5728 fol.
1897 5656 1960 5713 190
1986 5653 2106 5732 (evenes

456 5759 572 5815 Archio’
599 5759 714 5828 XVIII,
735 5779 767 5834 p.
787 5759 878 5834 dlv:
905 5763 992 5817 Roma
1016 5771 1102 5834 caput
1126 5764 1220 5816 mundi
1244 5765 1318 5834 regit
1341 5764 1416 5818 orbis
1440 5763 1521 5818 frena
1543 5764 1667 5818 rotundi.
