<?xml version="1.0" encoding="UTF-8"?>
<!DOCTYPE html PUBLIC "-//W3C//DTD XHTML 1.0 Transitional//EN"
    "http://www.w3.org/TR/xhtml1/DTD/xhtml1-transitional.dtd">
<html xmlns="http://www.w3.org/1999/xhtml" xml:lang="en" lang="en">
 <head>
  <title>
</title>
<meta http-equiv="Content-Type" content="text/html;charset=utf-8" />
  <meta name='ocr-system' content='tesseract 3.04.00' />
  <meta name='ocr-capabilities' content='ocr_page ocr_carea ocr_par ocr_line ocrx_word'/>
</head>
<body>
  <div class='ocr_page' id='page_1' title='image "./monumentagerman00unkngoog_0526.png"; bbox 0 0 4386 6390; ppageno 0'>
   <div class='ocr_carea' id='block_1_1' title="bbox 349 315 1734 402">
    <p class='ocr_par' dir='ltr' id='par_1_1' title="bbox 349 315 1734 402">
     <span class='ocr_line' id='line_1_1' title="bbox 349 315 1734 402; baseline 0.001 -4"><span class='ocrx_word' id='word_1_1' title='bbox 349 342 626 400; x_wconf 74' lang='lat' dir='ltr'>rnuouurruu</span> <span class='ocrx_word' id='word_1_2' title='bbox 649 315 985 401; x_wconf 78' lang='lat' dir='ltr'>russanuaorusu</span> <span class='ocrx_word' id='word_1_3' title='bbox 1009 344 1063 400; x_wconf 83' lang='lat' dir='ltr'>os</span> <span class='ocrx_word' id='word_1_4' title='bbox 1090 344 1313 402; x_wconf 73' lang='lat' dir='ltr'>crumenas</span> <span class='ocrx_word' id='word_1_5' title='bbox 1337 345 1461 400; x_wconf 79' lang='lat' dir='ltr'>ceum.</span> <span class='ocrx_word' id='word_1_6' title='bbox 1669 338 1734 400; x_wconf 75' lang='lat' dir='ltr'>aar</span> 
     </span>
    </p>
   </div>
   <div class='ocr_carea' id='block_1_2' title="bbox 39 533 1737 4353">
    <p class='ocr_par' dir='ltr' id='par_1_2' title="bbox 80 533 1737 940">
     <span class='ocr_line' id='line_1_2' title="bbox 80 533 1736 620; baseline 0.001 -26"><span class='ocrx_word' id='word_1_7' title='bbox 80 555 150 594; x_wconf 81' lang='lat' dir='ltr'>ram</span> <span class='ocrx_word' id='word_1_8' title='bbox 171 545 303 617; x_wconf 80' lang='lat' dir='ltr'>potrum</span> <span class='ocrx_word' id='word_1_9' title='bbox 327 533 497 595; x_wconf 83' lang='lat' dir='ltr'>canonibus</span> <span class='ocrx_word' id='word_1_10' title='bbox 521 533 672 610; x_wconf 79' lang='lat' dir='ltr'>instituto,</span> <span class='ocrx_word' id='word_1_11' title='bbox 697 545 725 595; x_wconf 89' lang='lat' dir='ltr'>et</span> <span class='ocrx_word' id='word_1_12' title='bbox 747 535 937 599; x_wconf 80' lang='lat' dir='ltr'>venerabilis</span> <span class='ocrx_word' id='word_1_13' title='bbox 959 533 1078 619; x_wconf 72' lang='lat' dir='ltr'>Niceae</span> <span class='ocrx_word' id='word_1_14' title='bbox 1101 533 1297 620; x_wconf 77' lang='lat' dir='ltr'>stisods&#39;fiao</span> <span class='ocrx_word' id='word_1_15' title='bbox 1322 533 1463 613; x_wconf 69' lang='lat' dir='ltr'>decret-ea,</span> <span class='ocrx_word' id='word_1_16' title='bbox 1494 533 1583 597; x_wconf 83' lang='lat' dir='ltr'>nullo</span> <span class='ocrx_word' id='word_1_17' title='bbox 1603 547 1736 618; x_wconf 83' lang='lat' dir='ltr'>possoot</span> 
     </span>
     <span class='ocr_line' id='line_1_3' title="bbox 83 638 1735 727; baseline 0.001 -25"><span class='ocrx_word' id='word_1_18' title='bbox 83 638 282 724; x_wconf 78' lang='lat' dir='ltr'><em>improbitate</em></span> <span class='ocrx_word' id='word_1_19' title='bbox 312 639 459 716; x_wconf 82' lang='lat' dir='ltr'>convelli,</span> <span class='ocrx_word' id='word_1_20' title='bbox 492 638 582 702; x_wconf 80' lang='lat' dir='ltr'>asello</span> <span class='ocrx_word' id='word_1_21' title='bbox 611 639 746 702; x_wconf 79' lang='lat' dir='ltr'>novitate</span> <span class='ocrx_word' id='word_1_22' title='bbox 776 642 903 704; x_wconf 82' lang='lat' dir='ltr'>violari.</span> <span class='ocrx_word' id='word_1_23' title='bbox 957 641 998 704; x_wconf 55' lang='lat' dir='ltr'>Io.</span> <span class='ocrx_word' id='word_1_24' title='bbox 1028 665 1088 726; x_wconf 85' lang='lat' dir='ltr'>qao</span> <span class='ocrx_word' id='word_1_25' title='bbox 1120 664 1210 726; x_wconf 83' lang='lat' dir='ltr'>opere</span> <span class='ocrx_word' id='word_1_26' title='bbox 1240 641 1416 704; x_wconf 68' lang='lat' dir='ltr'>coartiano</span> <span class='ocrx_word' id='word_1_27' title='bbox 1444 639 1568 704; x_wconf 77' lang='lat' dir='ltr'>Christo</span> <span class='ocrx_word' id='word_1_28' title='bbox 1590 639 1735 727; x_wconf 78' lang='lat' dir='ltr'>fideliter</span> 
     </span>
     <span class='ocr_line' id='line_1_4' title="bbox 82 744 1737 835; baseline 0.001 -27"><span class='ocrx_word' id='word_1_29' title='bbox 82 744 260 830; x_wconf 69' lang='lat' dir='ltr'>exequendo</span> <span class='ocrx_word' id='word_1_30' title='bbox 289 768 410 808; x_wconf 75' lang='lat' dir='ltr'>neceam</span> <span class='ocrx_word' id='word_1_31' title='bbox 439 758 484 809; x_wconf 91' lang='lat' dir='ltr'>est</span> <span class='ocrx_word' id='word_1_32' title='bbox 511 769 559 809; x_wconf 87' lang='lat' dir='ltr'>me</span> <span class='ocrx_word' id='word_1_33' title='bbox 578 759 826 831; x_wconf 80' lang='lat' dir='ltr'>perseverantem</span> <span class='ocrx_word' id='word_1_34' title='bbox 851 749 994 812; x_wconf 74' lang='lat' dir='ltr'>astitere</span> <span class='ocrx_word' id='word_1_35' title='bbox 1010 748 1219 835; x_wconf 72' lang='lat' dir='ltr'>firrnalotnor,</span> <span class='ocrx_word' id='word_1_36' title='bbox 1251 749 1400 832; x_wconf 71' lang='lat' dir='ltr'>quostiam</span> <span class='ocrx_word' id='word_1_37' title='bbox 1431 746 1624 832; x_wconf 77' lang='lat' dir='ltr'>disperaset-sb</span> <span class='ocrx_word' id='word_1_38' title='bbox 1654 746 1737 810; x_wconf 71' lang='lat' dir='ltr'>anibi</span> 
     </span>
     <span class='ocr_line' id='line_1_5' title="bbox 83 851 1734 940; baseline 0.001 -26"><span class='ocrx_word' id='word_1_39' title='bbox 83 851 205 914; x_wconf 79' lang='lat' dir='ltr'>credita</span> <span class='ocrx_word' id='word_1_40' title='bbox 220 865 273 931; x_wconf 83' lang='lat' dir='ltr'>est,</span> <span class='ocrx_word' id='word_1_41' title='bbox 297 865 326 915; x_wconf 83' lang='lat' dir='ltr'>et</span> <span class='ocrx_word' id='word_1_42' title='bbox 346 851 392 915; x_wconf 84' lang='lat' dir='ltr'>od</span> <span class='ocrx_word' id='word_1_43' title='bbox 413 875 513 915; x_wconf 82' lang='lat' dir='ltr'>meam</span> <span class='ocrx_word' id='word_1_44' title='bbox 536 851 655 916; x_wconf 81' lang='lat' dir='ltr'>tendit⁸</span> <span class='ocrx_word' id='word_1_45' title='bbox 678 866 808 932; x_wconf 79' lang='lat' dir='ltr'>reatum,</span> <span class='ocrx_word' id='word_1_46' title='bbox 832 857 865 918; x_wconf 83' lang='lat' dir='ltr'>si</span> <span class='ocrx_word' id='word_1_47' title='bbox 878 868 1085 940; x_wconf 79' lang='lat' dir='ltr'>paternarum</span> <span class='ocrx_word' id='word_1_48' title='bbox 1111 855 1216 939; x_wconf 64' lang='lat' dir='ltr'>regale</span> <span class='ocrx_word' id='word_1_49' title='bbox 1238 852 1466 932; x_wconf 64' lang='lat' dir='ltr'>sonots&#39;oauml,</span> <span class='ocrx_word' id='word_1_50' title='bbox 1490 877 1549 939; x_wconf 71' lang='lat' dir='ltr'>que</span> <span class='ocrx_word' id='word_1_51' title='bbox 1572 855 1605 916; x_wconf 78' lang='lat' dir='ltr'>ia</span> <span class='ocrx_word' id='word_1_52' title='bbox 1621 852 1734 916; x_wconf 82' lang='lat' dir='ltr'>sinodo</span> 
     </span>
    </p>

    <p class='ocr_par' dir='ltr' id='par_1_3' title="bbox 50 956 1733 1128">
     <span class='ocr_line' id='line_1_6' title="bbox 50 956 1733 1045; baseline 0.001 -25"><span class='ocrx_word' id='word_1_53' title='bbox 50 956 206 1020; x_wconf 82' lang='lat' dir='ltr'>st&#39;ceoo</span> <span class='ocrx_word' id='word_1_54' title='bbox 231 956 276 1021; x_wconf 86' lang='lat' dir='ltr'>od</span> <span class='ocrx_word' id='word_1_55' title='bbox 297 960 389 1022; x_wconf 80' lang='lat' dir='ltr'>toties</span> <span class='ocrx_word' id='word_1_56' title='bbox 412 958 539 1042; x_wconf 68' lang='lat' dir='ltr'>ecclesie</span> <span class='ocrx_word' id='word_1_57' title='bbox 567 961 704 1045; x_wconf 78' lang='lat' dir='ltr'>reps&#39;meo</span> <span class='ocrx_word' id='word_1_58' title='bbox 734 962 852 1045; x_wconf 78' lang='lat' dir='ltr'>spirita</span> <span class='ocrx_word' id='word_1_59' title='bbox 875 960 942 1025; x_wconf 84' lang='lat' dir='ltr'>Dee&#39;</span> <span class='ocrx_word' id='word_1_60' title='bbox 969 965 1158 1025; x_wconf 77' lang='lat' dir='ltr'>instruente⁰</span> <span class='ocrx_word' id='word_1_61' title='bbox 1183 974 1254 1024; x_wconf 76' lang='lat' dir='ltr'>soret</span> <span class='ocrx_word' id='word_1_62' title='bbox 1284 960 1416 1040; x_wconf 81' lang='lat' dir='ltr'>condite,</span> <span class='ocrx_word' id='word_1_63' title='bbox 1446 985 1504 1040; x_wconf 81' lang='lat' dir='ltr'>one,</span> <span class='ocrx_word' id='word_1_64' title='bbox 1535 959 1621 1045; x_wconf 85' lang='lat' dir='ltr'>quod</span> <span class='ocrx_word' id='word_1_65' title='bbox 1641 960 1733 1038; x_wconf 79' lang='lat' dir='ltr'>obsit,</span> 
     </span>
     <span class='ocr_line' id='line_1_7' title="bbox 84 1064 448 1128; baseline -0.003 0"><span class='ocrx_word' id='word_1_66' title='bbox 84 1064 262 1128; x_wconf 76' lang='lat' dir='ltr'><em>conhibente</em></span> <span class='ocrx_word' id='word_1_67' title='bbox 285 1065 448 1128; x_wconf 81' lang='lat' dir='ltr'>violentur.</span> 
     </span>
    </p>

    <p class='ocr_par' dir='ltr' id='par_1_4' title="bbox 84 1169 1733 1474">
     <span class='ocr_line' id='line_1_8' title="bbox 190 1169 1733 1259; baseline 0 -25"><span class='ocrx_word' id='word_1_68' title='bbox 190 1169 263 1234; x_wconf 92' lang='lat' dir='ltr'>Hoc</span> <span class='ocrx_word' id='word_1_69' title='bbox 288 1169 393 1234; x_wconf 89' lang='lat' dir='ltr'>laudis</span> <span class='ocrx_word' id='word_1_70' title='bbox 409 1171 565 1256; x_wconf 86' lang='lat' dir='ltr'>preconio</span> <span class='ocrx_word' id='word_1_71' title='bbox 581 1170 740 1235; x_wconf 88' lang='lat' dir='ltr'>Nicenam</span> <span class='ocrx_word' id='word_1_72' title='bbox 756 1173 935 1258; x_wconf 89' lang='lat' dir='ltr'>insigniunt</span> <span class='ocrx_word' id='word_1_73' title='bbox 958 1173 1118 1259; x_wconf 84' lang='lat' dir='ltr'><strong>synodum</strong></span> <span class='ocrx_word' id='word_1_74' title='bbox 1142 1173 1242 1238; x_wconf 88' lang='lat' dir='ltr'>idest</span> <span class='ocrx_word' id='word_1_75' title='bbox 1265 1171 1444 1259; x_wconf 87' lang='lat' dir='ltr'>apostolici,</span> <span class='ocrx_word' id='word_1_76' title='bbox 1470 1171 1526 1258; x_wconf 92' lang='lat' dir='ltr'>qui</span> <span class='ocrx_word' id='word_1_77' title='bbox 1550 1195 1569 1235; x_wconf 89' lang='lat' dir='ltr'>a</span> <span class='ocrx_word' id='word_1_78' title='bbox 1592 1171 1733 1258; x_wconf 91' lang='lat' dir='ltr'>propriis</span> 
     </span>
     <span class='ocr_line' id='line_1_9' title="bbox 84 1276 1733 1366; baseline 0.001 -26"><span class='ocrx_word' id='word_1_79' title='bbox 84 1277 183 1340; x_wconf 88' lang='lat' dir='ltr'>etiam</span> <span class='ocrx_word' id='word_1_80' title='bbox 206 1277 430 1341; x_wconf 82' lang='lat' dir='ltr'>coutinentes‘1</span> <span class='ocrx_word' id='word_1_81' title='bbox 452 1276 608 1341; x_wconf 85' lang='lat' dir='ltr'>uxoribus</span> <span class='ocrx_word' id='word_1_82' title='bbox 633 1277 851 1344; x_wconf 80' lang='lat' dir='ltr'>eclesiasticos</span> <span class='ocrx_word' id='word_1_83' title='bbox 867 1279 1047 1344; x_wconf 87' lang='lat' dir='ltr'>decernunt</span> <span class='ocrx_word' id='word_1_84' title='bbox 1062 1280 1191 1366; x_wconf 85' lang='lat' dir='ltr'>deponi.</span> <span class='ocrx_word' id='word_1_85' title='bbox 1227 1280 1281 1362; x_wconf 89' lang='lat' dir='ltr'>Hi,</span> <span class='ocrx_word' id='word_1_86' title='bbox 1307 1281 1333 1343; x_wconf 90' lang='lat' dir='ltr'>si</span> <span class='ocrx_word' id='word_1_87' title='bbox 1358 1279 1559 1343; x_wconf 80' lang='lat' dir='ltr'>sentenciam</span> <span class='ocrx_word' id='word_1_88' title='bbox 1574 1277 1733 1342; x_wconf 89' lang='lat' dir='ltr'>Pafnucio</span> 
     </span>
     <span class='ocr_line' id='line_1_10' title="bbox 84 1384 1733 1474; baseline 0.002 -28"><span class='ocrx_word' id='word_1_89' title='bbox 84 1385 259 1469; x_wconf 80' lang='lat' dir='ltr'>ascriptam</span> <span class='ocrx_word' id='word_1_90' title='bbox 281 1384 465 1470; x_wconf 84' lang='lat' dir='ltr'>reciperent</span> <span class='ocrx_word' id='word_1_91' title='bbox 488 1395 620 1466; x_wconf 87' lang='lat' dir='ltr'>certam,</span> <span class='ocrx_word' id='word_1_92' title='bbox 644 1395 700 1448; x_wconf 91' lang='lat' dir='ltr'>aut</span> <span class='ocrx_word' id='word_1_93' title='bbox 723 1385 882 1450; x_wconf 88' lang='lat' dir='ltr'>Nicenam</span> <span class='ocrx_word' id='word_1_94' title='bbox 911 1385 1071 1474; x_wconf 87' lang='lat' dir='ltr'>synodum</span> <span class='ocrx_word' id='word_1_95' title='bbox 1101 1409 1267 1473; x_wconf 89' lang='lat' dir='ltr'>nunquam</span> <span class='ocrx_word' id='word_1_96' title='bbox 1297 1395 1384 1450; x_wconf 89' lang='lat' dir='ltr'>tante</span> <span class='ocrx_word' id='word_1_97' title='bbox 1416 1387 1617 1450; x_wconf 83' lang='lat' dir='ltr'>auctoritatis</span> <span class='ocrx_word' id='word_1_98' title='bbox 1641 1384 1733 1449; x_wconf 91' lang='lat' dir='ltr'>titulo</span> 
     </span>
    </p>

    <p class='ocr_par' dir='ltr' id='par_1_5' title="bbox 41 1490 1734 1900">
     <span class='ocr_line' id='line_1_11' title="bbox 41 1490 1734 1578; baseline 0 -22"><span class='ocrx_word' id='word_1_99' title='bbox 41 1517 66 1556; x_wconf 84' lang='lat' dir='ltr'>re</span> <span class='ocrx_word' id='word_1_100' title='bbox 84 1499 289 1572; x_wconf 88' lang='lat' dir='ltr'>exornarent,</span> <span class='ocrx_word' id='word_1_101' title='bbox 321 1501 377 1554; x_wconf 91' lang='lat' dir='ltr'>aut</span> <span class='ocrx_word' id='word_1_102' title='bbox 405 1491 468 1577; x_wconf 90' lang='lat' dir='ltr'>ipsi</span> <span class='ocrx_word' id='word_1_103' title='bbox 499 1512 558 1554; x_wconf 89' lang='lat' dir='ltr'>sua</span> <span class='ocrx_word' id='word_1_104' title='bbox 582 1513 645 1578; x_wconf 74' lang='lat' dir='ltr'>que</span> <span class='ocrx_word' id='word_1_105' title='bbox 669 1490 811 1556; x_wconf 85' lang='lat' dir='ltr'>diximus</span> <span class='ocrx_word' id='word_1_106' title='bbox 836 1493 942 1558; x_wconf 89' lang='lat' dir='ltr'>edicta</span> <span class='ocrx_word' id='word_1_107' title='bbox 965 1504 1136 1558; x_wconf 82' lang='lat' dir='ltr'>mutarent.</span> <span class='ocrx_word' id='word_1_108' title='bbox 1185 1493 1252 1559; x_wconf 86' lang='lat' dir='ltr'>Sed</span> <span class='ocrx_word' id='word_1_109' title='bbox 1276 1515 1349 1557; x_wconf 90' lang='lat' dir='ltr'>cum</span> <span class='ocrx_word' id='word_1_110' title='bbox 1372 1492 1464 1556; x_wconf 88' lang='lat' dir='ltr'>nefas</span> <span class='ocrx_word' id='word_1_111' title='bbox 1491 1493 1533 1555; x_wconf 88' lang='lat' dir='ltr'>sit</span> <span class='ocrx_word' id='word_1_112' title='bbox 1556 1490 1734 1578; x_wconf 89' lang='lat' dir='ltr'>apostolica</span> 
     </span>
     <span class='ocr_line' id='line_1_12' title="bbox 83 1595 1734 1690; baseline 0.002 -30"><span class='ocrx_word' id='word_1_113' title='bbox 83 1596 199 1660; x_wconf 82' lang='lat' dir='ltr'>violari</span> <span class='ocrx_word' id='word_1_114' title='bbox 223 1595 363 1679; x_wconf 87' lang='lat' dir='ltr'>decreta,</span> <span class='ocrx_word' id='word_1_115' title='bbox 389 1597 517 1662; x_wconf 85' lang='lat' dir='ltr'>dicente</span> <span class='ocrx_word' id='word_1_116' title='bbox 533 1595 649 1663; x_wconf 84' lang='lat' dir='ltr'>Hilaro</span> <span class='ocrx_word' id='word_1_117' title='bbox 673 1603 796 1685; x_wconf 77' lang='lat' dir='ltr'>papalz</span> <span class='ocrx_word' id='word_1_118' title='bbox 821 1600 995 1690; x_wconf 82' lang='lat' dir='ltr'>Nalb&#39;fos</span> <span class='ocrx_word' id='word_1_119' title='bbox 1018 1604 1151 1666; x_wconf 83' lang='lat' dir='ltr'>estsine</span> <span class='ocrx_word' id='word_1_120' title='bbox 1174 1615 1271 1666; x_wconf 84' lang='lat' dir='ltr'>status</span> <span class='ocrx_word' id='word_1_121' title='bbox 1294 1603 1348 1665; x_wconf 81' lang='lat' dir='ltr'>sui</span> <span class='ocrx_word' id='word_1_122' title='bbox 1364 1600 1509 1686; x_wconf 83' lang='lat' dir='ltr'>periculo</span> <span class='ocrx_word' id='word_1_123' title='bbox 1534 1600 1584 1664; x_wconf 86' lang='lat' dir='ltr'>cal</span> <span class='ocrx_word' id='word_1_124' title='bbox 1606 1599 1734 1664; x_wconf 81' lang='lat' dir='ltr'>divinos</span> 
     </span>
     <span class='ocr_line' id='line_1_13' title="bbox 84 1704 1732 1794; baseline 0 -26"><span class='ocrx_word' id='word_1_125' title='bbox 84 1707 314 1770; x_wconf 79' lang='lat' dir='ltr'>constitutiones</span> <span class='ocrx_word' id='word_1_126' title='bbox 344 1705 394 1768; x_wconf 89' lang='lat' dir='ltr'>oel</span> <span class='ocrx_word' id='word_1_127' title='bbox 422 1705 590 1794; x_wconf 71' lang='lat' dir='ltr'>apostolice</span> <span class='ocrx_word' id='word_1_128' title='bbox 619 1706 705 1770; x_wconf 81' lang='lat' dir='ltr'>sedis</span> <span class='ocrx_word' id='word_1_129' title='bbox 733 1706 855 1772; x_wconf 85' lang='lat' dir='ltr'>decreto</span> <span class='ocrx_word' id='word_1_130' title='bbox 883 1723 1042 1789; x_wconf 85' lang='lat' dir='ltr'>temerare,</span> <span class='ocrx_word' id='word_1_131' title='bbox 1070 1717 1207 1788; x_wconf 88' lang='lat' dir='ltr'>constat,</span> <span class='ocrx_word' id='word_1_132' title='bbox 1236 1707 1313 1794; x_wconf 89' lang='lat' dir='ltr'>quia</span> <span class='ocrx_word' id='word_1_133' title='bbox 1337 1705 1463 1770; x_wconf 86' lang='lat' dir='ltr'>Nieeua</span> <span class='ocrx_word' id='word_1_134' title='bbox 1494 1704 1626 1769; x_wconf 88' lang='lat' dir='ltr'>sinodus</span> <span class='ocrx_word' id='word_1_135' title='bbox 1656 1705 1732 1769; x_wconf 91' lang='lat' dir='ltr'>hinc</span> 
     </span>
     <span class='ocr_line' id='line_1_14' title="bbox 84 1809 1474 1900; baseline 0 -25"><span class='ocrx_word' id='word_1_136' title='bbox 84 1811 202 1875; x_wconf 87' lang='lat' dir='ltr'>meruit</span> <span class='ocrx_word' id='word_1_137' title='bbox 224 1811 336 1897; x_wconf 86' lang='lat' dir='ltr'>recipi,</span> <span class='ocrx_word' id='word_1_138' title='bbox 360 1833 426 1875; x_wconf 90' lang='lat' dir='ltr'>nou</span> <span class='ocrx_word' id='word_1_139' title='bbox 450 1811 548 1897; x_wconf 80' lang='lat' dir='ltr'>quia⁸</span> <span class='ocrx_word' id='word_1_140' title='bbox 572 1809 765 1897; x_wconf 88' lang='lat' dir='ltr'>refragatur,</span> <span class='ocrx_word' id='word_1_141' title='bbox 790 1812 848 1877; x_wconf 90' lang='lat' dir='ltr'>sed</span> <span class='ocrx_word' id='word_1_142' title='bbox 872 1813 1048 1879; x_wconf 89' lang='lat' dir='ltr'>concordat</span> <span class='ocrx_word' id='word_1_143' title='bbox 1071 1814 1248 1900; x_wconf 79' lang='lat' dir='ltr'>apostolice</span> <span class='ocrx_word' id='word_1_144' title='bbox 1272 1813 1474 1876; x_wconf 86' lang='lat' dir='ltr'>institutioni.</span> 
     </span>
    </p>

    <p class='ocr_par' dir='ltr' id='par_1_6' title="bbox 190 1895 1733 2007">
     <span class='ocr_line' id='line_1_15' title="bbox 190 1895 1733 2007; baseline 0.001 -27"><span class='ocrx_word' id='word_1_145' title='bbox 190 1917 392 1982; x_wconf 87' lang='lat' dir='ltr'>Pretendunt</span> <span class='ocrx_word' id='word_1_146' title='bbox 415 1941 472 2006; x_wconf 70' lang='lat' dir='ltr'>sue</span> <span class='ocrx_word' id='word_1_147' title='bbox 496 1920 671 1983; x_wconf 79' lang='lat' dir='ltr'>temeritati</span> <span class='ocrx_word' id='word_1_148' title='bbox 695 1929 726 1982; x_wconf 88' lang='lat' dir='ltr'>ct</span> <span class='ocrx_word' id='word_1_149' title='bbox 749 1919 856 1985; x_wconf 91' lang='lat' dir='ltr'>adhuc</span> <span class='ocrx_word' id='word_1_150' title='bbox 881 1921 1049 2007; x_wconf 91' lang='lat' dir='ltr'>epistolam</span> <span class='ocrx_word' id='word_1_151' title='bbox 1060 1926 1081 2004; x_wconf 86' lang='lat'>²,</span> <span class='ocrx_word' id='word_1_152' title='bbox 1106 1944 1204 2007; x_wconf 90' lang='lat' dir='ltr'>quam</span> <span class='ocrx_word' id='word_1_153' title='bbox 1228 1920 1341 1984; x_wconf 89' lang='lat' dir='ltr'>dicunt</span> <span class='ocrx_word' id='word_1_154' title='bbox 1372 1930 1519 1983; x_wconf 88' lang='lat' dir='ltr'>sanctum</span> <span class='ocrx_word' id='word_1_155' title='bbox 1544 1895 1733 1983; x_wconf 75' lang='lat' dir='ltr'>(ldalricum</span> 
     </span>
    </p>

    <p class='ocr_par' dir='ltr' id='par_1_7' title="bbox 43 2023 1734 2540">
     <span class='ocr_line' id='line_1_16' title="bbox 43 2023 1734 2114; baseline -0.002 -23"><span class='ocrx_word' id='word_1_156' title='bbox 43 2051 66 2091; x_wconf 83' lang='lat' dir='ltr'>a</span> <span class='ocrx_word' id='word_1_157' title='bbox 84 2024 324 2110; x_wconf 86' lang='lat' dir='ltr'>Augustensem</span> <span class='ocrx_word' id='word_1_158' title='bbox 347 2024 505 2090; x_wconf 88' lang='lat' dir='ltr'>Nieholao</span> <span class='ocrx_word' id='word_1_159' title='bbox 536 2047 635 2114; x_wconf 70' lang='lat' dir='ltr'>pape,</span> <span class='ocrx_word' id='word_1_160' title='bbox 667 2027 899 2091; x_wconf 87' lang='lat' dir='ltr'>continentiam</span> <span class='ocrx_word' id='word_1_161' title='bbox 929 2026 1057 2092; x_wconf 89' lang='lat' dir='ltr'>clericis</span> <span class='ocrx_word' id='word_1_162' title='bbox 1087 2027 1295 2114; x_wconf 79' lang='lat' dir='ltr'>proripienti,</span> <span class='ocrx_word' id='word_1_163' title='bbox 1326 2025 1464 2111; x_wconf 85' lang='lat' dir='ltr'>legasse,</span> <span class='ocrx_word' id='word_1_164' title='bbox 1494 2036 1526 2089; x_wconf 90' lang='lat' dir='ltr'>et</span> <span class='ocrx_word' id='word_1_165' title='bbox 1554 2047 1627 2089; x_wconf 90' lang='lat' dir='ltr'>eum</span> <span class='ocrx_word' id='word_1_166' title='bbox 1656 2023 1734 2088; x_wconf 88' lang='lat' dir='ltr'>talia</span> 
     </span>
     <span class='ocr_line' id='line_1_17' title="bbox 84 2130 1732 2218; baseline 0.001 -24"><span class='ocrx_word' id='word_1_167' title='bbox 84 2131 310 2196; x_wconf 78' lang='lat' dir='ltr'>affectantem‘</span> <span class='ocrx_word' id='word_1_168' title='bbox 334 2131 508 2196; x_wconf 87' lang='lat' dir='ltr'>indiscrete</span> <span class='ocrx_word' id='word_1_169' title='bbox 529 2132 737 2197; x_wconf 88' lang='lat' dir='ltr'>humanitatis</span> <span class='ocrx_word' id='word_1_170' title='bbox 754 2134 957 2198; x_wconf 85' lang='lat' dir='ltr'>insimulasse</span> <span class='ocrx_word' id='word_1_171' title='bbox 975 2145 1016 2216; x_wconf 92' lang='lat' dir='ltr'>et,</span> <span class='ocrx_word' id='word_1_172' title='bbox 1041 2157 1081 2198; x_wconf 91' lang='lat' dir='ltr'>ne</span> <span class='ocrx_word' id='word_1_173' title='bbox 1098 2134 1159 2199; x_wconf 90' lang='lat' dir='ltr'>hoc</span> <span class='ocrx_word' id='word_1_174' title='bbox 1184 2132 1349 2198; x_wconf 89' lang='lat' dir='ltr'>ordinatos</span> <span class='ocrx_word' id='word_1_175' title='bbox 1366 2131 1583 2218; x_wconf 85' lang='lat' dir='ltr'>strangularet</span> <span class='ocrx_word' id='word_1_176' title='bbox 1605 2130 1732 2217; x_wconf 82' lang='lat' dir='ltr'>laques,</span> 
     </span>
     <span class='ocr_line' id='line_1_18' title="bbox 84 2216 1733 2327; baseline 0 -26"><span class='ocrx_word' id='word_1_177' title='bbox 84 2261 226 2324; x_wconf 82' lang='lat' dir='ltr'>rogasse.</span> <span class='ocrx_word' id='word_1_178' title='bbox 274 2237 341 2304; x_wconf 85' lang='lat' dir='ltr'>Sed</span> <span class='ocrx_word' id='word_1_179' title='bbox 364 2261 436 2303; x_wconf 91' lang='lat' dir='ltr'>cum</span> <span class='ocrx_word' id='word_1_180' title='bbox 461 2238 660 2325; x_wconf 90' lang='lat' dir='ltr'>temporibus</span> <span class='ocrx_word' id='word_1_181' title='bbox 684 2242 788 2304; x_wconf 87' lang='lat' dir='ltr'>saneti</span> <span class='ocrx_word' id='word_1_182' title='bbox 813 2216 959 2304; x_wconf 77' lang='lat' dir='ltr'>Gdalrici</span> <span class='ocrx_word' id='word_1_183' title='bbox 983 2263 1048 2305; x_wconf 91' lang='lat' dir='ltr'>non</span> <span class='ocrx_word' id='word_1_184' title='bbox 1071 2241 1168 2304; x_wconf 86' lang='lat' dir='ltr'>fuerit</span> <span class='ocrx_word' id='word_1_185' title='bbox 1191 2263 1279 2327; x_wconf 89' lang='lat' dir='ltr'>papa</span> <span class='ocrx_word' id='word_1_186' title='bbox 1301 2239 1396 2304; x_wconf 91' lang='lat' dir='ltr'>huius</span> <span class='ocrx_word' id='word_1_187' title='bbox 1419 2239 1558 2302; x_wconf 90' lang='lat' dir='ltr'>nominis</span> <span class='ocrx_word' id='word_1_188' title='bbox 1569 2243 1590 2320; x_wconf 76' lang='lat'>³,</span> <span class='ocrx_word' id='word_1_189' title='bbox 1615 2239 1733 2324; x_wconf 91' lang='lat' dir='ltr'>episto-</span> 
     </span>
     <span class='ocr_line' id='line_1_19' title="bbox 83 2343 1733 2432; baseline -0.001 -23"><span class='ocrx_word' id='word_1_190' title='bbox 83 2344 148 2409; x_wconf 90' lang='lat' dir='ltr'>lam</span> <span class='ocrx_word' id='word_1_191' title='bbox 177 2345 262 2410; x_wconf 90' lang='lat' dir='ltr'>hane</span> <span class='ocrx_word' id='word_1_192' title='bbox 297 2346 331 2409; x_wconf 91' lang='lat' dir='ltr'>in</span> <span class='ocrx_word' id='word_1_193' title='bbox 361 2346 466 2432; x_wconf 91' lang='lat' dir='ltr'>prima</span> <span class='ocrx_word' id='word_1_194' title='bbox 494 2345 599 2410; x_wconf 89' lang='lat' dir='ltr'>fronte</span> <span class='ocrx_word' id='word_1_195' title='bbox 630 2346 791 2410; x_wconf 86' lang='lat' dir='ltr'>mendacii</span> <span class='ocrx_word' id='word_1_196' title='bbox 823 2346 1023 2428; x_wconf 89' lang='lat' dir='ltr'>damnatam,</span> <span class='ocrx_word' id='word_1_197' title='bbox 1055 2347 1169 2412; x_wconf 91' lang='lat' dir='ltr'>eadem</span> <span class='ocrx_word' id='word_1_198' title='bbox 1200 2345 1356 2410; x_wconf 85' lang='lat' dir='ltr'>facilitate</span> <span class='ocrx_word' id='word_1_199' title='bbox 1386 2355 1525 2432; x_wconf 89' lang='lat' dir='ltr'>negatur</span> <span class='ocrx_word' id='word_1_200' title='bbox 1555 2367 1575 2408; x_wconf 89' lang='lat' dir='ltr'>a</span> <span class='ocrx_word' id='word_1_201' title='bbox 1604 2343 1733 2431; x_wconf 89' lang='lat' dir='ltr'>presule</span> 
     </span>
     <span class='ocr_line' id='line_1_20' title="bbox 85 2425 1734 2540; baseline 0.001 -27"><span class='ocrx_word' id='word_1_202' title='bbox 85 2425 263 2540; x_wconf 77' lang='lat' dir='ltr'>()[dalrico]</span> <span class='ocrx_word' id='word_1_203' title='bbox 295 2453 442 2534; x_wconf 89' lang='lat' dir='ltr'>missam,</span> <span class='ocrx_word' id='word_1_204' title='bbox 474 2475 539 2538; x_wconf 92' lang='lat' dir='ltr'>qua</span> <span class='ocrx_word' id='word_1_205' title='bbox 570 2464 602 2516; x_wconf 91' lang='lat' dir='ltr'>et</span> <span class='ocrx_word' id='word_1_206' title='bbox 632 2452 810 2516; x_wconf 87' lang='lat' dir='ltr'>affirmatur</span> <span class='ocrx_word' id='word_1_207' title='bbox 840 2453 883 2517; x_wconf 90' lang='lat' dir='ltr'>ad</span> <span class='ocrx_word' id='word_1_208' title='bbox 912 2476 1031 2540; x_wconf 86' lang='lat' dir='ltr'>papam</span> <span class='ocrx_word' id='word_1_209' title='bbox 1061 2453 1232 2518; x_wconf 86' lang='lat' dir='ltr'>Nicolaum</span> <span class='ocrx_word' id='word_1_210' title='bbox 1263 2454 1427 2539; x_wconf 87' lang='lat' dir='ltr'>scriptam.</span> <span class='ocrx_word' id='word_1_211' title='bbox 1474 2452 1630 2516; x_wconf 88' lang='lat' dir='ltr'>Preterea</span> <span class='ocrx_word' id='word_1_212' title='bbox 1660 2473 1734 2515; x_wconf 90' lang='lat' dir='ltr'>eum</span> 
     </span>
    </p>

    <p class='ocr_par' dir='ltr' id='par_1_8' title="bbox 41 2558 1735 3074">
     <span class='ocr_line' id='line_1_21' title="bbox 41 2558 1733 2647; baseline -0.002 -23"><span class='ocrx_word' id='word_1_213' title='bbox 41 2586 66 2624; x_wconf 79' lang='lat' dir='ltr'>so</span> <span class='ocrx_word' id='word_1_214' title='bbox 85 2558 199 2624; x_wconf 89' lang='lat' dir='ltr'>eadem</span> <span class='ocrx_word' id='word_1_215' title='bbox 224 2559 360 2644; x_wconf 92' lang='lat' dir='ltr'>epistola</span> <span class='ocrx_word' id='word_1_216' title='bbox 383 2560 528 2645; x_wconf 90' lang='lat' dir='ltr'>imponat</span> <span class='ocrx_word' id='word_1_217' title='bbox 551 2559 698 2624; x_wconf 72' lang='lat' dir='ltr'>doctori8</span> <span class='ocrx_word' id='word_1_218' title='bbox 715 2558 885 2646; x_wconf 84' lang='lat' dir='ltr'>Gregorio,</span> <span class='ocrx_word' id='word_1_219' title='bbox 911 2560 999 2647; x_wconf 91' lang='lat' dir='ltr'>quod</span> <span class='ocrx_word' id='word_1_220' title='bbox 1020 2583 1087 2625; x_wconf 90' lang='lat' dir='ltr'>non</span> <span class='ocrx_word' id='word_1_221' title='bbox 1110 2561 1143 2624; x_wconf 89' lang='lat' dir='ltr'>in</span> <span class='ocrx_word' id='word_1_222' title='bbox 1168 2561 1236 2624; x_wconf 90' lang='lat' dir='ltr'>eius</span> <span class='ocrx_word' id='word_1_223' title='bbox 1253 2561 1330 2642; x_wconf 88' lang='lat' dir='ltr'>vita,</span> <span class='ocrx_word' id='word_1_224' title='bbox 1355 2582 1420 2623; x_wconf 92' lang='lat' dir='ltr'>non</span> <span class='ocrx_word' id='word_1_225' title='bbox 1442 2561 1478 2622; x_wconf 89' lang='lat' dir='ltr'>in</span> <span class='ocrx_word' id='word_1_226' title='bbox 1501 2560 1570 2622; x_wconf 90' lang='lat' dir='ltr'>eius</span> <span class='ocrx_word' id='word_1_227' title='bbox 1593 2567 1733 2644; x_wconf 87' lang='lat' dir='ltr'>regesto,</span> 
     </span>
     <span class='ocr_line' id='line_1_22' title="bbox 84 2665 1733 2752; baseline -0.001 -24"><span class='ocrx_word' id='word_1_228' title='bbox 84 2689 148 2730; x_wconf 87' lang='lat' dir='ltr'>non</span> <span class='ocrx_word' id='word_1_229' title='bbox 172 2667 206 2730; x_wconf 90' lang='lat' dir='ltr'>in</span> <span class='ocrx_word' id='word_1_230' title='bbox 230 2667 350 2752; x_wconf 89' lang='lat' dir='ltr'>scripto</span> <span class='ocrx_word' id='word_1_231' title='bbox 375 2667 444 2729; x_wconf 90' lang='lat' dir='ltr'>eius</span> <span class='ocrx_word' id='word_1_232' title='bbox 468 2665 576 2752; x_wconf 89' lang='lat' dir='ltr'>aliquo</span> <span class='ocrx_word' id='word_1_233' title='bbox 600 2666 653 2730; x_wconf 91' lang='lat' dir='ltr'>vel</span> <span class='ocrx_word' id='word_1_234' title='bbox 677 2665 813 2731; x_wconf 89' lang='lat' dir='ltr'>alicuius</span> <span class='ocrx_word' id='word_1_235' title='bbox 837 2666 877 2731; x_wconf 91' lang='lat' dir='ltr'>de</span> <span class='ocrx_word' id='word_1_236' title='bbox 903 2689 940 2731; x_wconf 91' lang='lat' dir='ltr'>co</span> <span class='ocrx_word' id='word_1_237' title='bbox 965 2668 1138 2749; x_wconf 81' lang='lat' dir='ltr'>invenitur,</span> <span class='ocrx_word' id='word_1_238' title='bbox 1169 2669 1232 2752; x_wconf 92' lang='lat' dir='ltr'>ipsi</span> <span class='ocrx_word' id='word_1_239' title='bbox 1255 2666 1362 2752; x_wconf 87' lang='lat' dir='ltr'>legem</span> <span class='ocrx_word' id='word_1_240' title='bbox 1387 2665 1449 2730; x_wconf 91' lang='lat' dir='ltr'>sibi</span> <span class='ocrx_word' id='word_1_241' title='bbox 1473 2665 1644 2747; x_wconf 88' lang='lat' dir='ltr'>dictantes,</span> <span class='ocrx_word' id='word_1_242' title='bbox 1674 2687 1733 2750; x_wconf 93' lang='lat' dir='ltr'>pro</span> 
     </span>
     <span class='ocr_line' id='line_1_23' title="bbox 84 2770 1734 2861; baseline -0.001 -25"><span class='ocrx_word' id='word_1_243' title='bbox 84 2773 133 2836; x_wconf 91' lang='lat' dir='ltr'>sui</span> <span class='ocrx_word' id='word_1_244' title='bbox 158 2772 336 2836; x_wconf 88' lang='lat' dir='ltr'>assertione</span> <span class='ocrx_word' id='word_1_245' title='bbox 360 2773 489 2857; x_wconf 90' lang='lat' dir='ltr'>negocii</span> <span class='ocrx_word' id='word_1_246' title='bbox 516 2772 669 2836; x_wconf 87' lang='lat' dir='ltr'>videntur</span> <span class='ocrx_word' id='word_1_247' title='bbox 692 2795 731 2836; x_wconf 90' lang='lat' dir='ltr'>ea</span> <span class='ocrx_word' id='word_1_248' title='bbox 753 2773 898 2856; x_wconf 86' lang='lat' dir='ltr'>finxisse,</span> <span class='ocrx_word' id='word_1_249' title='bbox 923 2797 1061 2861; x_wconf 80' lang='lat' dir='ltr'>quorum</span> <span class='ocrx_word' id='word_1_250' title='bbox 1083 2784 1249 2860; x_wconf 89' lang='lat' dir='ltr'>nequeunt</span> <span class='ocrx_word' id='word_1_251' title='bbox 1272 2773 1326 2837; x_wconf 85' lang='lat' dir='ltr'>rel</span> <span class='ocrx_word' id='word_1_252' title='bbox 1350 2783 1514 2838; x_wconf 88' lang='lat' dir='ltr'>auctorem</span> <span class='ocrx_word' id='word_1_253' title='bbox 1543 2770 1597 2835; x_wconf 90' lang='lat' dir='ltr'>vel</span> <span class='ocrx_word' id='word_1_254' title='bbox 1619 2782 1734 2835; x_wconf 91' lang='lat' dir='ltr'>testem</span> 
     </span>
     <span class='ocr_line' id='line_1_24' title="bbox 84 2857 1735 2968; baseline 0 -26"><span class='ocrx_word' id='word_1_255' title='bbox 84 2879 181 2942; x_wconf 89' lang='lat' dir='ltr'>alium</span> <span class='ocrx_word' id='word_1_256' title='bbox 206 2879 270 2942; x_wconf 87' lang='lat' dir='ltr'>nisi</span> <span class='ocrx_word' id='word_1_257' title='bbox 293 2901 327 2943; x_wconf 89' lang='lat' dir='ltr'>se</span> <span class='ocrx_word' id='word_1_258' title='bbox 351 2880 438 2965; x_wconf 89' lang='lat' dir='ltr'>ipsos</span> <span class='ocrx_word' id='word_1_259' title='bbox 462 2889 650 2943; x_wconf 88' lang='lat' dir='ltr'>monstrare.</span> <span class='ocrx_word' id='word_1_260' title='bbox 686 2879 831 2944; x_wconf 80' lang='lat' dir='ltr'>Dicunt⁴</span> <span class='ocrx_word' id='word_1_261' title='bbox 855 2881 950 2962; x_wconf 90' lang='lat' dir='ltr'>enim,</span> <span class='ocrx_word' id='word_1_262' title='bbox 976 2883 1052 2966; x_wconf 89' lang='lat' dir='ltr'>quia</span> <span class='ocrx_word' id='word_1_263' title='bbox 1075 2889 1206 2944; x_wconf 89' lang='lat' dir='ltr'>sanctus</span> <span class='ocrx_word' id='word_1_264' title='bbox 1232 2857 1429 2968; x_wconf 63' lang='lat' dir='ltr'>(⁷)[dalrieus]</span> <span class='ocrx_word' id='word_1_265' title='bbox 1455 2880 1489 2942; x_wconf 92' lang='lat' dir='ltr'>in</span> <span class='ocrx_word' id='word_1_266' title='bbox 1512 2878 1626 2942; x_wconf 89' lang='lat' dir='ltr'>litteris</span> <span class='ocrx_word' id='word_1_267' title='bbox 1650 2900 1735 2965; x_wconf 75' lang='lat' dir='ltr'>pape</span> 
     </span>
     <span class='ocr_line' id='line_1_25' title="bbox 84 2984 1734 3074; baseline -0.001 -25"><span class='ocrx_word' id='word_1_268' title='bbox 84 2985 215 3050; x_wconf 88' lang='lat' dir='ltr'>directis</span> <span class='ocrx_word' id='word_1_269' title='bbox 240 2985 281 3049; x_wconf 91' lang='lat' dir='ltr'>ad</span> <span class='ocrx_word' id='word_1_270' title='bbox 304 2984 500 3050; x_wconf 89' lang='lat' dir='ltr'>flectendum</span> <span class='ocrx_word' id='word_1_271' title='bbox 516 2987 585 3049; x_wconf 90' lang='lat' dir='ltr'>eius</span> <span class='ocrx_word' id='word_1_272' title='bbox 608 2987 748 3072; x_wconf 88' lang='lat' dir='ltr'>rigorem</span> <span class='ocrx_word' id='word_1_273' title='bbox 772 2987 989 3051; x_wconf 87' lang='lat' dir='ltr'>introduxerit</span> <span class='ocrx_word' id='word_1_274' title='bbox 1012 2990 1189 3074; x_wconf 85' lang='lat' dir='ltr'>piscatores</span> <span class='ocrx_word' id='word_1_275' title='bbox 1214 2988 1317 3050; x_wconf 89' lang='lat' dir='ltr'>sancti</span> <span class='ocrx_word' id='word_1_276' title='bbox 1335 2985 1487 3071; x_wconf 84' lang='lat' dir='ltr'>Gregorii</span> <span class='ocrx_word' id='word_1_277' title='bbox 1505 2985 1646 3072; x_wconf 91' lang='lat' dir='ltr'>quadam</span> <span class='ocrx_word' id='word_1_278' title='bbox 1662 2986 1734 3048; x_wconf 87' lang='lat' dir='ltr'>vice</span> 
     </span>
    </p>

    <p class='ocr_par' dir='ltr' id='par_1_9' title="bbox 40 3091 1735 3605">
     <span class='ocr_line' id='line_1_26' title="bbox 40 3091 1735 3181; baseline -0.002 -23"><span class='ocrx_word' id='word_1_279' title='bbox 40 3118 66 3158; x_wconf 79' lang='lat' dir='ltr'>ss</span> <span class='ocrx_word' id='word_1_280' title='bbox 84 3091 125 3156; x_wconf 89' lang='lat' dir='ltr'>de</span> <span class='ocrx_word' id='word_1_281' title='bbox 148 3093 275 3158; x_wconf 82' lang='lat' dir='ltr'>vivario</span> <span class='ocrx_word' id='word_1_282' title='bbox 305 3093 374 3156; x_wconf 89' lang='lat' dir='ltr'>eius</span> <span class='ocrx_word' id='word_1_283' title='bbox 405 3092 564 3156; x_wconf 87' lang='lat' dir='ltr'>infantum</span> <span class='ocrx_word' id='word_1_284' title='bbox 596 3092 724 3181; x_wconf 68' lang='lat' dir='ltr'>celandi</span> <span class='ocrx_word' id='word_1_285' title='bbox 754 3103 865 3178; x_wconf 89' lang='lat' dir='ltr'>partus</span> <span class='ocrx_word' id='word_1_286' title='bbox 896 3096 1000 3178; x_wconf 82' lang='lat' dir='ltr'>gratia</span> <span class='ocrx_word' id='word_1_287' title='bbox 1030 3095 1255 3158; x_wconf 88' lang='lat' dir='ltr'>immersorum</span> <span class='ocrx_word' id='word_1_288' title='bbox 1279 3095 1388 3180; x_wconf 88' lang='lat' dir='ltr'>capita</span> <span class='ocrx_word' id='word_1_289' title='bbox 1412 3094 1542 3156; x_wconf 87' lang='lat' dir='ltr'>circiter</span> <span class='ocrx_word' id='word_1_290' title='bbox 1564 3115 1623 3155; x_wconf 89' lang='lat' dir='ltr'>sex</span> <span class='ocrx_word' id='word_1_291' title='bbox 1646 3091 1735 3155; x_wconf 91' lang='lat' dir='ltr'>milia</span> 
     </span>
     <span class='ocr_line' id='line_1_27' title="bbox 85 3186 1734 3285; baseline -0.002 -23"><span class='ocrx_word' id='word_1_292' title='bbox 85 3200 267 3263; x_wconf 87' lang='lat' dir='ltr'>extraxisse</span> <span class='ocrx_word' id='word_1_293' title='bbox 293 3211 324 3264; x_wconf 90' lang='lat' dir='ltr'>et</span> <span class='ocrx_word' id='word_1_294' title='bbox 347 3199 422 3264; x_wconf 92' lang='lat' dir='ltr'>hine</span> <span class='ocrx_word' id='word_1_295' title='bbox 438 3198 571 3284; x_wconf 89' lang='lat' dir='ltr'>vigilem</span> <span class='ocrx_word' id='word_1_296' title='bbox 593 3186 713 3285; x_wconf 83' lang='lat' dir='ltr'>papam</span> <span class='ocrx_word' id='word_1_297' title='bbox 738 3199 778 3262; x_wconf 93' lang='lat' dir='ltr'>ob</span> <span class='ocrx_word' id='word_1_298' title='bbox 803 3199 986 3264; x_wconf 84' lang='lat' dir='ltr'>cavendum</span> <span class='ocrx_word' id='word_1_299' title='bbox 1009 3199 1248 3264; x_wconf 80' lang='lat' dir='ltr'>damnationish</span> <span class='ocrx_word' id='word_1_300' title='bbox 1271 3199 1408 3285; x_wconf 90' lang='lat' dir='ltr'>periculi</span> <span class='ocrx_word' id='word_1_301' title='bbox 1432 3199 1583 3285; x_wconf 89' lang='lat' dir='ltr'>laqueum</span> <span class='ocrx_word' id='word_1_302' title='bbox 1608 3197 1734 3261; x_wconf 91' lang='lat' dir='ltr'>clericis</span> 
     </span>
     <span class='ocr_line' id='line_1_28' title="bbox 85 3304 1733 3393; baseline -0.002 -24"><span class='ocrx_word' id='word_1_303' title='bbox 85 3313 226 3370; x_wconf 82' lang='lat' dir='ltr'>arctatos</span> <span class='ocrx_word' id='word_1_304' title='bbox 249 3317 323 3393; x_wconf 92' lang='lat' dir='ltr'>post</span> <span class='ocrx_word' id='word_1_305' title='bbox 345 3307 443 3370; x_wconf 90' lang='lat' dir='ltr'>nimio</span> <span class='ocrx_word' id='word_1_306' title='bbox 468 3307 664 3370; x_wconf 86' lang='lat' dir='ltr'>matrimonii</span> <span class='ocrx_word' id='word_1_307' title='bbox 688 3305 833 3369; x_wconf 89' lang='lat' dir='ltr'>habenas</span> <span class='ocrx_word' id='word_1_308' title='bbox 856 3305 1031 3370; x_wconf 86' lang='lat' dir='ltr'>relaxasse.</span> <span class='ocrx_word' id='word_1_309' title='bbox 1070 3305 1137 3370; x_wconf 86' lang='lat' dir='ltr'>Sed</span> <span class='ocrx_word' id='word_1_310' title='bbox 1153 3329 1226 3371; x_wconf 90' lang='lat' dir='ltr'>cum</span> <span class='ocrx_word' id='word_1_311' title='bbox 1250 3306 1303 3370; x_wconf 93' lang='lat' dir='ltr'>ille</span> <span class='ocrx_word' id='word_1_312' title='bbox 1328 3328 1431 3392; x_wconf 86' lang='lat' dir='ltr'>sagax</span> <span class='ocrx_word' id='word_1_313' title='bbox 1449 3305 1581 3369; x_wconf 87' lang='lat' dir='ltr'>colonus</span> <span class='ocrx_word' id='word_1_314' title='bbox 1606 3304 1733 3392; x_wconf 67' lang='lat' dir='ltr'>eclesie,</span> 
     </span>
     <span class='ocr_line' id='line_1_29' title="bbox 84 3411 1734 3501; baseline -0.002 -25"><span class='ocrx_word' id='word_1_315' title='bbox 84 3412 138 3476; x_wconf 89' lang='lat' dir='ltr'>ille</span> <span class='ocrx_word' id='word_1_316' title='bbox 168 3414 326 3500; x_wconf 90' lang='lat' dir='ltr'>interpres</span> <span class='ocrx_word' id='word_1_317' title='bbox 350 3412 525 3477; x_wconf 90' lang='lat' dir='ltr'>voluntatis</span> <span class='ocrx_word' id='word_1_318' title='bbox 556 3411 680 3501; x_wconf 70' lang='lat' dir='ltr'>divine,</span> <span class='ocrx_word' id='word_1_319' title='bbox 711 3411 791 3475; x_wconf 91' lang='lat' dir='ltr'>nihil</span> <span class='ocrx_word' id='word_1_320' title='bbox 820 3435 904 3500; x_wconf 71' lang='lat' dir='ltr'>pene</span> <span class='ocrx_word' id='word_1_321' title='bbox 934 3435 999 3476; x_wconf 90' lang='lat' dir='ltr'>non</span> <span class='ocrx_word' id='word_1_322' title='bbox 1030 3414 1228 3477; x_wconf 88' lang='lat' dir='ltr'>commiserit</span> <span class='ocrx_word' id='word_1_323' title='bbox 1258 3412 1384 3494; x_wconf 87' lang='lat' dir='ltr'>litteris,</span> <span class='ocrx_word' id='word_1_324' title='bbox 1414 3413 1501 3498; x_wconf 90' lang='lat' dir='ltr'>quod</span> <span class='ocrx_word' id='word_1_325' title='bbox 1530 3411 1734 3497; x_wconf 84' lang='lat' dir='ltr'>profuturum</span> 
     </span>
     <span class='ocr_line' id='line_1_30' title="bbox 84 3516 1734 3605; baseline -0.001 -23"><span class='ocrx_word' id='word_1_326' title='bbox 84 3529 221 3584; x_wconf 83' lang='lat' dir='ltr'>noverat</span> <span class='ocrx_word' id='word_1_327' title='bbox 244 3519 374 3583; x_wconf 88' lang='lat' dir='ltr'>utilitati</span> <span class='ocrx_word' id='word_1_328' title='bbox 403 3520 611 3605; x_wconf 89' lang='lat' dir='ltr'>posteritatis,</span> <span class='ocrx_word' id='word_1_329' title='bbox 642 3542 704 3582; x_wconf 88' lang='lat' dir='ltr'>nee</span> <span class='ocrx_word' id='word_1_330' title='bbox 732 3541 869 3605; x_wconf 87' lang='lat' dir='ltr'>usquam</span> <span class='ocrx_word' id='word_1_331' title='bbox 900 3519 996 3583; x_wconf 87' lang='lat' dir='ltr'>hodie</span> <span class='ocrx_word' id='word_1_332' title='bbox 1026 3519 1153 3604; x_wconf 89' lang='lat' dir='ltr'>legatur</span> <span class='ocrx_word' id='word_1_333' title='bbox 1180 3519 1234 3582; x_wconf 86' lang='lat' dir='ltr'>vel</span> <span class='ocrx_word' id='word_1_334' title='bbox 1263 3518 1342 3582; x_wconf 92' lang='lat' dir='ltr'>illud</span> <span class='ocrx_word' id='word_1_335' title='bbox 1373 3518 1413 3582; x_wconf 88' lang='lat' dir='ltr'>de</span> <span class='ocrx_word' id='word_1_336' title='bbox 1438 3516 1599 3604; x_wconf 89' lang='lat' dir='ltr'>capitibus</span> <span class='ocrx_word' id='word_1_337' title='bbox 1623 3517 1734 3580; x_wconf 90' lang='lat' dir='ltr'>fictum</span> 
     </span>
    </p>

    <p class='ocr_par' dir='ltr' id='par_1_10' title="bbox 40 3623 1734 4139">
     <span class='ocr_line' id='line_1_31' title="bbox 40 3623 1733 3711; baseline -0.004 -19"><span class='ocrx_word' id='word_1_338' title='bbox 40 3653 67 3692; x_wconf 80' lang='lat' dir='ltr'>ro</span> <span class='ocrx_word' id='word_1_339' title='bbox 85 3626 269 3690; x_wconf 88' lang='lat' dir='ltr'>miserabile</span> <span class='ocrx_word' id='word_1_340' title='bbox 296 3626 349 3690; x_wconf 88' lang='lat' dir='ltr'>vel</span> <span class='ocrx_word' id='word_1_341' title='bbox 379 3625 502 3690; x_wconf 89' lang='lat' dir='ltr'>decreti</span> <span class='ocrx_word' id='word_1_342' title='bbox 532 3636 690 3690; x_wconf 88' lang='lat' dir='ltr'>mutatum</span> <span class='ocrx_word' id='word_1_343' title='bbox 719 3623 926 3708; x_wconf 89' lang='lat' dir='ltr'>incredibile,</span> <span class='ocrx_word' id='word_1_344' title='bbox 958 3637 989 3689; x_wconf 88' lang='lat' dir='ltr'>et</span> <span class='ocrx_word' id='word_1_345' title='bbox 1020 3649 1094 3690; x_wconf 90' lang='lat' dir='ltr'>cum</span> <span class='ocrx_word' id='word_1_346' title='bbox 1123 3637 1189 3690; x_wconf 88' lang='lat' dir='ltr'>tam</span> <span class='ocrx_word' id='word_1_347' title='bbox 1221 3648 1340 3711; x_wconf 89' lang='lat' dir='ltr'>sponsa</span> <span class='ocrx_word' id='word_1_348' title='bbox 1371 3648 1466 3711; x_wconf 90' lang='lat' dir='ltr'>quam</span> <span class='ocrx_word' id='word_1_349' title='bbox 1497 3624 1564 3688; x_wconf 89' lang='lat' dir='ltr'>filia</span> <span class='ocrx_word' id='word_1_350' title='bbox 1587 3625 1733 3687; x_wconf 82' lang='lat' dir='ltr'>veritatis</span> 
     </span>
     <span class='ocr_line' id='line_1_32' title="bbox 87 3730 1733 3822; baseline -0.002 -25"><span class='ocrx_word' id='word_1_351' title='bbox 87 3731 225 3822; x_wconf 75' lang='lat' dir='ltr'>ecelesia</span> <span class='ocrx_word' id='word_1_352' title='bbox 247 3731 344 3797; x_wconf 90' lang='lat' dir='ltr'>hodie</span> <span class='ocrx_word' id='word_1_353' title='bbox 369 3745 457 3797; x_wconf 89' lang='lat' dir='ltr'>certo</span> <span class='ocrx_word' id='word_1_354' title='bbox 481 3744 636 3818; x_wconf 89' lang='lat' dir='ltr'>sequatur</span> <span class='ocrx_word' id='word_1_355' title='bbox 657 3755 757 3818; x_wconf 86' lang='lat' dir='ltr'>passu</span> <span class='ocrx_word' id='word_1_356' title='bbox 780 3733 860 3796; x_wconf 90' lang='lat' dir='ltr'>tanti</span> <span class='ocrx_word' id='word_1_357' title='bbox 882 3733 1045 3818; x_wconf 87' lang='lat' dir='ltr'>pontificis</span> <span class='ocrx_word' id='word_1_358' title='bbox 1069 3732 1210 3798; x_wconf 87' lang='lat' dir='ltr'>edietum</span> <span class='ocrx_word' id='word_1_359' title='bbox 1236 3733 1276 3797; x_wconf 90' lang='lat' dir='ltr'>de</span> <span class='ocrx_word' id='word_1_360' title='bbox 1300 3733 1499 3797; x_wconf 89' lang='lat' dir='ltr'>continentia</span> <span class='ocrx_word' id='word_1_361' title='bbox 1529 3730 1733 3812; x_wconf 88' lang='lat' dir='ltr'>sacerdotali,</span> 
     </span>
     <span class='ocr_line' id='line_1_33' title="bbox 85 3837 1734 3926; baseline -0.002 -24"><span class='ocrx_word' id='word_1_362' title='bbox 85 3839 237 3904; x_wconf 89' lang='lat' dir='ltr'>videntur</span> <span class='ocrx_word' id='word_1_363' title='bbox 259 3849 392 3926; x_wconf 91' lang='lat' dir='ltr'>puteum</span> <span class='ocrx_word' id='word_1_364' title='bbox 416 3838 632 3903; x_wconf 89' lang='lat' dir='ltr'>damnationis</span> <span class='ocrx_word' id='word_1_365' title='bbox 661 3861 758 3925; x_wconf 91' lang='lat' dir='ltr'>quem</span> <span class='ocrx_word' id='word_1_366' title='bbox 787 3838 848 3903; x_wconf 89' lang='lat' dir='ltr'>sibi</span> <span class='ocrx_word' id='word_1_367' title='bbox 879 3839 1064 3904; x_wconf 90' lang='lat' dir='ltr'>mentiendo</span> <span class='ocrx_word' id='word_1_368' title='bbox 1095 3839 1245 3904; x_wconf 84' lang='lat' dir='ltr'>foderant</span> <span class='ocrx_word' id='word_1_369' title='bbox 1275 3863 1339 3903; x_wconf 89' lang='lat' dir='ltr'>non</span> <span class='ocrx_word' id='word_1_370' title='bbox 1371 3837 1559 3919; x_wconf 72' lang='lat' dir='ltr'>emersuril,</span> <span class='ocrx_word' id='word_1_371' title='bbox 1591 3837 1646 3923; x_wconf 93' lang='lat' dir='ltr'>qui</span> <span class='ocrx_word' id='word_1_372' title='bbox 1676 3837 1734 3900; x_wconf 90' lang='lat' dir='ltr'>has</span> 
     </span>
     <span class='ocr_line' id='line_1_34' title="bbox 87 3943 1733 4035; baseline -0.002 -25"><span class='ocrx_word' id='word_1_373' title='bbox 87 3946 223 4034; x_wconf 62' lang='lat' dir='ltr'>ecclesis,²</span> <span class='ocrx_word' id='word_1_374' title='bbox 248 3945 425 4032; x_wconf 88' lang='lat' dir='ltr'>lampades,</span> <span class='ocrx_word' id='word_1_375' title='bbox 450 3946 508 4010; x_wconf 91' lang='lat' dir='ltr'>hos</span> <span class='ocrx_word' id='word_1_376' title='bbox 525 3946 634 4035; x_wconf 66' lang='lat' dir='ltr'>divino</span> <span class='ocrx_word' id='word_1_377' title='bbox 655 3945 736 4031; x_wconf 86' lang='lat' dir='ltr'>legis</span> <span class='ocrx_word' id='word_1_378' title='bbox 752 3957 894 4027; x_wconf 77' lang='lat' dir='ltr'>tenaceS,</span> <span class='ocrx_word' id='word_1_379' title='bbox 918 3944 980 4010; x_wconf 89' lang='lat' dir='ltr'>hac</span> <span class='ocrx_word' id='word_1_380' title='bbox 1004 3947 1074 4010; x_wconf 90' lang='lat' dir='ltr'>ausi</span> <span class='ocrx_word' id='word_1_381' title='bbox 1098 3956 1172 4010; x_wconf 89' lang='lat' dir='ltr'>sunt</span> <span class='ocrx_word' id='word_1_382' title='bbox 1194 3946 1322 4010; x_wconf 89' lang='lat' dir='ltr'>macula</span> <span class='ocrx_word' id='word_1_383' title='bbox 1345 3966 1545 4031; x_wconf 88' lang='lat' dir='ltr'>respergere,</span> <span class='ocrx_word' id='word_1_384' title='bbox 1570 3955 1605 4007; x_wconf 89' lang='lat' dir='ltr'>ut</span> <span class='ocrx_word' id='word_1_385' title='bbox 1620 3943 1733 4008; x_wconf 88' lang='lat' dir='ltr'>horum</span> 
     </span>
     <span class='ocr_line' id='line_1_35' title="bbox 87 4028 1734 4139; baseline -0.002 -22"><span class='ocrx_word' id='word_1_386' title='bbox 87 4053 176 4134; x_wconf 88' lang='lat' dir='ltr'>alter,</span> <span class='ocrx_word' id='word_1_387' title='bbox 201 4054 235 4117; x_wconf 94' lang='lat' dir='ltr'>id</span> <span class='ocrx_word' id='word_1_388' title='bbox 263 4063 312 4117; x_wconf 86' lang='lat' dir='ltr'>cst</span> <span class='ocrx_word' id='word_1_389' title='bbox 329 4051 507 4137; x_wconf 88' lang='lat' dir='ltr'>Gregorius</span> <span class='ocrx_word' id='word_1_390' title='bbox 531 4053 737 4139; x_wconf 86' lang='lat' dir='ltr'>apostolicus,</span> <span class='ocrx_word' id='word_1_391' title='bbox 762 4053 942 4139; x_wconf 87' lang='lat' dir='ltr'>apostolica</span> <span class='ocrx_word' id='word_1_392' title='bbox 964 4054 1110 4117; x_wconf 87' lang='lat' dir='ltr'>instituta</span> <span class='ocrx_word' id='word_1_393' title='bbox 1134 4052 1364 4134; x_wconf 78' lang='lat' dir='ltr'>obliteraverit,</span> <span class='ocrx_word' id='word_1_394' title='bbox 1389 4052 1470 4115; x_wconf 91' lang='lat' dir='ltr'>alter</span> <span class='ocrx_word' id='word_1_395' title='bbox 1493 4051 1527 4114; x_wconf 92' lang='lat' dir='ltr'>id</span> <span class='ocrx_word' id='word_1_396' title='bbox 1551 4061 1599 4115; x_wconf 89' lang='lat' dir='ltr'>est</span> <span class='ocrx_word' id='word_1_397' title='bbox 1623 4028 1734 4137; x_wconf 74' lang='lat' dir='ltr'>Gldal-</span> 
     </span>
    </p>

    <p class='ocr_par' dir='ltr' id='par_1_11' title="bbox 39 4157 1734 4353">
     <span class='ocr_line' id='line_1_36' title="bbox 39 4157 1734 4248; baseline -0.005 -21"><span class='ocrx_word' id='word_1_398' title='bbox 39 4159 183 4248; x_wconf 77' lang='lat' dir='ltr'>osricus]</span> <span class='ocrx_word' id='word_1_399' title='bbox 216 4171 249 4224; x_wconf 91' lang='lat' dir='ltr'>et</span> <span class='ocrx_word' id='word_1_400' title='bbox 277 4159 367 4223; x_wconf 92' lang='lat' dir='ltr'>illum</span> <span class='ocrx_word' id='word_1_401' title='bbox 396 4171 537 4224; x_wconf 87' lang='lat' dir='ltr'>mutasse</span> <span class='ocrx_word' id='word_1_402' title='bbox 569 4183 630 4248; x_wconf 64' lang='lat' dir='ltr'>que</span> <span class='ocrx_word' id='word_1_403' title='bbox 662 4183 726 4223; x_wconf 90' lang='lat' dir='ltr'>uon</span> <span class='ocrx_word' id='word_1_404' title='bbox 756 4170 939 4223; x_wconf 81' lang='lat' dir='ltr'>mutaverat</span> <span class='ocrx_word' id='word_1_405' title='bbox 969 4159 1169 4223; x_wconf 86' lang='lat' dir='ltr'>mendaciter</span> <span class='ocrx_word' id='word_1_406' title='bbox 1192 4159 1322 4240; x_wconf 87' lang='lat' dir='ltr'>dixerit,</span> <span class='ocrx_word' id='word_1_407' title='bbox 1348 4170 1380 4222; x_wconf 91' lang='lat' dir='ltr'>et</span> <span class='ocrx_word' id='word_1_408' title='bbox 1404 4157 1444 4221; x_wconf 91' lang='lat' dir='ltr'>ab</span> <span class='ocrx_word' id='word_1_409' title='bbox 1468 4159 1529 4221; x_wconf 89' lang='lat' dir='ltr'>isto</span> <span class='ocrx_word' id='word_1_410' title='bbox 1554 4179 1650 4244; x_wconf 89' lang='lat' dir='ltr'>quem</span> <span class='ocrx_word' id='word_1_411' title='bbox 1681 4157 1734 4219; x_wconf 82' lang='lat' dir='ltr'>isti</span> 
     </span>
     <span class='ocr_line' id='line_1_37' title="bbox 88 4265 1251 4353; baseline -0.001 -23"><span class='ocrx_word' id='word_1_412' title='bbox 88 4266 173 4330; x_wconf 88' lang='lat' dir='ltr'>illius</span> <span class='ocrx_word' id='word_1_413' title='bbox 197 4268 351 4353; x_wconf 89' lang='lat' dir='ltr'>temporis</span> <span class='ocrx_word' id='word_1_414' title='bbox 374 4289 494 4353; x_wconf 88' lang='lat' dir='ltr'>papam</span> <span class='ocrx_word' id='word_1_415' title='bbox 517 4266 701 4330; x_wconf 78' lang='lat' dir='ltr'>finxerantk</span> <span class='ocrx_word' id='word_1_416' title='bbox 724 4265 860 4330; x_wconf 85' lang='lat' dir='ltr'>Nicolao</span> <span class='ocrx_word' id='word_1_417' title='bbox 884 4266 1037 4330; x_wconf 89' lang='lat' dir='ltr'>mutand¹</span> <span class='ocrx_word' id='word_1_418' title='bbox 1044 4314 1251 4330; x_wconf 90' lang='lat'>.......</span> 
     </span>
    </p>
   </div>
   <div class='ocr_carea' id='block_1_3' title="bbox 85 4461 1735 4710">
    <p class='ocr_par' dir='ltr' id='par_1_12' title="bbox 85 4461 1735 4710">
     <span class='ocr_line' id='line_1_38' title="bbox 193 4461 1734 4530; baseline -0.003 -13"><span class='ocrx_word' id='word_1_419' title='bbox 193 4463 219 4529; x_wconf 89' lang='lat' dir='ltr'>a)</span> <span class='ocrx_word' id='word_1_420' title='bbox 241 4467 336 4518; x_wconf 86' lang='lat' dir='ltr'>tendet</span> <span class='ocrx_word' id='word_1_421' title='bbox 354 4484 374 4517; x_wconf 84' lang='lat' dir='ltr'>c.</span> <span class='ocrx_word' id='word_1_422' title='bbox 448 4467 476 4529; x_wconf 87' lang='lat' dir='ltr'>b)</span> <span class='ocrx_word' id='word_1_423' title='bbox 498 4469 654 4517; x_wconf 78' lang='lat' dir='ltr'>sensionem</span> <span class='ocrx_word' id='word_1_424' title='bbox 673 4485 693 4516; x_wconf 83' lang='lat' dir='ltr'>o.</span> <span class='ocrx_word' id='word_1_425' title='bbox 767 4463 792 4526; x_wconf 84' lang='lat' dir='ltr'>c)</span> <span class='ocrx_word' id='word_1_426' title='bbox 814 4467 950 4516; x_wconf 86' lang='lat' dir='ltr'>instuente</span> <span class='ocrx_word' id='word_1_427' title='bbox 970 4484 990 4514; x_wconf 89' lang='lat' dir='ltr'>c.</span> <span class='ocrx_word' id='word_1_428' title='bbox 1064 4465 1092 4528; x_wconf 86' lang='lat' dir='ltr'>d)</span> <span class='ocrx_word' id='word_1_429' title='bbox 1114 4467 1299 4516; x_wconf 82' lang='lat' dir='ltr'>uontincutes</span> <span class='ocrx_word' id='word_1_430' title='bbox 1318 4483 1338 4515; x_wconf 90' lang='lat' dir='ltr'>c.</span> <span class='ocrx_word' id='word_1_431' title='bbox 1412 4461 1437 4524; x_wconf 90' lang='lat' dir='ltr'>e)</span> <span class='ocrx_word' id='word_1_432' title='bbox 1460 4466 1558 4514; x_wconf 85' lang='lat' dir='ltr'>meruit</span> <span class='ocrx_word' id='word_1_433' title='bbox 1577 4465 1661 4530; x_wconf 88' lang='lat' dir='ltr'>recipi</span> <span class='ocrx_word' id='word_1_434' title='bbox 1680 4481 1734 4515; x_wconf 88' lang='lat' dir='ltr'>non</span> 
     </span>
     <span class='ocr_line' id='line_1_39' title="bbox 85 4551 1735 4621; baseline -0.002 -15"><span class='ocrx_word' id='word_1_435' title='bbox 85 4558 150 4620; x_wconf 88' lang='lat' dir='ltr'>quia</span> <span class='ocrx_word' id='word_1_436' title='bbox 168 4565 243 4621; x_wconf 86' lang='lat' dir='ltr'>repet.</span> <span class='ocrx_word' id='word_1_437' title='bbox 262 4573 283 4606; x_wconf 87' lang='lat' dir='ltr'>c.</span> <span class='ocrx_word' id='word_1_438' title='bbox 355 4553 376 4614; x_wconf 80' lang='lat' dir='ltr'>f)</span> <span class='ocrx_word' id='word_1_439' title='bbox 399 4557 581 4606; x_wconf 83' lang='lat' dir='ltr'>aifleetnntem</span> <span class='ocrx_word' id='word_1_440' title='bbox 602 4555 609 4604; x_wconf 96' lang='lat' dir='ltr'>l</span> <span class='ocrx_word' id='word_1_441' title='bbox 629 4556 677 4605; x_wconf 79' lang='lat' dir='ltr'>del.</span> <span class='ocrx_word' id='word_1_442' title='bbox 694 4573 714 4605; x_wconf 84' lang='lat' dir='ltr'>r.</span> <span class='ocrx_word' id='word_1_443' title='bbox 787 4551 815 4620; x_wconf 83' lang='lat' dir='ltr'>g)</span> <span class='ocrx_word' id='word_1_444' title='bbox 838 4555 958 4605; x_wconf 87' lang='lat' dir='ltr'>doctoris</span> <span class='ocrx_word' id='word_1_445' title='bbox 978 4573 989 4604; x_wconf 86' lang='lat' dir='ltr'>s</span> <span class='ocrx_word' id='word_1_446' title='bbox 1009 4555 1086 4605; x_wconf 79' lang='lat' dir='ltr'>deleto</span> <span class='ocrx_word' id='word_1_447' title='bbox 1105 4573 1125 4605; x_wconf 92' lang='lat' dir='ltr'>c.</span> <span class='ocrx_word' id='word_1_448' title='bbox 1198 4552 1225 4612; x_wconf 75' lang='lat' dir='ltr'>h)</span> <span class='ocrx_word' id='word_1_449' title='bbox 1249 4555 1426 4604; x_wconf 81' lang='lat' dir='ltr'>‹lamnatioris</span> <span class='ocrx_word' id='word_1_450' title='bbox 1444 4571 1464 4604; x_wconf 89' lang='lat' dir='ltr'>o.</span> <span class='ocrx_word' id='word_1_451' title='bbox 1538 4553 1558 4615; x_wconf 93' lang='lat' dir='ltr'>i)</span> <span class='ocrx_word' id='word_1_452' title='bbox 1581 4556 1695 4605; x_wconf 86' lang='lat' dir='ltr'>emsrsui</span> <span class='ocrx_word' id='word_1_453' title='bbox 1715 4571 1735 4602; x_wconf 90' lang='lat' dir='ltr'>c.</span> 
     </span>
     <span class='ocr_line' id='line_1_40' title="bbox 85 4643 785 4710; baseline -0.006 -14"><span class='ocrx_word' id='word_1_454' title='bbox 85 4643 114 4708; x_wconf 89' lang='lat' dir='ltr'>k)</span> <span class='ocrx_word' id='word_1_455' title='bbox 135 4646 249 4696; x_wconf 89' lang='lat' dir='ltr'>fixerant</span> <span class='ocrx_word' id='word_1_456' title='bbox 268 4663 288 4696; x_wconf 88' lang='lat' dir='ltr'>c.</span> <span class='ocrx_word' id='word_1_457' title='bbox 362 4644 381 4706; x_wconf 89' lang='lat' dir='ltr'>l)</span> <span class='ocrx_word' id='word_1_458' title='bbox 403 4654 482 4696; x_wconf 66' lang='lat' dir='ltr'>ocare</span> <span class='ocrx_word' id='word_1_459' title='bbox 499 4645 590 4694; x_wconf 71' lang='lat' dir='ltr'>darum</span> <span class='ocrx_word' id='word_1_460' title='bbox 602 4644 668 4710; x_wconf 45' lang='lat' dir='ltr'>,sotio</span> <span class='ocrx_word' id='word_1_461' title='bbox 686 4645 785 4694; x_wconf 68' lang='grc' dir='ltr'><strong><em>αὸεσὶεο,</em></strong></span> 
     </span>
    </p>
   </div>
   <div class='ocr_carea' id='block_1_4' title="bbox 39 4823 1737 5010">
    <p class='ocr_par' dir='ltr' id='par_1_13' title="bbox 39 4823 1737 5010">
     <span class='ocr_line' id='line_1_41' title="bbox 39 4823 1737 4902; baseline -0.003 -18"><span class='ocrx_word' id='word_1_462' title='bbox 39 4845 67 4884; x_wconf 80' lang='lat' dir='ltr'>to</span> <span class='ocrx_word' id='word_1_463' title='bbox 196 4824 226 4902; x_wconf 91' lang='lat' dir='ltr'>l)</span> <span class='ocrx_word' id='word_1_464' title='bbox 250 4827 356 4902; x_wconf 78' lang='lat' dir='ltr'>Synod.</span> <span class='ocrx_word' id='word_1_465' title='bbox 382 4848 409 4883; x_wconf 84' lang='lat' dir='ltr'>a.</span> <span class='ocrx_word' id='word_1_466' title='bbox 430 4826 504 4895; x_wconf 83' lang='lat'>465,</span> <span class='ocrx_word' id='word_1_467' title='bbox 530 4846 552 4882; x_wconf 87' lang='lat' dir='ltr'>c.</span> <span class='ocrx_word' id='word_1_468' title='bbox 571 4825 600 4894; x_wconf 82' lang='lat'>2,</span> <span class='ocrx_word' id='word_1_469' title='bbox 632 4825 710 4883; x_wconf 84' lang='lat' dir='ltr'>Tbiel</span> <span class='ocrx_word' id='word_1_470' title='bbox 732 4825 755 4895; x_wconf 92' lang='lat' dir='ltr'>I,</span> <span class='ocrx_word' id='word_1_471' title='bbox 776 4846 808 4900; x_wconf 86' lang='lat' dir='ltr'>p.</span> <span class='ocrx_word' id='word_1_472' title='bbox 829 4825 900 4880; x_wconf 80' lang='lat'>161.</span> <span class='ocrx_word' id='word_1_473' title='bbox 978 4823 1007 4892; x_wconf 77' lang='lat'>2)</span> <span class='ocrx_word' id='word_1_474' title='bbox 1034 4823 1095 4879; x_wconf 83' lang='lat' dir='ltr'>Lib.</span> <span class='ocrx_word' id='word_1_475' title='bbox 1121 4825 1155 4880; x_wconf 85' lang='lat' dir='ltr'>de</span> <span class='ocrx_word' id='word_1_476' title='bbox 1177 4824 1222 4880; x_wconf 80' lang='lat' dir='ltr'>tire</span> <span class='ocrx_word' id='word_1_477' title='bbox 1245 4824 1269 4892; x_wconf 77' lang='lat'>1,</span> <span class='ocrx_word' id='word_1_478' title='bbox 1296 4823 1358 4880; x_wconf 80' lang='lat'>255</span> <span class='ocrx_word' id='word_1_479' title='bbox 1375 4845 1435 4901; x_wconf 87' lang='lat' dir='ltr'>sqq.</span> <span class='ocrx_word' id='word_1_480' title='bbox 1519 4823 1548 4899; x_wconf 84' lang='lat'>3)</span> <span class='ocrx_word' id='word_1_481' title='bbox 1575 4823 1622 4896; x_wconf 77' lang='lat' dir='ltr'>Os.</span> <span class='ocrx_word' id='word_1_482' title='bbox 1646 4843 1737 4898; x_wconf 82' lang='lat' dir='ltr'>snpra</span> 
     </span>
     <span class='ocr_line' id='line_1_42' title="bbox 81 4931 841 5010; baseline -0.005 -20"><span class='ocrx_word' id='word_1_483' title='bbox 81 4955 116 5010; x_wconf 85' lang='lat' dir='ltr'>p.</span> <span class='ocrx_word' id='word_1_484' title='bbox 136 4933 208 5005; x_wconf 79' lang='lat'>210,</span> <span class='ocrx_word' id='word_1_485' title='bbox 234 4956 263 4992; x_wconf 82' lang='lat' dir='ltr'>rr.</span> <span class='ocrx_word' id='word_1_486' title='bbox 283 4934 310 4990; x_wconf 83' lang='lat'>2.</span> <span class='ocrx_word' id='word_1_487' title='bbox 404 4933 434 5002; x_wconf 77' lang='lat'>4)</span> <span class='ocrx_word' id='word_1_488' title='bbox 461 4933 522 4989; x_wconf 83' lang='lat' dir='ltr'>Lib.</span> <span class='ocrx_word' id='word_1_489' title='bbox 548 4935 581 4989; x_wconf 80' lang='lat' dir='ltr'>cle</span> <span class='ocrx_word' id='word_1_490' title='bbox 604 4933 650 4988; x_wconf 77' lang='lat' dir='ltr'>tire</span> <span class='ocrx_word' id='word_1_491' title='bbox 673 4932 696 5002; x_wconf 89' lang='lat' dir='ltr'>I,</span> <span class='ocrx_word' id='word_1_492' title='bbox 716 4953 748 5007; x_wconf 80' lang='lat' dir='ltr'>p.</span> <span class='ocrx_word' id='word_1_493' title='bbox 768 4931 841 4987; x_wconf 73' lang='lat'>257.</span> 
     </span>
    </p>
   </div>
   <div class='ocr_carea' id='block_1_5' title="bbox 0 0 2198 6388">
    <p class='ocr_par' dir='ltr' id='par_1_14' title="bbox 0 0 2198 6388">
     <span class='ocr_line' id='line_1_43' title="bbox 0 0 2198 6388; baseline 0 0"><span class='ocrx_word' id='word_1_494' title='bbox 0 0 2198 6388; x_wconf 95' lang='lat' dir='ltr'> </span> 
     </span>
    </p>
   </div>
  </div>
 </body>
</html>
