4386 6390
78 1592 499 1712 DEFENSIO
531 1592 697 1713 PRO
728 1593 981 1715 FILIIS
1020 1591 1782 1714 PRESBYTERORUM.

794 1885 1063 1951 EDIDERUNT

426 2092 478 2188 a
507 2089 886 2189 ooEMuLoR
912 2119 970 2184 a
1000 2092 1060 2186 H.
1087 2090 1428 2188 ooaflnna

224 2370 363 2453 (Iarmen
388 2387 474 2472 quod
495 2390 636 2473 sequitur
658 2389 696 2453 la·
716 2387 838 2452 oodioea
860 2390 950 2453 nobis
972 2402 1155 2453 servarunt:

70 2534 84 2574 5
223 2509 255 2596 l)
272 2509 435 2575 Romanae
455 2511 624 2576 Vaticanus
641 2509 820 2577 Oltriotinae
843 2537 905 2600 req.
923 2514 988 2576 598
1014 2513 1196 2598 (011382),
1219 2537 1298 2577 eaeo.
1317 2510 1398 2592 XII,
1415 2512 1481 2601 fol.
1501 2513 1541 2575 8‘.
1560 2511 1674 2592 6—7‘,
1697 2514 1757 2597 qui

101 2641 123 2681 a
138 2616 334 2682 Bethmonno
350 2631 378 2682 et
394 2616 551 2682 Saokurio
568 2621 645 2683 usui
660 2633 763 2683 nostro
780 2620 912 2684 collatur
928 2633 979 2684 eet.
1020 2618 1074 2708 Os.
1101 2619 1140 2684 de
1163 2643 1196 2684 eo
1214 2619 1273 2704 (V)
1291 2618 1511 2706 Montfauoou,
1535 2619 1623 2683 Bibl.
1641 2619 1752 2683 biblio·

102 2725 215 2788 thecar.
241 2722 323 2810 Lp.
342 2725 403 2806 455
430 2723 530 2803 Parte,
554 2724 701 2789 ‘Arellio'
724 2724 806 2806 XII,
825 2750 860 2812 p.
879 2727 960 2808 2975
983 2725 1037 2789 (Ν.
1054 2726 1164 2790 Anuli!
1187 2724 1255 2807 III,
1273 2751 1309 2814 p.
1328 2727 1412 2808 4625
1442 2724 1505 2807 IV,
1522 2750 1559 2813 p.
1578 2727 1653 2789 285.
1700 2724 1755 2788 En

101 2855 163 2916 quo
178 2833 325 2916 primum
348 2830 451 2895 edidit
472 2830 517 2892 M.
534 2830 689 2916 Bouquet,
705 2831 849 2897 ‘Reoueil
871 2831 925 2898 deo
947 2833 1055 2898 histor.
1082 2833 1136 2898 deo
1157 2832 1290 2897 Gauleo’
1315 2847 1333 2896 t.
1351 2831 1414 2913 XI,
1433 2857 1468 2918 p.
1487 2833 1682 2895 444-447.
1707 2857 1753 2896 ee-

102 2935 237 3000 oundum
260 2936 418 3001 Durandi
437 2938 599 3023 oaemplar
621 2963 689 3002 oum
714 2939 802 3002 titulo
825 2941 865 3003 ab
888 2964 922 3004 eo
946 2939 1076 3004 addito:
1098 2938 1246 3017 ‘Querela
1270 2941 1304 3004 in
1324 2941 1464 3026 qratiam
1487 2939 1675 3004 notlorum'.

58 3068 84 3108 ιο
209 3041 243 3131 2)
272 3042 459 3108 Ouonienoio
483 3043 681 3109 Bodleiaaae
703 3045 895 3110 Laudionue
918 3047 971 3110 lat.
990 3047 1031 3110 86
1057 3046 1111 3129 (ol.
1131 3046 1221 3132 654),
1245 3070 1269 3110 s.
1286 3044 1388 3126 XIII,
1418 3046 1667 3133 fol.120.121,
1697 3048 1757 3132 qui

101 3169 129 3214 a
146 3149 214 3215 Fel.
237 3150 468 3215 Liebermonna
498 3151 629 3215 collitus
660 3166 711 3216 eet.
763 3149 816 3240 Os.
849 3153 887 3218 de
916 3177 950 3218 oo
977 3153 1034 3238 (L)
1063 3152 1203 3239 Cataloy.
1230 3153 1303 3217 bibl.
1328 3145 1497 3217 Bodleian.
1523 3150 1571 3232 II,
1595 3154 1623 3234 1,
1647 3177 1684 3238 p.
1710 3154 1753 3216 40

103 3256 196 3338 (auct
219 3256 334 3343 Cone),
357 3257 419 3320 ‘Ze
438 3258 504 3344 fiir
528 3257 697 3323 Deouana
720 3258 865 3323 Alunt!
888 3258 1004 3338 XXII,
1023 3283 1058 3345 p.
1077 3260 1151 3322 251.

208 3363 243 3450 3)
271 3363 459 3428 Ononiemeio
474 3363 672 3452 Diabeianue
689 3366 742 3446 65,
765 3389 790 3428 o.
806 3364 908 3446 XIII,
925 3366 991 3452 fol.
1011 3367 1123 3429 8¹-9.
1149 3390 1216 3430 aum
1241 3365 1297 3429 lroo
1321 3365 1479 3430 lemmate:
1503 3362 1594 3429 serlo
1610 3363 1752 3429 Parisin-

102 3469 207 3533 censis
231 3469 271 3533 de
291 3468 366 3533 filiis
382 3467 646 3554 presbiterorum,
671 3495 761 3557 quem
777 3472 971 3536 contulerunt
993 3497 1039 3536 oo.
1058 3473 1095 3536 ol.
1113 3471 1238 3536 Parker
1254 3485 1282 3536 et
1296 3470 1398 3535 Poole.
1440 3468 1493 3558 Of.
1512 3470 1550 3536 de
1566 3471 1672 3536 codice
1690 3471 1750 3556 (D)

56 3601 82 3642 xo
101 3577 228 3664 Hordy,
252 3577 409 3663 Descript.
432 3574 532 3641 Gaul.
557 3575 605 3658 II,
629 3603 666 3664 p.
687 3579 750 3641 100
757 3602 768 3658 ,·
799 3577 947 3666 Catoloyi
967 3579 1040 3644 bibl.
1067 3578 1237 3642 Bodleian.
1262 3576 1319 3640 IX
1346 3576 1441 3662 (auat.
1467 3577 1616 3666 Moaroy)
1644 3603 1678 3664 p.
1698 3580 1749 3642 68.

107 3683 195 3748 Unde
224 3684 327 3748 edidit
355 3709 383 3747 a.
411 3684 504 3747 1872.
538 3683 777 3770 Bouquetiauae
807 3685 956 3750 editionis
978 3687 1106 3772 prioris
1141 3687 1262 3750 ireooirm
1288 3683 1345 3748 ΤΙι.
1370 3683 1507 3771 Wrialrt,
1537 3685 1751 3771 Ariola-latin

101 3787 258 3855 Sotirioal
271 3803 363 3877 poete
385 3788 433 3871 II,
453 3815 487 3876 p.
506 3791 705 3854 208-212.
730 3793 808 3856 ratio
831 3791 983 3856 mendose.

207 3896 242 3983 4)
263 3896 533 3983 Cantabriyieuoio
549 3895 672 3983 Corpus
688 3895 810 3962 Curari
830 3898 899 3962 ooll.
916 3900 990 3979 190,
1007 3924 1044 3986 p.
1063 3900 1137 3962 361.
1162 3922 1259 3962 munu
1273 3923 1352 3962 eaeo.
1365 3897 1446 3961 XII.
1469 3901 1512 3962 in.
1535 3899 1590 3962 ltoo
1606 3923 1751 3963 uersuum

100 4004 211 4068 ordine
235 4027 327 4068 vnarn:
357 4028 384 4067 o.
406 4005 523 4066 1—17.
548 4005 599 4066 21.
626 4005 677 4066 22.
705 4005 852 4067 18-20.
885 4006 1034 4069 23-28,
1060 4007 1207 4068 41-44.
1238 4006 1386 4068 34-37,
1418 4005 1571 4069 29-33,
1597 4007 1748 4070 45-59.

55 4136 82 4175 eo
101 4111 252 4191 38—40,
276 4113 385 4176 cetaria
404 4113 538 4176 omnen.
576 4109 630 4198 Of.
656 4111 694 4175 de
717 4111 823 4176 codice
840 4110 908 4196 (C),
932 4137 1021 4197 quem
1041 4112 1270 4176 Liebermanni
1283 4113 1435 4198 proc-tua
1457 4125 1556 4176 motus
1571 4111 1611 4175 A.
1629 4113 1751 4200 Boyoro

101 4219 240 4298 contulit,
263 4217 421 4298 Naamitlr,
449 4217 549 4282 Gaul.
575 4218 618 4304 of
640 4215 733 4304 Corp.
755 4215 827 4282 Otr.
853 4219 922 4282 coll.
943 4244 978 4305 p.
997 4219 1073 4298 213,
1096 4211 1126 4282 n.
1144 4219 1205 4300 295
1228 4218 1300 4281 ΕΕ.
1325 4217 1387 4298 IV,
1405 4243 1441 4304 p.
1461 4220 1534 4282 614.

207 4324 313 4405 Poeta,
338 4325 375 4390 do
399 4328 489 4390 cuiue
511 4328 576 4390 uita
599 4327 634 4390 in
649 4326 819 4389 annalibus
841 4327 957 4390 nostris
973 4325 1161 4412 propediem
1171 4326 1287 4412 fusiuo
1310 4349 1462 4412 exponere
1485 4325 1568 4390 milri
1587 4327 1623 4389 in
1643 4328 1749 4391 animo

101 4445 154 4512 est,
177 4446 252 4496 notu
270 4433 450 4520 presbyteri
461 4433 567 4519 filius,
592 4434 714 4519 oriyine
729 4431 943 4510 Narmannue,
967 4432 1078 4496 ordine
1102 4434 1271 4496 eanonicus
1286 4431 1474 4496 Baiooenoie
1485 4432 1595 4518 fuisso
1615 4432 1747 4496 uidetur.

103 4537 236 4616 Quando
260 4541 384 4620 uenerit,
407 4563 469 4602 non
491 4541 569 4603 satie
592 4552 719 4618 conotot,
742 4538 800 4602 sed
821 4541 886 4602 iam
902 4551 1067 4624 antequam
1084 4537 1152 4602 Odo
1168 4538 1356 4602 Baiocenoio
1376 4541 1541 4625 epe'aoopuo
1549 4540 1667 4627 fautor
1682 4541 1750 4604 eiua

54 4669 81 4709 u
100 4671 119 4710 a
143 4644 349 4710 WillzelmoI.
374 4670 445 4733 reqe
468 4646 503 4709 in
526 4645 700 4709 custodiam
724 4645 833 4709 duatus
857 4659 901 4709 eet
924 4644 966 4728 (a.
987 4646 1086 4730 1083)
1112 4644 1245 4708 Baiooio
1269 4669 1335 4708 eum
1360 4645 1516 4710 habitasse
1540 4647 1670 4726 comicia,
1695 4647 1753 4710 ubi

100 4777 169 4816 oum
193 4752 344 4839 oppidum
368 4778 397 4816 a.
418 4753 511 4815 1105.
537 4753 576 4816 ab
592 4750 776 4816 HonriaoI.
801 4777 871 4838 reae
895 4765 1102 4839 eapuqnatum
1120 4765 1173 4831 aot,
1197 4754 1383 4816 canonicatu
1391 4753 1600 4839 funyebatur,
1624 4778 1644 4816 a
1654 4767 1749 4838 patre

100 4873 258 4944 tamquam
281 4859 494 4924 haereditario
518 4861 588 4923 iure
611 4873 743 4945 aooopto.
782 4858 890 4923 Utrum
914 4860 987 4922 Iruio
1003 4872 1116 4945 poetae
1132 4856 1276 4922 Serlonio
1298 4883 1340 4922 an
1364 4883 1402 4922 eu
1424 4857 1530 4923 codice
1545 4859 1753 4924 Borolinensi

99 4965 296 5052 Ploillippico
316 4967 409 5029 1694.
433 4965 590 5030 Nioltolai
609 4968 738 5030 nomen¹
754 4965 985 5030 attribuendum
1008 4967 1059 5045 eit,
1083 4989 1156 5029 mou
1178 4965 1274 5028 altino
1297 4965 1548 5052 inoestiqandum
1568 4969 1636 5047 erit,
1654 4967 1748 5054 faloo

99 5087 201 5138 autem
224 5073 322 5136 cadon
344 5072 541 5160 Diabeianua
563 5071 731 5136 Por-isiaci
751 5095 915 5159 coquomon
939 5074 971 5135 ei
991 5071 1131 5151 addid-it,
1156 5096 1224 5134 oum
1252 5073 1318 5135 iam
1341 5071 1381 5134 B.
1407 5072 1563 5136 Hourlau
1587 5072 1748 5138 Serlonem

53 5203 81 5243 ao
99 5179 301 5244 Parataeom
325 5180 376 5243 uel
395 5178 613 5244 Wiltouenoem
635 5179 759 5242 saecula
774 5177 854 5242 XII.
881 5177 1002 5242 doraum
1027 5177 1146 5241 declive
1161 5179 1335 5264 flor-uinea²
1358 5191 1386 5242 et
1408 5203 1478 5242 oum
1494 5178 1667 5244 Baioaenoe
1691 5180 1748 5244 illo

100 5287 263 5351 uenatione
286 5311 306 5350 a
330 5286 370 5349 D.
397 5286 518 5350 Brial³
539 5309 601 5349 nou
624 5299 703 5349 reate
728 5286 892 5373 oonfuoum
918 5308 982 5348 aeae
1004 5286 1083 5348 satio
1107 5283 1372 5349 demonstraverit.

209 5519 239 5597 1)
264 5520 378 5595 Cfi‘N.
396 5522 494 5579 Aron!
519 5521 619 5593 XVII,
646 5541 680 5598 p.
704 5520 784 5591 374;
816 5521 932 5591 XVIII,
958 5542 992 5598 p.
1012 5520 1085 5578 124.
1178 5521 1208 5593 2)
1234 5521 1356 5581 ‘Notion
1378 5532 1405 5581 et
1427 5523 1560 5582 eaenaitr'
1585 5524 1699 5595 XXIX,
1718 5524 1747 5596 2,

94 5651 127 5707 p.
147 5628 346 5699 231-238;
370 5629 411 5700 cf.
429 5629 483 5687 SS.
502 5628 632 5699 XXVII,
652 5649 686 5705 p.
704 5628 755 5685 68.
827 5625 857 5703 3)
881 5627 965 5686 ‘Hira
982 5627 1064 5685 litter.
1090 5629 1124 5685 de
1147 5630 1176 5685 la
1193 5629 1322 5686 Fraucd
1339 5630 1407 5702 XV,
1426 5651 1460 5707 p.
1477 5636 1602 5702 I—XV,·
1627 5631 1749 5690 ‘Notioes

98 5745 126 5794 et
149 5737 247 5794 ExtrI
272 5736 326 5808 XI,
345 5756 379 5812 p.
399 5735 590 5792 166—175.

1484 5859 1535 5911 73*
