4478 6396
612 380 804 437 EPISTOLA
828 381 883 436 AD
906 379 1182 437 INNOCEN'I'IUM
1206 381 1351 438 PAPAM.
1749 377 1808 438 231

152 568 295 631 tentiam
325 590 457 654 semper
485 566 617 632 habitus
648 567 831 654 despectas,
863 577 895 632 et
926 569 1013 632 circa
1043 590 1077 630 se
1109 566 1333 652 castigandum
1364 589 1467 654 usqae
1498 568 1540 632 ad
1563 581 1698 633 mortem
1727 572 1815 655 rigor

155 675 333 739 continuus
364 674 597 738 discretissime
628 675 784 756 intensus,
815 697 876 738 nec
906 696 1051 760 unquam
1081 672 1304 755 remittendae,
1335 675 1397 737 nisi
1429 685 1584 760 quantum
1612 698 1687 740 cum
1711 679 1814 741 sancti

155 791 270 866 patres
293 791 486 867 temperant,
515 781 570 868 qai
601 780 677 846 licet
706 791 780 867 post
810 781 967 845 initialem
997 781 1209 867 penitentiam
1240 782 1380 865 rigorem
1412 780 1565 846 leniorem
1597 783 1629 846 in
1654 793 1745 846 veste
1776 807 1814 848 ac

157 885 235 950 ciba
260 887 460 974 indulgeant,
484 886 630 952 habitum
653 899 762 951 tamen
787 887 967 952 secularem
992 887 1149 974 penitenti
1172 909 1338 972 nunquam
1362 887 1521 969 relaxant,
1552 889 1650 953 immo
1674 913 1733 976 pro
1757 890 1813 954 tali

121 989 275 1058 sbabitu
304 997 488 1081 penitentes
516 1017 536 1058 a
559 1015 695 1080 corpore
719 993 852 1058 Domini
883 1016 986 1080 usque
1017 993 1060 1058 ad
1089 1003 1226 1057 mortem
1257 1003 1471 1079 sequestrant,
1502 1005 1538 1058 ut
1567 997 1685 1082 partim
1717 1019 1815 1083 supra

159 1101 373 1182 ostendimus,
404 1102 523 1188 partim
554 1100 702 1187 diligenti
733 1100 846 1166 lectori
878 1099 1078 1186 querendum
1110 1099 1332 1185 relinquimus.
1381 1101 1495 1166 Omnis
1519 1103 1604 1166 enim
1629 1104 1684 1188 qui
1709 1104 1816 1189 querit
1832 1125 1970 1176 natans.

159 1207 297 1290 invenit,
320 1218 356 1272 ut
380 1208 493 1272 sileam
516 1230 603 1272 nunc
628 1207 668 1271 de
694 1207 812 1272 clerico
836 1207 889 1271 vel
913 1207 996 1271 laico
1020 1205 1185 1292 publicam
1208 1209 1420 1292 penitentiam
1445 1219 1572 1293 agente,
1597 1209 1683 1295 quod
1707 1232 1813 1295 neque

161 1325 291 1378 secreta
314 1315 535 1379 satisfactione
559 1313 728 1378 mortalem
746 1313 874 1401 culpam
899 1315 971 1400 quis
996 1312 1119 1378 deflens
1143 1311 1267 1399 absque
1286 1314 1431 1399 periculo
1456 1317 1583 1401 corpori
1608 1326 1640 1379 et
1663 1317 1813 1400 sanguini

162 1418 285 1484 Christi
309 1423 535 1502 communicat,
560 1421 705 1507 quandiu
730 1425 818 1485 ‘enm
849 1419 1025 1485 saecularis
1056 1419 1185 1484 habitus
1214 1419 1290 1484 huic
1321 1420 1451 1485 saeculo
1482 1422 1671 1486 conformat.
1718 1422 1814 1487 Unde
1833 1447 1902 1487 nn.

113 1552 142 1592 ro
160 1525 278 1592 beatus
293 1526 496 1613 Augustinus
519 1528 553 1592 in
569 1526 652 1591 libro
673 1527 714 1591 de
732 1525 979 1592 diffinitionibus
999 1525 1248 1591 aecclesiasticis
1261 1531 1286 1590 ¹:
1315 1527 1422 1608 Quem,
1445 1529 1559 1613 inquit,
1583 1531 1732 1596 mortalia
1741 1547 1816 1617 post

162 1637 350 1721 baptismum
375 1638 540 1700 cornutissa
553 1650 714 1722 premunt,
738 1636 854 1715 hortor,
871 1638 1015 1721 primum
1035 1635 1167 1721 publica
1183 1637 1360 1720 pestilentia
1383 1637 1570 1722 satisfacere
1594 1651 1622 1700 et
1644 1639 1689 1700 ita
1711 1663 1814 1702 sacen

163 1741 245 1806 dona
269 1743 391 1806 iudicia
416 1744 650 1807 reconciliatum
674 1745 888 1806 corrrnznnioni
907 1744 1037 1821 sociari,
1062 1741 1181 1804 sinuit
1203 1765 1263 1804 riori.
1287 1741 1333 1804 ad
1355 1741 1510 1805 iudicium
1535 1744 1585 1806 vel
1607 1743 1813 1830 condempno-

162 1851 276 1912 tionem
299 1873 388 1912 suarrs
413 1850 635 1913 circloristiam
656 1851 830 1935 percipere.
879 1847 945 1913 Sed
966 1862 995 1912 et
1015 1861 1131 1912 secreto
1155 1849 1374 1934 satisfactione
1400 1849 1486 1913 solvi
1505 1851 1653 1913 mortalia
1678 1853 1814 1916 crimina

161 1979 224 2018 non
254 1979 412 2043 mamus,
443 1956 500 2020 sed
528 1970 643 2020 mutato
660 1959 759 2041 prins
788 1957 929 2020 seculari
956 1956 1064 2019 babitu
1095 1969 1123 2018 et
1149 1955 1292 2042 eonifesso
1323 1956 1489 2042 reliqionis
1518 1956 1622 2020 studio
1648 1981 1710 2043 per
1733 1961 1814 2022 'uitae

117 2086 144 2125 rs
162 2065 394 2142 correctionem,
418 2077 447 2126 et
469 2065 547 2150 inqi,
571 2065 666 2126 immo
686 2077 836 2148 perpetuo
861 2063 955 2142 luctu,
979 2061 1047 2125 Deo
1070 2064 1248 2140 irriserante,
1272 2064 1395 2126 neniam
1419 2077 1624 2147 consequatur
1631 2088 1641 2146 ,¹
1664 2067 1710 2128 ita
1735 2065 1813 2129 diers-

162 2183 259 2248 taorat,
291 2181 324 2232 ut
353 2172 514 2233 catenario
544 2170 605 2248 lis,
635 2194 715 2254 qture
732 2172 861 2255 penitet,
892 2183 975 2256 aqut,
1006 2169 1229 2232 eucharistialis
1260 2170 1402 2232 aturribus
1433 2167 1601 2234 dontinicis
1630 2172 1766 2257 suppleta
1787 2187 1815 2236 et

160 2277 335 2340 submissus
359 2301 454 2361 usqne
478 2277 523 2340 uel
544 2291 671 2340 mortem
688 2279 859 2362 percipiat.
907 2274 999 2338 Idem
1023 2275 1057 2337 in
1080 2272 1233 2338 eodemn
1265 2274 1441 2339 Penitentia
1465 2300 1539 2339 uera
1563 2291 1615 2356 art,
1639 2278 1813 2362 penitendo

162 2407 223 2446 non
254 2383 428 2463 adrnittere,
459 2383 600 2447 admissa
632 2383 753 2469 deflere.
802 2381 922 2445 lemn
955 2381 1145 2468 Satisfactio
1168 2383 1362 2466 pem'tentine
1392 2396 1445 2462 est,
1475 2407 1588 2446 causas
1611 2399 1813 2470 peccatorum

161 2489 317 2569 cecidere,
348 2513 402 2554 nec
432 2515 539 2554 earum
569 2491 817 2576 suqqests'onibus
839 2489 960 2553 aditum
991 2489 1164 2574 indnlqere.
1211 2487 1299 2551 Ecce
1325 2486 1425 2551 habes
1449 2488 1579 2573 regulas
1602 2490 1812 2575 penitentiae,

116 2621 144 2660 so
162 2617 245 2680 quas
267 2595 459 2668 noneolnm
483 2594 567 2676 laici,
592 2594 651 2658 sed
674 2606 706 2658 et
730 2594 840 2659 clerici
863 2595 1046 2680 penitentes
1070 2591 1191 2657 debent
1214 2616 1356 2674 servare,
1380 2595 1409 2658 si
1424 2594 1536 2660 volunt
1559 2596 1666 2659 securi
1682 2619 1754 2662 esse
1771 2597 1812 2662 de

162 2725 222 2765 sua
246 2701 359 2766 salute.
406 2702 499 2766 Laici
522 2724 611 2783 vcra,
636 2703 691 2788 qui
715 2713 828 2765 contra
850 2702 1049 2787 prescriptae
1071 2701 1201 2786 regulas
1231 2711 1304 2786 post
1334 2713 1439 2766 actam
1469 2702 1681 2788 penitentiam
1705 2703 1813 2768 ferunt

161 2831 264 2888 arma,
288 2808 426 2873 fortasse
450 2808 714 2894 dampnationem
738 2807 889 2890 evadent,
918 2809 944 2870 si
968 2807 1081 2872 David
1103 2819 1176 2894 past
1199 2809 1412 2894 penitentiam
1436 2831 1527 2872 arma
1550 2808 1667 2874 ferenti
1691 2810 1812 2874 similes

161 2927 259 2980 erunt
281 2917 314 2978 in
339 2937 448 2996 carisa,
480 2915 604 2979 scilicet
627 2938 691 2978 non
717 2915 908 2997 *militanda
938 2915 1002 2978 nisi
1024 2937 1084 3000 pro
1107 2915 1252 2996 iusticia;
1281 2916 1430 3001 quamvis
1454 2915 1515 2978 lroc
1538 2917 1645 3002 ipsum
1668 2940 1733 2980 non
1757 2941 1812 2982 eos
1830 2941 1857 2981 ⁴.
1892 2944 1906 2982 ⁴.

161 3022 273 3086 valeat
295 3045 452 3086 excusare
477 3045 497 3086 a
519 3021 739 3108 penitentialis
755 3023 842 3086 vitae
867 3020 1115 3103 exorbitatione,
1141 3023 1167 3085 si
1191 3021 1252 3085 hoc
1272 3021 1395 3085 faciant
1409 3024 1543 3108 propria
1557 3025 1811 3109 presumptione,

116 3153 143 3193 ss
160 3128 281 3193 nullius
305 3129 540 3194 aecclesiastici
563 3130 698 3193 rectoris
721 3130 933 3214 permissione
957 3127 1009 3192 vel
1032 3129 1185 3220 iussione.
1232 3127 1283 3191 Illi
1306 3151 1384 3191 vero
1411 3129 1608 3213 penitentiae
1632 3139 1812 3215 transgres-

163 3259 263 3316 sores,
295 3237 350 3322 qui
380 3235 525 3300 decimas
553 3235 645 3299 laicis
676 3234 866 3299 interdictas
896 3234 1074 3321 possident,
1100 3235 1154 3320 qui
1179 3233 1286 3298 aliena
1308 3232 1395 3298 bona
1418 3235 1583 3322 diripiunt,
1609 3246 1641 3299 et
1664 3259 1713 3318 ea,
1738 3260 1811 3301 cum

161 3344 297 3429 possint,
329 3343 465 3407 reddere
489 3342 542 3406 vel
566 3341 739 3406 emendare
764 3341 886 3424 nolunt,
911 3341 963 3405 vel
989 3343 1044 3427 qui
1074 3364 1165 3405 arma
1195 3351 1308 3405 contra
1338 3342 1500 3405 iusticiam
1527 3344 1729 3428 portaverint
1757 3356 1813 3408 aut

162 3449 273 3513 odium
297 3451 330 3513 in
354 3449 452 3513 corde
476 3449 626 3531 retinent,
650 3448 703 3512 vel
727 3449 783 3535 qui
812 3435 998 3512 huiusmodi
1025 3446 1305 3532 negociationibns
1337 3459 1393 3511 aut
1423 3447 1538 3511 officiis
1569 3449 1717 3535 impliciti
1744 3449 1812 3514 fue-

162 3558 237 3638 rint,
262 3578 345 3642 quae
369 3557 438 3620 sine
462 3555 586 3636 fraude,
611 3558 680 3619 sine
704 3555 844 3619 falsitate
869 3556 938 3619 sive
957 3554 1083 3618 invidia
1106 3555 1175 3617 sive
1200 3553 1391 3639 deceptione
1415 3554 1550 3618 fratrum
1575 3557 1723 3620 exerceri
1748 3580 1811 3620 non

116 3689 145 3728 so
161 3675 312 3749 possunt,
343 3686 404 3727 nec
434 3663 477 3726 ad
507 3659 616 3726 Deum
647 3663 810 3745 conversi,
841 3684 902 3726 nec
934 3661 974 3725 de
1005 3661 1198 3746 perpetratis
1229 3659 1428 3725 facinoribus
1460 3683 1570 3724 veram
1600 3661 1827 3747 penitentiam

162 3769 270 3834 facere
295 3769 452 3833 credendi
475 3779 558 3833 sunt.

270 3876 303 3942 S.
339 3876 385 3940 Ut
408 3876 516 3957 audio,
539 3887 574 3938 tu
593 3875 748 3939 militibus
772 3886 804 3938 et
826 3873 1089 3960 negociatoribus
1112 3884 1185 3959 post
1205 3875 1428 3959 penitentiam,
1445 3897 1542 3960 quam
1559 3874 1696 3940 dicimus
1715 3879 1811 3940 carri-

162 4005 249 4066 nam,
273 3983 404 4046 militias
429 3993 461 4047 et
484 3983 728 4068 negociationes
752 3979 973 4068 repetentibus
996 3981 1132 4045 nimium
1157 4003 1191 4043 es
1216 3979 1325 4044 durrus.

269 4090 307 4152 R.
340 4089 374 4156 Si
391 4111 452 4175 ego
468 4087 529 4153 tibi
545 4087 660 4153 videor
671 4087 781 4169 durus,
799 4087 876 4152 audi
892 4086 971 4173 quid
988 4087 1028 4152 de
1043 4087 1229 4151 huiusmodi
1246 4098 1378 4151 censeat
1390 4087 1485 4150 VH¹¹¹¹
1500 4085 1679 4173 Gregorius
1695 4091 1729 4152 in
1746 4092 1812 4154 suis

118 4223 145 4262 u
163 4195 420 4261 decretalibus⁴:
447 4197 573 4277 Falsas,
597 4195 712 4281 inquit,
730 4197 922 4281 penitentias
939 4195 1084 4274 dicimus,
1108 4221 1187 4280 quae
1203 4195 1447 4258 transemundum
1463 4199 1676 4261 auctoritatem
1692 4213 1812 4262 saneto-

161 4330 233 4368 rum
241 4319 374 4391 potrum
382 4329 448 4390 pro
465 4305 615 4388 qualitate
632 4305 800 4366 criminum
819 4291 1031 4388 imponuntur.
1069 4301 1205 4386 Ideoque
1229 4304 1405 4386 quicunque
1429 4303 1529 4382 miles,
1553 4305 1603 4366 uel
1624 4308 1811 4391 itepooiator,

162 4413 213 4476 nel
234 4413 337 4476 alicui
358 4413 469 4500 officio
493 4410 627 4489 deditus,
659 4409 744 4495 quod
765 4411 833 4473 sine
850 4423 980 4495 peceato
1003 4411 1145 4472 exerceri
1164 4433 1226 4471 reon
1245 4411 1357 4494 possit,
1381 4409 1485 4494 culpis
1505 4412 1709 4495 pronioribus
1732 4415 1812 4477 irre-

162 4521 236 4582 titus
259 4518 304 4582 od
319 4520 524 4604 penitentiam
550 4518 677 4595 uenerit,
709 4516 746 4579 id
768 4530 820 4594 est,
851 4518 912 4600 qui
931 4517 1011 4580 bona
1035 4517 1167 4578 alterius
1191 4517 1319 4578 ‘iniuste
1344 4515 1467 4595 detenet,
1495 4517 1545 4580 uel
1567 4520 1625 4601 qui
1646 4518 1753 4582 odium
1777 4523 1812 4583 in
1829 4543 1899 4584 *tes

163 4625 256 4689 corde
282 4628 374 4710 perit,
405 4638 611 4710 recapnosoat,
643 4647 748 4687 ceram
764 4625 973 4708 penitentiam
1003 4646 1065 4685 reon
1088 4645 1183 4707 posse
1210 4645 1372 4707 perapere,
1397 4647 1461 4707 per
1484 4647 1577 4707 qnam
1608 4625 1654 4688 od
1676 4639 1812 4689 emruam

116 4758 144 4796 ιο
162 4735 259 4796 citam
283 4733 386 4795 ualeat
401 4733 581 4817 peruenire,
612 4733 680 4794 nisi
707 4731 798 4792 utiles
825 4755 916 4793 arma
941 4729 1076 4814 deponat
1106 4728 1295 4812 ulteriusque
1326 4753 1372 4808 ea,
1403 4731 1472 4792 nisi
1492 4731 1624 4794 cmtsilio
1647 4732 1811 4818 reliqioso-

162 4863 242 4918 rum,
267 4853 295 4902 et
309 4861 374 4924 pro
391 4837 593 4926 defendenda
610 4839 738 4901 iusticia
754 4859 816 4899 non
824 4837 928 4924 ferat,
952 4849 980 4899 et
1001 4838 1179 4922 negociator
1194 4837 1355 4921 ueqocium
1372 4833 1580 4920 derelinquat,
1604 4851 1632 4901 et
1654 4839 1812 4924 officialis

162 4947 308 5032 officium
324 4945 455 5023 deserat,
480 4947 569 5024 bona,
594 4968 673 5029 qrme
696 4944 828 5028 quilibet
852 4944 979 5006 illorum
1003 4944 1116 5005 iniuste
1140 4941 1277 5020 abstulit,
1300 4943 1452 5016 restituat,
1476 4942 1634 5005 etodium
1658 4969 1697 5008 eu
1719 4944 1811 5009 corde

162 5052 306 5116 dimittat.
347 5051 397 5116 Ne
420 5067 521 5115 tomen
544 5053 670 5116 interim
687 5051 835 5136 desperet,
859 5049 917 5113 sed
931 5048 1085 5134 quicquid
1107 5048 1305 5135 bonifacere
1314 5050 1428 5133 possit,
1452 5049 1623 5129 hortamur,
1647 5065 1682 5113 nt
1688 5051 1810 5139 facim,

162 5174 195 5222 ut
217 5158 304 5222 Deus
328 5161 519 5244 omnipotens
543 5182 596 5222 cor
619 5159 710 5221 illius
733 5157 779 5220 ad
793 5159 1001 5243 penitentiam
1027 5156 1169 5218 illustret.
1205 5145 1207 5148 ¹

116 5291 142 5330 ss
268 5264 302 5330 S.
337 5263 430 5330 Haec
454 5265 583 5327 omnino
614 5264 718 5349 magis
750 5261 933 5343 ostendunt,
964 5283 1047 5347 quae
1071 5262 1112 5324 sit
1136 5283 1215 5324 vera
1238 5259 1291 5324 vel
1321 5259 1404 5324 falsa
1432 5263 1612 5346 penitentia
1641 5255 1808 5345 laicorum,

271 5523 299 5590 1)
332 5521 584 5597 Ρεαιιὼ-Αιιφιεί.
616 5523 634 5576 l.
660 5521 694 5577 de
717 5519 907 5576 ecclesiasticis
938 5516 1110 5594 &perentibus
1140 5537 1162 5573 c.
1189 5515 1228 5571 23
1261 5511 1389 5593 (Anqust.
1414 5537 1479 5592 opp.
1511 5519 1553 5574 ed.
1578 5519 1686 5576 Bened.
1712 5519 1808 5576 Parus.

164 5624 259 5704 1688)
290 5629 371 5698 VIII,
396 5648 466 5703 app.
491 5629 541 5685 col.
560 5627 610 5684 78.
704 5625 734 5696 2)
760 5621 833 5682 Ibid.
860 5645 882 5682 c.
910 5625 960 5681 24.
1054 5623 1084 5692 3)
1108 5623 1202 5692 Itid.;
1235 5621 1319 5681 (irat.
1345 5623 1391 5680 De
1408 5625 1515 5699 poenit.
1540 5625 1615 5682 Dist.
1640 5625 1697 5697 III,
1723 5647 1746 5682 c.
1773 5625 1790 5680 3
1799 5648 1809 5694 ,-

161 5737 201 5806 cs.
227 5736 296 5808 Syn.
322 5735 455 5792 Rornana
478 5755 506 5790 a.
527 5733 620 5803 1078,
646 5733 717 5790 Nou.
738 5731 788 5788 19.
814 5732 953 5788 celebrata
977 5726 1060 5806 (Req.
1085 5730 1132 5798 VI,
1159 5726 1214 5804 5b)
1238 5729 1331 5802 λαβέ,
1356 5730 1429 5787 Bitt.
1454 5730 1494 5801 II,
1514 5752 1547 5807 p.
1567 5731 1639 5789 333.
