4478 6396
686 426 923 483 OPUSCULUM
946 429 998 480 DE
1024 426 1194 480 asistere
1220 427 1296 480 DEI.
1754 420 1813 482 157

168 614 283 694 ruisse,
315 636 413 698 quam
443 637 529 678 nunc
560 614 677 700 aliquis
708 612 866 700 superbus
897 615 1049 700 prinecps
1080 624 1264 693 terreretur,
1296 614 1324 675 si
1354 613 1396 677 ad
1425 612 1514 676 illum
1546 615 1718 698 episcopus
1742 635 1815 677 cum

169 719 325 782 militibus
356 721 511 784 ministris
541 720 775 806 ingrederetur.
823 720 889 806 Ipsi
922 721 1007 783 enim
1037 719 1165 800 milites,
1198 720 1253 804 qui
1280 718 1432 782 dicuntur
1455 720 1602 801 ministri,
1634 721 1667 783 in
1691 729 1816 784 tantum

170 825 232 890 sibi
256 826 369 890 volunt
392 826 433 890 ab
459 828 621 913 episcopis
646 828 832 909 ministrari,
856 838 891 890 ut
915 827 1019 912 magis
1043 827 1225 906 timeantur,
1251 848 1347 911 quam
1372 827 1516 906 timeant,
1546 827 1680 912 quisse
1705 827 1814 891 defen·

169 955 259 996 sores
284 935 509 1018 epriseoporum
526 944 649 1020 putant,
675 933 843 997 credentes
867 933 955 997 illum
980 934 1108 1018 penitus
1132 931 1333 1012 annichilari,
1358 935 1385 995 si
1410 931 1450 995 ab
1475 955 1513 996 eo
1537 935 1731 997 recesserint
1753 934 1815 1020 ipsi

137 1041 317 1103 snrinistri.
355 1039 449 1104 Unde
474 1042 572 1104 etiam
595 1040 766 1104 facultates
791 1039 970 1104 aecclesiae
987 1039 1076 1103 velut
1101 1062 1141 1102 cx
1158 1038 1268 1102 debito
1293 1038 1355 1102 sibi
1379 1049 1547 1103 autumant
1570 1039 1814 1126 impendendas,

169 1146 352 1209 nescientes
369 1169 424 1210 eas
440 1146 638 1232 pauperibus
656 1145 776 1210 Christi
800 1169 902 1232 usque
927 1146 1008 1210 adeo
1032 1145 1170 1226 debitas,
1195 1157 1230 1208 ut
1254 1144 1459 1230 saerilegium
1477 1147 1655 1210 committat
1679 1149 1734 1232 qui
1758 1169 1815 1232 pro

170 1251 326 1315 militibus
350 1252 584 1316 beneficiandis
609 1276 779 1338 pauperes,
805 1255 901 1317 immo
926 1254 959 1316 in
983 1251 1181 1339 pauperibus
1206 1250 1369 1316 Christum
1394 1252 1520 1337 spoliat.

279 1380 330 1441 29.
366 1378 438 1440 Hoc
469 1377 651 1462 intelligens
682 1379 817 1462 insignis
848 1387 971 1462 martyr
993 1378 1188 1440 Laurentius
1220 1375 1319 1462 elegit
1341 1377 1408 1462 pati
1434 1399 1453 1440 a
1476 1375 1632 1440 militibus
1657 1379 1815 1441 ustionem

170 1483 356 1564 craticulae,
381 1507 478 1569 quam
502 1483 564 1547 illis
588 1485 666 1547 dare
690 1484 858 1548 facultates
883 1483 1073 1548 aecclesiae.

125 1599 151 1636 ro
278 1620 1814 1637 ............................
1845 1599 1904 1638 rac.

278 1682 330 1743 30.
345 1729 352 1742 .
367 1729 373 1742 .
389 1729 396 1742 .
412 1678 463 1742 Ibi
476 1691 563 1766 put0,
581 1679 623 1743 ad
636 1679 797 1765 stipendia
810 1679 945 1743 militum
958 1678 1046 1742 nulla
1059 1679 1099 1742 de
1112 1677 1209 1742 rebus
1223 1678 1402 1742 aecclesiae
1416 1680 1520 1764 portio
1534 1679 1727 1762 destinatur,
1746 1667 1814 1765 qui-

171 1784 232 1849 bus
245 1798 352 1849 tamen
365 1785 406 1850 ab
420 1788 582 1873 episcopis
596 1789 699 1850 maior
711 1787 815 1872 portio
830 1786 870 1849 de
884 1785 1000 1850 oblatis
1013 1786 1086 1849 Deo
1099 1784 1196 1848 rebus
1214 1784 1395 1866 exhibetur,
1410 1809 1506 1871 quam
1520 1787 1626 1850 viduis
1644 1810 1682 1851 ac
1699 1788 1815 1850 ceteris

169 1891 402 1976 indigentibus,
427 1892 679 1956 consolationem
703 1894 737 1956 in
760 1893 821 1956 hoc
846 1892 965 1956 mundo
989 1903 1132 1956 autnon
1155 1891 1349 1955 habentibus
1367 1915 1440 1956 eum
1456 1893 1592 1974 Lauare,
1617 1904 1672 1957 aut
1695 1892 1815 1957 habere

169 1997 355 2062 nolentibus
380 2022 452 2062 cum
469 2000 578 2063 Petro
615 1999 741 2079 Quibus
766 1998 891 2063 duobus
909 2023 1089 2085 pauperum
1104 1998 1278 2084 generibus
1303 2009 1370 2062 tota
1386 1997 1524 2063 debetur
1538 1999 1675 2063 facultas
1692 2000 1814 2064 aeccle·

123 2132 151 2169 ro
170 2107 303 2170 siastiea
326 2117 456 2191 praeter
472 2118 619 2192 quartam
645 2108 713 2169 eius
737 2118 872 2192 partem,
898 2129 981 2191 quae
1006 2105 1138 2169 fabricis
1163 2105 1394 2168 aecclesiarum
1419 2117 1467 2168 est
1491 2105 1695 2191 applicanda.
1733 2105 1814 2170 Cum

171 2235 250 2297 ergo
274 2212 453 2277 aecclesiae
471 2213 634 2298 stipendia
650 2212 725 2276 solis
742 2211 924 2276 debeantur
947 2225 1002 2276 aut
1018 2235 1092 2276 cum
1108 2212 1234 2276 Lazaro
1250 2235 1315 2275 non
1332 2210 1525 2275 habentibus
1549 2223 1605 2276 aut
1629 2235 1702 2276 cum
1717 2213 1815 2277 Petro

171 2319 270 2382 nichil
295 2319 415 2382 habere
440 2318 632 2400 volentibus.
664 2321 698 2382 in
722 2342 785 2405 quo
810 2301 929 2404 gericrc
954 2342 1133 2404 pauperum
1157 2320 1290 2382 istorum
1314 2340 1471 2404 ponemus
1495 2320 1667 2400 ministros
1699 2319 1816 2384 milites

171 2439 204 2489 et
229 2425 363 2490 elericos
387 2428 553 2512 proprium
577 2425 760 2489 habentes?
797 2424 879 2490 Cum
895 2425 1020 2488 Lazaro
1045 2448 1108 2488 non
1126 2426 1333 2506 conveniunt,
1359 2426 1511 2510 quoniam
1535 2424 1656 2488 habent
1672 2425 1816 2490 corseola-

170 2534 292 2596 tionem
323 2556 424 2614 suam,
456 2557 476 2596 a
498 2533 595 2596 Petro
621 2532 716 2596 valde
747 2532 950 2612 dissentiunt,
980 2533 1132 2618 quoniam
1163 2531 1249 2618 quod
1280 2531 1402 2595 habent
1425 2543 1557 2595 servant
1579 2533 1752 2615 tenacitem
1785 2546 1817 2597 et

123 2666 151 2703 so
171 2639 258 2724 quod
283 2663 346 2704 non
371 2639 491 2704 habent
515 2650 654 2726 querunt
676 2641 848 2725 rapaciter.
897 2639 1035 2719 Quando
1064 2651 1172 2702 autem
1196 2638 1249 2702 vel
1272 2638 1389 2702 milites
1414 2638 1466 2702 vel
1489 2638 1535 2702 illi
1559 2639 1751 2704 semiclerici
1776 2640 1816 2703 de

172 2747 239 2809 suis
269 2746 391 2832 aliquid
422 2745 576 2828 tribuunt,
606 2769 671 2810 non
702 2755 768 2810 tam
799 2745 888 2832 large
920 2757 1016 2832 atque
1048 2746 1193 2810 hilariter
1216 2746 1345 2810 afflictis
1369 2745 1577 2832 pauperibus,
1610 2769 1707 2832 quam
1737 2749 1816 2833 ipsis

172 2875 351 2938 pauperum
376 2853 587 2917 afflictoribus
612 2853 672 2917 hoe
696 2853 887 2939 inpendunt.
923 2853 992 2916 Nee
1009 2855 1135 2934 mirum,
1160 2876 1234 2917 cum
1257 2855 1322 2916 sint
1345 2854 1407 2938 ipsi
1430 2875 1610 2960 pauperum
1630 2853 1815 2935 afflictores,

172 2971 205 3022 et
229 2971 382 3044 quantum
407 2961 440 3023 in
463 2961 542 3045 ipsis
568 2972 625 3042 est,
650 2961 751 3047 ipsius
776 2959 895 3024 Christi
921 2961 1153 3052 crucifixores.

281 3088 331 3147 31.
368 3083 403 3148 Si
427 3096 493 3147 tota
517 3107 676 3148 canonum
707 3086 807 3148 series
832 3097 1049 3166 recenseatur,
1080 3086 1245 3164 ministris,
1276 3083 1431 3148 militibus
1456 3097 1487 3148 et
1511 3083 1637 3148 clericis
1660 3083 1816 3148 divitibus

125 3216 152 3255 a>
172 3189 260 3253 nulla
283 3192 386 3277 portio
412 3191 452 3254 de
476 3190 572 3255 rebus
603 3191 782 3255 aecclesiae
814 3191 1001 3255 destinatur.
1049 3192 1216 3278 Nusquam
1247 3193 1280 3254 in
1304 3193 1522 3255 Romanorum
1548 3191 1737 3276 pontificum
1762 3191 1816 3256 de·

173 3296 346 3361 cretalibus
371 3297 525 3383 epistolis,
555 3321 715 3383 nusquam
744 3299 779 3360 in
810 3309 993 3362 sanctorum
1023 3311 1151 3384 patrum
1182 3299 1350 3361 sententiis
1374 3298 1435 3362 hoc
1459 3297 1675 3383 approbatur:
1707 3310 1743 3362 ut
1765 3299 1818 3362 vel

172 3403 265 3466 miles
288 3406 434 3468 minister
455 3405 509 3468 vel
532 3404 679 3484 clericus,
704 3427 745 3468 ex
769 3406 899 3490 proprio
924 3404 1026 3485 dives,
1051 3405 1219 3490 stipendiis
1244 3405 1423 3468 aecclesiae
1449 3414 1610 3489 pascatur.
1656 3405 1727 3468 Nee
1750 3428 1816 3469 mo-

173 3521 249 3574 veat
272 3534 477 3597 quemquam,
503 3511 590 3596 quod
613 3509 727 3574 beatus
745 3509 923 3596 Gregorius
939 3511 1119 3596 Anglorum
1136 3511 1263 3576 clericis
1287 3512 1453 3597 proprium
1470 3510 1664 3575 habentibus
1689 3510 1730 3575 ab
1751 3513 1817 3596 epi-

173 3640 271 3703 scopo
295 3618 449 3703 stipendii
472 3620 652 3703 portionem
677 3617 747 3681 dari
771 3619 918 3703 permisit
929 3623 948 3700 ¹,
973 3641 1063 3703 quos,
1088 3630 1245 3704 utsupra
1269 3619 1463 3698 taxavimus,
1492 3640 1551 3680 nec
1575 3618 1660 3680 infra
1683 3640 1816 3703 congre-

126 3725 337 3810 rogationem
366 3724 558 3810 pascendos,
589 3747 651 3788 nce
682 3724 724 3788 ad
755 3747 864 3789 saeros
889 3725 1018 3788 ordines
1042 3724 1259 3788 admittendos
1284 3725 1485 3810 apertissime
1510 3723 1724 3809 significavit3
1755 3724 1816 3788 hoc

174 3832 259 3894 enim
284 3840 316 3894 et
338 3854 397 3894 nos
420 3854 589 3916 possemus
613 3843 645 3895 et
669 3830 862 3894 deberemus
878 3832 1026 3910 tolerare,
1052 3833 1079 3894 si
1104 3830 1212 3895 elerici
1238 3831 1443 3917 proprietarii
1458 3830 1580 3894 vellent
1595 3840 1689 3894 extra
1708 3853 1817 3895 sacros

173 3937 313 4019 ordines,
337 3939 422 4001 intra
445 3937 498 4000 vel
521 3939 606 4001 infra
629 3937 772 4020 acolitos,
797 3939 831 4000 in
854 3949 967 4002 saneta
983 3939 1047 4002 Dei
1072 3938 1232 4002 aecclesia
1251 3938 1398 4020 militare,
1424 3959 1483 4001 nec
1507 3947 1732 4022 presumerent
1755 3936 1817 4001 sibi

173 4047 353 4108 anirnarum
376 4067 471 4108 curas
495 4045 547 4108 vel
571 4067 680 4108 sacros
704 4044 834 4108 ordines
858 4047 946 4130 prius
971 4045 1155 4127 vendicare,
1188 4069 1285 4130 quarn
1316 4043 1567 4130 proprietatibus
1594 4045 1819 4108 renuntiarent

173 4161 206 4215 et
228 4153 304 4236 iugo
328 4150 525 4236 apostolicae
556 4152 687 4236 regulae
716 4150 799 4214 eolla
823 4150 1056 4230 submitterent.
1104 4151 1197 4215 Tunc
1228 4153 1314 4214 enim
1344 4151 1491 4214 ordinate
1522 4150 1758 4233 ordinarentur,
1790 4154 1817 4214 si

129 4281 154 4322 a
173 4269 282 4321 tamen
304 4280 368 4321 non
391 4257 523 4343 bigami,
554 4280 619 4321 non
642 4257 813 4321 viduarum
837 4257 889 4320 vel
914 4258 1156 4342 repudiatarum
1184 4259 1301 4338 mariti,
1332 4281 1397 4322 non
1426 4257 1534 4343 aliquo
1559 4259 1704 4339 crimine,
1730 4257 1817 4344 quod
1836 4277 1865 4318 ⁸.
1901 4307 1906 4318 .

173 4364 376 4429 invenialiter
399 4387 418 4427 a
441 4366 542 4428 sacris
567 4363 734 4428 ordinibus
759 4387 899 4428 canones
921 4361 1108 4450 reprobant,
1134 4364 1285 4428 maculati
1308 4387 1368 4449 per
1387 4364 1574 4449 diligentem
1592 4365 1816 4429 'examinatio-

172 4494 246 4535 nem
276 4469 501 4557 probarentur.
549 4471 584 4536 Si
608 4493 685 4556 ergo
710 4472 756 4534 sie
781 4470 822 4535 ad
848 4471 976 4535 ordines
1007 4470 1212 4552 accederent,
1245 4472 1322 4534 satis
1353 4470 1485 4534 tolerari
1515 4481 1634 4556 posset,
1664 4483 1699 4534 ut
1724 4481 1817 4536 extra

173 4579 456 4664 congregationem
481 4588 512 4641 et
536 4589 628 4641 extra
652 4600 762 4641 sacros
793 4577 922 4641 ordines
953 4579 1128 4659 constituti,
1160 4577 1323 4662 stipendia
1353 4579 1419 4640 suis
1449 4578 1567 4640 muniis
1599 4577 1709 4642 debita
1738 4577 1816 4641 foris

173 4687 369 4770 acciperent,
393 4686 541 4770 quamvis
566 4684 608 4764 hi,
633 4686 689 4770 qui
705 4684 885 4748 aecclesiae
902 4684 998 4747 rebus
1015 4685 1263 4764 communicant,
1290 4707 1349 4748 sua
1372 4706 1576 4769 nequaquam
1594 4685 1664 4748 sine
1680 4695 1816 4770 peccato

128 4817 156 4855 ro
174 4792 369 4878 possideant.
416 4790 484 4855 Soli
501 4792 597 4872 enim,
621 4802 759 4854 testante
776 4791 936 4876 Prospero
948 4796 968 4870 ²,
994 4793 1062 4854 sine
1086 4801 1222 4877 peccato
1245 4790 1413 4876 possident
1436 4813 1504 4872 sua,
1529 4792 1585 4876 qui
1608 4789 1709 4854 nichil
1732 4791 1816 4854 acci-

173 4901 264 4985 piunt
287 4897 329 4962 ab
353 4897 523 4962 aecclesia.
560 4898 624 4977 Qui
648 4908 756 4961 autem
780 4896 958 4960 aecclesiae
983 4897 1145 4982 stipendia
1168 4919 1242 4960 cum
1266 4897 1332 4960 suis
1355 4896 1522 4983 possidere
1546 4896 1668 4978 volunt,
1692 4897 1817 4979 faciunt

278 5087 321 5140 Ex
344 5088 467 5143 decretis
491 5087 609 5141 Adriani
632 5080 761 5157 papacl:
789 5083 872 5140 Laio-i
894 5092 1093 5159 contemptores
1116 5103 1255 5158 cononum
1277 5115 1321 5122 —
1343 5115 1387 5122 —
1411 5084 1516 5140 honore
1532 5084 1693 5158 priventur.
1835 5099 1901 5140 aar.

277 5193 346 5248 Vita
368 5194 458 5249 sancti
482 5193 612 5264 Gregorii
634 5193 705 5247 libro
721 5192 759 5259 H,
783 5211 808 5246 e.
826 5186 904 5245 Xl⁴z
931 5189 1168 5248 Prudentissimus
1190 5199 1283 5248 rector
1299 5188 1465 5267 Gregorius,
1490 5221 1532 5229 —
1554 5221 1598 5229 -
1622 5199 1663 5248 est
1683 5189 1817 5266 sapienti·
1836 5207 1851 5248 r.
1861 5208 1894 5247 ar.

172 5297 229 5368 bus,
254 5299 429 5374 demicabilia
451 5299 622 5356 rernaaebat.
669 5297 740 5370 Cap.
765 5293 857 5353 XV5:
889 5295 977 5353 Neruo
1007 5296 1143 5353 laicorum
1172 5296 1310 5373 quodlibet
1332 5296 1445 5372 palacii
1472 5327 1516 5335 -
1539 5328 1583 5336 -
1611 5300 1657 5355 uel
1682 5317 1816 5374 aprorum

130 5422 155 5461 ts
173 5425 271 5462 curam
294 5404 453 5462 concauam
477 5405 624 5480 deputatis.

282 5563 310 5633 l)
337 5563 385 5635 Cf.
412 5563 547 5639 Greporii
569 5564 646 5639 epist.
672 5563 725 5634 XI,
752 5563 824 5634 562,
855 5563 922 5619 ΕΕ.
947 5562 987 5632 II,
1007 5583 1039 5638 p.
1067 5563 1139 5619 333.
1233 5561 1262 5632 2)
1287 5563 1394 5620 Iuliani
1417 5562 1541 5620 Pomerii
1563 5565 1597 5620 de
1618 5563 1676 5621 vita
1700 5571 1817 5621 coutem-

168 5671 279 5746 plats'va
303 5670 343 5740 II,
368 5689 390 5726 c.
411 5669 449 5726 10
480 5663 632 5746 (Prosperi
655 5669 727 5746 Opp.
753 5673 803 5726 col.
823 5665 887 5745 32).
979 5671 1009 5738 3)
1037 5669 1128 5745 Capit.
1153 5670 1264 5746 Aapilr.
1290 5690 1311 5726 c.
1330 5670 1381 5738 44,
1402 5690 1434 5745 p.
1452 5669 1525 5726 765.
1618 5667 1649 5741 4)
1675 5667 1749 5746 Opp.
1774 5671 1815 5727 ed.

172 5777 278 5834 Bcacd.
304 5777 328 5846 Ι,
353 5779 402 5834 col.
428 5777 479 5833 48.
573 5777 602 5847 5)
627 5777 701 5834 ibid.
727 5779 777 5834 col.
803 5777 854 5832 49.
