4426 6398
486 360 671 418 MONACHI
694 361 840 419 EXULIS
864 362 894 419 S.
919 363 1137 420 LAURENTII
1161 362 1414 422 OPUSCULUM.

548 547 736 628 Quamlibet
758 550 841 614 tristi
862 549 1049 616 miseranda
1072 550 1170 632 cultu,

599 653 742 720 Pulchra
763 655 879 720 videri.

546 761 642 847 Regii
665 762 770 827 cultus
793 762 894 828 nichil
917 760 1091 828 afferebat:

486 884 519 932 10
548 867 701 932 Crinibus
723 870 829 955 passis
852 867 1056 956 pedibusque
1078 870 1176 936 nudis
1188 875 1207 952 ¹,

546 972 726 1044 Prdvcrem¹
744 997 901 1061 spargens
926 977 1023 1062 capiti
1049 975 1163 1058 soluto,

598 1081 738 1145 Pectora
761 1081 911 1162 tundens,

545 1187 619 1251 Non
641 1187 765 1252 habens
789 1189 928 1270 mitram,
952 1211 1013 1252 nec
1036 1186 1162 1252 habeus
1186 1190 1317 1252 inaures

544 1294 619 1359 Non
643 1296 673 1362 ei
696 1304 837 1380 torques,
862 1317 922 1360 nee
947 1304 1017 1360 erat
1039 1293 1175 1378 monile,

486 1417 516 1465 15
545 1401 619 1464 Non
641 1411 757 1466 tenens
781 1400 932 1487 palmam,
957 1425 1019 1466 nec
1042 1401 1166 1469 habens
1190 1424 1354 1482 coronam,

599 1507 668 1571 Nec
694 1506 861 1590 diadema,

546 1613 743 1677 *Pectoralis
766 1613 879 1696 fascia,
904 1611 1080 1694 brachiale,

543 1719 671 1801 Fibulo,
696 1719 866 1802 dextralia,
891 1741 983 1802 zona,
1008 1721 1119 1809 vittet,

544 1825 714 1907 Quidlibet
738 1827 841 1892 cultus
866 1827 931 1908 alii,
955 1826 1118 1892 dolentem

482 1950 517 1997 20
597 1932 673 1998 Non
696 1934 846 1997 decuere.

543 2039 699 2103 Attamen
722 2039 865 2124 prudens
889 2038 1021 2104 anulum
1045 2049 1200 2120 reservat,

545 2145 651 2224 Quem
676 2144 767 2209 dedit
789 2168 926 2230 sponsus
951 2144 1061 2230 digitis
1085 2131 1201 2230 puelle,

543 2252 682 2338 Nuptias
707 2252 837 2338 quando
861 2251 1007 2316 celebres
1031 2251 1152 2337 agebat

596 2359 635 2422 In
659 2382 755 2424 cruce
779 2358 936 2446 pendens.
1002 2377 1007 2385 '

482 2480 515 2529 25
545 2465 634 2528 Talis
658 2465 786 2530 accedit
811 2464 974 2530 dominam
998 2465 1148 2546 Mariam,

544 2571 589 2636 Ut
612 2573 662 2637 sui
686 2574 797 2658 sponsi
820 2571 1018 2659 Dominique
1043 2581 1189 2654 matrem,

544 2678 685 2742 Unicum
708 2679 832 2744 fontem
854 2680 995 2764 pictatia,
1019 2702 1117 2744 unam

596 2784 696 2872 Spem
721 2787 922 2850 miserorum.

545 2891 601 2955 ‘Ei
623 2891 756 2955 michil'
783 2892 875 2974 dixit,
901 2891 1040 2978 ‘Symou
1064 2901 1162 2978 atque
1186 2891 1273 2956 Nero

482 3014 515 3062 30
543 2997 638 3063 Nunc
662 3000 861 3080 revixerunt,
886 2999 1103 3084 miseramque
1126 3009 1262 3062 matrem

542 3105 667 3169 Rursus
691 3115 897 3192 oppugnant:
921 3106 1040 3169 iterum
1063 3104 1190 3170 dolores

595 3211 640 3275 Et
661 3211 741 3298 fuga
763 3234 884 3276 rursus.

544 3317 649 3399 Scis‘,
674 3319 739 3382 mei
762 3318 873 3404 sponsi
896 3319 1049 3404 genitrix,
1074 3318 1196 3382 lllaria:

463 3433 465 3438 “
542 3425 646 3490 Natus
671 3423 875 3510 estquidam
900 3423 1034 3488 coluber
1056 3424 1202 3510 pusillus,

482 3547 515 3594 35
546 3531 685 3611 Quando
710 3530 900 3617 sponsabar.
946 3530 1058 3596 Draco
1081 3531 1186 3595 factus
1210 3531 1326 3617 ingens

596 3638 661 3701 Hic
684 3636 780 3702 modo
804 3647 929 3723 regnat.

542 3743 646 3808 Nemo
669 3755 737 3810 tam
760 3767 858 3808 sevus
882 3744 943 3808 luit
965 3744 1184 3827 antichristus,

542 3850 657 3915 Arrius
681 3851 831 3936 quamvis
854 3851 953 3916 brerit
977 3850 1147 3937 malignus.
1227 3879 1228 3882 ¹

542 3957 698 4021 Attamen
720 3957 802 4022 tales
826 3966 976 4043 poterant
1000 3958 1110 4021 caveri

481 4081 515 4128 40
597 4064 705 4128 Pravo
726 4064 907 4150 loquentes.

543 4171 607 4234 Hic
630 4170 731 4235 nichil
754 4170 874 4252 verbis,
899 4169 957 4235 sed
980 4171 1047 4256 agit
1070 4170 1215 4240 venenis.

543 4277 582 4340 In
605 4278 670 4341 Dei
694 4277 836 4363 templob
860 4277 961 4360 sedet,
986 4299 1185 4362 aureumque
1208 4315 1252 4328 —-

543 4384 585 4447 Ei
608 4384 707 4448 michi
731 4385 843 4448 matri!
867 4423 912 4432 ——
934 4383 1072 4469 populus
1095 4381 1201 4448 fidelis

597 4491 764 4555 Mammon
787 4491 910 4555 adorat.

483 4614 517 4660 to
546 4595 648 4660 Israel
672 4598 744 4683 quis
769 4619 826 4661 rex
850 4594 933 4660 Baal
956 4597 1126 4678 invocarit,

546 4703 611 4782 Qui
634 4702 821 4767 sacerdotes
844 4702 972 4767 Baalim
996 4703 1165 4785 sacrarint,

546 4809 611 4891 Qui
635 4832 733 4896 super
755 4819 881 4874 montes
905 4818 1028 4872 statuas
1052 4807 1199 4890 locarint,

597 4917 649 4980 Tu
671 4915 756 4980 bene
779 4915 874 4980 nosti.

545 5023 626 5102 Quis
649 5022 740 5087 locus
763 5020 817 5085 vel
841 5043 904 5110 que
929 5021 1043 5086 domus
1067 5020 1145 5086 orbe
1169 5031 1235 5086 toto

484 5145 518 5194 50
545 5129 605 5192 Est
627 5128 723 5192 modo
748 5149 884 5192 concors
907 5127 1112 5214 heresimque
1135 5127 1266 5192 nescit?

73 5339 137 5378 ts
226 5326 253 5391 a)
275 5320 372 5380 Sciat.
445 5327 474 5391 b)
495 5328 626 5396 ternplum
645 5345 665 5379 c.

230 5491 259 5562 1)
283 5493 586 5563 Aen.1,480.481:
612 5492 744 5550 Crinibus
759 5493 863 5548 Iliades
879 5492 969 5563 passis
989 5521 1025 5530 -
1051 5521 1084 5530 -
1104 5497 1134 5547 et
1149 5497 1250 5546 tunsae
1268 5499 1385 5563 pectora
1402 5491 1512 5562 palmis.
1597 5486 1628 5563 2)
1651 5489 1720 5548 lsai.
1739 5489 1768 5560 3,

123 5598 283 5656 18—24:
315 5602 344 5656 in
366 5601 416 5658 illa
439 5601 484 5656 die
516 5601 627 5658 auferet
650 5601 787 5658 Dominus
814 5630 851 5638 —
877 5605 993 5670 torques
1017 5603 1047 5654 et
1069 5598 1183 5654 monilia
1209 5627 1246 5636 -
1274 5605 1305 5653 et
1327 5599 1439 5654 inauras
1461 5626 1506 5636 -
1530 5604 1560 5652 ct
1583 5597 1702 5653 annulos
1724 5626 1769 5636 -

121 5712 151 5762 et
173 5707 261 5762 vittas
283 5737 327 5746 -
351 5714 382 5764 et
406 5708 460 5763 erit
483 5736 526 5744 —
549 5723 600 5777 pro
622 5725 693 5762 zona
715 5707 856 5762 funiculus
880 5734 923 5744 —
946 5704 1109 5777 pro'fascia
1131 5704 1269 5775 pectorali
1292 5704 1421 5758 cilicium.

1504 5823 1556 5874 79*
