4544 6420
453 412 515 474 140
742 421 919 478 GERHOHI
945 415 1168 476 PRAEPOSlTl
1190 378 1610 478 RsslQHEassunesssls
1635 423 1798 478 LIBELLI.

450 605 495 668 ita
519 605 660 670 humano
684 607 821 671 artificio
846 621 989 690 consuta,
1018 621 1053 673 ut
1077 633 1096 673 a
1119 603 1287 691 militibus,
1313 609 1433 675 Christi
1458 608 1715 690 crucifixoribus,
1746 611 1849 695 possit
1873 609 1975 674 dividi
2003 621 2059 674 aut
2082 633 2102 673 a

450 711 592 797 regibus,
617 713 802 778 divinarum
825 715 934 800 legum
958 714 1255 801 prevaricatoribus
1280 728 1312 781 et
1336 716 1467 804 superbi
1492 716 1598 782 Saulis
1622 715 1847 799 imitatoribus,
1872 718 1974 803 possit
1997 719 2101 780 teneri

450 841 488 883 ac
520 820 634 884 scindi.
683 819 769 899 Quia
792 822 895 886 virtus
920 824 1075 902 caritatis,
1107 846 1190 909 quae
1222 847 1280 910 per
1311 824 1467 911 Spiritum
1498 837 1646 886 sanctum
1676 823 1709 886 in
1740 822 1893 887 cordibus
1924 823 2100 888 electorum

451 925 650 1006 diffunditur,
676 951 741 1013 qua
764 928 854 992 velut
877 929 1013 1014 nuptiali
1036 940 1127 994 veste
1152 953 1272 1016 sponsa
1289 930 1408 996 Christi
1427 943 1569 1010 ornatur,
1594 930 1678 994 sicut
1701 953 1766 994 non
1789 940 1896 1016 potest
1918 953 1938 993 a
1963 930 2100 994 carnali-

450 1031 511 1096 bus
535 1033 650 1114 videri,
683 1036 729 1098 sic
760 1057 824 1099 non
848 1047 955 1122 potest
978 1035 1019 1100 ab
1044 1039 1091 1102 eis
1114 1039 1220 1102 teneri
1244 1061 1282 1102 ac
1307 1038 1421 1102 scindi.
1471 1036 1557 1117 Quia
1587 1059 1648 1100 nec
1678 1037 1741 1122 ipsi
1771 1035 1836 1100 ullo
1866 1036 1963 1102 rnodo
1995 1037 2134 1101 scindis

450 1153 506 1203 aut
529 1139 630 1204 dividi
655 1153 796 1228 possent,
822 1144 849 1206 si
873 1143 957 1208 hanc
982 1143 1075 1208 oculo
1100 1145 1207 1208 cordis
1231 1145 1389 1226 viderent,
1415 1155 1447 1208 et
1469 1167 1567 1208 manu
1591 1144 1788 1229 operationis
1811 1155 1969 1207 tenerent.

557 1270 587 1330 8.
625 1266 717 1347 Quae
741 1280 815 1330 sunt
839 1279 948 1330 autem
965 1270 1168 1338 vestimenta,
1193 1292 1277 1354 quae
1301 1269 1354 1333 vel
1378 1269 1496 1332 milites
1519 1270 1604 1332 inter
1627 1291 1661 1331 se
1686 1266 1834 1332 dividere
1851 1269 1905 1332 vel
1921 1268 2000 1334 Saul
2024 1293 2099 1333 con·

450 1373 599 1436 scindere
624 1385 739 1459 potest,
770 1374 832 1437 nisi
860 1373 1031 1438 facultates
1056 1375 1324 1440 ecclesiasticae?
1371 1376 1529 1439 Decimae
1554 1374 1714 1461 siquidem
1739 1387 1931 1461 ceteraeque
1955 1375 2098 1439 fidelium

450 1478 640 1559 oblationes,
664 1480 753 1544 velut
776 1480 907 1565 quidem
939 1483 1075 1545 amictus
1107 1484 1257 1565 exterior,
1287 1495 1402 1546 emant
1430 1492 1462 1546 et
1485 1483 1633 1545 muniunt
1657 1481 1859 1564 aecclesiam,
1891 1484 1975 1546 sicut
1998 1482 2099 1569 pelles

312 1565 433 1663 cmquq
451 1585 631 1651 Salemonis
656 1586 815 1650 ornabant
839 1599 870 1650 et
895 1588 1084 1652 muniebant
1110 1595 1270 1652 'sanctam
1290 1590 1410 1653 federis
1426 1611 1547 1652 arcam.
1583 1587 1755 1652 Aecclesia
1771 1589 1901 1674 quippe,
1920 1613 2004 1674 quae
2022 1613 2098 1654 vere
2120 1615 2147 1652 ro

438 1715 525 1756 ,arca
548 1693 678 1772 federis,
707 1715 783 1757 arca
808 1695 1072 1758 sanctificationis
1096 1695 1225 1776 dicitnr,
1250 1697 1403 1760 exteriori
1427 1695 1589 1774 facultate,
1621 1705 1775 1780 tanquam
1799 1695 1937 1780 pellibus
1962 1707 1993 1759 et
2016 1697 2098 1760 velis

449 1798 643 1885 quibusdam
667 1802 713 1864 sic
738 1802 890 1880 munitur,
921 1813 957 1865 nt
987 1803 1120 1865 interius
1152 1804 1362 1866 circumtecta
1392 1825 1434 1866 ex
1459 1803 1545 1866 omni
1576 1813 1668 1887 parte
1693 1825 1771 1865 auro
1796 1802 1954 1888 spirituali
1980 1803 2098 1867 decore

447 1905 585 1991 fulgeat,
622 1931 719 1992 quam
754 1929 859 1993 neque
896 1909 942 1972 sol
976 1909 1163 1973 decolorare
1198 1932 1259 1972 nec
1290 1909 1355 1972 ulla
1384 1932 1527 1996 unquam
1562 1908 1674 1995 pluvia
1708 1911 1943 1994 persecutionis
1978 1912 2098 1995 poterit

447 2012 584 2077 fuscare.
620 2014 703 2077 Nam
729 2015 812 2078 sicut
835 2038 894 2100 per
909 2014 1025 2078 multas
1050 2017 1312 2101 persecutionum
1336 2027 1545 2101 tempestates
1562 2015 1725 2101 quondam
1741 2016 1860 2102 populo
1877 2016 1942 2080 Dei
1965 2028 2098 2103 propter

447 2135 617 2207 peceatum
642 2123 801 2200 inmissos,
826 2123 947 2184 nemini
971 2145 1084 2206 regum
1108 2122 1160 2185 vel
1184 2135 1395 2208 tyrannorum
1417 2125 1610 2208 pennissum
1634 2135 1683 2186 est
1706 2146 1814 2186 arcam
1839 2122 1927 2186 illam
1952 2146 1993 2187 ex
2010 2126 2097 2187 ouini
2117 2147 2143 2187 rs

446 2239 540 2314 parte
564 2251 642 2292 auro
668 2230 912 2292 circumtectam
928 2251 1006 2292 auro
1023 2228 1195 2310 devestire,
1222 2231 1267 2293 sio
1285 2230 1406 2292 nemini
1423 2251 1535 2314 regum
1552 2229 1604 2292 vel
1628 2241 1849 2315 tyrannorum,
1874 2231 1995 2294 nemini
2014 2230 2096 2295 mili-

447 2346 513 2398 tum
538 2335 587 2398 fas
611 2345 667 2398 arrt
690 2334 828 2398 facultas
845 2345 894 2398 est
911 2335 1092 2421 spirituales
1109 2335 1289 2400 aecclesiae
1306 2336 1484 2414 thesauros,
1510 2335 1627 2421 quibus
1644 2335 1787 2422 undique
1805 2338 2049 2422 circumtegitur
2065 2351 2098 2401 et

447 2453 588 2523 ornatur,
613 2441 677 2505 ullo
701 2441 797 2505 modo
823 2452 1025 2505 connectere
1050 2452 1105 2505 aut
1129 2443 1305 2528 dissipare,
1331 2444 1479 2529 quamvis
1504 2453 1622 2523 tamen,
1648 2444 1731 2506 sicut
1754 2465 1830 2506 area
1854 2442 1909 2507 illa
1933 2445 2096 2530 quondam

446 2561 542 2636 capta
566 2559 598 2613 et
622 2571 680 2634 per
704 2560 821 2611 terram
850 2547 989 2611 alienam
1014 2549 1239 2614 circumducta
1267 2549 1393 2635 legitur,
1426 2551 1472 2612 sic
1505 2561 1536 2612 et
1566 2551 1638 2635 ipsa
1668 2550 1829 2613 aecclesia
1857 2551 2096 2636 quodammodo

446 2656 708 2721 circumducatur
732 2668 763 2718 et
786 2657 880 2740 quasi
904 2657 1035 2741 captiva
1059 2657 1146 2742 apud
1170 2656 1412 2720 Philistinorum
1437 2657 1601 2742 principes
1626 2669 1782 2736 teneatur,
1814 2657 1943 2742 qnando
1969 2658 2012 2721 ad
2036 2659 2096 2723 hoc
2116 2681 2142 2719 eo

445 2765 634 2848 angariatur
657 2785 676 2826 a
700 2762 792 2826 malis
816 2761 1029 2848 principibus,
1054 2765 1145 2826 utin
1169 2763 1289 2849 palatio
1313 2787 1371 2849 pro
1397 2764 1445 2826 sui
1469 2764 1671 2849 militumque
1701 2787 1831 2827 suorum
1855 2763 1988 2828 arbitrio
2012 2777 2096 2830 trac-

444 2881 531 2933 tetur
554 2869 594 2933 de
612 2868 843 2955 spiritualibus.
881 2868 1168 2956 Quotienscunque
1193 2881 1300 2934 antem
1325 2870 1385 2934 hoe
1411 2871 1527 2955 agitur,
1553 2870 1640 2956 quod
1663 2893 1740 2934 arca
1756 2871 1890 2935 Domini
1914 2873 1946 2934 in
1963 2872 2095 2958 palatio,

444 2987 599 3062 tanquam
631 2976 806 3062 intemplo
831 2975 961 3060 Dagon,
993 2976 1178 3056 collocatur,
1210 2999 1273 3040 non
1304 2979 1337 3040 in
1361 2977 1422 3041 hoc
1447 2999 1523 3041 area
1546 2977 1674 3048 luditur,
1707 2977 1763 3040 scd
1788 3001 1899 3056 eorum
1923 2982 2097 3065 tyrannica

444 3093 597 3169 potestas,
624 3106 718 3169 quae,
749 3083 826 3146 licet
857 3095 969 3146 eontra
992 3083 1098 3146 Deum
1126 3097 1158 3147 et
1181 3083 1252 3169 plus
1276 3107 1373 3169 quam
1399 3084 1489 3146 Deus
1515 3107 1535 3146 a
1557 3083 1751 3169 quibusdam
1782 3087 1943 3166 timeatur,
1975 3088 2095 3156 rectius

443 3202 552 3254 tamen
580 3188 713 3275 ydolum
738 3213 835 3275 quam
859 3189 951 3253 Deus
975 3201 1120 3269 vocatur,
1153 3203 1295 3276 potestas
1326 3191 1459 3276 inquam
1490 3191 1574 3270 talis,
1607 3190 1718 3254 divina
1742 3202 1773 3254 et
1796 3191 1951 3255 invisibili
1976 3193 2094 3256 virtute
2115 3215 2141 3254 ss

291 3323 425 3372 anesus.
444 3298 528 3360 sicut
551 3295 685 3382 ydolum
708 3296 838 3381 Dagon,
869 3307 1004 3382 urgetur
1034 3295 1074 3359 ad
1105 3319 1232 3378 casnm3
1265 3310 1297 3360 et
1319 3296 1435 3382 palmis
1460 3297 1606 3376 abscisis,
1639 3297 1699 3360 hoc
1731 3307 1779 3361 est
1810 3298 1913 3361 omnis
1937 3300 2094 3363 victoriae

366 3449 369 3454 -
444 3403 649 3468 successibus
674 3402 828 3466 divinitus
860 3402 987 3484 ablatis,
1015 3405 1145 3466 <annino
1170 3403 1363 3467 destruetur.
1411 3403 1531 3467 Christi
1555 3416 1663 3467 autem
1688 3415 1720 3467 et
1743 3404 1923 3468 aecclesiae
1950 3417 2094 3491 potestas

369 3537 423 3580 *ss
443 3533 572 3596 semper
596 3509 710 3590 stabit,
736 3533 813 3573 arca
837 3511 1101 3574 sanctificationis
1121 3533 1286 3596 nunquam
1303 3510 1497 3590 destruetur,
1522 3511 1580 3574 sed
1604 3533 1676 3574 cnm
1701 3510 1823 3574 honore
1847 3535 1867 3574 a
1890 3511 2094 3598 principibus

305 3645 424 3694 etrusc,
442 3617 686 3682 Philistinornm
711 3617 842 3680 tandem
866 3617 1060 3696 dimittetur,
1084 3619 1236 3703 quoniam
1259 3639 1396 3702 regnum
1419 3618 1649 3696 Romanorum,
1681 3619 1714 3680 in
1738 3639 1801 3704 quo
1825 3619 1917 3681 nefas
1942 3618 2002 3682 hoe
2027 3643 2094 3683 ma-

442 3725 530 3788 xime
554 3723 754 3809 patrabatnr,
785 3747 871 3787 nunc
896 3747 916 3787 a
939 3723 1095 3804 nauibus,
1122 3724 1183 3787 hoe
1208 3734 1257 3787 est
1280 3724 1445 3787 vilissimis
1469 3724 1663 3796 hominibus,
1688 3725 1867 3788 infestatur.
1916 3725 1984 3789 Nec
2009 3725 2093 3789 desi·
2113 3749 2139 3789 ao

442 3843 521 3894 nent
543 3819 597 3894 isti
621 3854 728 3894 mures
752 3855 889 3916 regnum
913 3843 946 3894 ct
968 3833 1133 3917 principes
1158 3833 1226 3894 eius
1251 3831 1413 3916 persequi,
1439 3831 1542 3894 donec
1567 3854 1644 3894 area
1668 3831 1710 3894 ad
1726 3830 1881 3916 populum
1905 3855 1997 3895 sunm
2019 3856 2093 3896 cum

443 3938 563 4002 honore
588 3961 626 4001 ac
651 3937 838 4001 muneribus
864 3937 1052 4018 dimittatur,
1083 3937 1139 4002 nbi
1164 3961 1183 4000 a
1208 3938 1378 4002 Salomone
1410 3960 1486 4022 rege
1517 3938 1653 4022 pacifico
1679 3939 1833 4023 templum
1857 3938 1903 4001 illi
1928 3951 2093 4002 construa-

442 4055 509 4127 tur3
542 4045 575 4106 in
607 4068 670 4131 quo
702 4067 766 4108 non
796 4043 938 4129 regibus,
971 4044 1028 4108 sed
1052 4043 1127 4108 solis
1153 4043 1375 4108 sacerdotibus
1400 4055 1543 4130 potestas
1568 4045 1773 4108 ministrandi
1796 4044 1966 4116 tribuatur.
2015 4045 2091 4127 Sed,

265 4179 423 4228 reserare.
443 4163 475 4215 et
498 4154 525 4214 si
550 4153 622 4237 quis
646 4174 758 4236 regum
784 4151 1040 4215 sacerdotalibus
1064 4151 1284 4215 functionibus
1310 4173 1342 4214 se
1369 4153 1601 4236 presumpserit
1624 4153 1783 4236 ingerere,
1809 4175 1882 4215 cum
1908 4152 1991 4217 Ozia
2014 4175 2092 4239 rege

441 4271 666 4344 presumptore
691 4258 836 4343 lepram'*
860 4257 1002 4343 portabit
1025 4260 1057 4321 in
1081 4258 1196 4321 fronte.
2111 4284 2138 4323 aa

549 4365 643 4428 Nunc
667 4388 755 4446 vere,
781 4365 858 4450 quia
882 4377 989 4428 nostro
1014 4377 1159 4450 tempore
1183 4365 1332 4428 videmus
1355 4387 1463 4428 mures
1488 4387 1635 4448 regnare,
1660 4388 1723 4427 non
1749 4365 1932 4430 dubitemus
1958 4377 1989 4430 et
2012 4367 2092 4431 illud

442 4473 714 4558 appropinquare,
739 4483 774 4534 ut
799 4493 876 4534 area
898 4471 961 4534 Dei
987 4470 1090 4535 libera
1120 4473 1153 4534 in
1181 4472 1300 4557 templo
1325 4463 1388 4534 sibi
1412 4471 1546 4535 caelitus
1570 4471 1729 4534 fabricato
1754 4473 1977 4536 constituatur.
2024 4473 2091 4538 Ubi

376 4725 422 4766 tr.
547 4713 686 4767 Iohannes
711 4711 897 4766 crisostomus
928 4713 955 4765 in
986 4731 1112 4766 sennone
1145 4713 1180 4765 dc
1212 4713 1393 4766 conversione
1425 4713 1513 4766 saneti
1538 4711 1619 4765 Pauli
1643 4713 1761 4782 apostoli
1789 4714 1959 4767 mentionem
1983 4715 2090 4769 faciens

441 4820 571 4875 Valentis
594 4820 781 4896 imperatorie,
807 4819 855 4888 qui
879 4837 1038 4872 sirecessum
1055 4819 1187 4873 victoriae
1211 4820 1388 4888 perdiderat,
1413 4838 1523 4874 causatu
1547 4819 1723 4873 infelicitatis
1747 4819 1822 4872 illias
1845 4821 1887 4873 his
1904 4823 1997 4875 verbis
2014 4840 2089 4876 com-

440 4922 613 4981 meinoratl:
640 4925 723 4980 ittera·
747 4925 827 4980 etiarn
854 4925 975 4998 replearis
999 4925 1229 4995 rusoacfontcs,
1255 4957 1299 4964 —
1319 4957 1362 4964 -
1385 4947 1441 4982 varin
1467 4928 1580 4982 calcaret
1602 4927 1765 5000 erlprrrtenr
1777 4925 1893 5000 pictatis
1916 4927 2092 4984 adtrahere?
2109 4946 2136 4982 so

376 5045 421 5084 ts.
548 5031 701 5087 leronimus
732 5034 767 5086 ad
798 5029 1025 5101 Nepotiarnnnl:
1060 5029 1146 5094 Qrsod
1167 5032 1266 5088 Aaron.
1298 5041 1324 5088 ct
1345 5032 1423 5110 filios
1455 5033 1523 5103 circs,
1556 5064 1599 5071 -
1623 5064 1665 5070 -
1694 5034 1745 5088 scd
1760 5034 1864 5103 forare
1881 5033 1961 5104 faeti
1984 5034 2090 5109 gregis.

441 5141 528 5196 Item:
557 5137 690 5207 Clericus,
715 5138 762 5212 qni
787 5137 892 5194 Clrrvsti
914 5138 1000 5194 serrat
1021 5138 1181 5208 aecclesiae,
1208 5170 1251 5177 -
1270 5171 1313 5178 —
1338 5148 1363 5196 et
1384 5141 1490 5195 reccdam
1515 5159 1622 5195 carraceto
1648 5141 1738 5195 reuelns
1760 5160 1873 5214 sequor.

547 5247 616 5302 Cum
641 5248 676 5300 de
701 5248 870 5301 decimarum
895 5253 1013 5317 quatuor
1036 5247 1211 5316 portionibus
1234 5252 1323 5301 multa
1346 5249 1402 5300 sint
1427 5249 1562 5318 capitula,
1592 5265 1646 5316 que
1671 5248 1771 5317 partim
1796 5248 1840 5301 hic
1864 5249 1965 5319 partim
1989 5249 2017 5302 in
2041 5267 2087 5302 se-

440 5356 592 5425 quentibus
623 5355 760 5420 invenies,
792 5372 807 5408 o
832 5355 931 5419 lector,
962 5354 1063 5423 posita,
1095 5353 1147 5407 hoc
1172 5361 1201 5407 te
1225 5355 1350 5408 volumus
1379 5355 1532 5426 diligenter
1561 5362 1671 5418 notare,
1704 5355 1769 5424 qnia
1798 5359 1875 5408 nulla
1905 5357 2088 5427 congregatio

547 5577 572 5640 a)
597 5580 670 5645 lepra
689 5599 708 5629 c.

549 5780 576 5850 1)
602 5780 667 5836 sun
691 5780 792 5836 inueni.
887 5777 916 5848 2)
944 5777 1035 5852 Epist.
1063 5779 1113 5848 52,
1137 5776 1157 5850 ,ὅ
1182 5781 1210 5848 5,
1237 5777 1310 5854 opp.
1336 5781 1378 5835 ed.
1401 5781 1558 5837 Vcllarshav
1581 5780 1605 5849 I,
1633 5782 1682 5837 col.
1710 5780 1782 5836 258.
