4418 6412
463 401 527 464 352
755 406 935 462 GERHOHI
958 405 1191 462 PRAEPOSITI
1214 403 1622 462 REICHERSBERGENSIS
1647 403 1813 459 LlBELLl.

312 618 371 670 ιω.
380 619 400 669 ι,
409 620 443 659 ιο.
463 595 641 660 altitudinis
670 593 849 674 offerretur,
880 593 1014 680 impleta
1037 615 1166 678 quoque
1191 592 1362 678 prophetia
1385 591 1545 657 Zacharia
1570 591 1725 656 dicentis:
1753 591 1912 669 Quoniam
1936 592 2035 654 mur-'or
2055 597 2098 658 eie

460 705 566 790 pluria
591 703 700 766 demus
723 702 818 765 buiris
840 703 1008 766 nouissime
1025 701 1220 786 plusquam
1242 702 1357 786 prime.
1397 699 1471 780 Qua
1494 709 1603 763 tamen
1627 698 1731 784 gloria
1754 719 1820 761 non
1844 697 1879 760 in
1895 718 1935 760 ec
1960 696 2109 782 completa

463 818 521 890 est,
547 806 634 894 quod
661 806 811 872 Herodes
842 806 988 870 funestus
1019 805 1157 870 eandem
1186 806 1316 870 domum
1347 807 1380 868 in
1411 807 1580 892 antiquum
1611 815 1730 870 statum
1761 803 1927 890 perduxit,
1959 803 2016 867 sed
2042 805 2122 890 quia

462 915 623 979 Dominus
652 913 831 977 maiestatis
860 914 895 977 in
919 912 1034 978 eodem
1065 911 1185 998 templo
1209 911 1336 976 oblatus
1360 913 1411 994 sit,
1436 935 1501 998 qua
1524 911 1628 997 gloria
1654 913 1760 976 maior
1788 909 1875 974 illius
1905 908 2019 996 templi
2048 931 2137 974 esse

462 1044 526 1086 non
550 1022 664 1106 potuit,
689 1019 730 1084 de
755 1041 819 1106 qua
842 1029 955 1084 sancto
978 1019 1148 1105 prophetie
1173 1019 1301 1105 spiritui
1325 1039 1404 1083 cura
1427 1041 1499 1083 esse
1523 1016 1683 1082 debuerit.
1731 1017 1767 1083 Si
1788 1018 1887 1098 enim,
1903 1027 1941 1080 ut
1956 1015 2154 1102 apostolus
2172 1035 2194 1074 s

313 1152 443 1200 aeonas.
462 1137 608 1209 testatur,
633 1126 673 1192 de
690 1124 807 1207 bubus,
823 1125 979 1190 videlicet
998 1137 1154 1212 quantum
1179 1125 1222 1189 ad
1244 1127 1404 1190 rationem
1427 1125 1584 1211 precepti,
1608 1124 1681 1188 Deo
1706 1146 1785 1189 cura
1807 1147 1874 1188 non
1890 1133 1941 1188 est
1964 1145 2027 1187 nec
2050 1142 2176 1188 csse

463 1233 571 1316 debet,
595 1243 716 1320 quanto
740 1233 846 1297 miuus
871 1232 912 1296 de
936 1231 1109 1318 lapidibus,
1133 1231 1230 1296 rebus
1246 1231 1401 1298 videlicet
1423 1231 1620 1312 inanimatis,
1644 1231 1802 1318 adquam
1825 1252 2016 1295 mensuram
2037 1251 2191 1293 cona--

463 1351 661 1427 ponerentur
683 1340 756 1404 Deo
780 1339 833 1404 vel
857 1349 969 1404 sancto
994 1337 1131 1426 Spiritui
1160 1339 1329 1426 prophetie
1361 1361 1440 1403 cura
1469 1359 1541 1402 esse
1565 1337 1687 1419 debuit,
1711 1347 1747 1401 ut
1770 1359 1813 1402 ex
1837 1359 1952 1402 eorum
1982 1334 2209 1400 molibu-

464 1447 517 1512 vel
539 1447 714 1534 magnifica
738 1457 900 1512 structura
923 1446 1060 1532 gloriam
1076 1445 1191 1510 domus
1214 1467 1272 1510 sue
1296 1447 1471 1526 estimaret,
1495 1445 1558 1508 nisi
1581 1446 1799 1510 misteriorum
1822 1445 1904 1509 ratio
1930 1443 2035 1529 digna
2050 1442 2102 1506 De
2199 1469 2209 1497 ι

327 1579 445 1628 arare.
464 1555 657 1640 precipienti
688 1552 889 1618 sublateret?
936 1553 1020 1618 Nam
1045 1553 1131 1640 quia,
1156 1553 1278 1617 utiam
1302 1552 1407 1617 dictus
1437 1561 1577 1616 testatur
1606 1551 1787 1638 apostolus:
1819 1552 1891 1616 Neu
1908 1554 2014 1638 prius
2040 1575 2100 1636 quo

463 1663 632 1748 spirituale
655 1675 708 1741 eat,
731 1661 788 1726 aed
809 1661 896 1746 quod
916 1662 1066 1740 aalma,
1090 1661 1204 1726 deiude
1226 1660 1313 1746 quod
1333 1661 1501 1746 spirituale
1524 1680 1589 1722 nou
1613 1659 1683 1722 sine
1708 1681 1807 1724 eausa
1830 1658 1975 1739 domum,
2001 1658 2036 1720 in
2060 1679 2082 1742 q
2106 1683 2163 1696 -

463 1770 534 1855 ipse
558 1767 668 1832 offerri
690 1767 802 1848 voluit,
826 1769 930 1853 primo
954 1789 1013 1853 per
1029 1765 1235 1831 Salamonem
1259 1765 1301 1830 ad
1324 1765 1528 1830 altitudinem
1545 1764 1641 1830 CXX
1658 1764 1841 1830 cubitorum
1864 1765 1937 1829 fieri
1956 1763 2064 1828 voluit
2086 1785 2172 1826 a·-

464 1873 583 1938 deinde
613 1883 686 1960 post
716 1874 837 1938 sacrati
865 1875 992 1938 numeri
1022 1895 1061 1937 ac
1091 1883 1317 1937 mensurarum
1340 1872 1590 1958 completionem
1612 1871 1759 1938 dedicari
1781 1873 1854 1937 Deo
1885 1894 1926 1936 ac
1958 1868 2102 1935 benedic

465 1979 523 2046 sed
539 1981 617 2067 quia
631 1979 774 2067 previdit
797 1981 830 2044 in
846 1979 1008 2066 apostolos
1031 1978 1226 2066 plebemque
1250 1978 1452 2044 credentium
1476 1979 1519 2044 ad
1536 1978 1683 2044 eiusdem
1705 1982 1831 2044 numeri
1855 1978 1979 2044 sacrati
1995 1977 2180 2064 quanti„-

465 2097 564 2151 tatem
589 2096 804 2172 congregatos
828 2085 984 2173 Spiritum
1015 2096 1174 2167 sanctum,
1199 2086 1255 2172 qui
1279 2097 1328 2150 est
1350 2107 1429 2150 vera
1456 2084 1643 2151 benedictio
1671 2095 1703 2150 et
1731 2085 1959 2168 sanctificatiO,
1985 2083 2070 2148 effus
2102 2114 2108 2141 ·
2136 2118 2209 2151 ει-

465 2195 515 2275 iri,
540 2192 688 2257 similiter
711 2203 743 2256 et
766 2193 904 2257 eandem
928 2192 1058 2258 domum
1083 2214 1156 2257 cum
1180 2193 1243 2256 LX
1266 2203 1390 2256 tannim
1414 2191 1594 2258 cubitorum
1622 2192 1801 2257 secundum
1824 2203 2021 2278 preceptum
2047 2189 2075 2255 C

466 2310 499 2364 et
522 2300 616 2364 Darii
638 2321 752 2386 regum
776 2299 965 2364 reedificata
988 2299 1112 2380 fixisset,
1140 2297 1243 2362 noluit
1266 2301 1299 2362 in
1322 2299 1379 2364 tali
1402 2299 1647 2386 imperfectione
1672 2321 1874 2386 permanere,
1898 2298 1961 2362 sed
1984 2299 2020 2362 in
2045 2298 2112 2362 anti
2127 2340 2161 2352 -

466 2429 566 2493 quum
589 2405 686 2471 CXX
710 2405 892 2472 cubitorum
922 2417 1041 2470 statum
1069 2417 1102 2470 et
1131 2405 1333 2470 altitudinem
1362 2407 1548 2488 restaurari,
1573 2405 1661 2493 quod
1683 2428 1743 2493 per
1766 2405 1933 2470 Herodem
1958 2405 2147 2473 funestum

466 2513 589 2578 factum
612 2525 670 2596 est,
695 2515 807 2600 sicque
830 2514 864 2576 iu
881 2511 996 2577 eadem
1013 2513 1108 2577 domo
1125 2511 1274 2577 Christus
1290 2523 1494 2599 presentatus
1511 2522 1569 2594 est,
1594 2513 1655 2578 hoc
1679 2513 1830 2577 nimirum
1853 2535 1913 2598 per
1937 2511 2000 2576 hec
2025 2521 2130 2576 mate-

466 2619 561 2684 rialia
583 2631 694 2684 sancto
718 2619 907 2684 intendente
931 2619 1111 2706 sapientiae
1129 2617 1262 2705 Spiritu,
1286 2619 1374 2705 quod
1398 2617 1518 2706 [ante2]
1544 2618 1691 2684 ultimum
1708 2641 1837 2706 quoque
1854 2617 1979 2683 Christi
2002 2618 2126 2682 adven-
2143 2651 2150 2677 :
2171 2649 2209 2667 Α

467 2737 535 2790 tum
557 2726 729 2808 aecclesia,
753 2749 816 2813 que
841 2737 890 2792 est
912 2749 992 2790 vera
1015 2736 1047 2790 et
1070 2726 1147 2790 viva
1171 2725 1285 2790 domus
1301 2725 1367 2790 Dei
1382 2726 1522 2789 viventis
1546 2726 1580 2789 in
1603 2725 1663 2807 his,
1688 2727 1745 2812 qui
1768 2725 1954 2812 spirituales
1971 2725 2120 2790 dicunmr

468 2843 500 2898 ct
523 2855 595 2897 esse
619 2831 748 2914 debent,
773 2832 816 2896 ad
831 2834 998 2919 antiquam
1021 2832 1200 2918 apostolice
1215 2831 1425 2919 perfectionis
1441 2833 1675 2897 institutionem
1691 2831 1900 2897 reformanda
1923 2833 1977 2916 sit,
2001 2831 2044 2896 ad
2064 2831 2117 2898 hoc

468 2938 688 3005 annitentibus
711 2938 1003 3026 qualibuscumque
1028 2937 1230 3026 principibus
1255 2949 1287 3002 et
1309 2939 1435 3003 Herodi
1459 2938 1627 3003 similibus.
1666 2940 1739 3004 Hec
1763 2940 1849 3003 enim
1873 2938 2053 3025 apostolice
2076 2940 2118 3002 in-

468 3047 642 3111 stitutionis
665 3047 823 3133 perfectio
847 3056 1002 3132 tanquam
1025 3045 1124 3110 nichil
1149 3044 1291 3109 habendi
1315 3056 1348 3110 et
1371 3047 1479 3110 omnia
1502 3043 1692 3132 possidendi
1714 3057 1802 3110 recte
1826 3068 1887 3132 per
1910 3044 2010 3110 CXX
2035 3044 2117 3109 cubi·

468 3163 573 3218 torum
596 3152 809 3236 altitudinem,
833 3164 869 3218 ut
891 3154 1040 3239 superius
1063 3154 1181 3239 partim
1205 3151 1384 3233 docuimus,
1415 3151 1598 3237 significata
1628 3163 1686 3217 est.
2135 3177 2156 3216 u

575 3259 670 3324 Nunc
693 3269 803 3324 autem
826 3269 859 3323 et
881 3258 962 3324 illud
976 3259 1151 3344 iungimus,
1172 3258 1260 3344 quod
1282 3260 1316 3322 in
1333 3257 1429 3323 OXX
1446 3257 1664 3324 duodenarius
1680 3260 1790 3324 decies
1807 3259 2041 3346 multiplicatus
2065 3269 2119 3324 est.

469 3365 699 3431 Duodcnarius
722 3388 800 3430 vero
823 3388 977 3430 numerus
1001 3365 1079 3452 quid
1104 3367 1189 3429 sacri
1212 3366 1348 3430 misterii
1371 3367 1544 3448 contineat,
1569 3367 1811 3432 ecclesiasticae
1835 3367 1923 3432 scole
1947 3366 2121 3431 didascolis

468 3483 580 3538 notum
599 3483 658 3538 est.
694 3472 809 3538 Sciunt
824 3474 911 3538 enim
928 3472 1013 3537 hunc
1029 3494 1199 3536 numerum
1224 3471 1428 3559 expertibus
1445 3475 1632 3560 septenarii,
1657 3496 1720 3560 que
1742 3483 1816 3538 sunt
1839 3475 1902 3538 tria
1926 3485 1959 3538 et
1976 3485 2122 3561 quatuor,

468 3581 503 3644 in
526 3602 561 3644 se
584 3579 805 3666 multiplicatis
829 3580 983 3660 construi,
1007 3601 1082 3642 nam
1106 3589 1157 3643 ter
1180 3589 1318 3664 quatuor
1340 3579 1393 3644 vel
1417 3590 1532 3666 quater
1553 3580 1616 3644 tria
1637 3579 1810 3645 duodecim
1832 3581 1969 3646 faciunt.
2004 3581 2050 3645 Et
2073 3582 2123 3645 cui

468 3710 533 3752 non
549 3686 657 3773 palam
674 3697 723 3750 est
738 3686 772 3750 in
787 3687 929 3751 ternario
944 3685 1031 3767 fidei,
1044 3708 1107 3771 que
1124 3686 1157 3749 in
1174 3697 1320 3750 sanctam
1333 3686 1527 3751 Trinitatem
1542 3697 1601 3768 est,
1618 3687 1652 3752 in
1664 3688 1870 3774 quaternario
1883 3709 1962 3752 vero
1979 3687 2123 3774 perfecte
2141 3711 2164 3749 u

470 3795 667 3880 operationis
691 3793 911 3858 commendari
933 3793 1134 3879 mysterium,
1158 3793 1310 3856 nimirum
1333 3803 1466 3878 propter
1489 3793 1625 3858 solidam
1641 3793 1875 3880 perfectionem
1899 3805 2040 3881 quatuor
2062 3795 2123 3857 vir·

469 3910 574 3965 tutum
590 3898 830 3964 cardinalium?
865 3899 908 3963 Et
923 3899 983 3964 hec
1000 3899 1062 3962 tria
1078 3898 1231 3963 videlicet
1254 3909 1287 3964 et
1303 3909 1441 3986 quatuor
1455 3911 1565 3986 partes
1582 3902 1758 3988 septenarii
1774 3911 1857 3984 suut,
1882 3903 1961 3988 quia
1977 3903 2033 3989 qui
2049 3901 2123 3965 fidei

469 4017 602 4070 sanctae
632 4007 812 4093 perfectam
841 4007 1062 4092 operationem
1093 4006 1206 4086 sociat,
1234 4007 1346 4093 utique
1377 4016 1489 4071 sancto
1520 4007 1699 4094 septiformi
1723 4007 1859 4094 Spiritui
1888 4010 1922 4072 in
1952 4031 1989 4073 se
2019 4008 2125 4073 locum

469 4123 572 4200 parat,
597 4114 689 4177 cuius
713 4115 769 4199 qui
792 4135 869 4178 vere
894 4134 1025 4198 compos
1049 4112 1202 4194 extiterit,
1226 4111 1269 4176 ad
1292 4135 1406 4176 veram
1428 4112 1618 4178 sabbatismi
1642 4115 1746 4178 eterni
1775 4115 1921 4200 requiem
1943 4116 2123 4201 perveniet,

470 4221 604 4306 insuper
618 4241 697 4283 vero
722 4229 754 4283 et
776 4219 811 4282 in
835 4219 895 4283 hac
911 4219 981 4282 vita
1002 4218 1137 4282 feriatus
1161 4241 1181 4282 a
1197 4219 1284 4282 titiis
1307 4220 1341 4282 in
1357 4230 1470 4284 sancto
1494 4221 1653 4306 sapientie
1677 4221 1792 4306 spiritu
1815 4222 1993 4308 requiescit
2012 4221 2124 4286 docilis
2142 4243 2166 4282 u

471 4327 621 4390 nimirum
651 4326 747 4390 huius
774 4323 869 4389 verbi
898 4324 1016 4408 factus,
1047 4324 1135 4412 quod
1163 4325 1236 4411 ipsa
1265 4325 1331 4390 Dei
1362 4327 1523 4412 sapientia
1553 4327 1676 4413 degens
1706 4329 1740 4392 in
1770 4351 1868 4392 carne
1899 4329 2029 4394 elocuta
2060 4339 2123 4394 est:

295 4459 451 4509 autumas.
471 4433 604 4512 Ducite,
627 4432 788 4518 inquiens,
813 4458 832 4496 u
856 4457 913 4513 rue,
937 4434 1014 4518 quie
1036 4435 1124 4497 mitia
1146 4457 1214 4496 aum
1238 4447 1266 4497 et
1287 4433 1419 4498 huurilia
1442 4434 1535 4498 corde
1558 4449 1587 4499 et
1609 4437 1774 4500 inuenietis
1796 4438 1935 4521 requiem
1958 4437 2125 4502 animabus

472 4542 591 4604 vesum
638 4538 868 4603 Duodcnarius
891 4561 969 4603 vero
1000 4539 1052 4604 bic
1084 4539 1118 4602 in
1140 4561 1293 4603 mensura
1323 4538 1502 4604 altitudinis
1533 4541 1645 4626 templi
1675 4541 1785 4605 decies
1815 4541 2071 4629 multiplicaturb
2094 4553 2126 4607 et

473 4643 569 4709 CXX
593 4643 720 4709 cubitos
749 4645 886 4731 perficit,
909 4655 946 4709 ut
968 4646 1155 4710 noverimus
1186 4644 1330 4710 ordinem
1352 4646 1619 4729 ecclesiasticum,
1644 4649 1701 4734 qui
1723 4649 1771 4712 sic
1801 4650 1835 4712 in
1858 4649 1990 4735 populo,
2015 4672 2125 4736 quern-

472 4750 647 4816 admodum
677 4752 876 4833 incivitate,
908 4750 1062 4838 templum
1093 4761 1194 4816 estet
1223 4753 1257 4815 in
1280 4775 1344 4839 quo
1368 4752 1459 4817 velut
1488 4754 1663 4840 intemplo
1688 4764 1801 4819 sancta
1831 4764 2018 4820 sanctorum
2041 4767 2124 4836 sunt,
2144 4778 2171 4816 ιο

472 4857 626 4923 videlicet
658 4859 801 4945 eorporis
832 4858 986 4923 dominici
1016 4859 1218 4923 consecratio
1249 4869 1281 4923 et
1311 4861 1396 4925 sacri
1427 4861 1587 4924 crismatis
1617 4861 1832 4926 sanctificatio
1862 4861 1915 4926 vel
1944 4863 2057 4928 unctio
2087 4885 2125 4926 ac

472 4974 682 5051 peccatorum
711 4966 870 5046 remissio,
901 4965 997 5048 hunc,
1028 4967 1172 5052 inquam,
1204 4967 1343 5032 sciamus
1367 4967 1516 5032 ordinem
1538 4967 1580 5031 ad
1604 4969 1916 5033 consummationem
1939 4979 2126 5035 sanctorum

474 5071 628 5135 divinitus
658 5073 840 5136 institutum
870 5094 934 5136 non
966 5094 1008 5136 ex
1038 5071 1184 5158 qualibet
1213 5073 1350 5159 profana
1379 5097 1438 5138 seu
1466 5073 1618 5160 populari
1647 5075 1894 5139 conversatione
1924 5076 1959 5140 in
1986 5075 2126 5140 ecclesia

473 5177 681 5263 multiplicari
697 5176 828 5261 debere,
852 5178 911 5243 sed
934 5201 977 5242 ex
999 5178 1049 5242 his
1073 5179 1176 5244 solum
1192 5178 1387 5263 hominibus,
1412 5180 1468 5266 qui
1491 5190 1524 5244 et
1547 5180 1726 5245 secundum
1746 5180 1828 5267 legis
1845 5180 2041 5268 decalogum
2057 5184 2125 5248 sine

474 5283 607 5370 querela
629 5286 813 5349 conversati
836 5286 977 5350 maxime
1000 5295 1074 5372 post
1096 5284 1292 5372 baptismum
1309 5287 1373 5350 sint
1396 5308 1434 5350 ac
1451 5286 1569 5352 deinde
1593 5286 1864 5374 adapostolicam
1880 5289 2125 5375 perfectionem,
2145 5311 2174 5351 u

474 5411 557 5476 quae
581 5391 615 5454 iu
639 5390 837 5456 duodenario
861 5390 1071 5478 significatur,
1095 5393 1302 5478 profecerint.
1348 5392 1421 5457 Hoc
1446 5403 1495 5458 est
1518 5395 1604 5458 enim
1627 5393 1863 5460 duodenarium
1887 5395 1998 5460 decies
2021 5396 2126 5460 multi-

334 5523 454 5573 scium.
473 5496 598 5582 plicari,
623 5509 658 5563 ut
682 5496 779 5562 CXX
801 5499 875 5580 sint,
900 5508 978 5585 quot
1000 5499 1152 5564 nimirum
1179 5498 1325 5565 homines
1349 5501 1453 5587 primo
1478 5499 1618 5587 Spiritus
1642 5511 1773 5566 sanctius
1804 5499 1846 5566 ad
1870 5499 2072 5568 dilatandam
2096 5513 2127 5567 et

473 5604 651 5689 regendam
676 5603 848 5668 ecclesiam
865 5606 1078 5688 consecravit,
1095 5604 1213 5691 quibus
1237 5615 1270 5670 et
1291 5606 1410 5692 linguis
1435 5608 1576 5672 omnium
1592 5609 1738 5693 gentium
1753 5608 1843 5695 loqui
1859 5607 2004 5690 donavit,
2029 5609 2126 5695 signi-

581 5764 608 5829 a)
628 5768 694 5820 deest
712 5786 748 5831 e.;
767 5769 850 5835 suppl.
870 5768 929 5820 Sela.
1002 5767 1029 5831 b)
1051 5768 1267 5836 multiplicantur
1284 5787 1305 5821 e.
