4410 6406
437 385 501 450 338
729 390 910 450 GERHOHI
932 390 1167 448 PRAEPOSITI
1189 387 1600 446 REICHERSBERGENSIS
1623 389 1791 444 LIBELLI.

437 580 477 645 de
495 603 631 668 quorum
648 577 744 644 iactis
759 577 905 644 iudicare
923 600 1021 664 supra
1037 600 1095 642 nos
1112 588 1170 642 est.
1200 577 1343 641 Possunt
1358 587 1468 641 autem
1484 577 1582 641 etiam
1599 577 1646 639 sic
1670 575 1829 662 implicati
1853 597 2084 662 nonnumquam

435 699 564 774 tempus
588 685 630 751 ad
645 684 831 750 vacandum
846 682 1048 749 orationibus
1072 694 1104 748 et
1126 682 1322 748 lectionibus
1337 683 1485 769 pecuniis
1508 681 1681 764 redimere,
1700 693 1737 746 ut
1753 682 1904 768 quamvis
1928 680 2085 766 implicati,
2182 745 2183 756 ,

436 794 504 858 fere
534 792 629 858 liberi
658 793 731 856 sint.
779 791 896 856 Utrum
918 813 998 854 vero
1021 791 1120 855 etiam
1144 790 1218 854 talis
1241 789 1420 876 implicatio
1444 801 1477 854 et
1499 789 1658 875 regalium
1682 788 1846 875 possessio
1870 809 1910 852 ac
1934 810 1993 874 pro
2016 788 2087 874 ipsis

436 900 556 986 regalis
588 900 711 964 servitii
742 898 898 985 obligatio
929 896 1075 962 eiusdem
1106 898 1230 962 servitii
1260 895 1401 962 redditio
1432 895 1485 960 vel
1516 894 1696 982 redemptio
1728 895 1904 959 ecclesiam
1929 894 1993 958 Dei
2024 894 2089 980 plus

436 1006 523 1071 levet
543 1028 585 1071 an
601 1015 725 1092 gravet,
741 1005 904 1070 Dominus
919 1003 1039 1069 viderit
1062 1016 1095 1069 et
1117 1002 1249 1069 tandem
1274 1002 1454 1068 aecclesiae
1471 1025 1549 1068 suae
1566 1012 1699 1068 sanetae
1716 1025 1895 1088 congruam
1912 1000 2091 1066 libertatem
2106 1025 2116 1065 a
2200 1007 2201 1038 ³

437 1112 618 1200 provideat.

800 1219 853 1282 28.
888 1217 948 1281 De
972 1217 1411 1282 excommunicatione
1433 1217 1631 1281 Heinrioi
1655 1215 1728 1280 V²¹.

366 1359 418 1412 (so).
544 1334 677 1398 Interim
701 1333 876 1397 Heinrious
906 1333 971 1396 iam
999 1331 1106 1397 dictus
1136 1333 1313 1419 imperator
1336 1332 1495 1398 ecclesiae
1519 1332 1585 1397 Dei
1615 1331 1792 1396 electiones
1824 1343 1857 1396 et
1886 1331 2098 1394 investituras

353 1467 418 1516 pas.
437 1441 550 1507 nolens
580 1440 741 1506 dimittere
771 1438 942 1525 magisque
965 1461 1022 1503 cor
1045 1461 1139 1503 suum
1166 1438 1340 1503 adversum
1371 1439 1527 1504 salutaria
1556 1439 1679 1502 monita
1707 1437 1866 1503 indurans
1890 1447 1925 1502 et
1949 1435 2098 1518 bestiam,

437 1547 618 1613 Burdinum
634 1547 719 1629 dice,
744 1545 814 1610 sedi
836 1544 926 1610 beati
942 1545 1031 1610 Petri
1055 1547 1310 1632 superintrusam
1327 1545 1507 1610 defendens
1530 1568 1569 1610 ac
1594 1557 1807 1610 manutenens
1831 1557 2001 1631 tamquam
2022 1544 2100 1608 seis·
2119 1567 2140 1606 n

436 1655 575 1719 maticus
599 1665 631 1717 et
654 1652 811 1718 adversus
834 1652 1012 1717 Dominum
1035 1651 1166 1716 rebellis
1191 1651 1232 1716 ab
1256 1653 1397 1718 ecclesia
1419 1652 1485 1716 Dei
1511 1675 1569 1739 per
1589 1651 1758 1716 Gelasium
1782 1652 1969 1716 Romanum
1993 1651 2101 1737 ponti-

436 1760 531 1825 lieem
555 1761 728 1825 multorum
751 1761 785 1824 in
800 1759 954 1824 Remensi
970 1759 1102 1823 civitate
1127 1760 1401 1824 commanentium
1418 1758 1646 1846 episcoporum
1671 1758 1900 1846 astipulatione
1926 1769 2102 1844 seperatus

438 1871 508 1931 est¹
538 1868 651 1953 sicque
682 1864 723 1931 ab
752 1867 898 1953 utrisque
930 1865 1119 1930 discessum.
1173 1865 1218 1929 At
1247 1865 1423 1930 Heinrious
1453 1877 1620 1953 tamquam
1650 1863 1756 1930 bestia
1785 1864 1961 1929 vulnerata
1991 1865 2104 1928 sevior

437 1973 582 2056 effectus,
606 1971 684 2038 dum
707 1973 914 2038 recedentem
938 1995 977 2036 ac
1002 1973 1151 2036 civitates
1168 1971 1350 2059 quasdam²
1372 1974 1466 2060 regni
1490 1973 1540 2036 sui
1563 1973 1756 2059 ingressum,
1781 1970 1887 2036 clerus
1910 1993 1980 2035 non
2005 1969 2103 2035 solito

437 2081 548 2145 favore
573 2103 612 2145 ao
635 2077 787 2144 laudibus
811 2081 988 2164 exciperet,
1019 2079 1182 2143 nonnullis
1205 2079 1360 2144 videlicet
1387 2077 1429 2143 ab
1453 2080 1523 2144 eius
1547 2079 1734 2165 receptione
1758 2101 1793 2143 se
1817 2075 2103 2159 subtrahentibus,
2124 2101 2148 2139 u

437 2188 530 2274 quasi
561 2188 595 2250 in
618 2185 756 2251 rebelles
786 2187 922 2273 imperio
946 2184 1125 2250 vindictam
1150 2197 1291 2268 exercet,
1317 2185 1433 2250 domus
1461 2208 1573 2251 eorum
1602 2183 1748 2250 subverti
1777 2185 1978 2272 precipiens.
2027 2184 2106 2248 Non

437 2293 559 2358 multo³
581 2302 656 2380 post
680 2291 812 2357 Gelasio
836 2291 976 2358 obeunte
1000 2291 1149 2358 Galixtus
1174 2291 1330 2376 succedit,
1360 2294 1452 2358 cuius
1481 2294 1538 2357 in⁴
1560 2303 1705 2380 tempore
1729 2291 1860 2357 tandem
1885 2290 2033 2357 eeclesia
2062 2290 2107 2354 ad

438 2398 605 2485 eligendos
630 2398 692 2463 sibi
709 2400 879 2486 episcopos
895 2397 1046 2464 libertate
1063 2399 1183 2464 donata
1199 2408 1258 2481 est,
1280 2399 1333 2464 cui
1358 2409 1391 2464 et
1413 2400 1627 2464 investiturae
1645 2422 1704 2486 per
1720 2399 1851 2464 annulum
1875 2411 1908 2464 et
1931 2397 2105 2479 baculum,

437 2507 564 2592 virgam
580 2504 735 2570 videlieet
754 2505 959 2592 pastoralem,
988 2506 1022 2570 in
1047 2507 1273 2592 episcoporum
1298 2507 1577 2570 consecrationem
1600 2505 1773 2570 faciendae
1796 2507 1966 2592 recognite
1991 2509 2105 2568 sunt⁵.

439 2611 563 2676 Videns
592 2635 734 2699 namque
764 2612 940 2700 imperator
963 2612 1142 2678 aecclesiae
1167 2621 1285 2698 gr'aves
1313 2635 1429 2677 manus
1457 2634 1613 2698 superse
1638 2634 1677 2676 ae
1701 2623 1859 2696 metuens,
1890 2635 1932 2677 ne
1957 2611 2045 2676 forte
2071 2613 2106 2674 in
2124 2635 2150 2674 su

438 2719 608 2804 iniquitate
633 2741 692 2783 sna
721 2741 781 2805 per
804 2718 890 2784 celos
914 2718 1106 2800 racionales,
1129 2718 1285 2784 videlicet
1309 2720 1482 2806 episcopos
1506 2729 1538 2783 et
1561 2729 1690 2783 sanctos
1714 2718 1790 2802 Dei,
1820 2717 1968 2783 revelata
1999 2719 2105 2782 etiam

438 2836 535 2908 terra,
566 2826 687 2889 terreni
717 2825 842 2890 seilicet
871 2826 1046 2912 principes,
1077 2825 1235 2890 adversus
1259 2847 1333 2890 eum
1357 2835 1593 2911 consurgerent
1620 2827 1732 2912 sicque
1756 2826 1855 2890 etiam
1878 2827 1961 2912 ipse,
1987 2848 2105 2912 quem-

438 2930 612 2996 admodum
636 2933 721 3018 patri
745 2932 888 3018 contigit,
914 2955 1014 3018 regno
1037 2933 1232 3019 privaretur,
1257 2932 1395 2997 collecta
1420 2933 1510 2996 ouria
1533 2933 1567 2996 in
1591 2930 1673 3014 loco,
1694 2933 1750 3018 qui
1768 2924 1920 2997 Lbbvvise
1944 2931 2104 3012 dieimr‘»,

438 3036 495 3102 ubi
519 3049 551 3102 et
573 3037 671 3125 legati
688 3039 833 3103 Romane
856 3037 942 3102 sedis
966 3038 1112 3120 aderant,
1129 3039 1315 3120 electiones,
1332 3050 1368 3103 ut
1384 3038 1597 3125 prediximus,
1622 3048 1719 3126 atque
1743 3040 1954 3103 investituras
1978 3037 2104 3103 liberas

439 3143 597 3209 ecelesiae
620 3145 754 3227 remisit,
786 3145 832 3209 ita
853 3155 889 3209 ut
913 3144 1034 3210 electus
1057 3145 1110 3208 vel
1135 3156 1342 3210 consecratus
1367 3145 1408 3210 de
1432 3168 1532 3209 manu
1555 3147 1759 3232 imperatoris
1783 3145 1838 3209 vel
1859 3146 1948 3231 regis
1973 3145 2104 3231 regalia
2122 3169 2149 3209 ss

439 3273 498 3337 per
521 3261 666 3337 ceptrum
691 3251 865 3337 acciperet,
894 3252 981 3317 facto
1005 3250 1068 3315 sibi
1095 3250 1237 3316 hominio
1262 3263 1294 3316 et
1317 3251 1474 3317 fidelitate
1497 3253 1604 3316 iurata
1627 3253 1728 3317 etita
1751 3250 1860 3317 ablato
1884 3250 2034 3317 Burdino
2061 3251 2102 3316 de

440 3356 547 3422 medio
579 3367 611 3421 et
640 3358 674 3422 in
704 3359 945 3440 monasterium,
970 3357 1057 3445 quod
1081 3357 1216 3424 Gauea⁷
1238 3357 1367 3440 dicitur,
1399 3359 1507 3441 misso,
1539 3360 1735 3445 imperatore
1764 3380 1894 3445 quoque
1922 3381 1943 3423 a
1966 3359 2102 3424 vinculo

441 3463 655 3528 anathematis
680 3463 827 3530 absoluto
851 3487 916 3551 pax
941 3464 1078 3529 ecclesie
1102 3465 1167 3529 Dei
1191 3463 1319 3529 reddita
1344 3474 1393 3528 est
1403 3471 1425 3528 ⁸.

367 3648 422 3696 (so.
843 3626 896 3688 29.
931 3624 990 3689 De
1015 3623 1365 3689 abhominacione
1390 3623 1690 3689 desolacionis.

548 3739 642 3804 Nunc
666 3738 888 3804 reducendum
910 3741 945 3804 in
968 3741 1157 3805 memoriam
1181 3740 1224 3804 ad
1247 3740 1326 3828 quid
1350 3740 1411 3805 hec
1435 3740 1477 3805 de
1497 3741 1653 3805 Heinrieo
1678 3751 1794 3827 quarto
1818 3751 1851 3805 et
1874 3743 1989 3828 quinto
2011 3755 2098 3830 ysto-
2118 3767 2145 3805 so

268 3847 510 3921 mre.1s,rs.rico
534 3845 697 3911 scribendi
721 3846 817 3910 modo
836 3847 999 3933 prosecuti
1024 3847 1133 3910 simus.
1180 3846 1233 3911 De
1257 3846 1499 3912 abominatione
1518 3847 1638 3934 quippe
1656 3847 1865 3913 desolationis
1888 3848 1961 3914 loco
1986 3861 2098 3914 sancto

260 3977 423 4027 erumnas.
441 3963 547 4017 stante
570 3953 712 4038 itemque
734 3951 801 4016 filio
824 3952 1014 4039 perditionis
1044 3954 1078 4017 in
1101 3953 1221 4040 templo
1245 3953 1309 4017 Dei
1334 3953 1468 4018 sedente
1492 3953 1545 4018 vel
1569 3975 1698 4018 sessuro
1729 3953 1823 4019 nobis
1846 3955 2015 4042 inquisitio
2040 3965 2098 4020 est.

442 4058 509 4124 Sed
538 4081 600 4124 nec
630 4058 718 4123 aliud
748 4081 820 4123 esse
851 4058 1124 4124 abominationem
1155 4059 1364 4124 desolationis
1395 4061 1429 4124 in
1452 4059 1524 4124 loco
1556 4071 1669 4125 sancto
1697 4072 1845 4144 stantem,
1870 4084 1968 4148 quam
1991 4063 2097 4149 ipsum

440 4188 512 4230 esse
535 4157 659 4229 filium·
683 4164 874 4252 perditionis
898 4166 931 4228 in
947 4164 1068 4252 templo
1084 4165 1149 4229 Dei
1173 4164 1341 4230 sedentem
1362 4167 1557 4230 existimem.
1594 4165 1751 4253 Superior
1774 4178 1882 4232 autern
1905 4169 2010 4232 nostri
2033 4191 2098 4232 ser·

439 4273 543 4336 monis
568 4270 727 4336 ordinatio
752 4273 798 4336 sic
815 4273 984 4358 processit,
1009 4283 1044 4336 ut
1067 4270 1187 4358 templo
1204 4271 1270 4335 Dei
1292 4272 1490 4354 manufacto,
1516 4272 1604 4360 quod
1629 4285 1698 4338 erat
1721 4275 1754 4338 in
1770 4272 1981 4356 lerosolimis,
2005 4276 2098 4338 nimi·
2118 4298 2145 4338 as

441 4401 510 4442 rum
534 4379 567 4442 in
583 4387 697 4464 typum
718 4377 898 4443 aecclesiae
921 4376 1116 4443 fabricatum
1141 4378 1256 4461 ethis,
1281 4400 1345 4464 que
1370 4379 1459 4442 circa
1483 4379 1590 4464 ipsum
1615 4389 1708 4465 gesta
1732 4390 1816 4462 sunt,
1840 4379 1935 4444 nobis
1960 4380 2098 4445 admotis

547 4537 574 4602 a)
594 4559 669 4607 snper
687 4541 778 4592 bucam
795 4543 878 4607 mppl.
897 4561 917 4593 r.

550 4667 579 4740 1)
603 4669 740 4727 Heraeum
761 4669 862 4727 relatio
883 4689 973 4746 supra
990 4691 1024 4747 p.
1043 4670 1094 4728 28.
1187 4667 1218 4745 2)
1243 4668 1291 4743 Cf.
1316 4671 1392 4727 Auru.
1417 4671 1578 4730 Ileicbersb.
1603 4671 1746 4743 a.1116,
1773 4673 1827 4730 SS.
1853 4673 1953 4744 XVII,
1973 4694 2007 4749 p.
2025 4674 2098 4730 453.

442 4769 473 4849 3)
500 4775 587 4833 Immo
617 4775 673 4832 ianr
704 4796 733 4833 a.
760 4776 854 4846 1119,
887 4777 971 4834 Febr.
998 4777 1027 4834 2.
1164 4774 1195 4852 4)
1225 4777 1334 4834 Abhinc
1363 4797 1449 4854 rusque
1478 4780 1520 4836 ad
1540 4779 1630 4857 finem
1662 4779 1778 4855 capitali
1806 4789 1931 4837 maurmta
1962 4780 1992 4837 in
2023 4781 2098 4838 Anu.

440 4880 601 4939 Reicltersb.
633 4903 660 4939 α.
681 4882 764 4938 1119
794 4877 875 4956 (Coo.
896 4884 923 4939 l.
943 4883 971 4939 2.
990 4879 1032 4959 4),
1058 4885 1112 4942 SS.
1138 4883 1238 4956 XVII,
1263 4905 1297 4961 p.
1316 4884 1391 4941 453.
1506 4886 1537 4955 5)
1562 4885 1598 4942 In
1616 4895 1703 4961 pacto
1728 4885 1926 4944 ll'ormatr'ensr'
1954 4907 1983 4944 a.
2004 4886 2097 4958 1122,
2116 4903 2146 4942 se

441 4987 518 5064 Sept.
537 4987 588 5060 23,
611 4988 699 5062 Jaffl'
717 4989 749 5060 V,
761 5009 793 5064 p.
813 4989 873 5046 387
891 5010 933 5066 sq.
1016 4989 1046 5060 6)
1063 4991 1138 5046 Anu.
1155 4990 1367 5069 Reirdersberq.
1385 4994 1403 5048 l.
1421 4993 1439 5049 l.
1452 5001 1594 5069 pergunt:
1618 4994 1754 5050 videlicet
1770 4995 1939 5050 Lambertus
1958 4994 2098 5050 Ostiensis

439 5103 508 5150 tunc
539 5097 697 5168 episcopus,
730 5098 777 5168 qui
806 5105 908 5168 postea
938 5097 1031 5152 faetus
1062 5105 1106 5152 est
1136 5116 1211 5169 papa
1240 5099 1333 5153 dietus
1357 5099 1509 5168 Honorius,
1542 5108 1572 5156 ct
1600 5100 1753 5172 Gregorius
1784 5102 1918 5157 diaconus
1948 5101 2098 5157 cardinalis

440 5199 536 5256 Sancti
560 5201 673 5274 Angeli,
701 5204 748 5274 qui
780 5204 864 5258 ctiam
894 5211 997 5274 postea
1025 5203 1117 5258 faetus
1149 5213 1194 5259 est
1224 5222 1299 5275 papa
1329 5206 1422 5260 dietus
1445 5207 1639 5274 Innocentius,
1670 5213 1700 5262 et
1728 5206 1801 5262 Saxo
1831 5208 1995 5280 presbyter,
2027 5226 2099 5284 quas

440 5305 525 5363 verda
552 5307 865 5381 Scleffer-Bor'cborst,
897 5309 1024 5366 Annales
1046 5308 1328 5367 Patberbrunncnees
1348 5331 1382 5387 p.
1399 5312 1460 5369 195
1492 5312 1520 5370 in
1553 5321 1628 5370 textu
1658 5321 1754 5370 nosue
1785 5313 1921 5370 exddmse
1948 5313 2097 5372 existiusat.

440 5413 620 5470 Annali-stam
643 5414 758 5471 eortina
780 5416 934 5491 legatorum
965 5435 1001 5472 ex
1025 5413 1174 5473 Gomnrent.
1200 5415 1229 5474 in
1249 5436 1295 5492 ps.
1308 5418 1373 5484 ι133
1400 5413 1510 5494 (infra)
1542 5419 1671 5476 murense
1694 5419 1762 5476 ruiti
1790 5419 1900 5495 quidem
1917 5421 2099 5496 permmdere
2115 5435 2144 5475 ss

439 5519 544 5576 uzalim.
575 5519 607 5576 V.
627 5519 712 5591 Fato,
726 5520 857 5578 ‘Forsclt
874 5542 898 5577 z.
917 5521 955 5577 D.
967 5521 1079 5580 Grecis!
1089 5523 1175 5594 XIII,
1187 5543 1220 5599 p.
1236 5523 1317 5594 398;
1342 5524 1799 5597 eflusaumtact,‘1).GQ.’Il
1817 5520 1872 5600 (ed.
1892 5521 1950 5602 VI),
1969 5546 2004 5602 p.
2023 5526 2096 5598 312,

439 5645 468 5682 n.
488 5625 516 5682 2.
587 5625 617 5696 7)
644 5627 690 5683 La
704 5625 783 5684 Caua
800 5647 895 5703 prope
912 5628 1062 5685 Salernum
1077 5629 1132 5686 sita
1148 5629 1278 5700 αόὀαιία,·
1303 5631 1344 5702 cs.
1362 5631 1489 5688 Annales
1504 5630 1630 5688 Romani
1644 5651 1693 5707 ap.
1710 5632 1871 5703 moderno,
1889 5631 1975 5690 Liber
1985 5633 2095 5708 pontis.

440 5731 480 5803 II,
499 5752 533 5808 p.
553 5731 631 5802 345,·
655 5733 776 5790 Bosouis
799 5733 829 5790 V.
848 5731 955 5791 caeteri
977 5733 1017 5791 ΙΙ.
1042 5733 1076 5790 ib.
1095 5754 1128 5810 p.
1149 5735 1222 5792 377.
1315 5733 1347 5811 8)
1372 5735 1421 5808 Os.
1446 5757 1537 5812 supra
1557 5757 1588 5812 p.
1608 5737 1669 5794 279
1687 5759 1729 5815 sq.
