4568 6428
476 403 518 466 ιι
720 407 907 466 ιιοοοοιιιο
931 405 1185 466 οοιιοοιοιιοι
1206 381 1376 461 cantulo
1408 402 1461 462 ne
1485 406 1669 466 coucnro
1694 409 1874 468 sanarer.

307 581 453 676 &diffie
467 600 612 688 fideliter
633 599 801 664 adsiccato.
837 597 960 676 Quodsi
980 600 1120 683 quaestio
1143 597 1217 662 inde
1240 596 1410 676 macerit,
1434 621 1513 682 quae
1528 597 1739 682 molesioatt'oa
1753 611 1834 676 auat,
1857 601 2018 680 canonico,
2041 625 2123 685 quac

474 721 575 772 οιιῖοιιι
597 707 776 770 sesmaria
799 717 880 784 aaut,
902 705 1065 770 caccabari
1084 706 1287 770 terminentur
1309 701 1449 769 iudicio:

577 811 660 876 Item
684 813 841 898 scriptum
864 810 974 876 domni
997 831 1120 896 papae:

579 919 650 1007 Epo
678 918 822 984 Uatiam
844 917 999 984 secandus
1014 917 1081 982 Dei
1098 921 1205 1005 pratia
1221 917 1384 982 Romanae
1407 918 1555 1004 ecolwsae
1577 921 1742 1004 episcopos
1766 919 1936 984 catholicas
1959 920 1999 984 do
2015 945 2121 984 reram

465 1052 579 1114 pacem
595 1026 639 1089 Η.
652 1025 867 1090 Εοιιιοιιοιιιιιι
883 1028 1072 1112 imperatori
1084 1039 1213 1112 aequato
1229 1040 1258 1089 et
1272 1026 1425 1104 munibus,
1449 1028 1508 1110 qui
1521 1033 1607 1111 pro·
1634 1049 1668 1090 eo
1685 1041 1792 1090 corna
1808 1027 1970 1112 οοοίοοίοιιι
1985 1027 2124 1114 fueruat
2144 1045 2158 1086 c

471 1134 522 1198 oel
543 1148 622 1198 cunt.
662 1133 876 1198 Possessionea
897 1155 1014 1212 comm,
1038 1156 1118 1217 quaa
1133 1155 1198 1218 pro
1221 1155 1322 1198 werra
1346 1135 1406 1196 r'sta
1423 1132 1646 1219 perdicionem,
1670 1157 1750 1218 qaas
1773 1133 1880 1214 babeo,
1902 1133 2020 1215 reddo,·
2042 1159 2123 1220 qaas

471 1265 532 1305 noa
556 1241 662 1320 babeo,
686 1256 720 1304 ut
741 1241 918 1320 rehabeant,
933 1239 1078 1327 fideliter
1100 1239 1267 1304 adsboabo.
1318 1239 1442 1317 Quodsi
1462 1241 1602 1324 quaestio
1630 1240 1704 1304 inde
1727 1243 1896 1320 emersam,
1918 1265 1998 1326 qaae
2027 1243 2121 1330 eceb·

469 1351 600 1413 siastica
624 1363 704 1429 aunt,
752 1349 912 1427 canonico,
936 1371 1016 1433 quae
1038 1342 1160 1411 aretemb
1188 1347 1368 1411 saecnhre'a
1390 1355 1496 1424 suat⁰,
1519 1347 1683 1410 soeculari
1703 1350 1905 1413 ῖοιιιιίιιοιιιιιι·
1927 1348 2057 1414 iudicio.

534 1439 538 1446 ’
577 1454 650 1519 Hac
680 1454 790 1540 itaque
821 1451 898 1518 data
928 1463 961 1516 οῖ
990 1451 1148 1538 accepta‘¹
1175 1453 1360 1534 securitate,
1391 1452 1585 1516 festinanter
1614 1451 1656 1516 ad
1686 1452 1839 1518 domnum
1869 1476 1989 1541 papam
2011 1454 2121 1519 Remis

472 1560 655 1644 redierunt;
680 1583 765 1647 quae
789 1560 936 1624 fecerant
959 1571 991 1624 οῖ
1014 1581 1099 1645 quae
1123 1581 1143 1623 a
1165 1581 1243 1646 rege
1268 1569 1301 1623 et
1324 1567 1362 1623 οθ
1392 1559 1459 1623 suis
1483 1570 1684 1646 receperant,
1716 1569 1791 1624 ante
1814 1559 1989 1626 concilium
2012 1583 2121 1647 repar·
2144 1582 2171 1621 ιο

468 1679 591 1748 tantes3
616 1666 712 1732 simul
735 1677 767 1731 et
790 1666 877 1731 diem
901 1678 934 1731 et
955 1666 1061 1731 locum
1086 1665 1238 1752 colloquii
1262 1665 1480 1751 designantes.

360 1789 449 1834 οιιιι.
575 1772 724 1838 Domnus
748 1771 869 1860 papa‘,
899 1773 933 1837 in
956 1773 1101 1860 generali
1126 1772 1262 1838 concilio
1287 1772 1381 1836 XIII.
1404 1771 1480 1837 Kal.
1504 1771 1700 1836 Novembris
1723 1771 1833 1838 Remis
1856 1773 2014 1857 residens,
2037 1775 2123 1839 inter

473 1892 582 1945 cetera
605 1881 652 1945 sic
677 1903 813 1946 exorsus
837 1892 903 1946 est:
929 1880 1061 1944 ‘Domni
1084 1891 1193 1966 patres
1224 1889 1257 1944 et
1280 1879 1413 1943 fratres!
1452 1877 1572 1961 Causa,
1595 1901 1654 1965 pro
1678 1902 1743 1966 qua
1766 1903 1825 1946 vos
1856 1881 1896 1945 de
1921 1891 2029 1946 ῖοιιόίς
2053 1880 2121 1946 Ιοιι-

471 1988 595 2074 ginqua
629 1999 661 2052 et
695 1988 826 2052 remotis
861 1986 1050 2073 regionibus
1083 1986 1126 2050 ad
1158 1984 1331 2051 concilium
1360 1986 1560 2068 vocavimus,
1594 1986 1676 2052 haec
1707 1999 1766 2052 est.
1823 1987 1930 2070 Scitis,
1966 1988 2122 2074 quamdiu

471 2091 639 2160 Romanah
666 2094 806 2180 ecclesia
829 2105 942 2160 contra
971 2094 1119 2159 diversas
1148 2092 1280 2156 hereses
1310 2091 1481 2175 laboravit,
1510 2104 1543 2157 et
1572 2093 1656 2158 sicut
1685 2115 1745 2179 per
1767 2092 1899 2159 beatum
1922 2095 2055 2160 Petrum
2077 2115 2169 2154 -ιι

310 2228 450 2279 suanae.
472 2203 525 2267 cui
550 2201 735 2287 specialiter
758 2201 880 2266 dictum
904 2211 953 2265 est
976 2224 996 2264 a
1019 2201 1178 2265 Domino:
1210 2200 1338 2288 Rapaci
1357 2221 1422 2288 pro
1447 2215 1483 2280 te,
1514 2201 1614 2280 Petre,
1644 2197 1698 2266 ιιοΙ
1738 2201 1866 2289 dejiciat
1885 2203 1972 2290 fides
2001 2217 2064 2281 tua,
2095 2217 2124 2267 et

470 2325 502 2374 ta
523 2309 698 2394 aliquando
714 2333 879 2374 οοιιοοιοιιο
895 2311 1045 2396 constrata
1054 2309 1182 2396 fratrea
1197 2322 1324 2371 neos-
1340 2305 1463 2392 Symon
1479 2304 1629 2392 magusk,
1653 2305 1776 2372 iudicio
1793 2307 1933 2394 Spiritus
1954 2310 2057 2374 sancti
2079 2307 2121 2372 ab

352 2485 353 2490 γ
472 2414 612 2504 ecclesia
635 2415 701 2479 Dei
725 2413 926 2480 eliminatus¹
958 2415 1063 2502 pen'it,
1095 2415 1142 2479 sic
1165 2435 1268 2500 usque
1291 2413 1334 2478 ad
1356 2423 1466 2477 nostra
1495 2424 1643 2500 tempora
1671 2413 1759 2478 idem
1787 2437 1847 2500 per
1875 2415 2016 2480 vicarios
2046 2438 2121 2480 suos

472 2545 631 2608 sequaces
655 2522 806 2608 Symonis
831 2543 1021 2608 expugnare
1045 2533 1078 2585 et
1101 2519 1143 2586 ab
1168 2519 1308 2608 ecclesia
1330 2520 1396 2584 Dei
1420 2520 1584 2606 extirpare
1607 2543 1673 2584 non
1703 2519 1832 2586 desinit.
1877 2521 1950 2606 Ego
1981 2544 2120 2610 quoque,

476 2628 710 2716 qualiscunque
734 2629 810 2694 licet
832 2628 985 2714 indignus
1009 2629 1079 2693 eius
1095 2629 1248 2708 vicarius,
1272 2626 1494 2712 symoniacam
1510 2626 1659 2709 heresim,
1684 2649 1768 2713 quae
1784 2629 1926 2692 maxime
1950 2651 2009 2715 per
2031 2631 2120 2693 inve·
2140 2649 2168 2688 ιο

471 2736 601 2801 stinuas
632 2745 746 2800 contra
777 2734 949 2824 ecclesiam
972 2735 1037 2800 Dei
1069 2735 1225 2799 innovata
1248 2745 1307 2816 est,
1338 2732 1380 2798 ab
1412 2732 1552 2822 ecclesia
1575 2734 1650 2814 Dei,
1685 2733 1863 2821 opitulante
1892 2734 1981 2816 Deo,
2011 2746 2120 2800 vestro

470 2841 606 2909 consilio
631 2853 663 2906 et
686 2841 807 2906 auxilio
838 2839 987 2906 omnibus
1012 2841 1117 2906 modis
1147 2840 1314 2906 eliminare
1346 2839 1507 2904 desidero.
1553 2839 1661 2921 Unde,
1691 2841 1719 2905 si
1749 2839 1886 2926 placeat,
1918 2865 1938 2906 a
1967 2840 2120 2907 fratribus

471 2950 600 3031 nostris,
629 2950 684 3036 qui
716 2950 799 3013 inter
827 2971 886 3013 nos
918 2959 950 3012 et
979 2970 1092 3034 regem
1122 2947 1244 3012 dictum
1267 2947 1515 3012 'l'eutonicum¹¹¹
1541 2945 1645 3010 verba
1674 2946 1868 3013 concordiae
1898 2959 2119 3035 portavenmt,

472 3077 591 3122 causae
616 3053 764 3119 ordinem
788 3054 974 3141 diligentius
998 3054 1149 3136 audiatis,
1174 3065 1206 3118 et
1229 3052 1425 3140 quidnobis
1449 3076 1547 3140 super
1569 3052 1619 3117 his
1635 3054 1799 3139 agendum
1822 3055 1873 3136 sit,
1897 3056 2119 3142 unusquisque

469 3184 527 3250 pro
552 3161 648 3226 modo
673 3183 742 3244 suo,
766 3163 844 3248 quia
866 3184 966 3227 causa
990 3162 1168 3226 communis
1193 3172 1251 3242 est,
1275 3160 1479 3247 prudentiori
1503 3159 1636 3225 consilio
1660 3159 1855 3225 adtendatis.
2139 3184 2166 3223 as

578 3269 671 3333 Tunc
695 3268 832 3333 domnus
856 3291 942 3355 papa
959 3269 1103 3333 Ostiensi
1119 3269 1272 3354 episcopo
1289 3268 1439 3348 iniunxit,
1463 3277 1499 3330 ut
1514 3268 1667 3332 universo
1684 3266 1821 3332 concilio
1841 3268 1958 3332 Latine
1975 3267 2120 3334 ordinem

473 3398 592 3442 causae
617 3386 804 3462 exponeret.
852 3374 949 3455 Quod
972 3397 1046 3440 cum
1069 3373 1247 3461 prudenter
1270 3375 1442 3460 episcopus
1468 3374 1628 3439 Ostiensis
1658 3386 1853 3460 perorasset,
1884 3376 2001 3440 iterum
2025 3373 2120 3441 Cata·

467 3482 659 3548 leunensis¹¹
686 3483 858 3568 episcopus
882 3505 924 3546 cx
954 3492 1130 3569 praecepto
1161 3481 1271 3546 domni
1302 3503 1406 3567 papae
1436 3479 1498 3546 hoc
1529 3480 1615 3545 idem
1645 3480 1773 3546 clericis
1804 3490 1836 3545 οῖ
1858 3480 1951 3546 laicis
1974 3493 2121 3547 materna

472 3591 584 3677 lingua
608 3591 767 3677 exposuit.

577 3697 651 3778 Quo
675 3695 845 3782 completo,
870 3695 1012 3782 capitula
1034 3694 1135 3759 multa
1158 3694 1232 3759 illa⁰
1261 3694 1314 3759 die
1339 3705 1370 3758 et
1393 3696 1543 3781 sequenti
1567 3697 1744 3781 proposuit,
1776 3707 1809 3761 et
1831 3718 1933 3781 usque
1957 3695 2000 3760 ad
2022 3696 2120 3760 finem
2139 3718 2165 3756 aa

472 3803 602 3868 concilii
625 3805 778 3867 universa
801 3801 994 3888 complenda
1017 3801 1150 3866 dissilit.

355 3927 447 3968 octal-
579 3909 736 3996 Sequenti
759 3932 837 3974 vero
867 3908 919 3973 die
949 3947 993 3956 -
1023 3930 1097 3972 cum
1127 3909 1160 3972 in
1190 3907 1252 3972 hoc
1282 3907 1452 3972 consilium
1483 3910 1708 3996 episcoporum
1739 3907 1887 3988 sedisset,
1918 3918 1953 3972 ut
1982 3908 2119 3974 domnus

473 4040 560 4104 papa
584 4016 626 4081 ad
649 4017 736 4080 diem
759 4016 912 4102 colloquii
942 4039 1000 4101 pro
1025 4014 1249 4100 componenda
1271 4024 1375 4100 pacet
1402 4015 1585 4094 accederet,
1617 4024 1649 4078 οῖ
1671 4025 1779 4078 utrum
1806 4015 1840 4077 in
1862 4015 1999 4078 veritate
2022 4015 2118 4080 homo

470 4123 523 4188 ille
548 4135 669 4208 ageret,
701 4145 760 4208 per
790 4135 893 4187 semet
922 4124 1028 4208 ipsum
1058 4132 1232 4208 temptaret
1254 4161 1298 4169 —
1321 4122 1411 4185 circa
1432 4121 1530 4186 linem
1553 4120 1682 4185 concilii
1705 4118 1761 4184 illa
1785 4119 1837 4184 die
1867 4118 2003 4184 domnus
2033 4145 2117 4208 papa

470 4231 517 4294 sic
541 4239 730 4316 prosecutus
754 4239 818 4293 eet:
850 4227 993 4293 ‘Domini
1023 4239 1132 4313 patres
1164 4238 1196 4292 οῖ
1224 4227 1357 4293 fratres!
1394 4227 1492 4292 Scitis
1516 4249 1614 4314 quam
1638 4226 1694 4290 diu
1716 4236 1820 4290 mater
1846 4237 1956 4290 nostra
1980 4237 2114 4293 sanctas
2137 4249 2162 4288 se

475 4334 615 4425 ecclesia
639 4346 751 4398 contra
781 4336 1001 4421 symoniacam
1032 4334 1182 4416 heresim,
1212 4335 1355 4398 maxime
1386 4356 1470 4419 quae
1500 4355 1559 4419 per
1582 4334 1790 4396 investituras
1813 4330 1858 4414 lit,
1889 4334 1923 4397 in
1946 4333 2113 4418 patribusr

467 4443 587 4506 noenia
611 4440 817 4505 laboraverit.
870 4441 914 4504 Et
937 4441 1015 4526 quia
1044 4440 1167 4527 placuit
1197 4440 1409 4527 omnipotenti
1438 4439 1523 4522 Deo,
1554 4440 1672 4503 nostris
1703 4438 1818 4503 diebus
1849 4438 2007 4526 ecclesiae
2038 4463 2116 4503 suae

467 4571 585 4636 pacem
609 4547 734 4630 offerre,
760 4559 792 4611 et
807 4548 872 4611 iam
888 4548 1037 4634 proxima
1053 4546 1122 4611 dies
1139 4546 1292 4633 colloquii
1316 4546 1357 4611 ad
1381 4547 1486 4633 ipsum
1510 4546 1618 4611 locum
1634 4547 1775 4610 crastina
1798 4545 1851 4610 die
1874 4568 1933 4610 nos
1954 4544 2116 4630 compellit

471 4654 640 4736 accedere,
665 4677 869 4740 summopere
893 4677 1055 4740 rogamus,
1081 4665 1115 4717 ut
1143 4653 1282 4718 reditum
1311 4663 1455 4717 nastrum
1486 4655 1654 4738 pacienter
1683 4653 1869 4717 sustineatis
1900 4663 1941 4734 et,
1973 4653 2001 4714 si
2022 4651 2114 4715 Deus

469 4784 585 4849 pacem
609 4759 702 4825 nobis
726 4760 862 4842 dederit,
888 4783 1057 4826 commune
1082 4760 1237 4846 gaudium
1260 4762 1413 4825 universo
1436 4759 1557 4824 mundo
1581 4760 1794 4824 annuncietis.
1826 4757 1862 4824 Si
1886 4769 2004 4840 autem,
2028 4756 2115 4844 quod
2134 4776 2160 4813 ιι)

469 4868 562 4933 Deus
586 4878 726 4950 avertat,
751 4867 958 4932 adversarius
988 4865 1159 4932 nobiscum
1188 4868 1222 4930 in
1252 4866 1346 4932 dolo*
1381 4889 1479 4953 agere
1510 4861 1740 4952 temptaverit,¹
1764 4865 1955 4929 festinanter
1984 4864 2027 4929 ad
2056 4886 2114 4928 vos

469 4986 680 5040 revertemur.
734 4975 777 5038 Et
807 4975 892 5039 sicut
922 4975 1170 5038 conventionem
1199 4975 1305 5060 pacis,
1337 4973 1365 5036 si
1388 4973 1454 5054 fiat,
1484 4971 1655 5037 vobiscum
1684 4983 1724 5066 οῖ
1746 4994 1805 5058 per
1834 4995 1893 5037 vos
1924 4970 2114 5036 confirmare

469 5091 627 5168 optamus,
659 5083 707 5146 sic
737 5083 771 5146 in
801 5091 1051 5146 commentorem
1082 5079 1215 5160 fraudis,
1246 5081 1273 5142 si
1296 5079 1435 5144 infidelis
1460 5080 1610 5161 evaserit,
1641 5078 1761 5143 iudicio
1786 5077 1925 5165 Spiritus
1955 5079 2059 5142 sancti
2083 5088 2115 5142 οῖ

472 5198 579 5252 vestro
596 5188 739 5274 gladium
756 5186 862 5252 beatit
884 5187 973 5251 Petri
996 5185 1126 5250 vibrare
1141 5184 1393 5273 temptabimus'.
1425 5185 1522 5266 Quod
1545 5195 1640 5250 cum¹¹
1667 5184 1727 5250 sub
1752 5183 1886 5250 obtentu
1909 5183 2113 5272 obedientiae

469 5293 735 5381 archiepiscopis,
753 5296 914 5382 episcopis
932 5303 964 5358 et
979 5291 1156 5358 abbatibus
1170 5293 1373 5374 iniunxisset,
1397 5293 1566 5380 praecepit
1582 5293 1680 5357 etiam
1702 5303 1737 5356 ut
1752 5292 1890 5374 interim,
1915 5303 1948 5356 et
1971 5293 2113 5356 maxime
2133 5311 2158 5350 ιο

572 5527 599 5592 a)
621 5547 683 5581 cum
708 5531 735 5580 V.
817 5527 845 5592 b)
866 5549 913 5581 οιιι.
935 5533 958 5581 l.
978 5532 1002 5581 2.
1075 5525 1101 5590 ο)
1121 5546 1169 5579 one.
1189 5527 1216 5578 Κ
1298 5525 1326 5588 (1)
1349 5533 1376 5580 οῖ
1395 5535 1511 5595 accepta
1528 5547 1576 5579 om.
1598 5532 1620 5580 1.
1641 5532 1665 5581 2.
1745 5525 1771 5591 ο)
1792 5547 1840 5580 om.
1859 5530 1884 5579 2.
1962 5525 1983 5590 i)
2004 5528 2070 5578 deest
2090 5529 2112 5577 1.

466 5615 495 5686 g)
518 5619 625 5670 datam
646 5637 710 5672 rem.
732 5622 754 5670 l.
775 5622 799 5672 2.
857 5617 886 5681 h)
906 5620 972 5670 deest
992 5621 1014 5669 1.
1034 5621 1059 5670 2.
1113 5615 1134 5678 i)
1157 5625 1187 5668 ut
1206 5617 1241 5678 Z;
1261 5625 1366 5667 utnon
1386 5616 1413 5666 V.
1469 5615 1498 5680 k)
1520 5635 1554 5668 m.
1574 5634 1655 5684 quem
1674 5620 1683 5668 i
1703 5619 1771 5669 ΚΖ.
1826 5615 1846 5680 Ι)
1868 5615 2020 5669 eliminavit
2044 5617 2112 5666 ΚΖ,

466 5704 504 5770 m)
525 5709 725 5760 Theotcnicum
745 5711 770 5760 2.
837 5705 865 5768 ιι)
887 5707 1115 5759 Cautalaunensis
1141 5707 1208 5757 ΚΖ.
1273 5703 1301 5768 ο)
1322 5704 1371 5756 ἰΙΙο
1397 5705 1464 5756 ΚΖ.
1532 5703 1561 5774 p)
1582 5725 1629 5758 om.
1647 5707 1674 5757 V.
1752 5703 1779 5773 q)
1801 5725 1848 5758 ora.
1868 5705 1936 5756 ΚΖ.
2008 5702 2032 5765 ι)
2051 5722 2111 5772 ροι-

468 5799 543 5849 tibus
569 5797 636 5848 ΚΖ.
709 5795 733 5860 ο)
755 5796 932 5849 indoleam.
953 5796 1019 5847 ΚΖ.
1093 5794 1114 5857 ῖ)
1135 5797 1224 5846 sancti
1250 5795 1316 5845 ΚΖ.
1390 5791 1419 5857 ιι)
1440 5799 1526 5846 οιιι.1.
