4386 6390
469 368 534 430 520
761 373 941 429 GERHOHI
964 372 1199 428 PRAEPOSITI
1221 371 1630 428 REICHERSBERGENSIS
1652 369 1821 426 LIBELLI.

466 563 500 626 in
522 560 701 626 Ierusalem
732 560 909 642 redierunt,
934 560 1068 647 quidam
1091 583 1166 642 non,
1191 571 1223 624 et
1246 560 1280 624 hi
1303 562 1376 646 ipsi,
1402 562 1457 646 qui
1480 560 1656 642 redierunt,
1687 561 1789 625 multa
1821 559 2038 646 purificatione
2058 567 2089 630 in-

326 691 448 739 zenas.
466 667 649 754 diguerunt,
675 669 829 754 quoniam
853 669 978 754 etipse
1002 668 1094 732 Iesus
1118 667 1270 732 sacerdos
1295 690 1432 752 magnus
1457 677 1526 731 erat
1553 667 1692 731 sordidis
1714 665 1863 731 vestibus
1890 664 2025 746 indutus,
2046 674 2091 755 qni-

350 797 447 846 n:a‚11.
465 773 526 839 bus
558 773 673 839 ablatis
705 775 746 839 ab
770 797 808 840 eo
832 776 1012 840 mutatoriis
1044 774 1172 839 mundis
1203 774 1334 839 indutus
1364 785 1396 838 ct
1425 775 1532 838 aureis
1558 776 1685 838 coronis
1709 785 1843 838 ornatus
1875 773 2002 858 legitur.
2044 775 2096 856 Qus

465 883 600 946 mutatio
629 892 740 946 sancto
763 883 926 946 leronimo
958 883 1213 968 interpretantel
1238 881 1401 966 significat
1424 893 1649 945 ornamentum
1671 903 1770 945 verae
1794 881 2006 966 penitentiae,
2030 884 2096 948 euim

466 987 625 1072 religiosis
649 989 815 1052 exercitiis
838 990 872 1052 in
892 987 1023 1074 vigiliis,
1047 989 1081 1052 in
1105 989 1244 1068 ieiuniis,
1268 989 1302 1052 in
1325 987 1427 1052 multa
1449 989 1616 1074 patientia,
1641 990 1675 1052 in
1699 989 1835 1051 caritate
1859 1009 1928 1050 non
1952 987 2025 1050 ficta
2046 1011 2098 1053 con·
2146 988 2169 1030 3*

465 1105 620 1159 texuntur
642 1096 816 1160 mutatoria
838 1095 961 1159 munda
985 1105 1016 1159 et
1039 1092 1241 1159 fabricantur
1264 1117 1403 1159 coronae
1428 1096 1521 1181 signo
1546 1096 1726 1159 sanctitatis
1751 1117 1943 1180 expressae,
1967 1096 2055 1180 quasi
2071 1097 2101 1161 de

302 1199 448 1295 ³⁰³¹·J,l‘„¹,32
466 1225 543 1267 auro
568 1225 659 1288 puro,
685 1202 761 1266 dum
786 1201 884 1266 corde
909 1201 1052 1266 creditur
1076 1201 1119 1265 ad
1142 1202 1305 1266 iusticiam
1329 1211 1361 1264 et
1385 1203 1478 1288 quasi
1503 1201 1543 1265 de
1567 1213 1701 1288 argento
1717 1224 1778 1288 per
1792 1203 1907 1287 ignem
1925 1203 2104 1267 *examinato

466 1332 504 1374 ac
528 1321 666 1396 purgato
691 1309 886 1394 septuplum,
911 1309 988 1372 dum
1012 1330 1068 1372 ore
1092 1307 1253 1372 consessio
1269 1309 1305 1372 fit
1322 1307 1364 1372 ad
1381 1307 1517 1373 salutem
1541 1319 1574 1372 et
1596 1310 1741 1395 ipsorum
1757 1309 1976 1394 penitentium
1993 1321 2025 1372 et
2040 1310 2107 1394 ipso-

465 1439 537 1480 rum
567 1415 726 1502 exemplis
757 1415 1005 1502 proficientium.
1053 1414 1189 1480 Talibus
1221 1416 1348 1480 coronis
1378 1425 1511 1478 ornatur
1534 1427 1632 1501 caput
1661 1417 1772 1500 magni
1796 1414 1979 1479 sacerdotis
2004 1414 2110 1480 domini

466 1523 567 1587 nostri
591 1523 665 1587 Iesu
686 1520 817 1604 Christi,
843 1509 997 1609 quoniam
1021 1521 1063 1585 ad
1087 1523 1189 1608 ipsius
1212 1521 1349 1607 gloriam
1373 1533 1509 1608 spectat,
1534 1522 1621 1608 quod
1645 1522 1735 1586 multi
1760 1521 1930 1586 salvantur
1952 1545 2012 1609 per
2034 1525 2111 1608 peni-
2128 1539 2169 1584 ιι]

466 1629 611 1710 tentiam,
635 1630 692 1715 qni
715 1651 780 1693 non
803 1641 939 1715 possunt
963 1628 1083 1692 salvari
1106 1651 1166 1714 per
1188 1629 1418 1692 innocentiam.

577 1739 625 1800 18.
661 1736 704 1799 D.
737 1735 900 1816 Quoniam
924 1737 1019 1800 trium
1037 1735 1222 1822 vigiliarum
1238 1734 1455 1800 Antichristos
1472 1747 1651 1818 cruentum,
1675 1736 1919 1801 fraudulentum
1943 1747 1977 1800 et
2001 1737 2116 1800 inmun-

467 1841 543 1906 dum
568 1855 599 1906 et
624 1865 734 1906 eorum
757 1841 966 1929 preambulos
988 1843 1204 1924 Pharaonem,
1228 1841 1530 1909 Nabuchodonosor
1554 1855 1585 1908 et
1608 1843 1781 1908 Balthasar
1810 1845 2004 1931 prenotasti,
2027 1842 2117 1906 velim

466 1949 605 2013 lucidius
635 1950 792 2014 insinuari
817 1972 944 2031 causas,
969 1972 1027 2014 cur
1049 1951 1128 2014 istos
1156 1950 1270 2036 magis,
1295 1972 1393 2036 quam
1420 1950 1499 2014 alios
1523 1952 1668 2016 tirannos
1698 1951 1733 2014 in
1756 1951 1817 2015 hac
1840 1949 2118 2036 preambulatione

466 2057 718 2143 presignaveris.
2136 2079 2169 2118 ιε

573 2163 617 2227 M.
655 2162 762 2243 Quam
786 2163 883 2228 fuerit
907 2173 1059 2227 cruentus
1083 2163 1221 2245 Pharao,
1246 2185 1409 2250 quamque
1440 2164 1553 2228 similis
1583 2163 1681 2229 fuerit
1703 2164 1828 2229 Herodi
1858 2165 1965 2250 primo
1991 2163 2120 2228 Domini

466 2271 567 2334 nostri
590 2271 802 2356 persecutori,
826 2293 891 2334 non
915 2279 964 2334 est
987 2272 1181 2356 ignoratum.
1216 2270 1254 2334 ln
1278 2270 1331 2334 illo
1349 2269 1497 2335 diabolus
1521 2293 1655 2357 serpens
1679 2273 1831 2358 antiquus
1855 2271 1995 2357 prelusit
2014 2283 2121 2335 eontra

308 2399 449 2448 sensam.
467 2377 622 2464 populum
645 2377 710 2442 Dei
741 2378 847 2442 sciens
870 2375 1024 2442 Abrahae
1055 2378 1249 2464 promissum
1279 2399 1391 2441 semen
1420 2377 1501 2442 illud
1530 2377 1748 2461 benedictum,
1773 2378 1813 2442 de
1838 2401 1902 2464 quo
1928 2378 2121 2442 dictumest

351 2505 450 2556 u.a,1s.
467 2483 510 2549 ad
533 2485 638 2570 ipsum
669 2485 703 2547 in
727 2483 895 2570 paradiso:
928 2485 1046 2550 Ponam
1076 2487 1271 2550 inimicicias
1298 2489 1379 2550 inter
1402 2500 1429 2550 te
1452 2501 1480 2550 et
1501 2487 1664 2550 mrtlr'erem
1688 2501 1715 2550 et
1736 2511 1837 2550 semen
1861 2501 1948 2550 tetum
1974 2501 2004 2550 et
2024 2510 2119 2550 semen

467 2593 565 2657 illius.
615 2591 735 2656 Samen
766 2594 925 2678 serpentis
956 2601 1005 2654 est
1034 2592 1250 2674 mendacium,
1281 2591 1368 2678 quod
1398 2593 1431 2655 in
1454 2591 1663 2656 Antichristis
1693 2590 1842 2656 omnibus
1866 2601 1900 2656 et
1923 2592 2068 2655 maxime
2090 2594 2121 2655 in
2137 2615 2169 2652 a·

329 2721 363 2762 r..
373 2720 407 2770 sr,
417 2720 448 2762 12.
466 2698 578 2762 ultimo
601 2697 802 2763 Antichristo
833 2697 994 2784 regnabit.
1041 2697 1160 2763 Semen
1184 2721 1263 2763 vero
1293 2698 1436 2763 mulieris
1466 2709 1515 2764 est
1536 2700 1667 2780 veritae,
1693 2721 1755 2785 que
1780 2699 1933 2762 deterre
1964 2709 2037 2762 orta
2066 2711 2119 2778 est,

467 2805 544 2891 quia
560 2803 708 2870 Christus
732 2805 773 2870 de
789 2803 895 2870 Maria
917 2815 1087 2886 natusest,
1108 2828 1170 2891 que
1189 2804 1229 2869 de
1246 2806 1346 2891 stirpe
1361 2804 1516 2870 Abrahae
1541 2804 1720 2869 descendit.
1756 2805 1829 2869 Hoc
1853 2815 1980 2869 tantum
2004 2804 2120 2869 bonum

466 2910 637 2997 prepedire
654 2911 766 2976 volens
790 2912 844 2976 ille
868 2934 1002 2998 serpens
1026 2912 1178 2998 antiquus
1193 2922 1383 2997 persecutus
1400 2923 1450 2976 est
1472 2935 1574 2998 genus
1590 2911 1743 2976 Abrahae
1760 2913 1864 2998 primo
1888 2913 1924 2975 in
1939 2912 2119 2994 Pharaone,

338 3040 380 3083 nx.
388 3042 406 3088 ι,
416 3040 448 3084 rs.
466 3019 523 3104 qni
545 3019 693 3104 precepit
709 3019 870 3083 masculos
886 3017 1094 3082 Hebreorum
1110 3016 1226 3100 occidi,
1250 3018 1312 3083 hoc
1328 3018 1510 3100 intendens,
1527 3031 1561 3083 ut
1578 3021 1671 3105 quasi
1689 3029 1803 3083 trrmco
1821 3019 1950 3104 generis
1967 3017 2119 3082 Abrahae

466 3126 603 3208 succiso,
629 3125 668 3188 de
693 3148 756 3211 quo
781 3147 952 3210 egressura
976 3136 1046 3189 erat
1067 3125 1162 3210 virga
1184 3124 1296 3188 florem
1314 3123 1478 3190 Christum
1501 3127 1655 3212 paritura,
1677 3127 1799 3190 veritas
1814 3125 1880 3189 Dei
1904 3127 2146 3212 promittentiss

466 3230 702 3314 falsificaretur,
727 3255 801 3296 eum
825 3255 891 3296 non
919 3242 1104 3318 superesset
1132 3253 1247 3316 genus,
1270 3233 1356 3296 uude
1381 3230 1528 3296 Christus
1557 3243 1755 3297 nasceretur.
1802 3233 1875 3296 Hoc
1906 3232 1997 3296 idem
2027 3245 2060 3296 et
2088 3233 2119 3295 in

334 3361 448 3410 nasas.
466 3340 583 3403 ceteris
614 3340 750 3404 tirannis
775 3338 1077 3403 Nabuchodonosor
1101 3349 1133 3402 et
1155 3337 1328 3402 Balthasar
1354 3339 1548 3420 intenderat,
1573 3361 1707 3424 quorum
1733 3339 1814 3403 alter
1836 3361 1960 3424 magos,
1994 3337 2118 3421 ariolos,

465 3447 632 3532 aruspices
657 3457 689 3510 et
713 3444 876 3510 maleficos
900 3446 1019 3531 legitur
1042 3445 1242 3510 consuluisse
1266 3455 1467 3532 pugnaturus
1492 3455 1604 3509 contra
1627 3468 1730 3530 genus
1754 3444 1919 3527 Abrahae,
1945 3447 1980 3509 in
2004 3445 2118 3530 quibus

294 3576 447 3625 erronea.
466 3563 559 3639 pater
582 3553 745 3617 mendacii
769 3563 882 3618 eontra
905 3553 1077 3616 veritatem
1102 3551 1143 3616 de
1166 3550 1319 3616 Abrahae
1343 3551 1411 3615 filia
1437 3553 1635 3616 nascituram
1663 3551 1822 3634 sibilavit3
1854 3551 1937 3616 alter
1959 3541 2039 3616 uero
2063 3554 2118 3616 im·

465 3659 638 3724 mundiciis
663 3683 737 3724 eum
761 3653 828 3724 suis
852 3657 1042 3724 concubinis
1058 3658 1208 3722 vacando
1232 3669 1265 3722 et
1287 3681 1368 3722 vasa
1383 3659 1456 3722 Deo
1473 3669 1602 3723 sacrata
1618 3657 1868 3724 contaminando
1892 3669 1991 3744 atque
2008 3660 2118 3744 generi
2135 3681 2169 3716 e.

465 3765 618 3830 Abrahae
643 3767 689 3830 sic
713 3768 850 3853 turpiter
866 3765 1046 3847 dominans,
1064 3767 1157 3852 quasi
1173 3787 1349 3851 numquam
1366 3765 1546 3829 relaxanda
1568 3776 1655 3830 esset
1677 3767 1747 3829 eius
1771 3766 1944 3851 captivitas
1961 3763 2003 3829 de
2020 3789 2118 3851 regno

466 3894 534 3954 suo,
558 3883 594 3938 ut
616 3873 669 3937 ille
699 3872 836 3960 putabat
866 3874 1063 3959 sempiterno
1086 3873 1139 3937 vel
1167 3883 1287 3954 eterno,
1312 3873 1465 3958 quoniam
1496 3873 1543 3936 sie
1573 3872 1707 3937 salutari
1737 3872 1866 3936 solitum
1895 3872 1957 3936 fuit
1988 3872 2118 3958 regibus

349 4001 447 4052 rasas.
465 3979 550 4043 illius
575 3981 677 4066 regni,
701 3991 737 4044 ut
760 3979 924 4044 diceretur
947 3981 1065 4065 cuique
1089 3978 1231 4043 illorum:
1257 3979 1328 4043 Iler
1350 3982 1382 4043 r'n
1399 3994 1535 4044 eternum
1552 3983 1629 4045 oica.
1667 3979 1733 4061 Sic,
1756 3981 1901 4065 inquam,
1922 3979 2119 4044 dominando

467 4096 499 4151 et
521 4085 715 4150 luxuriando
740 4085 920 4151 conabatur
936 4085 1066 4151 diabolo
1083 4084 1239 4150 suadente
1256 4087 1368 4171 generi
1384 4083 1538 4150 Abrahae
1563 4085 1650 4172 apud
1673 4109 1707 4150 se
1731 4087 1861 4171 captivo
1885 4085 1999 4150 tollere
2023 4085 2119 4151 fidem

355 4216 447 4255 ·r.1oa.
466 4216 505 4256 ac
527 4197 633 4279 “spem
656 4194 850 4257 reversionis
874 4194 908 4256 in
931 4203 1050 4256 terram
1074 4192 1308 4278 promissionis,
1326 4191 1383 4256 ubi
1399 4191 1547 4256 Christus
1571 4193 1611 4257 de
1636 4195 1735 4280 stirpe
1751 4191 1906 4257 Abrahae
1930 4193 1993 4256 fuit
2016 4195 2119 4258 nasci·
2137 4215 2169 4252 su·

466 4311 556 4364 turus
580 4300 672 4364 iuxta
687 4301 844 4364 vaticinia
867 4299 1109 4386 prophetarum.
1144 4298 1211 4363 Sed
1234 4300 1318 4363 inter
1341 4297 1453 4384 epulas
1478 4309 1510 4363 et
1533 4301 1714 4385 potationes
1729 4297 1944 4385 principibus,
1960 4299 2119 4364 uxoribus

335 4429 448 4480 omes.
467 4417 500 4470 et
523 4405 713 4471 concubinis
737 4408 807 4470 eius
831 4407 1003 4492 magnifice
1027 4429 1066 4470 ae
1089 4406 1254 4470 luxuriose
1278 4415 1468 4491 preparatas
1492 4405 1574 4470 vidit
1603 4407 1672 4492 ipse
1696 4428 1754 4470 rex
1777 4407 1842 4470 iam
1865 4406 2064 4470 temulentus
2088 4408 2120 4470 in

466 4515 592 4599 pariete
616 4512 769 4578 articulos
786 4537 910 4595 manus,
928 4535 993 4600 qua
1009 4511 1255 4577 describebatur
1278 4514 1347 4576 cius
1370 4535 1507 4597 regnum
1530 4523 1607 4577 tunc
1630 4512 1685 4577 illa
1708 4523 1801 4578 noete
1826 4512 1868 4577 ab
1885 4535 1924 4576 eo
1941 4512 2119 4578 tollendum

375 4643 447 4683 aas.
468 4630 500 4683 et
522 4619 735 4684 dividendum
758 4631 855 4707 atque
879 4619 1073 4684 tradendum
1088 4620 1197 4683 Persis
1221 4641 1259 4682 ae
1276 4618 1391 4683 Medis.
1428 4618 1583 4684 Similiter
1605 4621 1670 4684 iam
1693 4631 1769 4684 nato
1793 4619 1847 4684 illo
1872 4621 1996 4684 semine
2021 4619 2118 4685 bene·

302 4750 448 4799 naeinam.
468 4727 554 4791 dicto
571 4750 631 4790 rex
646 4727 807 4808 Herodes,
825 4728 917 4813 quasi
934 4727 1015 4790 alter
1030 4725 1169 4808 Pharao,
1193 4726 1353 4790 masculos
1376 4726 1517 4791 infantes
1534 4725 1723 4808 occidendo,
1748 4727 1892 4812 agitante
1916 4749 1951 4790 se
1976 4726 2117 4809 diabolo,
2134 4744 2169 4784 w

467 4834 599 4897 seminis
622 4833 708 4898 illius
732 4835 865 4920 antiquo
888 4835 1030 4914 inimice,
1055 4832 1157 4897 voluit
1179 4834 1263 4897 inter
1285 4834 1374 4919 ipsos
1397 4834 1538 4897 infantes
1561 4833 1697 4919 perdere
1717 4832 1882 4898 Christum
1906 4835 1972 4898 iam
1995 4846 2117 4916 natum,

467 4939 557 5003 cuius
582 4940 615 5002 in
631 4939 801 5004 Pharaone
825 4941 902 5004 item
926 4963 985 5026 per
1003 4961 1101 5004 neces
1123 4938 1340 5003 masculorum
1362 4941 1521 5006 infantum
1538 4940 1683 5005 voluerat
1706 4939 1879 5027 prepedire
1903 4942 2116 5006 nativitatem.

345 5059 351 5072 '
467 5046 522 5111 Sic
546 5047 678 5132 incepta
701 5057 814 5112 contra
838 5046 1002 5111 Christum
1026 5045 1200 5110 erudelitas
1223 5045 1427 5112 homicidalis
1455 5049 1488 5111 in
1511 5048 1648 5134 imperio
1670 5048 1827 5129 Romano,
1851 5049 1944 5112 cuius
1967 5048 2116 5113 Herodes

466 5154 613 5218 minister
636 5154 706 5235 fuit,
731 5176 833 5239 usqne
858 5152 900 5217 ad
924 5163 1096 5238 augustum
1113 5150 1361 5219 Constantinum
1378 5156 1610 5240 perseveravit,
1634 5174 1697 5240 quo
1721 5152 1764 5216 ad
1786 5154 1884 5218 tidem
1902 5154 2025 5220 Christi
2044 5177 2115 5221 con·

465 5282 560 5324 verso
592 5270 624 5324 et
653 5261 686 5322 in
717 5262 810 5345 aquis
841 5257 994 5346 baptismi
1022 5259 1110 5323 velut
1139 5260 1172 5322 in
1203 5261 1286 5323 mari
1316 5259 1413 5325 rubro
1444 5261 1644 5324 sanctificato
1675 5282 1734 5345 per
1764 5262 1932 5346 sanguinis
1963 5261 2154 5326 dominicis

466 5377 705 5430 sacramentum
736 5365 908 5431 salubriter
929 5389 1035 5430 merso
1060 5365 1195 5452 aliisque
1220 5367 1355 5430 tirannis
1379 5368 1497 5452 partim
1520 5366 1695 5448 conversis,
1720 5376 1756 5429 ut
1778 5367 1849 5452 ipse
1874 5365 2112 5449 Constantinus,

576 5626 604 5695 l)
631 5625 733 5682 Concor.
759 5624 787 5680 in
813 5623 987 5680 Zachariam
1012 5625 1029 5678 l.
1047 5623 1071 5680 Ι.
1091 5625 1131 5696 II,
1159 5624 1232 5702 Opp.
1258 5627 1299 5682 ed.
1320 5624 1477 5682 Vallarsius
1500 5632 1518 5680 t.
1540 5623 1587 5694 VI,
1613 5626 1663 5680 col.
1682 5623 1756 5680 802.
1783 5623 1855 5695 828,
1879 5626 1933 5682 sed
1953 5626 2038 5684 verba
2060 5645 2112 5682 noa

467 5732 647 5789 consentiunt.
1873 5751 1878 5756 ·’
