4386 6390
259 410 593 468 CAMERACENSIUM
616 411 668 466 ET
690 409 993 468 NOVIOMENSIUM
1018 407 1276 468 CLERICORUM
1300 411 1528 468 EPISTOLAE.
1663 403 1726 466 dil

72 624 205 686 cumque
228 599 319 664 modo
342 623 521 679 nascamur,
552 613 668 664 tantrtm
692 614 726 664 ut
748 601 839 664 illins
862 602 993 687 vestiqia
1018 601 1186 679 imitemur,
1216 601 1255 664 al
1286 601 1377 664 illan
1400 624 1530 687 corpore
1553 623 1613 664 non
1637 625 1726 686 sepa·

74 732 192 788 remur,
222 709 312 771 cuins
339 731 399 792 per
414 707 515 794 fidem
545 709 684 772 membra
714 709 819 794 effecti
844 731 959 778 sumus.
1014 705 1059 769 Er
1092 706 1177 769 sicut
1205 705 1259 769 ille
1289 727 1386 770 verus
1417 715 1466 769 est
1496 706 1653 791 pontifex,
1685 727 1728 770 ex

74 811 289 878 adulterinis²
312 835 451 877 nascens
475 795 777 894 commixtionibus,
800 813 846 876 ita
870 812 1098 899 qualicumque
1122 811 1236 876 ordine
1259 822 1353 876 natus
1378 813 1419 876 sit
1444 811 1571 898 aliquis,
1602 823 1726 876 tantum

75 930 111 983 ut
133 919 312 1005 perfectam
335 917 433 984 fidem
457 918 577 984 habeat
599 930 632 985 et
656 920 743 1007 quod
766 919 830 984 fide
854 929 943 983 tenet
967 917 1120 1004 operibus
1149 918 1291 1005 impleat,
1322 919 1427 1004 sitque
1450 918 1598 983 literatus
1622 929 1654 983 et
1677 920 1728 983 vir
1746 945 1905 993 armana.

40 1027 172 1091 eunius
201 1027 323 1108 uxoris,
353 1049 561 1113 nequaquam
591 1049 611 1091 a
640 1025 823 1092 sacerdotio
852 1025 1037 1112 repellatur.
1091 1025 1190 1090 Iudas
1221 1026 1307 1089 enim
1337 1025 1523 1112 patriarcha
1553 1025 1728 1091 concubuit
1747 1051 1889 1098 aeneam

75 1155 149 1197 cum
167 1133 319 1214 Thamar,
343 1157 426 1197 nuru
449 1155 517 1217 saa,
543 1144 576 1197 et
599 1156 640 1198 ex
663 1134 718 1198 illo
743 1135 830 1198 coitu
853 1143 928 1197 sunt
950 1134 1017 1196 nati
1041 1131 1166 1196 Phares
1190 1141 1223 1196 et
1238 1132 1333 1196 Zara.
1368 1130 1450 1196 Inde
1473 1141 1588 1219 postea
1607 1132 1727 1215 Saline,
1747 1159 1827 1198 mern.
1837 1161 1855 1206 ι,
1865 1159 1885 1197 a.

76 1240 132 1326 qui
155 1239 217 1303 fuit
239 1238 306 1304 dux
329 1240 363 1303 in
387 1239 526 1324 deserto,
550 1240 626 1304 inde
649 1239 745 1306 Obed
768 1251 800 1304 et
816 1239 912 1322 Ruth,
937 1239 1078 1325 indeque
1094 1239 1183 1304 Boon
1208 1238 1249 1302 de
1265 1238 1390 1322 Rhaab,
1414 1239 1490 1304 inde
1513 1249 1629 1326 postea
1650 1240 1727 1322 lsai,
1746 1265 1803 1309 aa.

76 1347 132 1432 qui
162 1347 223 1411 luit
251 1357 345 1432 pater
372 1346 493 1411 David.
544 1347 598 1411 Ex
628 1347 684 1412 illa
713 1370 791 1412 vero
821 1348 977 1434 progenie
1009 1347 1100 1430 origo
1129 1345 1265 1410 Domini
1296 1345 1434 1428 ducitur,
1466 1347 1521 1432 qui
1551 1357 1600 1410 est
1629 1369 1727 1411 verus
1747 1372 1905 1421 cananae.

76 1452 240 1534 sacerdos,
264 1453 403 1541 ideoque
426 1453 484 1518 filii
508 1454 577 1519 eius
601 1477 728 1537 sumus3
754 1465 785 1518 et
809 1477 892 1541 quae
916 1455 985 1539 ipse
1002 1452 1090 1536 fecit,
1115 1453 1232 1516 imitari
1249 1453 1432 1538 peremnia
1449 1451 1616 1517 debemus.
1651 1453 1727 1540 Ipse

31 1587 58 1624 ιο
76 1581 206 1645 quaque
222 1559 382 1624 Dominus
405 1562 439 1624 in
464 1560 635 1647 euangelio
659 1562 720 1625 ait:
749 1561 876 1626 Omnem
899 1564 959 1648 qui
978 1563 1063 1625 uenit
1084 1560 1197 1625 adme
1220 1583 1281 1624 non
1305 1562 1419 1625 eiciam
1434 1562 1544 1649 sores.
1580 1560 1663 1624 Item
1687 1559 1727 1624 de
1748 1586 1867 1635 aaran

77 1663 208 1729 eodem:
245 1666 358 1731 Omnis
382 1671 442 1754 qui
454 1670 546 1755 facit
566 1669 750 1733 uoluntatem
771 1671 878 1754 patriis
901 1670 966 1732 mei
986 1670 1045 1754 qui
1064 1670 1100 1732 in
1122 1669 1217 1732 coelis
1233 1681 1286 1747 est,
1310 1670 1378 1753 ipse
1393 1691 1478 1732 meus
1493 1669 1616 1755 frater,
1638 1691 1729 1732 soror
1748 1692 1907 1742 mariniaco.

76 1787 105 1837 et
126 1787 225 1838 mater
248 1789 299 1838 est.
346 1772 400 1838 Ad
424 1773 679 1838 confirmandam
703 1796 781 1839 vero
812 1774 1036 1859 euangelicam
1068 1773 1247 1838 doctrinam
1264 1773 1379 1838 Victor
1408 1795 1496 1860 papa
1524 1774 1559 1838 in
1590 1773 1728 1860 epistola

75 1878 165 1942 Afris
189 1877 315 1944 directa
337 1880 452 1945 dicit1:
483 1881 582 1946 Nulli
609 1883 702 1946 licent
733 1883 945 1970 eaanqeliearn
977 1881 1153 1947 doctrinam
1184 1881 1324 1945 deserere
1352 1895 1380 1945 et
1401 1881 1594 1946 sacerdotali
1614 1882 1729 1946 loncre

77 1987 279 2072 eerrquudere.
316 1985 405 2050 Nihil
421 1988 541 2074 quippe
558 1988 692 2074 prodest
707 1986 891 2051 hominibus
906 1986 1023 2072 legem,
1048 2009 1132 2073 quac
1149 2009 1209 2073 per
1231 2009 1342 2051 servos
1359 1986 1437 2050 data
1457 1997 1516 2068 est,
1541 1987 1727 2068 defendere,

33 2119 59 2158 ra
77 2094 133 2178 qui
156 2093 294 2178 gratiam
318 2093 490 2179 euangelii,
516 2117 599 2180 quae
623 2117 682 2181 per
697 2093 798 2158 filium
822 2094 908 2158 facta
931 2104 990 2176 est,
1015 2093 1188 2158 noluerunt
1210 2094 1367 2179 recipere.
1400 2092 1581 2158 Callirrtusb
1598 2116 1727 2180 quoque

76 2221 163 2286 papa
184 2200 219 2263 in
243 2198 383 2264 decretis
407 2201 490 2264 ait²z
523 2201 723 2282 Sententiam,
740 2203 878 2290 fratres,
902 2227 982 2288 qnae
1005 2201 1260 2266 misericordiam
1290 2215 1379 2281 uetat,
1409 2223 1472 2264 non
1493 2202 1594 2265 solnm
1617 2216 1727 2282 tenere,

76 2307 133 2371 sed
155 2322 183 2372 et
204 2307 318 2372 and-ire
341 2309 488 2395 refuqite,
520 2311 596 2395 quia
613 2312 723 2396 potior
753 2324 797 2374 est
825 2308 1048 2374 misericordia
1075 2309 1218 2372 omnibus
1241 2308 1555 2385 holocaustomatibus
1577 2322 1607 2373 et
1627 2311 1726 2372 sacri·

69 2417 170 2501 jieiia
210 2413 254 2477 Et
276 2413 415 2500 Vigilius
439 2419 562 2501 papa³z
592 2416 690 2496 Certe,
715 2417 842 2480 etiamsi
861 2441 946 2480 mens
968 2418 1011 2479 sit
1032 2418 1112 2479 recti
1133 2416 1268 2494 eorucia,
1292 2413 1433 2478 uindicta
1457 2414 1572 2502 diqnus
1595 2428 1648 2494 est,
1672 2418 1731 2500 qui

77 2522 142 2585 alii
155 2524 255 2586 estitit
270 2546 366 2586 cauea
374 2523 527 2608 periculi.
562 2522 655 2586 Elin
672 2522 809 2587 concilio
825 2520 1050 2604 Anchiritano,
1068 2521 1174 2607 eapite
1190 2519 1234 2584 X.
1252 2518 1292 2584 de
1310 2521 1491 2606 coniugatis
1507 2519 1665 2602 diaconis,
1683 2521 1727 2585 ita

31 2653 59 2691 ro
77 2628 274 2714 1·epcritur⁴:
299 2629 463 2694 Draconem
479 2654 547 2694 enm
564 2631 741 2710 ordinatur,
764 2632 798 2694 si
818 2632 852 2694 in
876 2631 948 2715 ipsa
972 2629 1171 2694 ordinatione
1187 2641 1379 2714 protestatus
1387 2629 1497 2716 fuerit
1519 2629 1627 2693 dicens
1651 2629 1713 2693 nell
1725 2678 1727 2684 <

76 2759 108 2798 se
138 2735 250 2800 labere
280 2760 407 2800 caerem
437 2761 492 2800 nec
514 2761 608 2822 posse
637 2760 669 2801 se
699 2739 865 2816 contria-ere,
893 2737 945 2800 tu'e
961 2751 1074 2822 postea
1103 2737 1136 2800 si
1162 2735 1208 2799 ad
1229 2737 1357 2821 nuptiae
1383 2737 1510 2815 venerit,
1540 2750 1666 2800 manent
1694 2737 1728 2800 in

76 2843 251 2906 nrrirrlsterio
282 2851 343 2905 etc.
392 2841 488 2922 Quod
518 2852 625 2906 autem
659 2842 744 2907 filius
779 2865 844 2908 non
877 2841 1102 2928 reprobandus
1137 2842 1178 2904 sit
1211 2850 1345 2927 propter
1378 2841 1581 2926 iniquitatem
1616 2842 1727 2927 patris,

76 2947 237 3011 Dominus
267 2970 327 3035 per
355 2948 548 3034 prophetam
578 2959 776 3035 protestatur
805 2949 933 3013 dicens:
966 2949 1075 3014 Filias
1104 2973 1166 3013 non
1183 2950 1328 3034 peruidit
1354 2950 1552 3034 iniquitatem
1568 2952 1679 3036 putris
1702 2964 1730 3014 et
1748 2976 1871 3026 nirano.

70 3070 166 3140 pater
188 3079 249 3120 non
266 3057 412 3144 portabit
433 3059 631 3142 iniquitatem
654 3058 734 3144 filii.
788 3054 967 3142 Gregorius
996 3056 1030 3118 in
1061 3054 1215 3141 pastorali
1239 3053 1279 3118 dc
1304 3053 1499 3118 excellentia
1519 3061 1726 3140 pastorum⁵r

31 3186 59 3225 aa
76 3161 264 3247 Plerumque
287 3177 387 3228 rector
411 3164 524 3228 oblitae
553 3167 608 3228 sai
634 3167 669 3229 in
693 3175 800 3228 uocesc
824 3189 857 3230 se
879 3166 1003 3251 sparqit
1025 3166 1186 3244 alienas⁰,·
1217 3164 1309 3226 talem
1339 3187 1371 3227 se
1402 3163 1511 3244 credit,
1542 3165 1667 3248 qualem
1696 3189 1727 3228 se

69 3270 163 3355 foris
186 3268 287 3350 audit,
317 3293 379 3334 non
409 3271 532 3355 qualem
556 3273 640 3336 t'rrtus
664 3271 840 3336 descernere
870 3272 985 3350 debuit,
1016 3272 1167 3335 subiectos
1197 3269 1333 3355 daqrieit
1362 3293 1471 3354 eosque
1494 3271 1642 3355 aequales
1664 3273 1730 3336 sili

76 3389 207 3440 naturae
231 3376 342 3441 ordine
365 3399 424 3440 non
449 3380 590 3464 aqnoscit
616 3392 644 3442 et
666 3402 742 3463 quos
772 3392 853 3442 sorte
868 3379 1034 3464 potestatis
1064 3379 1238 3455 excesserit,
1269 3375 1498 3442 transcendisse
1529 3380 1621 3442 etiam
1645 3381 1727 3443 citae

75 3485 197 3546 meritis
212 3482 320 3547 eredit.
348 3482 450 3546 Porro
467 3504 507 3546 ne
525 3484 617 3570 quis⁶
631 3485 666 3546 in
682 3482 823 3547 ecclesia
838 3482 960 3569 duplici
975 3483 1117 3568 potiatur
1132 3482 1254 3546 honore
1271 3491 1303 3546 et
1318 3493 1353 3546 ut
1368 3505 1434 3546 una
1449 3493 1574 3547 tantum
1590 3485 1727 3569 quisque

77 3596 247 3652 contentus
278 3590 369 3653 vivat
397 3588 595 3675 praebenda,
626 3589 716 3654 nulla
743 3588 837 3654 nobis
868 3591 972 3676 aperit
1002 3591 1101 3654 ratio:
1134 3611 1208 3652 cum
1238 3586 1298 3652 sub
1328 3588 1488 3674 religiosis
1516 3589 1663 3675 patribus
1694 3591 1727 3653 in

29 3718 59 3758 m
77 3694 220 3759 clericali
244 3695 356 3760 ordine
380 3696 453 3760 talis
478 3719 607 3783 semper
628 3698 749 3761 usitata
771 3697 869 3761 luerit
892 3695 1103 3778 consuetudo,
1134 3717 1217 3781 quae
1250 3705 1282 3759 et
1305 3694 1440 3781 siugulis
1465 3695 1612 3760 ecelesiis
1637 3695 1728 3760 salva

76 3801 140 3865 fide
171 3801 361 3867 conceditur
390 3802 432 3867 ab
462 3805 644 3868 introeunte
675 3805 839 3890 episcopo.
887 3802 988 3868 Ouius
1019 3801 1263 3867 consuetudinis
1290 3802 1414 3867 licitum
1438 3801 1618 3888 Gregorius
1642 3825 1726 3874 com,-

77 3907 209 3972 mendat
231 3909 265 3973 in
289 3909 425 3996 epistola
448 3909 491 3974 ad
514 3909 701 3975 Leandrum
726 3909 917 3997 Spalensem
949 3911 1138 3996 episcopum
1169 3909 1317 3973 dicena⁷:
1348 3909 1467 3973 Illaesa
1496 3936 1560 3976 una
1582 3911 1663 3998 fide,
1693 3911 1726 3974 in

77 4013 188 4079 divino
212 4015 320 4079 officie
343 4032 468 4082 sciretne
492 4019 640 4082 ecelesiae
663 4019 849 4083 corisuetudo
873 4019 1000 4082 diuersa
1024 4027 1081 4080 est.
1117 4016 1162 4081 Et
1176 4014 1292 4081 beatus
1307 4016 1510 4102 Augustinus
1527 4016 1567 4081 de
1592 4039 1725 4082 consue-

77 4120 243 4185 tudinibus
259 4121 302 4185 ad
317 4122 504 4187 Ianuarium
520 4124 605 4188 inter
621 4134 753 4188 caetera
769 4124 886 4188 dicitu
911 4125 963 4189 Ea
980 4149 1060 4210 quae
1079 4127 1113 4188 in
1130 4125 1267 4188 diuersis
1283 4126 1361 4189 locis
1376 4139 1404 4188 et
1418 4127 1598 4212 reqionilus
1621 4126 1725 4190 multi·

28 4230 204 4315 supliciter
232 4245 305 4294 sarit
333 4233 474 4296 instituta
505 4246 533 4296 et
562 4246 669 4296 contra
692 4232 793 4318 fldem
823 4247 851 4296 et
880 4233 974 4296 bonos
1003 4255 1103 4296 morea
1126 4255 1188 4294 non
1210 4255 1275 4295 esse
1292 4233 1481 4316 probantur,
1509 4232 1727 4318 indifferenter

77 4336 220 4400 labenda
238 4351 310 4400 sunt
332 4346 364 4399 et
388 4336 621 4402 consuetudine
646 4338 899 4423 uniuscuiusque
925 4336 1083 4401 ecelesiae
1108 4348 1324 4422 congruenter
1349 4347 1381 4400 et
1404 4337 1594 4423 simpliciter
1617 4335 1725 4402 obser·

76 4440 194 4505 vanda.
241 4441 310 4506 Nec
335 4443 512 4529 quidquam
536 4443 624 4508 aliud
647 4445 681 4507 in
705 4445 751 4508 eis
775 4442 1016 4530 requirendum.

182 4548 226 4613 Et
245 4559 281 4613 ut
299 4549 341 4613 ad
361 4572 428 4613 reru
448 4549 643 4614 reducamus
663 4550 782 4634 stilum,
801 4551 957 4614 miramur
974 4549 1082 4631 valde,
1100 4572 1176 4638 ,cum
1196 4548 1237 4613 ad
1256 4551 1433 4637 praeterita
1452 4552 1520 4614 aive
1539 4551 1725 4637 praesentia

76 4665 300 4740 retorquemus
324 4655 462 4721 oculum.
501 4657 614 4742 Longe
639 4658 724 4722 enim
749 4667 823 4721 ante
841 4679 900 4722 nos
920 4655 1102 4720 audivimus
1123 4666 1155 4720 et
1173 4678 1232 4721 nos
1251 4657 1315 4742 ipsi
1334 4658 1545 4742 cognovimus
1569 4655 1726 4743 quosdam

25 4785 59 4822 a
77 4783 118 4824 ex
148 4761 223 4825 filiis
254 4761 507 4827 concubinarum
538 4763 640 4828 fuisse
670 4763 839 4850 religiosos
868 4761 1066 4850 presbiteros
1098 4772 1130 4827 et
1159 4761 1328 4845 diaconos,
1361 4763 1566 4828 venerabiles
1596 4785 1726 4850 quoque

77 4869 247 4955 episcopos
265 4879 297 4933 et
313 4868 465 4934 abbates:
490 4871 624 4957 insuper
645 4872 742 4935 etiam
766 4870 1049 4935 christianissimos
1068 4891 1163 4955 reges
1182 4891 1310 4934 necnon
1329 4870 1430 4956 ipsius
1449 4870 1615 4934 Romanae
1639 4869 1726 4934 sedis

183 5067 210 5130 a)
231 5069 271 5119 lic
284 5070 347 5136 finit
364 5087 384 5120 c.
403 5070 464 5121 aut.
484 5069 605 5138 explicit.
678 5068 707 5133 b)
729 5070 858 5122 Callistus
877 5071 914 5122 ll.
988 5069 1013 5130 c)
1036 5086 1104 5122 voce
1125 5107 1131 5120 .
1151 5107 1157 5120 .
1177 5107 1183 5119 .
1205 5107 1210 5118 .
1231 5068 1322 5120 aliena
1340 5070 1377 5120 M.

186 5231 215 5302 1)
240 5233 384 5291 Decretal.
409 5234 585 5292 Pseudaisid.
618 5235 660 5291 ed.
684 5234 840 5292 fflnsclius
863 5255 896 5310 p.
917 5233 988 5290 130.
1104 5230 1135 5308 2)
1159 5233 1291 5309 Epistola
1316 5231 1423 5292 Galiati
1444 5235 1468 5292 I.
1498 5235 1600 5311 spuria
1622 5235 1662 5292 II.
1687 5235 1730 5292 ad

77 5339 220 5415 episcopos
245 5337 407 5398 Galliarum
431 5360 454 5397 e.
476 5340 533 5411 20,·
559 5341 712 5398 istnsclius
730 5361 762 5417 p.
784 5341 854 5397 143.
948 5341 977 5411 3)
1003 5341 1090 5398 Irnmo
1111 5339 1217 5416 Vipinii
1238 5341 1317 5416 epist.
1340 5341 1441 5416 spuria
1464 5342 1488 5399 Ι.
1510 5343 1544 5398 de
1559 5343 1623 5421 fide
1646 5343 1728 5399 etde

22 5461 57 5500 ee
77 5445 170 5503 camis
193 5466 216 5502 c.
235 5446 271 5516 3,·
301 5447 456 5505 Hinsclius
473 5448 599 5524 p.114.
702 5447 733 5518 4)
760 5447 843 5506 Cone.
868 5447 1051 5505 Aneiriritani
1072 5468 1100 5504 a.
1120 5447 1192 5503 314.
1218 5447 1305 5504 labili
1328 5447 1426 5517 c.10;
1458 5449 1565 5519 Mansi,
1592 5446 1660 5507 Ootl.
1685 5448 1726 5517 II,

77 5547 216 5609 cal518.
309 5553 339 5622 5)
361 5551 484 5630 (ἕτερον.
504 5554 632 5631 Requlae
645 5554 803 5630 pastoralis
822 5556 839 5611 l.
857 5555 897 5624 ΙΙ,
918 5575 941 5610 c.
960 5553 989 5626 6,
1011 5553 1084 5630 Opp.
1102 5554 1142 5623 II,
1163 5555 1213 5611 col.
1232 5553 1283 5611 21.
1376 5554 1406 5625 6)
1433 5553 1481 5626 Of.
1501 5574 1591 5630 supra
1604 5575 1637 5631 p.
1653 5555 1726 5624 575,

76 5661 96 5716 l.
114 5659 143 5716 4.
236 5659 267 5730 7)
294 5659 343 5733 Cf.
362 5659 484 5737 (ἕτερον.
502 5661 526 5718 I.
543 5661 667 5738 Reqistr.
684 5661 709 5731 I,
728 5661 785 5730 41,·
809 5661 877 5718 ΕΕ.
897 5661 922 5731 1,
944 5681 974 5736 p.
994 5661 1049 5718 57:
1081 5662 1110 5716 in
1131 5680 1188 5716 una
1207 5660 1265 5716 fide
1284 5661 1324 5716 uil
1344 5661 1433 5718 efficit
1451 5669 1566 5718 sanctae
1587 5661 1725 5718 ecclesiae

73 5769 253 5824 consuetudo
277 5767 398 5823 diversa.
492 5765 522 5837 8)
550 5766 598 5839 Of.
623 5767 739 5844 Anqust.
765 5767 843 5843 epist.
861 5767 912 5824 54.
937 5769 979 5826 ad
999 5768 1063 5826 Ian.
1089 5787 1112 5825 c.
1131 5766 1160 5830 2.
1185 5763 1258 5841 §2;
1284 5767 1356 5844 Opp.
1381 5767 1422 5838 II,
1447 5769 1497 5825 ccl.
1518 5767 1590 5824 124.

148 5886 249 5939 Libelli
269 5888 302 5940 de
322 5887 379 5939 lite.
410 5888 464 5939 111.
1478 5889 1512 5940 73
