4410 6406
440 366 504 429 284
732 368 912 427 GERHOHI
935 365 1168 422 PRAEPOSITI
1192 361 1600 420 REICHERSBERGENSIS
1624 361 1790 416 LIBELLI.

1243 623 1289 694 V.

746 765 826 848 EX
858 762 1031 848 LIBRO
1064 761 1302 846 CONTRA
1334 759 1486 844 DUAS
1520 759 1791 846 HERESES.

549 920 685 984 Librum
715 930 822 982 coutre
853 915 934 979 duos
960 915 1081 978 hereses
1106 913 1231 978 Gerlolt
1256 915 1363 999 ‘quusi
1380 913 1505 1000 quleum
1538 915 1571 976 iu
1595 914 1697 999 cupite
1719 913 1852 976 ulterius
1870 913 1981 998 portes
2008 908 2091 973 Coen-

442 1029 594 1094 meutorii
626 1028 658 1090 in
683 1024 829 1111 psalmos
852 1021 979 1109 posuit'
991 1026 1011 1102 ²,
1043 1025 1087 1084 ‘ut
1116 1033 1197 1084 tutus
1229 1045 1266 1084 uc
1297 1020 1377 1084 liber
1407 1018 1533 1084 incedut
1567 1021 1601 1084 iu
1631 1021 1823 1106 expositione
1847 1017 2062 1105 psalmorum'
2073 1023 2091 1080 ².

444 1134 692 1200 Auctoritatibus
716 1133 799 1195 euim
808 1143 940 1216 putum
964 1129 1052 1191 uisus
1069 1127 1150 1190 duos
1174 1128 1264 1191 iilius
1288 1129 1436 1214 temporis
1459 1127 1580 1191 hereses
1604 1128 1789 1214 impuqaore
1812 1140 1840 1190 et
1862 1125 2013 1214 refellere
2035 1139 2093 1188 stu-
2109 1152 2160 1193 ou

445 1243 524 1321 duit,
554 1240 675 1305 scilicet
697 1235 782 1324 quod
808 1235 952 1300 Christus
975 1233 1069 1299 Putre
1093 1237 1196 1298 minor
1220 1249 1248 1298 et
1268 1247 1464 1298 sacramento
1482 1234 1737 1320 presbyterorum
1762 1234 2096 1296 eaecommuuicotorum

444 1363 516 1414 roto
540 1361 638 1412 esseut
646 1349 667 1408 ⁸.
714 1343 812 1407 Prior
835 1343 966 1406 illarum
990 1342 1205 1427 quaestionum
1229 1342 1357 1405 prierius
1380 1340 1426 1404 od
1440 1355 1579 1404 nostrum
1602 1365 1667 1404 rem
1690 1341 1830 1426 respicit,
1854 1363 1918 1424 quo
1942 1337 1981 1402 de
2005 1362 2098 1401 causo

446 1479 526 1542 quoe
544 1453 671 1518 Gerlolt
694 1451 732 1515 de
753 1451 812 1514 illo
830 1449 1005 1536 disputavit
1027 1448 1100 1512 ltuic
1122 1449 1221 1511 seriei
1243 1449 1378 1510 inse-rere
1400 1446 1645 1534 srqsersedimus,
1669 1471 1748 1532 quoe
1772 1445 1810 1510 de
1833 1447 1935 1510 ultera
1959 1447 2100 1531 esposuit

447 1563 673 1648 eecerpsimus,
710 1558 871 1644 imprimis
905 1555 1068 1641 epistolum
1104 1553 1251 1641 Huqouis
1285 1554 1407 1618 obbatis
1441 1553 1658 1640 Ilodinqeusiss
1692 1579 1712 1616 a
1744 1551 1889 1617 Gerlolso
1924 1555 1959 1616 in
1996 1553 2099 1618 libello

447 1681 638 1753 assumptum
664 1666 791 1729 lecturis
806 1675 1026 1749 proponentes.
1075 1659 1234 1746 Scriptum
1259 1674 1303 1724 est
1326 1661 1509 1746 opusculum
1525 1673 1601 1746 post
1623 1673 1750 1723 mortem
1774 1658 1954 1724 [iunocentii
1974 1658 2023 1739 II,
2047 1663 2103 1745 qui
2117 1690 2146 1726 t

448 1802 476 1840 a.
494 1775 587 1837 1143.
614 1773 723 1850 obiit⁴,
747 1769 986 1853 dedicatumque
1004 1765 1189 1855 Godefrido
1206 1765 1231 1828 I.
1249 1767 1359 1831 abbati
1371 1765 1591 1846 Admunteusi,
1616 1769 1675 1852 qui
1694 1765 1778 1830 sedit
1799 1793 1827 1831 o.
1846 1767 2098 1830 1138-1165⁵.

449 1882 640 1946 Asservotur
671 1880 705 1942 iu
728 1877 834 1942 codiee
857 1875 1257 1958 Beicltersberqeusi
1278 1873 1306 1952 I,
1338 1873 1427 1953 urbm,
1457 1897 1536 1937 saec.
1562 1871 1643 1952 XII,
1673 1875 1719 1952 4⁰,
1750 1874 1807 1938 ubi
1820 1873 1855 1961 s.
1876 1875 1984 1937 l—i‘.
2014 1871 2099 1937 Com-

450 1989 602 2052 mentario
626 1988 661 2050 iu
678 1984 823 2071 psalmos
839 1981 1016 2069 praecedit.
1064 1979 1137 2066 Ipse
1159 1980 1285 2044 eoumli.

587 2110 629 2172 W
632 2109 901 2186 rotisluoioe,
926 2131 954 2170 o.
976 2107 1071 2184 1895,
1096 2129 1196 2168 meuse
1222 2103 1404 2190 Septembri.
1747 2104 1786 2168 Ε.
1814 2103 2012 2169 SAOKUR.

560 2311 2098 2334 ····························
2128 2299 2188 2341 ιι

377 2399 433 2442 us.
560 2375 674 2442 'Unde
699 2383 786 2438 recte
811 2394 876 2436 non
899 2369 1002 2436 solum
1026 2370 1180 2456 parvitati
1203 2392 1307 2452 meae,
1332 2369 1503 2434 sedetiam
1523 2370 1715 2457 prudentiae
1739 2381 1814 2436 tusae
1830 2372 1937 2436 visum
1954 2382 2014 2454 est,
2037 2371 2100 2436 illo·

452 2508 523 2550 rum
540 2482 722 2547 doctrinam
738 2477 986 2564 repudiandam,
1012 2478 1067 2563 qui
1090 2477 1254 2541 affirmant
1277 2476 1423 2542 abscisos
1448 2477 1488 2542 de
1506 2500 1642 2565 corpore
1659 2478 1837 2543 sacerdotis
1853 2478 1950 2543 huius
1966 2478 2101 2565 pseudo·

453 2589 661 2656 sacerdotes*
685 2585 809 2672 aliquid
832 2595 926 2649 extra
949 2585 1055 2670 ipsum
1079 2605 1174 2670 posse
1199 2583 1413 2648 sanctificare.
1460 2585 1499 2648 In
1522 2608 1659 2672 quorum
1683 2586 1843 2650 sacrificio
1867 2585 2050 2668 refutando,
2070 2596 2103 2649 ut

452 2699 547 2777 nosti,
578 2697 611 2760 in
634 2695 740 2781 prima
763 2715 838 2756 mea
861 2691 1050 2756 defensione
1080 2712 1175 2754 nemo
1206 2690 1284 2754 mihi
1314 2691 1416 2774 amnt,
1447 2691 1506 2756 sed
1529 2715 1641 2756 omues
1668 2715 1720 2756 me
1744 2692 1999 2781 dereliquerunt.
2045 2693 2102 2756 Ast

454 2828 527 2870 cum
550 2813 673 2890 postea,
698 2799 886 2864 consulente
910 2796 1092 2862 venerabili
1114 2799 1185 2862 viro
1209 2797 1399 2862 Bernhardo
1424 2796 1659 2863 Olarevsllensi
1686 2798 1837 2882 abbstel,
1869 2799 1913 2864 ud
1936 2799 2033 2864 beate
2056 2822 2101 2863 re·
2117 2826 2138 2864 u

453 2909 650 2976 cordationis
681 2929 801 2995 papam
825 2905 1051 2970 Innocentium
1074 2914 1208 2968 vocatus
1232 2905 1396 2969 venissem
1420 2917 1551 2970 etcum
1575 2929 1613 2970 eo
1642 2905 1698 2970 diu
1728 2907 1900 2990 stetissem,
1931 2907 2101 2972 fortissime

453 3019 507 3083 ille
532 3017 611 3082 mihi
635 3016 736 3079 astitit
759 3015 815 3101 qui
838 3013 940 3077 fretus
963 3011 1155 3076 testimoniis
1179 3022 1308 3097 patrum
1332 3012 1537 3097 antiquorum
1561 3013 1683 3098 pariter
1707 3025 1739 3076 et
1761 3013 2001 3094 modernorum,
2027 3036 2103 3100 quos

454 3136 567 3190 notare
597 3122 730 3210 longum
761 3130 856 3202 esset,
886 3141 993 3206 neque
1024 3119 1130 3204 ipsum
1161 3116 1314 3181 abbatem
1337 3118 1390 3182 vel
1414 3118 1504 3202 alios,
1530 3119 1585 3206 qui
1608 3118 1807 3184 videbantur
1830 3119 2000 3185 columnae
2025 3143 2102 3203 csse,

455 3242 568 3297 contm
597 3253 648 3294 me
680 3228 805 3294 audivit
839 3249 945 3313 neque
976 3225 1137 3290 ullatenus
1172 3226 1338 3310 acquievit
1370 3227 1538 3290 sententiis
1569 3226 1848 3313 Francigenarum
1878 3229 2103 3314 magistrorum

455 3337 744 3425 dogmatizantium
768 3335 931 3400 contraria
953 3332 1033 3397 mihi
1057 3344 1089 3396 et
1112 3331 1243 3396 domino
1259 3331 1392 3418 Hugoni
1408 3332 1642 3419 Radingensil,
1667 3335 1759 3398 cuius
1784 3333 1954 3420 epistolam
1978 3343 2105 3398 nostrae
2122 3357 2144 3396 a

456 3445 627 3510 assertioni
655 3465 830 3508 consonam
859 3439 1128 3526 subterponemus
1158 3439 1193 3502 iu
1217 3437 1322 3503 fronte
1346 3441 1448 3503 nostri
1472 3440 1590 3525 operis,
1614 3450 1650 3504 ut
1673 3441 1700 3504 si
1725 3442 1797 3527 quis
1821 3441 1976 3527 dignatur
1997 3452 2107 3505 nostra

456 3553 575 3639 legere,
606 3561 681 3616 ante
712 3549 878 3614 introitum
910 3546 1058 3611 lectionis
1089 3557 1155 3610 tem
1185 3556 1296 3610 nostra
1325 3545 1387 3610 hac
1418 3545 1556 3632 epistola
1585 3546 1654 3630 tibi,
1685 3547 1816 3613 domino
1839 3559 1873 3612 et
1896 3549 2001 3613 amico
2026 3571 2106 3630 meo,

457 3681 555 3746 quam
577 3658 663 3722 illius
687 3656 729 3722 ad
753 3657 894 3719 amicum
918 3676 1011 3717 suum
1035 3651 1160 3716 directa
1183 3653 1230 3716 sic
1254 3653 1486 3738 premuniatur,
1517 3675 1558 3716 ne
1583 3653 1766 3719 offendatur
1795 3656 1829 3719 in
1853 3654 1949 3720 dictis
1980 3655 2106 3738 nostris,

317 3791 438 3839 euicui.
457 3764 575 3852 quibus
598 3763 788 3849 magnificat
811 3762 920 3826 anima
943 3781 1016 3824 mea
1031 3759 1209 3824 Dominum
1234 3781 1352 3840 meum,
1377 3761 1430 3824 cui
1454 3760 1539 3825 dixit
1553 3761 1728 3826 Dominus:
1752 3761 1832 3826 Sede
1848 3788 1869 3826 a
1885 3761 2006 3827 deutris
2021 3765 2106 3827 meis.

379 3987 437 4026 ·r.e.
565 3959 634 4024 *Ad
648 3983 746 4024 unam
769 3958 910 4023 heresim
933 3978 992 4020 nos
1015 3953 1258 4041 respondimus,
1283 3954 1327 4019 ed
1349 3953 1494 4037 alteram,
1516 3957 1592 4043 quia
1615 3958 1737 4043 paratis
1761 3957 1808 4021 uti
1832 3956 2026 4022 delectabile
2051 3969 2107 4040 est,

458 4067 654 4156 respondeat
683 4064 820 4152 epistola
842 4063 1003 4149 Hugonis,
1034 4072 1070 4126 ut
1098 4071 1210 4125 nostra
1237 4075 1269 4125 et
1298 4060 1384 4125 illius
1415 4064 1550 4127 assertio
1582 4065 1675 4150 quasi
1705 4063 1770 4128 duo
1801 4086 1924 4128 cornua
1953 4075 2110 4151 preacuts

457 4176 604 4241 muniant
630 4172 770 4237 frontem
792 4180 949 4236 tractatus
972 4169 1075 4232 nostri
1098 4177 1212 4232 contra
1235 4167 1316 4232 duas
1340 4179 1527 4255 prenotatas
1551 4169 1681 4234 hereses
1706 4169 1833 4235 duobus
1857 4170 2010 4236 cornibus
2035 4193 2108 4237 con·
2128 4213 2133 4228 ι

288 4309 438 4360 epotum.
458 4281 589 4363 similes,
606 4279 647 4344 de
664 4277 781 4366 quibus
805 4279 839 4341 in
854 4274 1034 4363 apocalipsi
1058 4275 1174 4360 agitur,
1198 4273 1255 4339 ubi
1279 4273 1385 4340 bestie
1400 4275 1597 4340 describitur
1611 4275 1736 4340 habens
1760 4278 1822 4342 duo
1847 4303 1964 4344 comuo
1986 4279 2110 4344 similia

458 4392 542 4478 oqui.
590 4386 727 4450 Multum
752 4385 873 4472 quippe
897 4382 1055 4470 gloriatur
1069 4380 1185 4464 bestia,
1202 4403 1286 4467 quae
1303 4381 1492 4467 intelligitur
1508 4381 1735 4466 Antichristus,
1754 4384 1842 4470 quod
1865 4385 1898 4448 in
1914 4407 1980 4448 una
2002 4383 2110 4448 heresi
2128 4405 2153 4446 ss

458 4494 587 4560 Christo
612 4493 708 4557 nimis
732 4491 915 4577 derogatur,
947 4488 1025 4553 dum
1047 4489 1143 4554 homo
1174 4489 1208 4552 in
1231 4488 1350 4572 Deum,
1374 4489 1437 4553 Dei
1462 4488 1575 4573 filium,
1600 4501 1778 4577 conceptus
1802 4502 1835 4556 et
1857 4502 1952 4555 natus
1976 4492 2110 4556 minoris

565 4639 592 4703 a)
614 4641 780 4706 spondoeo.

568 4765 597 4843 1)
623 4766 671 4839 Os.
690 4768 841 4843 proloqum
865 4765 893 4822 in
918 4765 959 4821 ΙΙ.
978 4773 1093 4840 partem
1119 4763 1327 4834 Cmumeuturii,
1354 4763 1452 4840 Miqne
1475 4772 1493 4820 t.
1514 4763 1586 4834 193,
1612 4767 1662 4822 col.
1688 4765 1761 4822 988.
1854 4764 1885 4836 2)
1910 4765 2050 4842 Proloqus
2072 4768 2114 4823 od

460 4877 494 4932 L.
520 4883 619 4933 coutra
643 4876 715 4930 ditos
738 4874 856 4942 hereses
884 4872 982 4949 Mique
1005 4880 1023 4928 t.
1044 4871 1116 4940 194,
1142 4872 1192 4928 col.
1213 4870 1307 4926 1162.
1423 4869 1453 4941 3)
1480 4869 1529 4943 Os.
1554 4871 1586 4928 J.
1610 4871 1702 4942 Bacis,
1728 4871 1845 4948 ‘Propst
1868 4871 1985 4930 Gerbols
2008 4872 2032 4930 Ι.
2057 4893 2111 4932 uon

459 4981 675 5056 Reicbersberq’
692 4980 722 5036 iu
739 4978 873 5037 ‘Oesterm
888 4977 1235 5052 Vierteljobrselsriftjitr
1250 4975 1421 5034 leatlsoliscbe
1440 4977 1598 5054 Tbeoloqie'
1616 4979 1666 5035 IV
1677 4973 1806 5054 (1865),
1825 4999 1859 5054 p.
1876 4979 1948 5036 110.
2012 4977 2043 5055 4)
2061 4978 2110 5053 Os.
2128 4993 2155 5032 so

460 5092 477 5146 l.
497 5089 554 5145 20:
579 5089 615 5144 ad
639 5090 743 5144 beatae
767 5087 969 5143 recordationis
992 5103 1094 5156 papam
1118 5083 1313 5140 Innocentium
1335 5091 1462 5140 vocatus.
1536 5083 1567 5155 5)
1591 5085 1718 5142 Annales
1740 5085 1944 5143 Admuntenses
1966 5106 1995 5143 a.
2016 5087 2110 5144 1138.

460 5205 486 5253 et
511 5195 605 5266 1165,
638 5194 692 5252 SS.
717 5193 771 5264 IX,
798 5213 831 5268 p.
857 5191 929 5248 579.
954 5200 981 5247 et
1003 5189 1077 5246 583.
1192 5190 1223 5260 6)
1248 5190 1294 5247 De
1317 5191 1449 5248 hocloco
1475 5211 1501 5249 o.
1527 5191 1643 5264 Huffer,
1668 5190 1839 5250 ‘Bemlsord
1858 5211 1913 5250 uon
1938 5191 2111 5251 Clesirvotm’

455 5324 487 5380 p.
506 5301 679 5359 203-206
689 5323 698 5370 ;
722 5319 837 5376 quocum
855 5297 1011 5355 consentire
1029 5317 1086 5354 nou
1097 5317 1223 5372 possum,
1248 5317 1307 5353 cum
1324 5296 1392 5354 dicit
1407 5295 1568 5355 Gerkolsum
1585 5297 1630 5354 tic
1645 5299 1753 5373 lapsum
1770 5297 1921 5356 mauoriue
1936 5299 2111 5370 commisisse,

460 5410 527 5486 quio
541 5409 571 5466 iu
587 5408 657 5465 libro
673 5389 841 5465 desimouia
858 5400 895 5480 (u.
906 5424 997 5480 supra
1003 5423 1036 5479 p.
1050 5399 1126 5479 272)
1144 5405 1178 5461 de
1190 5403 1339 5461 Beruarcli
1354 5404 1467 5461 coasilio
1482 5404 1554 5462 nibil
1564 5413 1768 5474 rememoret·
1784 5403 1866 5461 immo
1881 5413 1937 5462 tem
1949 5403 2111 5463 Gaulum

461 5517 495 5573 de
517 5516 571 5572 bae
593 5535 627 5571 re
649 5514 720 5570 nihil
734 5512 893 5590 coquomsse
916 5511 1100 5580 crediderim·
1124 5512 1164 5583 cs.
1182 5510 1265 5567 etiam
1279 5530 1370 5586 supro
1380 5531 1414 5586 p.
1433 5509 1494 5565 239
1512 5531 1553 5586 sq.
1624 5509 1654 5580 7)
1671 5510 1804 5587 Beodiaq
1820 5505 1915 5586 (Dios.
1933 5509 2112 5589 Solisbury),·
2130 5528 2156 5567 ts

461 5622 538 5679 cuius
560 5620 683 5678 coenobii
704 5640 732 5676 o.
752 5618 846 5675 1126.
871 5617 907 5675 ab
929 5617 1066 5675 Heinrico
1089 5618 1113 5674 I.
1132 5616 1256 5689 fundati
1278 5617 1395 5674 chartas
1418 5616 1501 5674 lobes
1524 5617 1553 5672 iu
1578 5617 1737 5675 Monostico
1759 5617 1918 5694 Aaqlicuno
1941 5617 1963 5673 I
1980 5613 2109 5694 (1655),

456 5749 489 5804 p.
507 5727 568 5783 417
586 5747 647 5803 sqq.
