4418 6412
623 303 677 358 DE
699 301 1034 360 INVESTIGATIONE
1058 301 1311 358 ANTICHRISTI
1333 302 1368 358 L.
1385 303 1409 357 Ι.
1785 293 1849 358 375

172 492 308 570 luorum
340 513 471 556 suoram
506 489 628 556 relictis
663 490 779 554 aratris
809 511 849 554 ac
880 489 1021 555 servitiis
1056 488 1282 577 ignorantibus
1313 511 1442 577 quoque
1477 489 1623 554 nonnulli
1652 487 1705 553 vel
1739 489 1849 553 invitis

166 595 346 680 dominis,
377 620 492 685 parum
522 607 579 662 aut
608 596 709 662 nichil
731 597 802 662 auri
831 596 885 661 vel
914 597 1041 683 argenti
1071 579 1245 681 habentes,
1275 594 1457 661 inconsulte
1488 595 1731 682 expeditionem
1760 594 1850 660 illam

191 703 418 790 longissimam
441 705 656 791 arripuerant,
681 713 849 790 sperantes
873 705 907 768 in
923 713 990 768 tam
1014 713 1125 768 sancto
1149 704 1290 790 negotio,
1315 705 1399 768 sicut
1415 701 1489 768 olim
1510 704 1642 790 antiquo
1658 701 1705 766 illi
1720 701 1848 767 Israeli·

154 801 157 840 ³
191 821 300 876 tarum
330 809 449 898 populo
472 810 527 875 vel
554 809 685 896 pluente
713 809 855 896 desuper
877 809 947 874 celo
970 809 1024 875 vel
1046 810 1274 898 undecumque
1298 810 1414 875 celitus
1445 832 1485 874 ac
1515 809 1671 874 divinitus
1701 810 1848 874 ammini-

144 939 170 994 ¹¹s
190 917 329 982 stranda
351 917 420 983 fore
435 916 602 982 victualia.
649 915 717 983 Sed
737 916 834 1002 longe
857 915 947 982 aliud
971 939 1070 1004 quam
1093 916 1270 1004 sperabant
1293 917 1412 981 evenit.
1459 916 1603 980 Maxime
1628 937 1768 1002 namque
1792 915 1847 980 ad-

190 1025 367 1089 versitates
397 1023 537 1089 eundem
567 1023 747 1088 exercitum
778 1023 811 1087 in
842 1022 959 1088 eadem
988 1034 1102 1089 sancta
1124 1024 1190 1106 via,
1220 1035 1257 1088 ut
1286 1021 1492 1107 estimabant,
1523 1021 1847 1109 comprehenderunt.

189 1129 306 1195 Prima
328 1153 469 1217 namque
493 1129 713 1195 calamitatum
730 1129 875 1195 eiusdem
892 1131 1066 1214 exercitus,
1090 1153 1172 1218 quas
1195 1129 1299 1194 relatu
1323 1129 1440 1216 dignas
1464 1127 1668 1212 arbitramur,
1692 1128 1753 1194 hec
1777 1129 1846 1194 fuit.

125 1279 127 1288 ι
190 1235 278 1302 Cum
301 1239 335 1302 in
358 1236 477 1302 finibus
501 1235 641 1301 Greciae
665 1259 760 1302 secus
786 1258 876 1301 mare
898 1247 1074 1323 pergerent
1096 1259 1163 1302 una
1185 1236 1311 1302 dierum
1342 1259 1439 1324 super
1462 1237 1566 1323 ripam
1590 1234 1760 1301 cuiusdam
1783 1259 1848 1301 non
1866 1256 1957 1307 sepas.

189 1345 305 1430 magni
335 1343 510 1409 admodum
539 1342 703 1408 fluminis¹
732 1365 821 1408 mare
852 1343 1016 1408 influentis
1040 1353 1148 1409 castra
1171 1342 1360 1408 locaverant
1370 1348 1391 1426 ²,
1416 1365 1491 1408 cum
1515 1365 1591 1407 ecce
1622 1341 1711 1407 nulla
1741 1341 1847 1408 subito

113 1424 167 1511 iro
188 1450 316 1536 pluvia,
341 1473 439 1538 quam
461 1449 613 1534 viderint,
643 1449 852 1536 precedente,
883 1449 941 1514 sed
964 1449 1017 1514 vel
1041 1449 1226 1536 diruptione
1254 1449 1389 1515 nubium
1413 1449 1555 1536 desuper
1576 1449 1629 1513 vel
1659 1448 1847 1514 dimissione

188 1579 364 1644 aquarum,
389 1579 470 1644 quas
493 1557 669 1622 humanum
700 1557 872 1622 artificium
903 1556 1012 1643 aliquo
1042 1554 1137 1621 obice
1161 1561 1305 1621 structo³
1327 1555 1370 1622 ad
1393 1579 1504 1621 eorum
1528 1557 1706 1643 perniciem
1729 1578 1768 1620 ac
1792 1555 1847 1620 de·

95 1736 97 1758 ,
188 1663 337 1751 cipulam
360 1664 580 1747 retentaverit,
604 1663 691 1728 idem
713 1662 832 1728 flamus
856 1662 1024 1749 granditer
1046 1663 1199 1728 intumuit
1222 1673 1255 1728 et
1278 1663 1419 1750 desuper
1434 1673 1542 1728 castra
1557 1685 1695 1750 preceps
1711 1663 1847 1728 veniens

92 1766 97 1800 ‘
187 1771 324 1858 lateque
359 1793 398 1836 ac
427 1771 638 1836 vehementer
668 1770 839 1835 exundans
873 1792 1025 1856 magnam
1056 1781 1182 1856 partem
1213 1771 1376 1835 exercitus
1408 1793 1482 1834 cum
1512 1771 1658 1834 tentoriis
1689 1770 1784 1835 simul
1815 1779 1847 1834 et

82 1892 87 1960 ,⁴
188 1877 347 1964 plaustris
378 1900 489 1942 secum
519 1879 552 1942 in
582 1900 672 1942 mare
703 1879 813 1961 traxit,
844 1878 890 1942 ita
912 1889 949 1941 ut
971 1875 1172 1964 quibuslibet
1194 1876 1346 1964 plaustris
1369 1877 1421 1942 vel
1445 1876 1637 1942 utensilibus
1659 1876 1845 1942 inherentes

135 2009 167 2047 rs
189 1986 263 2048 vivi
286 1987 320 2048 in
342 1983 538 2071 profundum
562 1983 809 2049 descenderent.

300 2090 431 2156 Deinde
463 2089 776 2177 Constantinopolim
806 2089 967 2155 laboriose
998 2091 1076 2155 satis
1107 2113 1127 2155 a
1156 2101 1246 2156 tanta
1275 2091 1479 2156 multitudine
1510 2101 1642 2156 ventum
1674 2101 1730 2156 est.
1778 2089 1845 2155 Ubi
1863 2060 2075 2180 &luemcon-

62 2202 67 2280 )
189 2197 413 2263 Romanorum
428 2220 488 2262 rex
503 2221 523 2262 a
539 2195 656 2262 Grecis
680 2196 796 2262 callide
821 2198 1061 2262 circumventus
1080 2220 1120 2263 ac
1136 2197 1338 2285 principibus
1355 2197 1550 2284 quibusdam
1567 2221 1646 2262 auro
1663 2207 1695 2262 et
1710 2208 1844 2284 argento
1864 2188 2069 2312 ΜἭΡἭ

60 2295 63 2310 '
190 2304 309 2369 illectis
339 2305 402 2368 iter
430 2326 490 2390 per
520 2303 683 2369 desertum
707 2303 873 2390 quoddam
896 2326 1010 2368 versus
1033 2306 1181 2371 Iconium
1208 2307 1373 2392 ingressus
1402 2316 1460 2388 est,
1485 2305 1678 2392 obsequium
1701 2327 1737 2368 se
1759 2303 1844 2369 arbi·
1879 2278 1932 2312 ven
2009 2277 2023 2312 θ

49 2358 57 2478 i
190 2423 282 2476 trans
311 2421 458 2497 prestare
486 2409 570 2492 Deo,
601 2411 629 2473 si
660 2431 881 2496 quascumque
911 2421 1026 2495 gentes
1057 2411 1240 2477 christianis
1269 2413 1404 2477 infestas
1435 2410 1609 2498 subiugare
1634 2411 1764 2477 Christo
1791 2410 1845 2476 vel

44 2514 47 2550 ³
139 2543 169 2581 so
191 2517 363 2584 humiliare
388 2527 485 2603 atque
509 2517 672 2581 infimnare
696 2517 865 2602 potuisset,
889 2517 947 2582 sed
971 2514 1098 2602 Grecis,
1123 2542 1259 2606 quorum
1282 2520 1315 2584 id
1340 2529 1410 2583 erat
1433 2518 1613 2601 consilium,
1640 2519 1844 2583 inimicorum

192 2647 323 2688 suorum
348 2624 602 2690 humiliationem
628 2622 792 2712 [potiusbh
817 2647 915 2710 quam
939 2624 1107 2689 christiani
1130 2627 1270 2690 nominis
1293 2627 1560 2712 propagationem
1590 2623 1844 2690 intendentibus.

72 2046 77 2124 l

1892 2691 1898 2702 ¹
1920 2691 1927 2702 '
1945 2691 1975 2723 '8

194 2731 297 2816 Igitur
327 2729 525 2795 exercitibus
555 2732 589 2795 in
613 2730 677 2795 duo
701 2730 838 2795 divisis⁴
861 2753 921 2794 rex
943 2731 1162 2796 Romanorum
1190 2755 1264 2796 curn
1288 2755 1346 2796 suo
1371 2733 1518 2796 exercitu
1540 2755 1655 2797 versus
1680 2733 1843 2797 *Iconium
1865 2691 2058 2812 quprrcitqppt

191 2838 281 2902 viam
304 2837 405 2902 ductu
421 2836 602 2901 Grecorum
625 2839 791 2923 ingressus
815 2847 864 2902 est
886 2861 946 2924 per
968 2838 1149 2921 desertum3
1174 2861 1234 2902 rex
1253 2862 1330 2903 vero
1349 2839 1488 2904 Francis
1513 2861 1585 2904 cum
1610 2841 1759 2904 exercitu
1783 2825 1942 2903 sibi'1’·⁸⁷·

192 2943 335 3008 adunato
351 2967 465 3008 versus
480 2943 689 3008 Antiochiam
714 2955 746 3008 et
768 2943 991 3009 lerosolimam
1006 2946 1103 3028 viam,
1128 2956 1164 3010 ut
1187 2956 1329 3032 ceperat,
1354 2947 1457 3010 tenuit
1480 2945 1551 3010 aliis
1574 2968 1634 3032 per
1649 2968 1749 3028 mare,
1773 2946 1844 3012 ahie

144 3075 173 3115 aa
193 3072 251 3136 per
274 3061 394 3115 terram
416 3050 636 3116 tendentibus.
667 3051 790 3115 Verum
807 3061 948 3137 quantae
964 3053 1113 3138 utrique⁰
1139 3053 1297 3118 exercitui
1322 3052 1523 3117 calamitates
1548 3051 1748 3136 obvenerint,
1767 3077 1844 3140 quo-

191 3157 280 3221 niam
304 3179 495 3222 enumerare
519 3156 720 3244 impossibile
744 3157 837 3240 foret,
868 3160 1052 3223 summatim
1075 3161 1199 3224 maiora
1223 3161 1488 3246 perstringemus.
1534 3159 1733 3224 Exercitus⁵
1754 3183 1843 3225 nam·
1862 3182 1913 3223 002.

192 3286 256 3350 que
279 3286 394 3328 versus
417 3264 565 3329 Iconium
589 3265 742 3351 gradiens
766 3263 888 3346 labore,
916 3265 1001 3329 fame
1025 3289 1064 3330 ac
1088 3267 1141 3330 siti
1163 3267 1197 3329 in
1220 3266 1349 3330 deserto
1375 3265 1541 3330 confectus
1565 3267 1698 3352 insuper
1721 3266 1844 3331 dissen-

192 3372 276 3434 teria
308 3372 501 3456 gravissime
533 3394 573 3435 ac
601 3393 686 3458 pene
715 3371 944 3434 universaliter
978 3371 1109 3458 fatigari
1140 3373 1240 3458 cepit,
1272 3375 1325 3436 cui
1354 3373 1506 3436 nimirum
1541 3370 1719 3436 infirmitati
1753 3373 1846 3438 labor

192 3477 369 3563 corporalis
392 3479 594 3564 permaxime
619 3479 799 3542 contrarius
823 3488 882 3541 est.
928 3478 1033 3564 lgitur
1054 3478 1241 3543 infirmitate
1265 3489 1297 3543 et
1319 3477 1430 3543 labore
1455 3480 1528 3542 viae
1552 3478 1711 3565 simulque
1734 3480 1846 3566 inopia

146 3610 173 3648 ao
191 3582 289 3647 turba
312 3584 461 3649 confecta
483 3594 585 3649 morte
610 3586 756 3648 consumi
780 3585 877 3670 cepit,
908 3585 955 3649 ita
976 3595 1012 3649 ut
1036 3584 1148 3649 diatim
1178 3585 1400 3650 multitudines
1430 3585 1516 3650 fame
1545 3608 1583 3650 ac
1612 3585 1725 3650 morbo
1750 3587 1844 3651 simul

192 3699 225 3754 et
247 3688 358 3754 labore
383 3690 517 3777 depasto
542 3690 707 3755 caderent.
754 3690 905 3755 Transito
936 3703 1046 3756 tamen
1069 3693 1116 3757 sic
1139 3691 1286 3758 morbide
1312 3715 1350 3756 ac
1374 3692 1534 3758 laboriose
1559 3693 1687 3757 deserto
1711 3704 1844 3758 ventum

191 3796 323 3862 tandem
347 3797 462 3862 estad
486 3809 606 3862 terram
630 3796 776 3861 hostibus
800 3797 990 3881 habitatam,
1014 3801 1071 3885 qui
1095 3823 1150 3863 eos
1174 3822 1282 3885 pugne
1306 3799 1496 3864 occursibus
1519 3810 1553 3864 et
1580 3799 1764 3865 incursibus
1788 3823 1843 3864 ex·

192 3915 357 3990 ceperunt,
387 3927 452 3968 nou
475 3915 594 3988 tamen,
619 3916 655 3968 ut
677 3905 724 3968 eis
749 3905 894 3969 cominus
918 3905 1085 3991 pugnandi
1113 3907 1299 3971 facultatem
1324 3906 1448 3990 darent,
1481 3906 1539 3971 sed
1562 3909 1688 3992 sagittis
1712 3930 1767 3972 eos
1791 3907 1843 3972 die

192 4020 353 4097 noctuque
376 4010 572 4078 incursando
597 4011 692 4075 simul
716 4021 748 4074 et
770 4011 939 4096 fugitando
964 4014 1089 4076 eminus
1113 4012 1305 4098 fatigabant,
1329 4015 1376 4078 ita
1390 4025 1426 4078 ut
1441 4037 1502 4078 nec
1518 4036 1648 4100 pugnae
1669 4036 1726 4078 seu
1741 4015 1842 4079 victo-

145 4143 172 4181 ss
191 4117 258 4181 riae
282 4117 372 4182 locus
397 4131 492 4200 esset,
515 4141 577 4182 nec
600 4129 709 4182 tamen
733 4116 856 4204 absque
880 4141 989 4204 pugne
1012 4119 1196 4184 incursibus
1219 4120 1283 4184 ullo
1306 4131 1469 4185 momento
1493 4123 1680 4185 existerent.

298 4223 394 4305 Quod
418 4225 446 4289 si
468 4225 569 4288 nostri
593 4225 719 4311 equites
743 4247 798 4287 eos
822 4226 989 4290 incursare
1005 4226 1182 4290 voluissent
1205 4226 1365 4312 fugientes
1389 4227 1461 4291 illos
1484 4229 1584 4291 nostri
1602 4230 1758 4314 consequi
1775 4252 1841 4294 non
1861 4195 2066 4307 (dilaniatam

190 4329 353 4412 valebant,
383 4332 535 4396 nimirum
558 4333 650 4418 equis
674 4343 856 4396 nostrorum
885 4331 996 4397 labore
1021 4342 1053 4396 et
1075 4333 1186 4397 inedia
1216 4334 1369 4420 fatigatis,
1400 4334 1528 4399 illorum
1550 4357 1630 4399 vero
1654 4337 1746 4421 equis
1769 4337 1839 4422 pin·
1859 4329 2072 4393 exereinnregis

190 4435 307 4524 guibus
332 4449 364 4502 et
386 4439 552 4525 requietis.
599 4438 666 4503 Sed
689 4449 722 4503 et
745 4440 841 4524 pauci
873 4438 917 4527 [in
927 4439 951 4526 d]
976 4451 1086 4504 nostro
1111 4442 1258 4505 exercitu
1282 4453 1375 4505 erant
1405 4443 1561 4526 sagitarii,
1591 4452 1659 4506 tota
1681 4465 1760 4506 vero
1784 4443 1839 4508 ad·
1867 4401 2059 4450 Romanorum.

189 4545 407 4609 versariorum
436 4544 606 4610 multitudo
637 4545 778 4610 arcubus
808 4547 933 4610 munita
962 4545 1047 4610 hunc
1075 4547 1165 4610 fere⁰
1190 4547 1293 4611 solum
1316 4547 1484 4633 pugnandi
1508 4571 1601 4612 usum
1625 4549 1840 4615 retentabant.

144 4675 172 4712 ro
190 4650 286 4715 Unde
311 4675 353 4715 ex
377 4651 510 4716 consilio
534 4673 594 4716 rex
617 4662 727 4717 noster
750 4675 823 4717 cum
837 4655 984 4718 exercitu
1008 4653 1141 4718 divertit
1164 4652 1206 4717 ab
1222 4655 1279 4736 eis,
1304 4653 1436 4718 tandem
1452 4677 1551 4741 quam
1574 4656 1657 4719 ierat
1672 4657 1760 4720 viam
1783 4679 1842 4743 per

190 4756 354 4822 desertum
376 4757 575 4845 repedando,
605 4782 671 4824 non
695 4759 783 4845 quod
805 4761 906 4823 nostri
930 4759 1014 4824 bello
1038 4782 1078 4824 ac
1101 4761 1237 4824 victorie
1262 4760 1434 4844 defuerint,
1465 4760 1523 4824 sed
1547 4761 1634 4848 quod
1657 4761 1778 4826 bellum
1801 4786 1840 4828 ac

190 4865 327 4928 victoria
356 4864 477 4950 fugerit
507 4865 630 4930 abeis.
677 4866 762 4930 Nam
785 4866 813 4929 si
835 4889 982 4952 pugnare
1006 4866 1177 4931 voluerant
1207 4879 1239 4931 ot
1268 4866 1310 4931 ad
1340 4866 1460 4932 bellum
1488 4869 1576 4932 acies
1601 4867 1839 4952 ordinaverant,

190 4969 295 5035 nullus
314 4981 384 5035 erat
407 4993 449 5036 ex
465 4971 603 5037 adverso
620 4971 881 5036 adversariorum
898 4995 1068 5056 occursus3
1094 4974 1215 5038 sivero
1240 4997 1274 5038 se
1298 4976 1331 5038 in
1348 4986 1455 5039 castra
1478 4975 1686 5060 recepissent,
1711 4977 1853 5062 requies.

296 5167 323 5234 a)
344 5171 422 5222 minio
440 5173 468 5222 in
486 5190 564 5238 mory.
582 5189 629 5222 sor.
648 5189 668 5222 o.
742 5167 769 5234 b)
790 5172 864 5234 (best,
882 5173 966 5238 strppl.
986 5171 1045 5224 Sca
1118 5169 1144 5235 ο)
1165 5181 1282 5240 atroque
1300 5193 1320 5224 c.
1394 5171 1422 5236 d)
1443 5175 1510 5226 deest
1527 5193 1547 5224 o.
1620 5171 1646 5236 e)
1668 5175 1737 5225 ferre
1757 5193 1777 5226 o.

145 5349 171 5389 sc
299 5333 328 5404 1)
353 5335 457 5392 Melas.
569 5331 601 5409 2)
630 5337 709 5391 iuxta
737 5337 900 5408 oppidolum
931 5335 1095 5393 Chercvach
1127 5332 1332 5412 (Ohocrobachi
1355 5358 1449 5414 prope
1474 5333 1755 5414 Constantirupolim)
1784 5359 1838 5396 sec.

191 5438 315 5498 Ottonem
341 5441 468 5518 Frisinp.
487 5439 575 5500 Gesta
598 5441 623 5512 J,
648 5461 671 5498 c.
689 5441 749 5512 45‚·
780 5443 821 5514 cs.
846 5441 1016 5499 Bernhardi
1038 5445 1056 5499 l.
1073 5445 1091 5500 l.
1112 5465 1144 5519 p.
1164 5443 1237 5500 612.
1342 5443 1373 5518 3)
1398 5444 1484 5509 Quod
1506 5443 1622 5502 Gcrhob
1644 5447 1719 5502 solus
1742 5445 1838 5502 tradit.

191 5543 222 5622 4)
245 5547 287 5604 Ab
309 5547 387 5606 initio
417 5547 473 5604 iant
496 5556 611 5624 aterque
641 5549 779 5606 exercitas
808 5549 963 5624 separatim
988 5551 1140 5625 profectur
1163 5559 1219 5620 sst,·
1249 5552 1290 5623 cf.
1317 5551 1493 5624 Stumahosel
1515 5573 1548 5628 p.
1569 5552 1619 5608 13.
1734 5549 1765 5627 5)
1790 5549 1838 5625 Cf.

190 5653 358 5711 Bernhardi
380 5657 397 5711 l.
415 5657 433 5711 l.
452 5674 485 5730 p.
504 5654 563 5710 631
583 5675 644 5730 sqq.
