4478 6396
683 395 922 452 OPUSCULUM
946 397 997 450 DE
1021 395 1195 452 EDIFICIO
1220 397 1297 452 DEI.
1754 393 1812 455 181

154 582 215 646 vel
240 583 478 670 prohibendum
504 595 553 646 est
576 583 636 647 sub
661 583 876 663 anathemate,
901 583 988 668 quia,
1013 584 1040 645 si
1058 581 1209 664 ebrietas,
1234 583 1417 665 seruientia,
1441 584 1647 649 mendacium
1663 585 1724 650 sub
1740 609 1817 651 ana-

157 688 306 753 themate
331 703 405 753 ante
429 690 550 753 factum
576 688 811 775 prohiberetur,
837 690 1190 753 excommunicatorum
1215 713 1368 754 numerus
1391 693 1424 754 in
1448 691 1609 756 infinitum
1625 693 1815 757 extendere-

159 807 226 859 tur.
274 796 364 862 Solet
388 807 496 860 autem
520 799 582 860 ista
605 796 789 860 interdictio
814 819 887 859 cum
912 795 1127 859 anathematis
1151 797 1396 883 interpositione
1426 798 1507 880 fieri,
1537 823 1611 863 cum
1635 801 1817 864 occurritur

161 904 309 966 scismati
333 905 460 967 noviter
475 904 665 988 emergenti,
683 904 769 988 quia,
795 904 821 965 si
846 924 936 966 error
959 912 1034 965 ante
1051 901 1195 966 auditam
1211 903 1473 968 interdictionem
1490 907 1709 987 committitur,
1726 929 1818 970 mora

121 1031 138 1070 a
162 1011 351 1074 necessario
375 1033 434 1096 per
457 1009 604 1073 ordinem
627 1008 813 1074 iudicialem
838 1008 1012 1074 inducitur.
1059 1009 1121 1073 Est
1146 1010 1232 1073 enim
1256 1009 1424 1074 vocandus
1449 1022 1480 1075 et
1503 1033 1562 1097 per
1585 1011 1745 1096 legitimas
1769 1013 1816 1075 in-

162 1115 279 1180 ducias
303 1116 527 1202 expectandus
551 1127 839 1202 quantumcunque
864 1117 987 1178 crimen
1010 1114 1127 1201 aliquis
1152 1117 1346 1198 committat,
1377 1116 1440 1180 nisi
1464 1128 1520 1182 aut
1543 1119 1612 1203 ipse
1642 1118 1817 1182 infaciem

162 1221 356 1286 inobediens
380 1223 447 1302 fiat,
472 1222 548 1285 dum
573 1245 671 1286 sanae
696 1221 909 1286 admonitioni
932 1223 1143 1307 pertinaciter
1166 1222 1412 1305 contradixerit,
1437 1236 1493 1287 aut
1517 1223 1640 1310 aliquid
1664 1223 1723 1288 sub
1741 1248 1816 1289 aua-

162 1329 306 1392 themate
330 1329 539 1393 interdictum
562 1330 704 1393 scienter
727 1329 903 1392 admiserit.

275 1456 346 1517 112.
382 1453 443 1516 Est
466 1476 543 1538 ergo
568 1454 858 1538 pernecessarium,
882 1463 918 1515 ut
942 1475 981 1515 ea
1005 1475 1089 1538 quac
1114 1453 1301 1539 specialiter
1324 1452 1384 1517 sub
1408 1454 1614 1518 anathemate
1643 1455 1816 1541 prohiben-

116 1585 144 1622 ro
163 1571 215 1623 tur
239 1571 332 1624 caute
356 1571 525 1642 notentur3
557 1570 668 1623 notata
696 1557 737 1622 ab
762 1560 916 1644 episcopo
940 1571 973 1622 et
996 1557 1194 1645 presbyteris
1219 1582 1328 1623 coram
1354 1561 1470 1624 ceteris
1499 1559 1714 1646 publicentur,
1740 1564 1817 1649 quia

163 1666 331 1752 publicata
353 1666 469 1730 melius
494 1677 666 1748 caventur;
698 1676 764 1746 aut,
796 1667 822 1728 si
854 1666 909 1750 qui
939 1689 1002 1730 non
1028 1677 1155 1747 cavent,
1186 1667 1249 1751 ipsi
1274 1678 1406 1752 propter
1429 1666 1603 1731 anathema
1627 1681 1815 1750 caveantur,

162 1784 195 1836 et
218 1797 279 1859 per
303 1773 521 1859 episcopalem
547 1774 741 1836 sententiam
764 1771 923 1858 publicati
946 1771 1107 1852 videntur,
1134 1771 1236 1835 donec
1260 1774 1459 1858 penitentiae
1484 1776 1733 1839 summittantur.

273 1901 346 1962 113.
388 1898 443 1962 Ad
473 1920 571 1984 quam
603 1898 842 1983 ⁴penitentiam,
879 1897 963 1960 sieut
996 1897 1144 1981 superius
1175 1895 1331 1978 diximus,
1367 1898 1559 1982 regulariter
1589 1901 1816 1986 exequendam
1836 1925 1906 1966 *eea

163 2007 262 2068 ctiam
294 2005 354 2068 hoc
385 2005 536 2091 pertinet,
567 2014 603 2067 ut
632 2002 749 2088 aliquis
778 2002 818 2066 de
843 2003 978 2066 crimine
1002 2001 1201 2088 dampnabili
1233 2004 1444 2088 penitentiam
1475 2028 1586 2090 agens,
1617 2029 1682 2070 non
1713 2006 1817 2071 solum

121 2135 143 2172 u
162 2123 259 2175 vacet
283 2134 301 2174 a
326 2112 478 2196 coniugio
503 2122 535 2174 et
558 2109 774 2174 saecularium
797 2109 994 2172 iudiciorum
1018 2108 1268 2194 implicamento,
1293 2110 1466 2174 sedetiam
1491 2134 1510 2175 a
1533 2113 1752 2198 negotiatione
1777 2137 1815 2178 ae

161 2218 295 2281 militari
326 2217 467 2304 cingulo.
514 2217 610 2280 Unde
642 2214 756 2279 scribit
785 2216 853 2279 Leo
884 2215 1024 2300 Magnus
1055 2215 1188 2279 Rustico
1217 2216 1424 2281 Narbonensi
1455 2241 1553 2306 super
1582 2219 1696 2304 regula
1725 2221 1814 2306 peni·

163 2326 284 2388 tentiae
309 2324 520 2411 apostolicam
544 2323 655 2386 sedem
680 2322 877 2386 consulenti:
910 2322 1015 2387 Aliud
1044 2337 1096 2402 est,
1126 2323 1232 2408 inquit
1242 2327 1264 2404 ¹,
1296 2325 1400 2390 delitet
1424 2328 1506 2390 iusto
1529 2351 1699 2412 reposcere,
1724 2327 1818 2391 aliud

160 2436 299 2518 propria
316 2435 529 2520 perfectionis
552 2455 658 2494 (tenore
681 2444 911 2514 contempnere;
934 2430 991 2493 sed
1012 2431 1198 2493 illicitorum
1222 2434 1345 2494 eentum
1361 2434 1573 2518 poenelantem
1590 2448 1708 2520 oportet
1722 2437 1815 2498 etiam

164 2541 264 2603 licitis
287 2541 451 2620 alneti-nere,
480 2539 598 2602 dicente
621 2539 780 2624 apostole:
803 2536 932 2600 ‘Omnia
956 2537 1038 2600 milii
1059 2537 1162 2616 licent,
1185 2537 1243 2601 sed
1264 2562 1323 2601 non
1349 2541 1454 2602 omnia
1478 2540 1673 2625 expediunt'.
1728 2541 1816 2605 Unde
1835 2565 1991 2616 acernam.

117 2669 143 2706 aa
162 2649 196 2710 si
209 2649 384 2732 penitentes
407 2647 519 2710 labent
541 2671 678 2724 (rausum,
704 2669 798 2729 qrutm
821 2644 976 2730 nepliqere
985 2646 1076 2730 forte
1099 2667 1161 2706 non
1182 2643 1298 2724 debeat,
1322 2646 1435 2708 melius
1458 2646 1584 2732 capedit
1607 2650 1678 2731 quis
1701 2649 1815 2712 aecel-

162 2755 337 2833 siasticum,
365 2777 459 2838 quam
481 2753 609 2839 forense
633 2752 798 2814 indicium.
846 2750 928 2813 Item
952 2749 1040 2835 quod
1063 2750 1222 2834 penitenti
1244 2748 1334 2813 nulla
1356 2752 1585 2836 negotiationis
1609 2750 1700 2816 lucra
1724 2776 1815 2817 exer·

162 2881 239 2923 cere
265 2859 446 2940 conveniat,
478 2856 595 2943 probat
624 2858 709 2920 idem
734 2856 802 2920 Leo
827 2855 978 2920 dicens²:
1013 2855 1158 2933 Qualitas
1189 2859 1274 2921 lucri
1300 2861 1504 2945 nepotiantem
1535 2873 1589 2922 ant
1615 2875 1742 2924 manat
1763 2875 1817 2925 aut

163 2970 281 3054 arpent,
312 2969 388 3051 quia
420 2980 464 3030 est
492 2966 635 3028 honestus
665 2979 789 3048 praestus
820 2978 848 3027 et
876 2965 988 3048 turpis.
1044 2963 1249 3028 Veruntamen
1265 2967 1425 3050 penitenti
1445 2967 1556 3029 utilius
1579 2981 1624 3030 est
1646 2966 1815 3052 dispendia

157 3076 244 3159 sirati,
275 3099 369 3158 quam
388 3073 545 3158 periculis
568 3073 787 3157 nepetietiom's
811 3071 982 3154 ebsuinpt'5
1012 3072 1088 3153 quic
1113 3070 1253 3157 difficile
1276 3085 1321 3134 est
1343 3073 1424 3135 inter
1447 3075 1574 3136 ementis
1598 3073 1816 3158 vendentisque

117 3204 144 3241 ss
163 3183 382 3243 conrrrrereinm
407 3204 467 3244 reon
488 3181 675 3243 interuenire
684 3191 857 3263 peceatum.
895 3175 977 3238 Item
1000 3173 1152 3260 probans,
1178 3175 1266 3260 quod
1289 3175 1332 3239 ad
1347 3176 1494 3240 militiam
1519 3178 1718 3243 saecularem
1744 3191 1816 3265 post

164 3287 376 3371 penitentiam
401 3285 500 3348 rediri
523 3306 588 3348 non
613 3281 742 3364 debeat,
773 3284 819 3345 ita
843 3281 959 3345 dieitss:
993 3283 1194 3346 Contrarium
1218 3298 1262 3346 est
1285 3287 1409 3348 omnino
1434 3286 1675 3349 aecclesiasticis
1698 3288 1816 3373 repulia

161 3407 235 3478 post
258 3396 448 3479 penitentiae
478 3395 629 3456 actionem
660 3391 767 3454 redire
796 3390 842 3453 ad
869 3391 1019 3452 milit-iant
1049 3389 1252 3469 saecularem,
1284 3414 1352 3453 cum
1383 3392 1542 3476 apostolus
1572 3392 1675 3455 dicar:
1706 3393 1816 3456 ‘Nemo
1835 3417 1979 3466 amnas.

166 3502 307 3564 militans
331 3500 398 3564 Dee
428 3500 574 3584 implicat
602 3522 634 3561 se
662 3499 803 3584 negotiis.
825 3495 1061 3560 saccellaribus’.
1116 3495 1203 3559 Unde
1230 3520 1291 3559 nou
1320 3510 1365 3560 est
1393 3499 1474 3561 liber
1497 3523 1516 3561 a
1541 3498 1664 3583 lcqeeeisr
1695 3499 1820 3562 diabol'

165 3610 225 3692 qui
244 3630 275 3670 se
299 3607 417 3670 militia
442 3605 602 3668 murisiano
626 3605 761 3667 veluerit
784 3605 959 3689 implicare.

275 3840 347 3900 131.
366 3886 372 3899 .
392 3886 399 3899 .
418 3887 424 3900 .
443 3836 478 3902 Si
495 3837 580 3900 enim
598 3833 794 3920 penitentiae
820 3833 908 3917 leges
932 3855 991 3918 pro
1008 3830 1118 3895 debito
1137 3837 1367 3915 'servarentun
1392 3833 1483 3898 multi
1499 3857 1558 3920 per
1574 3834 1636 3899 hoc
1652 3859 1672 3898 a
1688 3834 1816 3899 sceleri·
1838 3861 1914 3900 ·r.sr.

164 3943 226 4008 bus
249 3943 367 4007 frenati
391 3943 604 4006 salvarentur.

275 4071 346 4132 132.
383 4067 528 4130 Primum
552 4076 638 4129 esset
661 4066 758 4146 enim,
782 4076 818 4127 ut
841 4064 1064 4150 unusquisque
1088 4073 1162 4148 post
1185 4063 1347 4149 baptisma
1371 4065 1498 4129 viveret
1528 4064 1588 4129 sub
1619 4065 1746 4152 legibus
1770 4069 1817 4130 in-

166 4177 345 4240 nocentiae.
379 4173 581 4238 'Secundum
604 4194 693 4253 vero,
717 4182 762 4252 ut,
792 4172 819 4233 si
842 4170 884 4234 ab
909 4170 958 4233 his
983 4169 1140 4251 deviaret,
1165 4172 1442 4256 constringeretur
1472 4170 1531 4236 sub
1562 4171 1690 4259 legibus
1715 4187 1747 4236 et
1770 4196 1816 4236 re-

121 4305 147 4343 ss
166 4282 249 4368 gulis
279 4282 488 4367 penitentiae.
536 4279 703 4360 Tercium,
734 4290 784 4358 ut,
816 4278 844 4340 si
874 4300 935 4341 nec
966 4276 1016 4340 his
1039 4275 1139 4340 vellet
1168 4276 1349 4361 subiacere,
1381 4279 1565 4364 privaretur
1596 4279 1818 4344 ecclesiastica

166 4390 331 4453 societate.
380 4387 549 4468 Quartum,
573 4397 617 4466 ut,
643 4386 670 4448 si
694 4385 755 4448 hoc
779 4384 888 4470 aliqua
912 4383 1156 4447 conservandae
1187 4386 1278 4470 pacis
1309 4407 1367 4470 pro
1399 4385 1546 4449 cavenda
1577 4395 1685 4472 strage
1713 4385 1817 4450 multi-

166 4495 286 4559 tudinis
317 4493 500 4580 impediret,
531 4502 714 4579 portmetur
743 4514 809 4555 non
840 4514 913 4554 cum
945 4491 1175 4572 taciturnitate,
1209 4489 1267 4553 sed
1298 4513 1372 4554 cnm
1403 4490 1544 4555 discreta
1574 4492 1816 4556 reclamatione.

166 4602 334 4684 Quintum,
359 4613 404 4683 ut,
429 4602 456 4664 si
480 4601 541 4664 hae
565 4598 770 4663 sacerdotum
793 4597 1023 4661 reclamatione
1047 4595 1220 4660 multitudo
1250 4620 1315 4660 non
1340 4598 1566 4682 corrigeretur,
1598 4599 1759 4663 sententia
1782 4600 1814 4662 in

273 4807 427 4878 Gregorius
455 4823 530 4878 papa
553 4805 617 4859 VII.
648 4805 675 4858 in
700 4805 807 4876 synodo
831 4803 937 4857 Romae
962 4801 1109 4856 celebrata
1132 4818 1195 4870 cap.
1213 4800 1264 4855 VI.
1290 4797 1396 4855 dieit42
1430 4799 1536 4856 Falsas
1553 4801 1727 4876 penitentias
1751 4802 1817 4858 dici-
1836 4819 1891 4862 eso.

122 4931 149 4968 so
167 4933 235 4982 ntus,
260 4932 313 4989 que
336 4943 379 4952 -
400 4943 443 4951 —
466 4911 606 4968 etodium
630 4931 665 4967 er
689 4911 773 4967 corde
796 4908 923 4965 dimittat.
970 4908 1138 4961 Ambrosius
1161 4907 1190 4960 in
1212 4907 1284 4961 libro
1309 4908 1345 4962 de
1369 4903 1567 4978 penitentia5:
1596 4907 1734 4964 Nonnulli
1756 4907 1818 4965 ideo

162 5029 286 5096 poscunt
302 5019 496 5094 penitentiam,
521 5049 564 5058 -
587 5049 631 5057 —
654 5016 852 5074 conrnrunionis
875 5034 932 5070 non
954 5012 1136 5088 intpertintini
1158 5013 1308 5069 consortia.
1355 5013 1389 5067 In
1414 5016 1513 5069 eodem
1536 5010 1702 5086 sequitur⁶:
1736 5013 1817 5070 Arti-

168 5135 282 5184 trantur
305 5127 357 5182 loc
379 5146 437 5182 asse
459 5156 504 5165 -
518 5156 563 5164 —
586 5127 686 5194 delere,
710 5123 777 5199 quia
802 5121 913 5178 caelesti
921 5121 1140 5192 fraudarentur
1160 5118 1267 5194 pratia.
1314 5121 1480 5175 Ambrosius
1499 5122 1528 5174 in
1543 5121 1632 5176 tercio
1647 5121 1719 5175 libro
1735 5122 1816 5192 peni-

168 5235 259 5290 tentie
272 5229 297 5288 ⁷:
325 5233 452 5289 Facilius
474 5231 569 5289 inueni
590 5232 638 5306 qui
659 5229 846 5286 innocentiam
870 5225 1054 5294 sonaverint,
1080 5255 1123 5263 -
1146 5255 1190 5264 -—
1212 5225 1264 5281 sibi
1285 5225 1410 5301 aletepet,
1436 5235 1462 5282 et
1484 5234 1554 5284 tobes
1578 5235 1764 5282 contractatur.

277 5429 306 5496 1)
332 5427 425 5502 Epist.
446 5425 517 5495 167,
542 5424 643 5500 inquis
668 5424 705 5479 X.
731 5425 773 5479 ed.
790 5423 869 5478 Ball.
895 5422 918 5492 l,
944 5423 993 5477 eol.
1015 5419 1116 5488 1424;
1140 5419 1181 5490 cf.
1206 5419 1253 5476 De
1275 5419 1441 5477 vacuitatibus
1465 5421 1545 5477 laiss
1568 5423 1699 5496 temporis
1724 5443 1745 5479 e.
1765 5422 1816 5480 21.

123 5547 149 5586 to
169 5535 199 5606 2)
224 5535 298 5592 Itid.
323 5533 424 5609 inques.
450 5532 503 5588 XI.
606 5530 636 5598 3)
661 5530 735 5586 Iota
761 5529 861 5604 itaquis.
887 5528 957 5597 XII,
983 5528 1032 5582 eol.
1053 5525 1146 5581 1425.
1240 5526 1270 5595 4)
1297 5527 1365 5601 Spu.
1390 5527 1473 5583 liunt.
1498 5547 1526 5583 a.
1547 5527 1640 5597 1078,
1666 5528 1740 5586 Noe.
1760 5529 1817 5600 19,-

167 5641 253 5715 Jaffe'
272 5641 313 5710 H,
340 5660 372 5715 p.
399 5639 473 5694 333.
588 5639 618 5706 5)
644 5637 684 5706 II,
709 5657 731 5692 e.
758 5637 787 5706 9,
818 5633 837 5708 ξ
862 5636 913 5702 87,
947 5633 1020 5708 opp.
1046 5633 1085 5701 H,
1118 5634 1168 5688 col.
1194 5631 1267 5687 434.
1383 5632 1413 5703 6)
1438 5632 1513 5688 leta.
1538 5629 1558 5705 ξ
1582 5633 1634 5704 89,
1666 5636 1715 5692 col.
1742 5635 1815 5693 435.

170 5748 199 5818 7)
223 5745 264 5818 ΙΙ,
289 5769 312 5803 c.
334 5747 382 5816 10,
406 5743 426 5820 ξ
451 5745 501 5802 96.
527 5747 544 5801 l.
563 5747 581 5801 l.
606 5747 657 5801 col.
683 5744 765 5810 436,·
789 5743 829 5813 es.
854 5742 1007 5816 Dialopum
1030 5741 1080 5796 col.
1101 5738 1194 5794 1412.
