4478 6396
440 385 502 448 186
729 390 909 447 GERHOHI
931 389 1164 456 PRAEPOSITI
1187 389 1595 448 RElCHERSBERGENSIS
1619 391 1783 447 LIBELLI.

438 601 553 666 parum
577 577 677 643 habet
699 577 848 658 clericus,
879 577 978 642 nichil
1009 579 1130 664 accipit
1152 577 1253 642 vidua
1277 589 1308 642 et
1330 577 1485 642 Lazarus.
1531 577 1700 664 Nusquam
1724 589 1819 664 porta
1841 576 1941 640 fontis
1964 575 2092 640 inveni-

438 695 500 767 tur,
524 683 580 750 ubi
605 686 750 750 esuriens
774 695 807 749 et
830 686 942 749 sitiens
958 684 1103 748 Lazarus
1126 683 1299 764 reficiatur,
1324 686 1401 770 quia
1425 707 1605 770 pauperum
1621 683 1762 770 ptochia,
1786 682 1955 770 inquibus
1975 695 2095 769 quarta

439 790 755 856 aecclesiasticorum
778 791 963 856 reddituum
988 792 1093 876 portio
1117 790 1343 876 persingulas
1367 791 1544 856 aecclesias
1569 790 1704 855 deberet
1726 790 1850 873 inferri,
1874 812 1936 854 nec
1960 790 1995 853 in
2018 790 2095 875 ipsa

440 898 618 985 episcopali
649 898 726 962 sede
757 899 978 962 inveniuntur.
1025 899 1124 962 Porta
1156 897 1348 983 sterquilinii
1373 899 1503 962 omnino
1528 898 1692 962 destructa
1716 909 1774 980 est,
1806 899 1884 983 quia
1913 895 2096 961 elemosina

357 995 358 998 ¹
440 1027 562 1087 eorum,
587 1007 642 1090 qui
666 1027 718 1068 res
742 1027 921 1090 pauperum
945 1003 1056 1068 illicite
1081 1003 1228 1068 adalind
1252 1006 1449 1091 intorquent,
1474 1027 1538 1068 non
1563 1017 1686 1069 stereus
1711 1003 1903 1091 appellatur,
1926 1026 1987 1089 per
2004 1001 2129 1088 quods

440 1134 520 1198 ager
541 1113 629 1176 vitae
652 1113 797 1197 ipsorum
821 1111 979 1175 fecundus
1004 1110 1175 1192 reddatur3
1207 1111 1265 1174 sed
1289 1112 1419 1176 omnino
1444 1110 1604 1197 quidquid
1628 1111 1761 1176 offertur
1784 1134 1826 1175 ex
1850 1110 1972 1174 scelere
1998 1109 2095 1173 offer-

440 1228 502 1302 tur,
527 1218 680 1305 quamdiu
705 1217 746 1282 ab
771 1217 833 1282 illis
858 1239 1038 1304 pauperum
1062 1219 1166 1303 portio
1191 1218 1225 1280 in
1242 1216 1368 1281 debitos
1386 1241 1462 1282 usus
1485 1241 1551 1282 non
1572 1219 1751 1282 restituitur
1774 1229 1806 1281 et
1829 1217 1986 1304 quamdiu
2010 1217 2096 1280 haec

440 1327 513 1412 ipsa
535 1326 689 1411 iniquitas
714 1323 755 1388 ab
780 1326 826 1388 eis
851 1336 986 1406 amatur,
1012 1324 1197 1388 defenditur
1220 1347 1258 1388 ac
1283 1323 1491 1410 approbatur.

350 1470 422 1512 nn.
551 1453 623 1514 145.
660 1449 781 1514 Sancta
812 1450 898 1513 enim
929 1449 1099 1530 aecclesia,
1132 1449 1209 1534 quia
1239 1447 1374 1512 clericos
1401 1453 1535 1534 *paucos
1567 1447 1674 1528 habet,
1707 1447 1824 1535 quibus
1854 1450 1888 1512 in
1912 1450 1981 1512 vita
2006 1471 2096 1514 corn-

441 1558 531 1621 muni
555 1557 738 1621 communia
761 1567 857 1620 sunt·
881 1557 998 1638 omnia,
1023 1554 1140 1619 multos
1157 1578 1234 1618 vero
1260 1557 1396 1619 sustinet
1420 1555 1555 1619 clericos
1571 1557 1628 1618 vix
1653 1566 1770 1641 quarta
1792 1555 1994 1620 decimarum
2019 1579 2096 1642 por·
2118 1578 2143 1614 ιο

441 1665 528 1728 tione
559 1663 685 1748 dignos,
717 1673 894 1748 expectans
925 1661 1032 1727 adbuc
1063 1661 1125 1725 sibi
1155 1661 1236 1725 tales
1266 1662 1435 1725 Leviticae
1467 1663 1575 1748 stirpis
1607 1661 1741 1726 clericos
1771 1685 1831 1748 per
1857 1663 1922 1726 Dei
1953 1664 2096 1748 gratiam

442 1769 655 1852 suscitandos,
680 1769 798 1856 quibus
823 1771 1006 1834 communia
1030 1771 1093 1832 sint
1116 1769 1234 1850 omnia,
1258 1769 1387 1832 interim
1410 1791 1476 1832 non
1491 1768 1561 1833 vult
1584 1780 1736 1833 contenta
1760 1791 1830 1833 esse
1855 1767 2036 1833 scribarum
2062 1779 2096 1832 et

442 1878 666 1964 phariseorum
689 1877 834 1940 iusticia:
866 1875 1004 1961 ideoque
1029 1875 1070 1940 de
1095 1875 1154 1956 his,
1179 1897 1263 1961 quae
1287 1875 1387 1958 gratis
1412 1876 1541 1960 accipit,
1569 1898 1634 1939 non
1658 1874 1828 1958 decimam,
1860 1875 1917 1939 sed
1942 1885 2094 1961 quartam

442 1985 623 2072 portionem
647 1982 844 2070 pauperibus
869 1982 1047 2068 distinguit.
1085 1981 1171 2062 Quia
1194 1993 1226 2045 et
1249 2003 1369 2067 parvus
1393 1981 1499 2045 adhue
1524 1993 1573 2045 est
1595 2004 1748 2045 numerus
1773 2004 1847 2046 cum
1870 1983 1968 2046 Petro
1993 1980 2094 2046 nichil

285 2090 563 2162 nuo.1t,to.habere
587 2089 773 2170 volentium,
805 2101 838 2154 et
866 2113 1003 2175 magnus
1035 2101 1083 2154 est
1113 2111 1266 2153 numerus
1298 2111 1370 2151 cum
1394 2087 1520 2152 Lazaro
1545 2097 1620 2152 ante
1644 2089 1757 2152 ianuas
1782 2089 1919 2153 divitum
1943 2088 2094 2174 indigen·
2115 2111 2140 2150 rs

441 2199 533 2262 tium.
579 2196 723 2282 Ideoque
754 2220 819 2261 non
850 2195 948 2261 debet
976 2219 1129 2281 magnum
1153 2194 1268 2276 videri,
1300 2195 1327 2258 si
1356 2205 1472 2280 quarta
1496 2195 1599 2280 portio
1624 2195 1664 2259 de
1688 2196 1814 2260 cunctis
1838 2195 2019 2260 aecclesiae
2044 2217 2093 2259 re·

442 2303 563 2368 ditibus
594 2303 780 2367 conferatur
808 2304 843 2367 in
873 2303 1005 2389 ptochia
1034 2304 1188 2388 episcopo
1220 2301 1260 2366 de
1285 2311 1483 2387 suaquarta
1513 2303 1659 2387 portione
1690 2313 1895 2387 procurante,
1927 2324 1986 2388 per
2011 2325 2092 2389 quos

442 2411 590 2492 voluerit,
615 2409 830 2490 xenodochia,
854 2409 954 2473 idest
977 2409 1139 2495 hospitum
1163 2407 1381 2494 receptacula.
1427 2406 1617 2494 Antiquitas
1641 2409 1726 2472 enim
1743 2409 1875 2494 ptochia
1898 2408 2094 2474 dicebantur

442 2517 495 2581 ille
521 2517 635 2581 domus
659 2539 717 2602 per
734 2516 878 2602 singulas
903 2515 1079 2580 aecclesias
1096 2516 1300 2596 constitutae,
1326 2514 1443 2601 quibus
1468 2516 1571 2601 portio
1588 2538 1768 2602 pauperum
1792 2515 2002 2580 inferebatur.
2038 2516 2091 2580 De

443 2647 507 2710 qua
529 2625 563 2687 in
581 2622 717 2687 concilio
733 2621 959 2708 Aquilegiensi
976 2645 1047 2708 cap.
1064 2623 1140 2686 1110.
1165 2624 1212 2686 sic
1236 2622 1392 2706 legitur¹:
1417 2623 1487 2688 Hoc
1509 2626 1684 2703 satuimus,
1710 2626 1940 2710 etpresbyteri
1959 2625 2095 2689 habeant
2111 2648 2138 2686 so

443 2733 533 2795 insta
562 2755 651 2794 suom
682 2732 865 2794 aecclesiam
897 2745 951 2794 cut
981 2731 1073 2818 iufra
1103 2755 1193 2794 suurn
1225 2731 1335 2793 cellam
1367 2731 1465 2794 locum
1502 2733 1712 2810 constitutum,
1749 2731 1805 2794 obi
1833 2745 1960 2816 quartu,
1997 2757 2093 2816 qnam

436 2839 636 2924 pauperibus
660 2837 737 2901 dari
759 2837 909 2916 dicimus,
938 2838 1107 2925 inferatur.
1155 2835 1248 2899 Haec
1273 2835 1397 2918 domus,
1422 2847 1457 2900 ut
1479 2846 1623 2900 notatum
1648 2847 1707 2916 est,
1732 2836 1895 2922 quondam
1921 2836 2094 2902 dicebatur

443 2943 622 3029 ptochium,
655 2953 687 3006 et
717 2955 787 3006 erat
816 2943 849 3005 in
878 2964 917 3006 ea
947 2941 1188 3028 receptaculum
1212 2941 1383 3006 viduarum
1416 2942 1633 3007 desolatarum
1664 2944 1878 3007 communiter
1900 2945 2092 3026 viventium,

444 3048 561 3136 quibus
586 3049 741 3136 quicquid
765 3071 934 3134 superesse
959 3050 1063 3135 potuit
1086 3048 1217 3134 pupillis
1241 3050 1423 3135 ceterisque
1446 3047 1678 3134 indigentibus,
1699 3049 1752 3113 vel
1775 3049 1821 3113 ibi
1838 3051 2093 3116 consolationem

443 3154 642 3242 rogantibus,
667 3155 719 3220 vcl
743 3155 841 3238 domi,
866 3157 893 3218 si
916 3155 1035 3219 infirmi
1059 3165 1114 3220 aut
1129 3155 1307 3220 verecundi
1331 3177 1492 3241 pauperes
1516 3167 1617 3238 erant,
1643 3178 1716 3220 eam
1741 3156 1990 3242 expectantibus
2014 3157 2093 3223 fide·
2112 3181 2139 3220 ss

442 3263 516 3328 liter
539 3285 598 3349 per
621 3264 775 3328 diaconos
800 3285 975 3348 eorumque
1001 3261 1226 3326 subministros
1253 3261 1512 3348 impendebatur.

553 3389 625 3452 146.
662 3387 690 3452 Ο
718 3385 806 3450 beati
837 3387 893 3472 qui
923 3385 1003 3449 tales
1034 3385 1169 3451 fontium
1201 3397 1309 3472 portas
1341 3386 1591 3470 edificaverunt3
1623 3397 1655 3450 et
1678 3410 1696 3451 o
1720 3389 1839 3470 miseri,
1872 3389 1927 3474 qui
1957 3411 2014 3453 eas
2039 3387 2092 3453 d'e-

444 3495 646 3560 struxerunt!
693 3494 732 3557 In
755 3492 818 3557 illis
843 3494 929 3556 enim
953 3491 1113 3575 domibus,
1138 3516 1218 3579 quas
1243 3515 1300 3556 nos
1324 3493 1358 3555 in
1375 3492 1503 3558 edificio
1520 3492 1700 3557 aecclesiae
1716 3506 1829 3579 portae
1853 3494 1989 3559 fontium
2014 3497 2093 3560 assi-

444 3602 629 3686 gnavimus,
665 3600 726 3664 fuit
754 3600 929 3686 unicuique
960 3598 1146 3686 baptismali
1178 3599 1357 3664 aecclesiae
1387 3600 1459 3664 fons
1491 3611 1604 3686 patens
1636 3611 1667 3664 et
1697 3600 1851 3666 mundam
1882 3601 2092 3666 refectionem

444 3707 601 3794 prebens3
632 3707 704 3770 fons
727 3707 852 3788 unicus,
885 3706 924 3770 de
955 3729 1018 3792 quo
1047 3729 1111 3770 non
1136 3705 1396 3770 communicabat
1419 3706 1552 3770 alienus.
1601 3705 1687 3786 Quia
1716 3708 1750 3770 in
1772 3707 1911 3792 ptochiis
1936 3709 2092 3795 cuiusque
2112 3734 2139 3772 oo

445 3814 625 3880 aecclesiae
642 3811 878 3898 colligebantur
894 3814 1046 3876 emeritae
1063 3811 1183 3876 viduae
1207 3813 1240 3874 in
1256 3812 1312 3876 illa
1334 3813 1494 3877 aeeclesia
1518 3812 1577 3877 sub
1595 3814 1777 3878 testimonio
1802 3813 1934 3896 electae,
1955 3837 2092 3900 quarum

444 3921 630 3986 necessitati
655 3919 810 4006 quicquid
835 3919 994 4004 superfuit
1023 3919 1234 3984 consolationi
1266 3918 1401 3983 aliorum
1431 3941 1610 4006 pauperum
1640 3919 1725 3984 illius
1749 3920 1929 3984 aecclesiae
1952 3921 2092 3986 filiorum

346 4051 376 4090 ·.
411 4051 424 4088 ¹.
445 4028 599 4092 accessit:
624 4038 660 4091 ut
682 4025 770 4113 apud
794 4037 930 4089 matrem
959 4027 994 4088 in
1018 4023 1146 4090 Christo
1171 4025 1305 4089 divitem
1329 4025 1386 4089 filii
1410 4028 1444 4089 in
1467 4026 1587 4090 mundo
1613 4031 1787 4112 'pauperes
1811 4029 2003 4109 invenirent,
2029 4052 2093 4094 non

444 4133 547 4198 solum
578 4132 748 4218 spiritales,
781 4131 839 4196 sed
869 4132 967 4196 etiam
998 4130 1183 4217 corporales
1215 4131 1461 4196 consolationes.
1508 4133 1706 4197 Domesticis
1738 4135 1824 4197 enim
1854 4133 1930 4198 fidei
1961 4135 2094 4220 ptochia

444 4238 698 4320 fabricabantur,
722 4237 890 4325 inquibus
913 4240 1006 4303 iuxta
1029 4238 1160 4303 modum
1185 4239 1398 4324 prescriptum
1423 4249 1538 4325 quarta
1561 4241 1666 4324 portio
1691 4241 1738 4303 sic
1762 4240 1945 4326 dispensari
1969 4240 2092 4324 debuit,
2113 4267 2139 4306 as

444 4357 479 4409 ut
502 4346 708 4432 dispensator
737 4345 822 4409 illius
854 4344 895 4410 ab
927 4344 1088 4408 aecclesia
1118 4355 1151 4408 et
1179 4347 1214 4407 in
1244 4344 1404 4408 aecclesia
1435 4369 1494 4409 sua
1523 4346 1644 4410 famam
1675 4346 1715 4410 de
1739 4345 1827 4412 bona
1850 4347 2092 4434 dispensatione

266 4476 424 4524 anconam.
444 4451 577 4534 habens,
603 4452 683 4516 odor
704 4451 809 4516 bonus
834 4453 998 4531 existeret,
1023 4473 1097 4514 cum
1114 4449 1280 4536 Stephano
1305 4451 1475 4516 viduarum
1499 4475 1538 4516 ao
1562 4476 1741 4539 pauperum
1765 4455 1911 4519 ministro
1935 4478 2093 4521 coronan-

444 4559 520 4642 dus,
553 4570 608 4623 aut
638 4569 724 4624 certe
748 4558 800 4623 vol
824 4559 865 4622 de
890 4558 1091 4644 surreptione
1115 4557 1168 4621 vel
1191 4557 1233 4622 de
1257 4557 1367 4644 aliqua
1396 4559 1596 4644 turpitudine
1619 4559 1804 4643 infamatus,
1829 4561 1931 4626 Iudae
1955 4561 2035 4626 furis
2061 4573 2093 4628 et

443 4666 570 4730 Nicolai
593 4666 797 4730 fornicatoris
824 4663 1020 4729 contumelia
1043 4663 1204 4728 notandus
1229 4675 1261 4728 et
1284 4687 1303 4728 a
1326 4666 1504 4729 ministerio
1528 4664 1763 4752 reprobandus.
1811 4667 1890 4731 Ideo
1914 4691 2012 4755 super
2036 4669 2093 4733 tali

443 4772 684 4859 dispensatione
715 4772 934 4836 testimonium
958 4770 1137 4834 aecclesiae
1162 4773 1382 4835 necessarium
1406 4784 1464 4854 est,
1490 4795 1563 4836 cum
1587 4771 1785 4859 pauperibus
1809 4773 1883 4838 filiis
1909 4785 1941 4838 et
1963 4775 2092 4840 filiabus
2111 4802 2139 4840 so

444 4901 483 4942 ea
506 4881 610 4964 portio
635 4877 695 4942 sub
719 4880 861 4942 omnium
886 4878 1085 4941 conscientia
1110 4877 1307 4941 conferenda
1331 4889 1389 4941 est.

313 5009 425 5050 aeman.
550 4986 636 5049 Hine
654 4983 804 5049 Gelasius
828 5007 914 5070 papa
937 4985 970 5048 in
994 4985 1060 5048 suis
1085 4983 1241 5048 decretis:
1266 4985 1386 5072 Iptasam,
1409 4985 1514 5071 inquit
1524 4991 1545 5068 ²,
1570 4991 1779 5073 coascrtptom
1795 4991 1996 5075 paoperibus
2012 5015 2092 5076 por-

368 5171 425 5210 tn.
550 5155 617 5209 Vita
640 5154 669 5210 S.
687 5155 816 5224 Gregorii
843 5155 914 5208 libro
938 5154 975 5220 Il,
1006 5173 1068 5225 cap.
1094 5149 1243 5208 xxvllss:
1279 5151 1445 5210 Cottidianae
1475 5153 1625 5229 potibusque
1648 5154 1741 5212 (Hebro
1765 5187 1809 5195 —
1835 5187 1871 5195 -
1898 5157 2092 5232 oninipotentr's

444 5260 562 5336 cognitio
588 5259 739 5317 Crantoris.

551 5399 577 5460 a)
599 5401 653 5448 sint
672 5417 691 5448 r.
2112 5406 2140 5444 tt

553 5525 582 5596 1)
609 5525 657 5598 Cf.
681 5546 770 5601 snpra
790 5547 822 5601 p.
843 5525 914 5595 139,
939 5546 967 5582 a.
994 5525 1022 5580 2.
1116 5525 1146 5593 2)
1172 5523 1281 5582 Gelani
1304 5525 1381 5600 epist.
1403 5525 1451 5581 14.
1476 5527 1518 5581 ad
1539 5525 1681 5601 episcopos
1705 5527 1854 5586 Lucaniae
1877 5539 1903 5586 et
1924 5530 2046 5587 Brutine
2069 5539 2095 5588 et

445 5633 559 5690 Siciliae
582 5635 624 5690 ed.
649 5633 727 5690 Tlu'el
748 5632 772 5702 Ι,
792 5653 824 5708 p.
845 5633 905 5688 378
931 5627 967 5706 (c.
993 5627 1064 5706 27);
1088 5631 1242 5688 fflaschius
1260 5653 1292 5707 p.
1313 5631 1372 5687 154
1399 5627 1434 5706 (c.
1461 5629 1524 5688 29).
1574 5631 1621 5704 Cf.
1648 5633 1682 5688 de
1705 5634 1756 5690 hoc
1779 5637 1837 5692 loco
1859 5635 1892 5693 ΙΙ.
1912 5637 1998 5707 Statz,
2024 5636 2093 5696 ‘Ge-

443 5740 563 5796 solu'chte
586 5741 634 5796 des
657 5739 827 5796 birchlichen
851 5737 1115 5816 Bencfizialwesens
1144 5757 1197 5794 voa
1224 5737 1318 5794 seinos
1343 5739 1500 5814 Aasohycn
1524 5737 1564 5794 bis
1587 5739 1647 5810 aus
1666 5739 1710 5796 die
1734 5741 1798 5798 Zeit
1820 5744 2000 5800 Alexanders
2023 5743 2092 5800 ΙΙΙ.)

444 5845 501 5916 Ι,1
530 5841 642 5920 (Berlin
663 5841 768 5920 1895),
789 5867 821 5921 p.
840 5845 891 5902 28.
985 5844 1014 5914 3)
1040 5845 1075 5900 L.
1100 5843 1141 5914 II,
1167 5863 1189 5899 e.
1209 5843 1259 5914 28,
1286 5842 1358 5918 Opp.
1384 5844 1438 5914 IV,
1464 5846 1514 5902 col.
1533 5845 1583 5901 53.
