4544 6420
411 359 452 423 68
542 365 698 422 LIBELLI
720 364 888 422 Hououu
910 363 1294 424 AUGUSTODUNENSIS
1318 363 1560 421 PRESBYTERI
1582 364 1633 420 ET
1657 361 1923 421 SOHOLASTICI.

410 563 473 618 ac·
496 552 652 641 populum
676 552 849 618 crudeliter
872 564 1032 639 premunt.
1071 553 1114 617 Et
1137 553 1215 640 quis
1237 551 1332 616 huius
1348 549 1426 616 Nini
1449 572 1740 638 successorumque
1764 551 1834 615 eius
1857 550 2060 638 principatus

411 659 523 724 divina
546 660 736 725 auctoritate
761 681 825 724 non
849 658 989 740 fulcitur,
1013 657 1087 724 ideo
1111 681 1175 724 non
1198 680 1310 744 regno,
1335 657 1394 723 sed
1416 657 1582 744 tyrannidi
1605 656 1809 723 ascribiturb.
1856 656 1935 722 Ideo
1960 658 2059 722 etism

410 764 578 830 Abraham
602 767 758 852 eiusquee
784 766 957 852 cognatio‘¹
980 766 1011 829 ei
1034 763 1165 830 subdita
1187 787 1253 829 non
1276 763 1346 846 fuit,
1378 763 1437 829 sed
1460 765 1567 851 potius
1592 763 1703 829 divino
1726 766 1839 829 iussu⁸
1863 766 1933 828 eius
1958 763 2059 828 domi·

411 872 515 937 niumr
539 872 622 959 fugit
645 882 742 959 atque
766 873 800 936 in
816 882 903 936 terrs
926 873 1063 958 posteris
1087 871 1154 936 suis
1178 870 1287 936 danda
1310 871 1451 936 cultum⁸
1467 871 1556 936 Dei¹²
1579 883 1615 936 ut
1638 871 1791 936 sacerdos
1816 871 1926 936 docuit
1938 877 1957 935 ¹.
1996 870 2059 936 Ubi

411 979 560 1066 quoque¹
587 1001 651 1043 non
675 977 830 1065 regibus¹
853 980 1003 1060 servisse,
1029 978 1087 1043 sed
1110 979 1217 1065 potius
1240 1000 1335 1064 reges
1357 977 1510 1064 leguntur
1533 979 1564 1042 ei
1587 979 1696 1064 sepius
1720 977 1932 1065 supplicasse.
2082 1002 2095 1041 s

583 1195 612 1257 8.
648 1192 803 1257 Ysssc¹
830 1190 1132 1274 secerdotium,
1155 1189 1403 1256 Hismahelm
1427 1202 1619 1277 regnum‘¹
1644 1189 1886 1280 [pretulit⁰].

516 1315 570 1381 Ab
587 1316 648 1382 hoc
663 1316 863 1399 Abraham»,
888 1318 966 1404 quia
980 1315 1086 1381 fidelis
1101 1315 1244 1402 populi²,
1270 1327 1429 1402 regnumi
1446 1327 1478 1380 et
1494 1315 1711 1382 sacerdotium
1726 1314 1897 1380 exordium
1913 1317 2059 1403 sumpsit.

411 1425 505 1490 Duos
534 1423 617 1488 filios
648 1424 681 1488 in
711 1423 815 1509 figure
846 1423 969 1506 habuit,
1001 1445 1043 1488 ex
1073 1421 1192 1509 quibus
1216 1423 1325 1488 Ysaac
1356 1421 1594 1488 secerdotiumr
1627 1424 1789 1510 expressit
1798 1427 1819 1504 ³,
1851 1422 1928 1488 dum
1958 1423 2060 1488 filium

412 1531 506 1619 quasi
528 1530 676 1618 pontifex
699 1529 878 1613 benedixit,
902 1529 1073 1596 Hismshel
1094 1551 1172 1595 vero
1195 1552 1331 1616 regnum
1347 1529 1488 1616 pretulit,
1514 1530 1570 1617 qui
1593 1530 1811 1595 serenandi·
1837 1530 1943 1596 studio
1968 1552 2060 1595 exer-

413 1640 479 1704 cuit
487 1643 510 1703 ⁴.
546 1637 660 1718 Qualis
684 1641 783 1724 ergo‘
808 1635 993 1702 differentis
1015 1636 1076 1702 fuit
1098 1638 1205 1702 inter¹¹
1230 1635 1348 1718 Ysaac,
1374 1636 1430 1722 qui
1453 1636 1547 1701 heres
1571 1637 1672 1723 patris
1697 1635 1850 1702 scribitur
1860 1641 1881 1718 ⁵,
1906 1647 1962 1701 et'
1985 1637 2060 1701 His·
2081 1661 2105 1700 ro

412 1743 529 1826 mahel,
553 1746 610 1832 qui
626 1745 778 1810 eiectus'
793 1743 912 1830 legitur
921 1749 943 1826 ⁶,
967 1743 1040 1808 tulis
1061 1743 1214 1808 distantia
1237 1743 1322 1808 inter
1338 1741 1555 1808 secerdotium
1580 1754 1612 1807 et
1634 1765 1771 1829 regnum
1787 1742 1900 1809 divina
1923 1745 2062 1810 auctori-

412 1861 500 1917 tste¹
524 1851 741 1938 cognoscitur.
776 1849 883 1933 Unde,
908 1851 992 1915 sicut
1014 1861 1092 1914 tunc
1108 1849 1278 1915 Hismahel
1301 1847 1560 1936 persequebatur
1574 1849 1713 1933 Ysaac⁷,
1738 1851 1784 1914 ita
1802 1850 1909 1916 adhuc
1925 1873 2062 1937 regnum

413 1959 618 2047 persequitur
642 1957 859 2022 sacerdotium
867 1967 892 2020 1.

518 2081 645 2148 Iacob
674 2081 990 2164 sacerdotium²,
1020 2080 1132 2145 Esau
1155 2103 1325 2167 regnum
1358 2079 1601 2170 [pretulit⁰].
1648 2082 1780 2148 Ysssc¹
1804 2083 1903 2147 etiam
1925 2105 1947 2146 a
1969 2093 2062 2170 patre

414 2189 539 2255 oblatus
550 2195 571 2272 ⁸,
595 2189 733 2255 formam
757 2188 858 2274 gessit
880 2185 1011 2270 Christi,
1036 2189 1092 2281 qui
1115 2199 1249 2274 epatre
1274 2210 1332 2252 suo
1355 2210 1414 2275 pro
1438 2185 1533 2252 nobis
1557 2198 1607 2253 est
1628 2187 1821 2253 immolatus.
1868 2188 1974 2253 Huius
1998 2188 2062 2254 duo
2083 2213 2108 2252 rs

413 2297 472 2363 filii
495 2319 560 2363 non
583 2295 686 2360 solum
710 2293 950 2360 secerdotiumb
975 2305 1007 2359 et
1029 2317 1166 2380 regnum
1189 2293 1301 2380 figuris
1326 2304 1567 2381 expresserunt,
1587 2317 1701 2360 verum
1718 2295 1815 2361 etism
1831 2296 1911 2382 ipsis
1935 2295 2063 2362 actibus

414 2413 595 2492 gesserunt.
641 2401 726 2467 Nem
750 2400 848 2466 dum⁰
873 2399 996 2466 Iacob‘¹
1018 2400 1162 2488 lapidem
1185 2402 1279 2466 unxit
1303 2412 1356 2467 et⁶
1380 2401 1575 2466 sacrificium
1600 2400 1717 2467 obtulit
1726 2406 1748 2483 ⁹,
1777 2402 2062 2468 manifestissime¹

415 2510 632 2576 sacerdotium
655 2509 764 2595 gessit.
810 2507 901 2572 Esau
923 2529 1001 2572 vero
1025 2529 1162 2592 regnum
1185 2508 1326 2594 pretulit,
1358 2507 1435 2573 dum
1466 2507 1639 2574 duodecim
1668 2508 1768 2574 duces
1792 2509 1833 2574 de
1857 2533 1917 2574 sua
1940 2512 2063 2597 stirpes

414 2617 547 2706 protulit
558 2621 593 2680 ¹⁰.
639 2615 706 2682 Sed
730 2626 885 2701 quantum
909 2614 1052 2678 officium
1074 2613 1175 2678 Iacob
1200 2613 1343 2680 officium
1366 2615 1457 2680 Esau
1479 2615 1645 2702 precellat,
1677 2615 1789 2681 divina
1811 2639 1878 2682 vox
1907 2618 1942 2682 in
1965 2615 2063 2682 bene-

254 2749 395 2796 sonanse.
416 2723 557 2789 dictione
581 2723 682 2809 patris
707 2720 868 2786 declaret:
894 2719 1042 2786 Serviunt
1064 2722 1131 2801 tibi,
1155 2721 1283 2808 inquit¹²
1306 2733 1400 2808 peter
1423 2721 1466 2786 sd
1483 2721 1594 2804 Iacob,
1616 2724 1734 2810 populi
1754 2725 1935 2790 studerent
1957 2739 1984 2790 te
2007 2727 2063 2790 tri-
2082 2747 2109 2788 ro

416 2834 479 2898 bus.
524 2831 600 2895 Esto
624 2830 770 2895 domiuus
786 2830 933 2918 fratrum
957 2843 1090 2908 tuorum,
1114 2841 1142 2893 et
1163 2829 1383 2894 incurventur¹
1410 2845 1479 2895 uate
1503 2845 1529 2894 te
1545 2831 1620 2918 filii
1640 2834 1751 2895 matres
1774 2845 1852 2896 aare.
1900 2831 1999 2896 Itcm¹
2022 2831 2064 2896 ad

281 2925 396 3019 ’δ’ἶῖζὲἷζ
414 2938 520 3002 Esau:
546 2935 731 3002 Dorm'numl
758 2951 842 3000 touta
865 2936 957 3000 illurn
975 2936 1144 3014 ‘eonstitui,
1168 2948 1322 3000 stomaco
1338 2938 1495 3024 fratrerm
1517 2939 1664 3002 servituti
1686 2939 1776 3002 illius
1798 2941 1974 3026 sabr'aqaui.
2021 2938 2065 3003 Et

254 3067 395 3118 osanam.
415 3046 516 3109 item¹¹
539 3042 582 3108 sd
605 3043 732 3108 Esau0:
761 3043 862 3122 Vives,
886 3041 1022 3127 inquttr,
1045 3041 1154 3126 plodio
1178 3055 1207 3106 et
1227 3045 1366 3106 seruiesq
1382 3044 1495 3130 fratri
1514 3058 1573 3108 tuo.
1621 3043 1665 3108 Et
1689 3066 1763 3108 cum
1786 3043 1891 3110 adhuc
1915 3045 1948 3108 in
1971 3057 2063 3109 utero

282 3152 527 3223 n.rs,rs.mat1is
551 3159 788 3237 gestarenturf,
819 3147 1002 3211 aDomino
1034 3146 1168 3211 dicitur:
1199 3147 1329 3213 Mor-'or'
1354 3152 1468 3214 serviet
1495 3153 1621 3216 minori.
1671 3149 1759 3232 Quid
1789 3151 1927 3238 amplius
1958 3153 2063 3240 queri-

416 3256 513 3322 mus?
560 3255 648 3339 Quid
678 3265 785 3342 potest
813 3253 1015 3318 manifestius
1046 3251 1136 3318 dici?
1184 3251 1265 3334 Quis
1296 3253 1430 3319 demens
1460 3255 1653 3320 contraibit¹
1683 3247 1818 3322 'divinae
1853 3260 2063 3324 auctoritati?
2083 3280 2110 3320 ss

417 3364 501 3447 Enu,
526 3374 660 3451 apertov
675 3384 757 3427 voce
781 3361 959 3452 precipitur
974 3361 1199 3425 numerositati
1223 3359 1389 3442 lsicomm,
1414 3372 1450 3425 ut
1465 3364 1616 3428 serviatW
1632 3362 1820 3429 devotioni¹
1837 3365 2029 3430 clericorum
2038 3377 2062 3431 1.

416 3471 521 3559 Igitur
544 3472 571 3536 si
594 3471 733 3535 rusticus
758 3471 849 3533 iurez
874 3470 994 3532 serviet
1010 3467 1158 3550 diacono,
1182 3478 1282 3532 tunc·
1305 3469 1375 3532 iure
1395 3468 1487 3533 miles
1503 3469 1706 3557 presbytero.
1742 3472 1785 3536 Et
1808 3473 1836 3536 si
1859 3473 1951 3537 miles
1974 3495 2063 3559 pres·

416 3578 542 3666 bytero,
566 3589 643 3643 tunc
666 3578 819 3664 princeps
844 3577 1007 3661 episcopo.
1054 3574 1098 3639 Et
1121 3574 1148 3638 si
1171 3575 1324 3662 princeps
1348 3577 1513 3663 episcopo,
1538 3588 1614 3642 tunc
1638 3580 1813 3644 iustissime
1837 3602 1907 3661 rex,
1932 3582 1988 3666 qui
2004 3581 2063 3644 uti-

418 3709 480 3774 que
505 3687 575 3751 estb
600 3684 640 3749 de
664 3705 798 3748 numero
821 3683 988 3764 laicorum,
1015 3681 1180 3746 subiectus
1204 3682 1266 3746 erit
1288 3681 1476 3768 apostolico.

524 3938 551 4002 a)
574 3948 601 3992 at
621 3941 653 3989 A.
733 3936 760 3999 b)
782 3937 940 3998 asscr.Cl;
970 3937 1056 3987 adscr.
1077 3937 1110 3986 D.
1184 3932 1210 3997 c)
1232 3938 1291 3987 eius
1309 3953 1430 4002 superscr.
1449 3955 1516 3987 uma.
1535 3935 1561 3988 2.
1581 3953 1634 4002 que
1654 3937 1693 3999 Ας
1719 3945 1747 3990 et
1765 3941 1825 3990 aius
1845 3941 1877 3990 B.
1949 3939 1977 4003 d)
2000 3959 2064 3994 con·
2085 3951 2112 3988 eo

418 4032 542 4097 gregatis
565 4029 591 4079 0.
676 4024 702 4088 θ)
723 4029 784 4077 iusu
806 4027 832 4077 0.
915 4023 937 4086 1)
959 4026 1096 4076 dominum
1117 4024 1175 4086 Bl,
1194 4041 1241 4091 seq.
1260 4043 1360 4076 rasura.
1444 4024 1473 4092 g)
1495 4026 1612 4077 electum
1632 4027 1667 4077 D.
1751 4025 2065 4097 h)ad‹i.p0putum1),

418 4114 438 4179 1)
456 4135 506 4184 pro
525 4119 579 4169 Ubi
598 4132 708 4182 quoque
726 4133 772 4166 ser.
792 4116 892 4180 ubique
914 4115 967 4166 01.
1031 4111 1060 4174 k)
1082 4115 1193 4179 regibus
1213 4129 1267 4165 non
1289 4115 1315 4165 0.
1390 4111 1408 4175 1)
1432 4115 1538 4166 Ysasch
1558 4115 1589 4165 B.
1604 4115 1663 4166 Bl.
1737 4113 1773 4177 m)
1790 4117 1893 4169 Ysmsii
1911 4120 1950 4182 B;
1970 4122 2064 4173 Ysmg.

418 4207 462 4258 hel
482 4206 548 4268 1313
577 4204 675 4256 Ismsei
696 4204 729 4254 D.
838 4200 867 4265 n)
889 4219 1001 4268 regnum
1019 4204 1116 4261 Ysaac,
1135 4203 1318 4254 sacerdotium
1338 4203 1424 4254 Hism.
1443 4221 1506 4254 corr.
1526 4203 1614 4254 litteris
1632 4221 1656 4265 e,
1676 4207 1701 4266 b,
1722 4223 1745 4266 c,
1765 4207 1782 4256 d
1800 4210 1961 4274 superpositis
1977 4212 2065 4262 Yssac

418 4296 532 4356 sacerd„
551 4295 639 4344 Hism.
659 4309 771 4358 regnum
791 4293 823 4342 A.
910 4291 938 4352 ο)
959 4291 1070 4342 deestis
1087 4291 1199 4343 cruribus
1216 4292 1296 4352 aad,
1322 4309 1363 4357 epo
1381 4292 1501 4358 sappes.
1590 4290 1618 4359 p)
1638 4294 1705 4345 deest
1724 4295 1789 4345 D.'
1839 4293 2065 4362 q)deest0,01‚

419 4381 442 4448 r)
461 4401 508 4450 req.
527 4384 642 4448 sumpsit
655 4391 742 4447 postea
760 4381 837 4431 minio
854 4381 902 4430 del.
924 4381 955 4430 ri.
1028 4378 1052 4441 s)
1073 4380 1222 4431 venerandi
1240 4380 1352 4430 radendo
1369 4398 1432 4430 corr.
1452 4381 1570 4432 venandi
1592 4383 1618 4432 0.
1681 4380 1704 4448 t)
1725 4387 1796 4435 enim
1818 4386 1870 4436 01.
1934 4384 1963 4451 u)
1982 4395 2024 4439 itt
2039 4391 2065 4441 0.
2085 4394 2112 4434 te

419 4470 447 4538 v)
467 4481 495 4524 et
513 4473 558 4531 H„
578 4487 602 4537 q.
623 4488 645 4522 e.
666 4470 766 4536 legitur
783 4471 833 4520 dea.
849 4471 902 4521 01.
993 4465 1027 4530 w)
1049 4471 1154 4520 iecctus
1176 4470 1202 4520 0.
1293 4464 1320 4532 x)
1338 4486 1386 4534 pro
1405 4469 1498 4520 divina
1518 4473 1682 4523 auctoritate
1700 4490 1747 4524 scr.
1766 4474 1807 4526 d'r
1826 4491 1842 4525 a
1860 4483 1884 4526 et
1897 4485 1984 4542 postea
2001 4497 2065 4530 corr.

419 4561 451 4612 di
470 4579 486 4612 a
507 4563 540 4622 0;
559 4577 606 4626 seq.
626 4576 685 4611 esse
705 4560 739 4609 D.
837 4555 866 4624 y)
886 4559 1068 4609 sacerdotium
1088 4575 1158 4625 pers.
1178 4573 1289 4624 regnum
1308 4575 1371 4608 corr.
1391 4574 1504 4624 regnum
1523 4577 1593 4626 pera.
1612 4563 1717 4613 sacerd.
1739 4563 1792 4614 01.
1891 4563 1917 4629 a)
1936 4569 2065 4619 sacerdos

418 4669 481 4703 corr.
499 4651 550 4701 atio
567 4658 658 4700 atram.
677 4649 804 4699 sacerdot
823 4648 856 4698 A.
942 4643 1047 4711 a)add.
1068 4647 1146 4698 etri.
1228 4643 1256 4710 b)
1275 4647 1342 4697 deest
1362 4648 1457 4698 001.
1539 4645 1646 4712 c)cum
1668 4651 1720 4703 01.
1803 4649 1831 4718 d)
1850 4653 1911 4706 add.
1930 4672 2011 4723 super
2030 4659 2065 4709 Ι).

420 4739 445 4801 e)
468 4739 485 4790 Ι.
504 4741 582 4790 unxit
600 4746 628 4789 et
645 4737 695 4788 dea.
715 4737 750 4787 D.
828 4735 849 4797 f)
871 4737 1051 4787 manifestime
1070 4753 1133 4786 corr.
1153 4735 1294 4786 manifeste
1316 4737 1343 4786 0.
1424 4734 1453 4803 g)
1474 4753 1567 4790 οσανν.
1588 4739 1620 4790 Α.
1699 4737 1727 4806 h)
1747 4743 1842 4807 inquid
1862 4745 1941 4806 Α.ος
1969 4747 2065 4812 inquid

419 4830 469 4879 tibi
492 4829 545 4879 01.
616 4824 637 4890 1)
657 4829 830 4877 incurrantur
850 4825 877 4876 0.
959 4821 988 4886 k)
1011 4825 1062 4875 nm
1085 4825 1145 4886 01;
1173 4825 1250 4875 Idem
1270 4840 1378 4890 quoque
1398 4826 1433 4877 D.
1515 4823 1535 4892 1)
1554 4828 1590 4878 bis
1607 4846 1663 4890 scr,
1685 4831 1758 4881 smel
1774 4831 1822 4882 det.
1843 4831 1875 4882 A.
1949 4831 1986 4898 m)
2004 4835 2065 4886 add,
2084 4841 2112 4879 ao

420 4920 478 4968 eius
498 4917 532 4966 D.
596 4912 692 4980 n)itm
706 4916 849 4975 Ve,sssw
870 4912 923 4965 01.
979 4910 1007 4977 o)
1027 4915 1062 4965 Et
1080 4915 1098 4963 i.
1119 4914 1153 4963 sd
1172 4914 1246 4964 Esau
1264 4913 1314 4965 des.
1333 4914 1389 4973 D„
1430 4911 1459 4981 p)
1479 4917 1572 4982 inquid
1593 4917 1778 4980 murmur.
1798 4921 1832 4972 de
1853 4922 1907 4974 01.
1962 4919 2065 4989 q)50r.

420 5009 496 5058 vians
518 5007 571 5057 01.
652 5000 676 5068 r)
695 5010 849 5070 gestaretur
868 5004 901 5053 A.
982 4999 1081 5066 11)Α01
1104 5003 1156 5053 01.
1238 4997 1260 5064 1)
1281 5004 1444 5055 contradicit
1465 5005 1517 5056 01.
1597 5001 1626 5070 ιι)
1646 5007 1675 5058 st
1696 5007 1789 5060 001.
1861 5006 1890 5075 v)
1910 5019 2012 5078 quanta
2031 5015 2065 5065 D.

420 5091 455 5158 w)
475 5097 595 5145 serviant
616 5094 642 5144 0.
659 5094 711 5145 01.
731 5093 766 5144 D.
850 5089 879 5156 x)
899 5092 1080 5143 davocscioni
1100 5090 1239 5156 laycorum
1260 5091 1294 5153 0;
1324 5091 1393 5158 isyc.
1408 5103 1495 5159 postea
1512 5094 1561 5145 del.
1602 5123 1607 5138 ·
1645 5091 1674 5162 y)
1694 5097 1824 5150 clericum
1843 5099 1877 5150 D.
1962 5099 1988 5167 a)
2006 5104 2065 5154 iure

420 5186 537 5235 rusticus
558 5184 611 5235 01.
684 5178 711 5246 ιι)
732 5183 848 5232 rusticus
867 5182 884 5231 i.
904 5197 924 5230 s.
945 5181 970 5230 d.
989 5187 1054 5231 tunc
1072 5179 1165 5231 dcaC.
1238 5175 1267 5244 b)
1287 5186 1328 5232 est
1347 5183 1441 5248 utique
1462 5183 1515 5235 01.

530 5399 559 5470 1)
586 5398 633 5472 Cf.
658 5421 680 5457 s.
706 5400 821 5476 August.
846 5399 880 5455 de
903 5398 953 5455 civ.
979 5397 1036 5455 Dei
1057 5396 1176 5466 LVIII,
1201 5417 1224 5454 c.
1250 5396 1278 5454 2.
1417 5399 1447 5470 2)
1473 5397 1546 5458 Gerr.
1567 5401 1605 5458 16
1622 5422 1664 5478 sq.
1801 5404 1832 5475 3)
1864 5405 1940 5465 [tid.
1966 5408 2004 5466 21
2022 5429 2064 5485 sq.
2084 5421 2111 5459 ra

422 5506 453 5578 4)
479 5505 551 5566 Gen.
579 5505 695 5577 21,20.
799 5505 829 5575 5)
854 5504 929 5562 leid.
950 5505 998 5574 15,
1018 5504 1046 5560 3.
1064 5505 1094 5560 4.
1186 5503 1217 5574 6)
1242 5504 1316 5562 [oid.
1343 5504 1394 5562 21.
1487 5506 1517 5577 1)
1542 5507 1616 5566 Ibid.
1638 5509 1752 5580 16,12.
1856 5512 1887 5584 8)
1912 5513 1987 5572 Ibid.
2013 5515 2064 5572 22.

422 5613 453 5684 9)
477 5613 552 5672 Ibid.
578 5613 630 5684 28,
647 5613 696 5669 18.
820 5611 870 5680 10)
898 5611 991 5668 Errat
1013 5611 1168 5668 Honorius.
1215 5611 1261 5669 De
1284 5611 1388 5670 [artari
1413 5612 1451 5668 12
1477 5614 1560 5672 dacer
1583 5615 1769 5688 descertdunt;
1795 5620 1836 5692 cs.
1855 5617 1928 5679 Gen.
1949 5621 1998 5692 17,
2013 5621 2064 5679 20.

423 5719 539 5791 25,16.
