4478 6396
755 349 993 405 OPUSCULUM
1017 350 1069 405 DE
1094 349 1267 406 EDlFlCIO
1293 351 1370 408 DEI.
1829 346 1890 408 ill

232 557 313 598 suae
338 556 454 622 carnes
479 534 595 599 adesse
626 536 783 621 permisit,
816 537 904 598 sanis
935 547 1044 599 tamen
1068 548 1100 599 et
1124 534 1386 600 cohabitantibus
1418 534 1458 599 de
1483 536 1647 601 holeribus
1672 551 1704 602 et
1726 538 1890 624 legumine

233 641 416 726 simplicem
441 652 474 704 et
497 640 680 726 regularem
704 643 827 705 victum
854 644 1057 728 procuravit,
1090 643 1222 706 studens
1246 641 1399 706 videlicet
1430 643 1476 706 sic
1507 643 1735 729 hospitalitatis
1760 657 1792 710 et
1815 669 1890 710 con·

234 747 459 812 descensionis
483 748 626 812 officium
642 770 773 812 servare
798 748 840 812 ad
857 761 1030 812 extraneos
1055 761 1087 813 et
1110 749 1264 830 infirmos,
1288 759 1324 812 ut
1347 761 1456 813 tamen
1480 772 1500 812 a
1524 750 1665 834 regulari
1690 751 1889 816 districtione

233 854 440 940 aliquatenus
464 878 530 919 non
552 853 716 918 relaxaret
740 853 964 920 cohabitantes
989 867 1021 919 et
1044 878 1151 919 sanos.
1188 855 1269 935 Quis
1294 878 1372 941 ergo
1397 866 1683 942 quantumcunque
1708 857 1890 922 claustralis

200 985 213 1024 s
234 960 427 1047 disciplinae
459 971 583 1025 amator
613 985 677 1025 non
702 960 842 1026 libenter
864 961 921 1026 tali
946 964 1099 1048 episcopo
1123 961 1263 1043 adesset,
1289 963 1449 1049 quianon
1473 964 1543 1027 eius
1568 965 1727 1027 conviviis
1751 963 1891 1029 libenter

234 1069 418 1148 interesset,
450 1069 482 1132 in
514 1066 631 1154 quibus
662 1091 726 1132 uon
756 1070 871 1132 inanes
892 1068 1119 1133 saecularium
1149 1070 1353 1154 negotiorum
1384 1067 1525 1150 fabulae,
1557 1069 1625 1140 sed,
1642 1069 1744 1134 verba
1775 1093 1889 1135 sacrae

235 1173 384 1238 lectionis
415 1173 640 1254 audiebantur,
673 1177 705 1238 in
730 1174 847 1261 quibus
878 1197 943 1238 non
966 1174 1038 1260 plus
1063 1198 1161 1261 quam
1191 1197 1326 1238 necesse
1350 1175 1411 1238 fuit
1435 1177 1562 1261 corpori
1586 1176 1800 1258 serviebatur,
1831 1176 1891 1241 sed

236 1281 304 1344 sola
329 1283 398 1344 cius
421 1281 591 1344 infirmitas
615 1280 831 1361 reficiebatur,
856 1293 891 1345 ut
916 1281 959 1344 ad
982 1305 1076 1345 usum
1100 1282 1305 1346 necessariae
1329 1282 1458 1345 virtutis
1483 1280 1684 1346 haberetur?

344 1387 379 1452 Si
403 1389 502 1472 igitur
525 1389 571 1452 sic
595 1398 695 1473 agant
718 1389 874 1473 episcopi,
900 1399 994 1451 erunt
1018 1389 1231 1452 communiter
1247 1389 1427 1451 viventium
1451 1411 1517 1452 non
1533 1388 1636 1453 solum
1661 1391 1750 1473 socii,
1775 1389 1833 1454 sed
1858 1401 1890 1454 et

190 1521 216 1558 ro
235 1495 402 1579 regulares
426 1495 582 1580 magistri.
617 1495 687 1558 Nec
703 1496 816 1558 vivent
839 1517 985 1558 seorsum
1010 1518 1029 1558 a
1053 1494 1179 1558 clericis
1204 1495 1280 1576 suis,
1306 1496 1469 1580 quoniam,
1494 1518 1567 1559 cum
1591 1496 1653 1581 ipsi
1678 1519 1789 1560 eorum
1814 1520 1888 1561 con-

235 1601 388 1665 ventibus
411 1602 569 1664 interesse
593 1623 658 1665 non
681 1612 841 1686 poterunt,
873 1600 1022 1665 meliores
1047 1601 1087 1665 de
1112 1601 1262 1665 claustris
1286 1601 1387 1665 adse
1413 1601 1565 1665 collectos
1589 1601 1792 1687 regulariter,
1823 1625 1888 1667 non

236 1708 402 1772 curialiter
431 1707 625 1772 mactabunt.
678 1709 750 1772 Non
780 1709 842 1782 fuit
872 1731 949 1793 ergo
981 1709 1177 1772 contrarium
1208 1706 1296 1794 quod
1326 1706 1441 1771 beatus
1473 1707 1653 1793 Gregorius
1683 1707 1726 1772 ad
1755 1707 1887 1773 beatum

234 1813 454 1898 Augustinum
471 1815 617 1901 scripsit,
643 1838 717 1878 eum
733 1816 801 1878 vita
825 1814 984 1900 regularis
1008 1825 1040 1878 et
1063 1814 1192 1879 socialis
1216 1797 1372 1878 etiam'in
1388 1814 1580 1900 pontificatu
1604 1814 1759 1879 custodiri
1775 1816 1887 1901 possit,

235 1933 394 2006 quatenus
430 1922 603 2007 episcopus
637 1922 729 1985 iuxta
764 1922 958 1985 sententiam
989 1922 1079 1986 Petri
1114 1944 1178 1986 non
1214 1922 1254 1985 sit
1288 1921 1458 1986 dominans
1494 1923 1527 1984 in
1559 1920 1655 2004 clere,
1691 1921 1750 1985 sed
1784 1922 1889 1986 forma
1908 1947 2054 1996 erasas.

191 2054 216 2092 rs
236 2028 339 2091 factus
363 2029 466 2113 gregi.
1313 2021 1317 2030 ¹

343 2156 393 2216 72.
430 2153 644 2238 Perspicuum
668 2163 726 2234 cst,
752 2153 831 2239 quid
855 2153 896 2217 dc
920 2155 989 2217 vita
1013 2155 1262 2239 episcoporuma
1287 2153 1425 2216 senserit
1448 2152 1575 2232 Petrus,
1607 2162 1682 2216 aute
1713 2176 1824 2217 omnes
1855 2155 1888 2217 in

234 2257 312 2322 sede
328 2260 476 2323 Romana
499 2270 573 2345 post
589 2259 755 2324 Christum
779 2259 970 2324 audiendus.
1010 2259 1190 2324 Audiamus
1216 2261 1323 2340 etiam,
1349 2258 1428 2345 quid
1451 2258 1541 2322 dieat
1563 2258 1685 2322 Paulus
1709 2259 1794 2323 inter
1815 2283 1888 2347 pre·

235 2366 332 2451 cipue
355 2365 441 2430 illius
458 2367 648 2448 aecclesiae,
671 2389 754 2453 quae
772 2389 884 2430 omncs
908 2366 1032 2431 iudicat
1056 2379 1088 2430 et
1111 2368 1183 2452 ipsa
1207 2389 1226 2429 a
1249 2367 1379 2430 nemine
1402 2365 1598 2446 iudicatur-1,
1623 2364 1769 2430 membra
1793 2366 1888 2431 simul

235 2496 308 2536 cunr
331 2474 430 2538 Petro
455 2474 702 2560 computandus,
749 2474 824 2555 Dic,
849 2474 961 2556 Paule,
986 2474 1065 2560 quid
1089 2475 1188 2537 sentis
1213 2473 1253 2536 de
1278 2473 1457 2559 pontifice?
1493 2472 1645 2537 Debetne
1668 2474 1816 2559 pontifex
1839 2497 1888 2537 re·

189 2579 323 2664 sogales
347 2580 530 2644 functiones
555 2580 809 2645 administrare?
855 2581 975 2645 Audite
1001 2580 1080 2667 quid
1104 2580 1201 2645 dicat.
1241 2580 1361 2660 Omnis,
1385 2581 1500 2666 inquit,
1518 2582 1673 2668 pontifex
1694 2606 1733 2646 ea
1755 2583 1888 2646 homiui·
1908 2605 2034 2654 transt.

235 2689 291 2751 bus
314 2703 501 2774 asscurptus,
518 2714 583 2774 pro
601 2690 793 2753 'hostisiam
817 2691 1013 2753 constituitur
1036 2691 1069 2754 in
1095 2690 1144 2752 lts's
1168 2714 1247 2774 quae
1270 2703 1342 2752 suist
1364 2688 1409 2752 ad
1427 2688 1540 2766 Deam,
1564 2702 1598 2751 ut
1620 2689 1733 2774 offerat
1756 2688 1838 2752 dona
1863 2704 1891 2753 et
1908 2713 1986 2751 *msa

234 2797 396 2880 sacrificia
413 2820 478 2880 pro
499 2798 646 2881 peccatis.
684 2793 719 2860 Si
744 2817 821 2880 ergo
845 2795 878 2858 in
902 2795 952 2859 his
976 2806 1099 2860 tantum
1119 2794 1267 2881 pontifex
1291 2795 1497 2858 coustituitrm
1520 2816 1583 2880 que
1608 2805 1684 2857 sunt
1706 2793 1748 2857 ad
1769 2794 1888 2877 Deum,

235 2900 314 2986 quid
339 2901 378 2964 de
402 2900 452 2964 his
476 2900 519 2964 ad
542 2923 617 2964 cum
641 2924 724 2986 quae
748 2902 912 2988 pertinent
936 2901 979 2965 ad
994 2901 1104 2987 regale
1121 2900 1290 2966 officium?
1327 2901 1362 2965 Si
1386 2899 1428 2964 ad
1452 2901 1514 2964 hoc
1530 2900 1706 2986 preficitur,
1724 2911 1759 2964 ut
1775 2900 1890 2965 offerat

235 3007 322 3071 dona
345 3019 377 3071 et
401 3007 560 3072 sacrificia
591 3009 827 3094 propeccatis,
856 3031 957 3094 quare
982 3019 1161 3095 occupatur
1190 3009 1224 3071 in
1248 3006 1403 3071 militibus
1435 3007 1674 3093 congregandis
1699 3019 1731 3071 et
1754 3007 1888 3093 expedi-

190 3141 216 3180 as
234 3113 377 3178 tionibus
402 3137 475 3178 cum
500 3137 576 3200 rege
601 3114 814 3179 ordinandis?
862 3115 1017 3202 Nunquid
1037 3116 1099 3180 hoc
1116 3137 1214 3200 agere
1232 3127 1281 3179 est
1297 3115 1494 3178 sacrificium
1510 3137 1569 3200 pro
1585 3115 1889 3201 peccatisquando

235 3221 382 3284 militiam
406 3221 529 3286 ducens
552 3244 613 3286 nec
635 3245 732 3286 unam
756 3224 1034 3308 pernoctationem
1058 3223 1091 3286 in
1115 3221 1224 3309 aliqua
1239 3221 1318 3285 villa
1341 3232 1448 3307 potest
1469 3221 1579 3285 faeere
1604 3220 1727 3308 absque
1751 3221 1888 3285 militurn

236 3339 269 3391 et
292 3329 506 3394 scutariorum
536 3327 827 3393 innumerabilibus
856 3329 1026 3415 peccatis?
1074 3329 1109 3393 Si
1133 3328 1190 3392 tali
1214 3328 1373 3392 sacrificio
1398 3326 1582 3414 placabitur
1604 3327 1706 3410 Deus,
1731 3351 1808 3392 vere
1833 3328 1889 3392 do-

236 3437 342 3498 minus
358 3435 589 3520 lllogontinus²
612 3433 708 3501 beato
725 3436 866 3500 Martino
890 3438 924 3499 in
940 3459 1041 3521 regno
1066 3435 1229 3500 caelorum
1254 3437 1316 3499 erit
1338 3433 1563 3520 preferendus.
1600 3434 1667 3500 Sed
1689 3435 1804 3500 melius
1829 3445 1888 3517 est,

235 3553 272 3604 ut
287 3542 462 3605 Martinam
480 3564 607 3606 oremus
632 3565 724 3607 orare
741 3567 799 3628 pro
816 3543 1016 3628 Mogontino,
1041 3566 1138 3628 quam
1162 3541 1309 3606 utillum
1333 3541 1440 3605 taliter
1464 3541 1635 3606 credamus
1659 3541 1888 3627 preferendum

190 3675 218 3716 ao
238 3648 387 3712 llartino.
434 3649 507 3713 Hoc
538 3650 625 3712 enirn
656 3651 682 3713 si
714 3648 876 3713 credimus
907 3661 963 3714 aut
993 3651 1159 3730 sentinruS,
1192 3648 1373 3712 aecclesiae
1396 3648 1563 3712 Romanae
1587 3671 1647 3734 per
1669 3647 1807 3712 Paulum
1829 3671 1889 3712 nos

237 3757 408 3820 instruenti
438 3779 502 3820 non
527 3757 756 3820 consentimus.
803 3757 879 3843 Ipse
903 3758 989 3820 enirn
1013 3780 1078 3820 non
1102 3756 1206 3820 solum
1229 3754 1271 3819 de
1295 3755 1459 3841 pontifice,
1491 3755 1550 3819 sed
1573 3755 1614 3820 de
1639 3756 1726 3819 omni
1750 3777 1890 3841 persona

236 3863 408 3948 profitente
432 3862 579 3926 militiam
596 3862 718 3927 Christi
741 3863 880 3928 affirmat
904 3875 1033 3950 aperte:
1059 3863 1146 3949 quod
1169 3887 1257 3927 iserae
1282 3865 1424 3927 initiatas
1444 3863 1512 3927 Deo
1538 3865 1682 3949 implicat
1703 3888 1735 3927 se
1758 3866 1890 3949 negotiis
1908 3889 2053 3936 amnas.

236 3971 461 4035 saecularibus.
508 3970 597 4034 Eece
621 3969 778 4034 habemus
803 3971 884 4035 duos
909 3982 1016 4052 testes,
1040 3972 1125 4034 inter
1148 3992 1260 4034 ornnes
1284 3968 1464 4034 aecclesiae
1484 3969 1649 4033 Romanae
1673 3968 1798 4032 iudices
1822 3991 1888 4032 am-

237 4075 320 4162 plius
350 4078 505 4162 insignes.
553 4077 710 4142 Sufficere
742 4076 835 4142 nobis
866 4079 985 4164 poterit
1014 4079 1148 4141 istorum
1179 4077 1408 4158 testimonium,
1434 4077 1512 4162 quia
1539 4077 1573 4139 in
1597 4099 1651 4140 ore
1676 4074 1813 4139 duorum
1836 4075 1890 4139 vel
1908 4102 2068 4151 cremarat.

190 4211 217 4249 ss
237 4185 333 4246 trium
357 4185 487 4248 testium
511 4195 574 4248 stat
598 4207 692 4248 omne
715 4183 862 4248 verbum.

345 4311 395 4372 73.
431 4308 585 4372 Attamen
610 4310 733 4394 siquis
757 4307 859 4373 verba
888 4310 1024 4373 istorum
1055 4310 1101 4373 sic
1130 4319 1224 4395 putat
1254 4306 1508 4394 interpretanda,
1533 4318 1656 4371 utnon
1686 4309 1720 4370 in
1743 4308 1793 4371 his
1817 4331 1889 4393 per-

235 4415 412 4479 suadeatur
435 4415 522 4478 clcro
545 4417 614 4479 vita
645 4417 825 4481 communis
856 4427 888 4480 et
919 4415 1107 4501 apostolica,
1138 4417 1293 4502 respiciat
1322 4416 1518 4501 posteriores
1549 4424 1668 4500 patres,
1698 4415 1753 4500 qui
1782 4415 1815 4477 in
1839 4415 1889 4478 his

234 4520 344 4586 verbis
369 4545 434 4586 non
450 4524 639 4608 quesierunt
659 4522 864 4609 allegoriam3
890 4523 948 4586 scd
971 4523 1053 4588 haec
1077 4533 1271 4609 aptaverunt
1295 4521 1338 4586 ad
1362 4520 1451 4585 illam
1466 4521 1601 4586 vivendi
1617 4521 1773 4607 regulam,
1791 4543 1890 4607 quam

235 4629 396 4692 Dominus
421 4629 511 4693 dedit
534 4631 600 4693 suis
624 4628 802 4715 discipulis,
827 4642 860 4694 et
883 4653 942 4715 per
958 4629 1134 4716 discipulos
1158 4630 1284 4693 cunctis
1300 4627 1393 4694 verbi
1414 4630 1465 4692 sui
1480 4628 1799 4710 ministrisdicens:
1828 4628 1893 4706 Qut
1908 4654 2049 4704 mensa.

188 4763 216 4801 so
237 4760 297 4799 nors
329 4739 487 4801 renrcnafat
516 4739 659 4801 omnibus
694 4763 773 4823 quae
797 4738 955 4823 possidet,
992 4762 1054 4801 noa
1077 4752 1181 4824 potest
1214 4762 1299 4801 uaeas
1330 4761 1394 4801 esse
1427 4737 1613 4822 dsbcspulaa.
1665 4734 1759 4799 Haec
1787 4733 1890 4797 verba

236 4841 390 4906 Urbanus
407 4865 493 4929 papa
517 4854 549 4906 et
571 4849 717 4930 rnartyr³
740 4845 786 4908 sic
811 4843 981 4925 intellexit,
1006 4854 1042 4907 ut
1065 4866 1177 4907 ornnes
1194 4844 1386 4907 clericorum
1403 4843 1673 4927 congregationes
1690 4864 1750 4927 per
1765 4841 1888 4904 aeccle-

344 5084 476 5140 Urbanus
499 5082 575 5156 papa
599 5093 628 5140 et
650 5081 784 5139 martirl:
814 5083 903 5139 Decet
925 5103 1019 5140 ouznes
1043 5082 1219 5152 ‹rlrristt'enoa
1249 5081 1400 5152 durissimi,
1425 5091 1456 5138 ut
1478 5101 1537 5137 euin
1561 5081 1710 5150 imitentur,
1735 5111 1777 5119 -
1794 5111 1837 5119 —
1861 5079 1889 5135 in
1909 5099 1973 5138 ιμ’.

237 5189 349 5247 Actias
372 5193 578 5265 apostolorum:
603 5191 802 5248 ‘Multitudinis
826 5181 1017 5247 credentinmb
1043 5198 1106 5245 erat
1128 5209 1176 5246 cor
1199 5178 1324 5268 [astron]
1349 5198 1374 5244 et
1396 5188 1493 5245 annuo
1517 5189 1599 5244 urtu'.

344 5397 834 5467 a)mmnmmbmmmnwdc
908 5399 1243 5462 wesecetaaa

192 5616 239 5656 ta,
348 5599 376 5654 ll
404 5597 451 5670 Cf.
479 5599 571 5674 Capit.
597 5601 707 5676 Anpilr.
734 5622 756 5656 c.
783 5601 834 5669 51,
859 5599 1013 5657 Hinscltius
1032 5620 1064 5675 p.
1085 5599 1157 5656 765.
1251 5596 1281 5667 2)
1309 5597 1356 5670 Cf.
1381 5618 1471 5672 supra
1496 5619 1518 5653 c.
1538 5597 1588 5652 24.
1683 5597 1713 5665 3)
1740 5596 1788 5667 Cs.
1813 5615 1841 5652 a.
1860 5594 1888 5650 4.

241 5705 271 5772 4)
296 5705 410 5762 Decret.
433 5707 542 5764 Urbani
565 5728 587 5762 c.
609 5709 635 5776 l,
661 5708 815 5764 Hiascler'us
833 5729 865 5782 p.
887 5707 958 5762 143.

310 5825 627 5878 ffimfflfflhmlst
1643 5827 1676 5874 Q
