4426 6398
687 299 923 361 TRACTATUS
947 305 1236 365 EBORACENSES.
1272 309 1309 364 V.
1750 297 1823 362 681

176 491 313 557 Romam
336 492 405 556 sine
428 490 494 556 ulla
516 491 709 556 necessitate
733 501 766 555 ct
788 514 889 557 causa
911 493 1112 577 racionabili,
1137 494 1196 559 sed
1227 493 1294 560 solo
1318 493 1413 560 hbitu
1442 494 1573 581 proprie
1596 492 1771 558 voluntatis
1795 501 1827 558 et

176 607 339 664 ostentatu
355 597 593 662 dominationis.
623 597 662 661 In
679 620 743 685 quo
760 599 857 662 etiam
874 599 1039 687 compellit
1054 623 1110 666 eos
1125 612 1182 666 aut
1196 600 1308 666 fallere
1325 600 1471 666 homines
1492 611 1524 666 et
1540 599 1668 665 mentiri
1692 621 1727 664 se
1744 620 1826 682 esse,

176 705 264 793 quod
278 727 344 770 non
360 714 443 787 sunt,
459 714 493 769 et
507 725 573 768 non
589 726 671 787 esse,
688 704 776 791 quod
792 716 876 789 sunt,
900 717 957 771 aut
979 718 1100 773 temere
1123 730 1157 773 se
1180 709 1329 794 ingerere
1353 709 1388 772 in
1404 707 1593 773 discrimina
1609 705 1826 793 periculorum

176 823 209 877 et
224 810 387 877 molestias
403 812 675 898 persecutionum,
693 812 780 898 quod
800 822 902 878 toturn
918 824 968 879 est
983 824 1097 880 contra
1115 814 1304 880 mandatum
1321 814 1442 879 Christi
1458 825 1491 879 et
1506 813 1653 900 regulam
1668 813 1825 876 veritatis.

144 945 157 985 s
177 919 242 1000 Qui
262 919 370 1001 etiam,
386 927 422 983 ut
440 928 545 984 astute
567 917 682 983 fallant
703 929 736 983 et
758 921 964 1004 mentiantur,
980 920 1148 1008 deponunt
1165 920 1332 1008 religionis
1355 919 1501 986 habiturn
1523 931 1608 985 etse
1629 919 1826 984 indumentis

176 1023 345 1090 laicalibus
367 1024 515 1108 induunt,
539 1047 580 1089 ne
603 1035 831 1110 agnoscantur,
853 1026 939 1113 quod
956 1029 1102 1115 episcopi
1120 1037 1203 1094 sunt.
1240 1017 1277 1094 Si
1293 1028 1379 1092 enim
1396 1037 1659 1114 agnoscerentur,
1682 1025 1827 1113 graviter

175 1132 452 1219 periclitarentur3
479 1136 525 1196 ‘et
548 1141 666 1214 tamen,
691 1132 719 1196 si
741 1155 806 1198 non
830 1155 975 1220 corpore,
1000 1135 1035 1198 in
1058 1135 1167 1200 anima
1190 1135 1423 1221 periclitantur.

282 1238 382 1304 Aliud
401 1261 529 1326 quoque
549 1261 613 1304 non
631 1239 738 1303 minus
757 1239 976 1326 periculosum
999 1241 1075 1306 inde
1095 1241 1264 1328 contingit,
1285 1241 1372 1328 quod
1391 1263 1468 1306 oves
1488 1241 1669 1306 dominicas
1687 1239 1826 1305 derelin-

177 1356 281 1434 quunt
299 1357 331 1411 et
349 1346 478 1411 interim
493 1346 628 1410 veniens
645 1344 793 1411 diabolus
813 1368 868 1411 eas
887 1346 1046 1435 dispergit
1062 1359 1094 1413 et
1112 1349 1147 1413 in
1166 1347 1297 1413 diversa
1314 1347 1440 1435 flagitia
1455 1348 1621 1434 pertrahit.
1655 1348 1826 1412 Pastorum

132 1479 158 1520 ro
177 1454 263 1518 enim
290 1451 439 1517 absentia
465 1465 498 1517 et
523 1463 612 1517 metu
639 1462 672 1516 et
698 1453 846 1518 custodia
872 1454 1056 1540 privantur3
1089 1465 1122 1520 et
1149 1455 1224 1520 ideo
1253 1455 1399 1520 securius
1422 1463 1563 1541 peccant
1586 1465 1618 1519 et
1640 1453 1684 1518 ad
1702 1453 1826 1518 maiora

175 1559 415 1647 pertrahuntur.
450 1559 590 1624 Accedit
611 1558 653 1623 ad
676 1559 737 1648 hec
762 1569 794 1624 et
816 1558 941 1645 flagitia
965 1560 1052 1626 aliud
1074 1561 1204 1644 malum,
1228 1561 1405 1648 quodcum
1429 1559 1571 1626 debeant
1587 1559 1704 1626 offerre
1727 1559 1826 1624 sacri-

175 1667 286 1731 ficium
313 1667 457 1753 corporis
485 1675 517 1730 ct
544 1667 711 1752 sanguinis
736 1665 867 1750 Christi,
891 1677 927 1733 ut
949 1669 1017 1732 vivi
1041 1691 1061 1732 a
1083 1668 1228 1755 peccatis
1258 1668 1459 1734 redimantur
1487 1679 1521 1732 et
1549 1667 1666 1732 mortui
1689 1689 1710 1730 a
1731 1667 1826 1754 penis

175 1771 364 1856 liberentur,
395 1794 460 1837 non
483 1773 623 1838 offerunt
652 1773 800 1861 impediti
830 1772 872 1838 ab
900 1775 1015 1840 itinere
1046 1776 1158 1863 sicque
1189 1785 1222 1839 et
1249 1775 1317 1839 vivi
1347 1774 1579 1861 redemptionis
1609 1772 1827 1839 beneficiost

176 1881 295 1944 mortui
318 1889 549 1945 tormentorum
573 1902 704 1945 suorum
726 1880 918 1946 fraudantur
939 1881 1094 1946 remedio.

134 2013 159 2053 rs
283 1988 364 2052 Est*
379 2009 508 2074 quoque
525 1997 557 2052 et
572 1986 661 2052 ahud
676 1987 749 2052 Deo
766 1987 861 2054 valde
879 1991 1085 2071 contrarium,
1102 1987 1189 2076 quod
1205 1988 1352 2054 vendunt
1366 1986 1453 2053 bona
1469 1987 1690 2076 ecclesiarum,
1708 1985 1826 2074 quibus

178 2104 210 2158 et
226 2093 435 2158 elemosinam
451 2093 529 2159 dare
546 2103 579 2158 et
593 2116 753 2181 pauperes
769 2094 855 2160 alere
874 2145 881 2160 .
899 2144 906 2159 .
925 2096 959 2179 ,ξ
982 2097 1094 2183 precia
1112 2094 1218 2184 [que0]
1244 2117 1354 2160 secum
1369 2095 1487 2177 ferunt,
1504 2103 1540 2159 ut
1560 2093 1724 2160 habeant‘¹
1740 2093 1828 2180 quod

177 2198 371 2265 officialibus
388 2200 550 2286 pontificis
572 2199 726 2284 tribuant,
750 2224 815 2266 non
831 2202 905 2267 dico
922 2202 1073 2290 palatinis
1090 2201 1225 2267 canibus
1237 2206 1258 2284 1,
1275 2201 1397 2267 -hoc
1414 2202 1501 2266 enim
1517 2201 1626 2266 dicere
1650 2199 1826 2265 absurdum

178 2317 236 2389 est,
260 2347 304 2355 -
327 2306 386 2371 sed
409 2305 603 2372 officialibus
614 2313 636 2390 ²,
659 2308 749 2394 apud
771 2331 863 2396 quos,
886 2310 949 2373 nisi
973 2309 1123 2374 dederint
1145 2310 1328 2396 pecuniam,
1352 2308 1473 2375 nullam
1496 2309 1666 2373 invenient
1687 2308 1827 2394 gratiam

178 2423 210 2480 et
226 2407 373 2481 Christus
396 2424 470 2478 ante
493 2414 580 2479 fores
605 2415 746 2480 etfama
771 2416 888 2503 sitique
905 2418 1086 2481 cruciatur⁰
1111 2426 1144 2481 et
1167 2427 1346 2502 egestatem
1369 2417 1404 2481 in
1425 2414 1580 2480 membris
1605 2415 1671 2479 suis
1695 2414 1826 2501 patitur.

132 2549 160 2589 so
177 2522 250 2587 Hoc
274 2523 395 2608 quippe
419 2543 530 2586 omnes
554 2522 701 2610 episcopi
725 2523 904 2588 certissime
929 2525 1150 2610 experiuntur,
1175 2524 1231 2611 qui
1254 2546 1312 2610 pro
1337 2520 1499 2610 aliquibus
1527 2522 1667 2607 negotiis
1689 2521 1826 2606 Romam

177 2631 225 2695 ire
249 2638 418 2714 coguntur.

284 2735 357 2823 Heu
390 2735 490 2820 igitur
522 2734 608 2799 mala
642 2737 751 2800 omnia
785 2738 940 2802 eveniunt
974 2761 1017 2802 ex
1051 2760 1104 2821 eo,
1140 2736 1228 2825 quod
1265 2736 1399 2801 mandat
1433 2736 1486 2802 et‘
1522 2736 1628 2824 querit
1661 2735 1826 2799 Romanus

178 2844 365 2930 episcopus,
399 2864 462 2928 que
497 2841 583 2906 nullo
619 2842 714 2908 modo
749 2845 933 2928 evenirent,
968 2847 996 2908 si
1030 2866 1142 2909 omnes
1173 2843 1294 2908 vellent
1327 2843 1460 2930 obedire
1495 2842 1560 2924 his,
1595 2863 1658 2930 que
1693 2839 1828 2906 mandat

179 2959 211 3014 et
245 2951 380 3036 requirit
417 2948 567 3013 dominus
602 2947 760 3016 Christus.
817 2949 894 3016 Alia
927 2952 1048 3038 quippe
1082 2951 1232 3015 voluntas
1271 2961 1320 3016 est
1359 2951 1511 3032 hominis,
1550 2948 1615 3013 alia
1648 2947 1728 3031 Dei,
1768 2946 1827 3012 sed
1855 2935 1857 2938 ¹

132 3083 161 3122 so
179 3071 297 3146 oportet
324 3081 380 3121 uos
403 3055 471 3121 Deo
494 3059 596 3145 mapr’s
619 3058 744 3123 obedire
768 3083 861 3145 quern
885 3059 1016 3140 homini,
1046 3059 1217 3146 presertim
1240 3057 1306 3140 tali,
1330 3061 1390 3144 qui
1410 3060 1445 3123 ia
1467 3058 1597 3122 caritate
1620 3080 1681 3121 noa
1703 3069 1829 3120 mancat
1844 3040 2005 3143 fffil'sslhffi

179 3179 208 3230 ct
228 3166 262 3229 in
286 3164 354 3229 Deo
378 3177 406 3228 et
428 3163 516 3228 Deua
538 3165 573 3228 r'n
596 3187 630 3228 co
653 3188 715 3228 non
737 3179 869 3231 maneat.
917 3164 953 3230 Si
976 3166 1062 3230 enim
1093 3166 1127 3228 in
1150 3165 1285 3229 caritate
1311 3173 1465 3244 maneret,
1496 3161 1575 3226 nulli
1606 3161 1661 3226 alii
1690 3161 1825 3243 faceret,
1845 3183 2003 3230 eamcam.

180 3269 268 3358 quod
297 3267 359 3333 sihi
389 3267 430 3334 ab
461 3269 524 3333 alio
554 3267 625 3333 lieri
655 3293 721 3334 non
744 3270 850 3336 vellet.
897 3270 970 3335 Non
994 3272 1081 3336 enim
1103 3272 1277 3357 fatigarett
1301 3281 1334 3334 et
1356 3279 1509 3356 gravaret
1536 3291 1647 3333 servos
1670 3268 1736 3332 Dei
1759 3267 1826 3355 epi-

180 3399 295 3464 scopos
319 3399 393 3440 cum
415 3374 504 3461 longi
528 3375 719 3441 difficultate
742 3378 877 3459 itineris,
902 3401 975 3442 cum
1006 3379 1103 3443 etiam
1131 3401 1240 3442 rerum
1270 3401 1402 3442 suarum
1432 3375 1614 3463 dispendio,
1639 3397 1713 3440 curn
1739 3383 1829 3439 metu

179 3481 407 3570 periculorum,
431 3481 579 3547 molestia
602 3483 831 3570 egritudinum,
856 3484 943 3549 tedio
966 3483 1114 3550 laborum
1139 3494 1180 3567 et,
1205 3483 1292 3571 quod
1315 3483 1408 3570 peius
1433 3493 1491 3566 est,
1516 3482 1626 3548 derisu
1656 3490 1689 3546 et
1711 3480 1828 3568 obpro·

134 3616 163 3656 ao
180 3589 250 3655 brio
280 3590 437 3654 laicorum
467 3588 708 3676 obiurgantium
739 3595 771 3656 et
800 3592 992 3678 populorum
1022 3592 1297 3678 exasperantium.
1343 3589 1429 3655 Nam
1458 3589 1534 3654 inde
1564 3588 1653 3676 apud
1675 3587 1757 3652 tales
1782 3593 1829 3652 ‘et
1845 3610 1936 3662 rreses.

181 3696 375 3784 episcopahs
397 3695 526 3760 vilescit
555 3699 740 3778 auctoritas,
770 3698 926 3762 minuitur
955 3707 1109 3785 potestas,
1140 3697 1322 3762 infirmatur
1343 3697 1432 3783 rigor
1455 3696 1593 3784 iusticie,
1619 3704 1651 3760 et
1675 3694 1827 3782 ecclesia-

181 3805 260 3891 stice
289 3803 449 3889 frangitur
479 3804 637 3867 severitas
667 3803 847 3890 discipline.
893 3805 1033 3891 Exque
1064 3805 1271 3870 manifestum
1302 3813 1360 3886 est,
1385 3802 1472 3890 quod
1501 3804 1536 3867 in
1565 3802 1695 3866 homine
1719 3801 1828 3867 huius·

179 3910 267 3975 modi
290 3933 357 3974 non
380 3921 429 3975 est
451 3911 581 3991 caritas,
606 3911 662 3996 qui
685 3931 797 3974 servos
821 3912 964 3976 caritatis
988 3934 1026 3976 eo
1057 3911 1153 3976 modo
1178 3912 1346 3992 detrectat,
1371 3933 1435 3997 quo
1466 3931 1501 3974 se
1530 3909 1664 3973 tractari
1692 3907 1734 3972 ab
1765 3908 1828 3972 alio

179 4016 377 4082 reformidat.
416 4017 456 4080 In
471 4039 536 4102 quo
559 4025 668 4081 autem
690 4038 756 4081 non
780 4028 828 4082 est
852 4018 979 4100 caritas,
1004 4041 1023 4082 a
1047 4020 1150 4084 servis
1174 4019 1316 4083 caritatis
1339 4016 1428 4082 nulla
1444 4017 1491 4082 eis
1515 4015 1652 4081 debetur
1675 4014 1828 4102 obedien-

134 4149 163 4190 as
180 4124 236 4207 tia,
261 4125 338 4210 quia
366 4145 432 4188 non
462 4133 598 4210 possunt
627 4123 744 4188 simulh
767 4135 800 4188 et
827 4124 949 4190 homini
977 4125 1162 4190 huiusmodi
1193 4123 1348 4189 exhibere
1379 4123 1601 4188 obedientiam
1631 4131 1663 4186 et
1687 4121 1826 4186 caritati.

179 4230 224 4294 Et
246 4232 274 4294 si
295 4240 470 4318 propterea
492 4229 633 4316 aliquem
658 4231 998 4314 excommunicaverit,
1023 4233 1110 4319 quod
1134 4233 1164 4296 ei
1187 4233 1222 4296 in
1244 4221 1362 4296 talibus
1386 4229 1542 4296 obediens
1572 4251 1637 4294 non
1668 4229 1719 4311 sit,
1744 4229 1771 4292 si
1794 4229 1829 4292 in

180 4337 252 4402 aliis
275 4335 426 4401 omnibus
444 4336 517 4401 Deo
541 4334 683 4418 obediat,
706 4359 772 4402 non
794 4348 955 4421 vereatur,
980 4338 1038 4403 sed
1061 4338 1173 4403 audiat
1195 4361 1355 4403 summum
1378 4337 1575 4424 pontificem,
1599 4337 1655 4423 qui
1678 4332 1828 4399 omnibus

179 4441 243 4507 sibi
258 4442 485 4530 obedientibus
502 4443 598 4508 dicit:
622 4445 704 4510 Ecce
727 4469 781 4533 epo
804 4448 962 4510 nobiccum
984 4471 1052 4510 eum
1069 4448 1212 4512 omnibus
1227 4445 1336 4511 diebus
1359 4469 1455 4532 usque
1477 4445 1523 4509 ad
1536 4445 1829 4509 conmemmotionem
1847 4463 2003 4514 nuruum.

179 4553 285 4616 seculi.
325 4549 356 4615 A
380 4573 443 4638 quo
467 4549 556 4615 nulla
579 4551 914 4615 excommunicatione
937 4553 1056 4639 poterit
1079 4551 1142 4616 sibi
1166 4550 1373 4617 obedientem
1396 4550 1581 4637 separare¹.
1625 4549 1718 4614 Sicut
1740 4550 1827 4613 enim

131 4681 163 4723 so
180 4654 382 4722 absolutione
407 4680 466 4722 sua
487 4680 554 4721 uon
576 4667 683 4743 potest
702 4657 842 4740 efficere,
866 4667 902 4722 ut
926 4657 1106 4724 membrum
1129 4657 1251 4723 diaboh
1273 4658 1331 4722 fiat
1353 4655 1535 4722 membrum
1552 4655 1683 4738 Christi,
1707 4657 1752 4719 ita
1769 4678 1828 4720 sua

181 4764 516 4830 excommunicatione
539 4785 606 4828 non
628 4774 735 4850 potest
758 4763 887 4829 efficere
895 4766 920 4848 ¹¹,
944 4775 980 4830 ut
1001 4764 1182 4831 membrum
1206 4762 1326 4829 Christi
1349 4765 1406 4828 fiat
1427 4762 1608 4828 membrum
1632 4760 1763 4827 diaboli.

287 4870 355 4936 Sed
377 4870 427 4936 his
451 4869 620 4935 obmissis¹
647 4870 689 4936 ad
713 4871 777 4935 alia
799 4872 979 4954 veniamus,
1004 4895 1067 4960 quq
1082 4872 1221 4937 Romani
1244 4871 1412 4958 pontifices
1436 4871 1569 4952 faciunt,
1594 4879 1627 4934 ct
1649 4891 1711 4956 que
1736 4870 1827 4955 pacis

181 4977 401 5064 ecclesiastice
416 4977 582 5042 vinculum
606 4987 638 5042 et
661 4977 868 5042 concordiam
891 4989 1053 5065 rumpunt.
1088 4979 1179 5043 Inter
1200 4978 1356 5042 ecclesias
1380 4979 1500 5064 quippe
1525 4974 1680 5040 abbatum
1704 4986 1736 5040 et
1759 4976 1826 5062 epi-

181 5107 351 5172 scoporum
376 5093 408 5149 et
430 5085 515 5148 inter
533 5085 622 5170 ipsos
645 5083 781 5148 abbates
798 5095 830 5149 et
846 5086 1016 5171 episcopos
1032 5085 1242 5150 dissensionis
1260 5085 1366 5170 iurgia
1388 5084 1521 5165 faciunt,
1543 5082 1619 5146 dum
1643 5080 1825 5164 abbatibus,

131 5261 163 5302 so
287 5245 314 5314 a)
334 5250 565 5301 Est—tribuant
584 5250 650 5300 linea
667 5251 746 5300 rubra
762 5251 875 5316 inciprrit.
934 5249 962 5314 b)
984 5251 1115 5302 deberent
1133 5251 1229 5316 supple.
1288 5248 1313 5312 c)
1334 5249 1454 5314 mpplcni.
1510 5245 1538 5310 d)
1558 5248 1626 5299 hant
1643 5265 1663 5298 c.
1720 5245 1745 5311 e)
1767 5264 1826 5299 cor·

181 5341 270 5390 ciatur
288 5357 309 5389 o.
389 5335 512 5401 flet-
533 5339 677 5406 episcopus
696 5340 763 5390 tinea
780 5340 858 5390 rubra
875 5339 987 5406 irrar'pnit.
1068 5337 1097 5404 g)
1118 5340 1248 5404 satigaret
1266 5357 1287 5388 c.
1367 5335 1396 5401 h)
1416 5355 1538 5403 sapam.
1619 5333 1639 5399 i)
1660 5354 1787 5404 seperare
1805 5354 1826 5387 c.

180 5424 209 5490 k)
230 5445 305 5493 super
323 5429 332 5478 i
352 5427 435 5478 littera
452 5445 506 5478 aaa
523 5445 602 5478 ernau
675 5426 695 5492 l)
717 5429 842 5480 obmissis
862 5455 895 5463 -
915 5430 991 5495 pacis
1010 5426 1078 5478 eccl.
1095 5427 1124 5478 in
1143 5429 1193 5479 loco
1209 5445 1275 5478 roco.

290 5557 319 5628 1)
336 5557 447 5629 Nescio,
463 5557 534 5634 quid
547 5557 616 5614 hacc
630 5556 716 5614 uerba
731 5556 784 5615 riti
797 5557 890 5616 vellat.
923 5557 1059 5615 Fortasse
1073 5575 1147 5633 quae
1160 5564 1314 5632 repetantur
1333 5574 1369 5612 aa
1388 5555 1513 5612 carmine
1532 5555 1654 5631 quodam
1673 5556 1707 5612 dc
1721 5554 1827 5612 Roma-

180 5653 280 5723 norum
295 5665 421 5722 auaritia
435 5673 547 5740 sumpta
561 5672 634 5722 sunt.
702 5661 733 5739 2)
749 5662 798 5737 Cf.
812 5663 980 5737 Defensioa.
992 5683 1051 5740 pro
1059 5662 1132 5743 filiis
1140 5661 1332 5738 presbyterum
1349 5660 1577 5732 v.129-131,·
1596 5681 1686 5737 snpra
1701 5682 1734 5737 p.
1752 5659 1825 5718 583.

251 5785 353 5838 Libelli
371 5787 405 5838 de
425 5785 481 5839 lite.
509 5787 565 5837 111.
1581 5784 1614 5833 86
