4478 6396
595 308 788 364 EPISTOLA
812 309 865 364 AD
889 307 1165 366 INNOCENTIUM
1188 309 1332 366 PAPAM.
1731 303 1794 366 235

134 492 254 558 clerici
277 494 402 576 lascivi,
427 494 596 576 aleatores,
614 506 796 576 venatores,
822 494 992 560 scurilitati
1016 496 1195 560 servientes
1211 497 1326 581 magis,
1347 519 1445 582 quam
1461 497 1639 581 gratiarum
1663 497 1794 578 actioni,

133 601 168 663 si
191 623 253 687 per
268 602 437 666 caritatem
461 601 668 683 sufferuntur,
693 601 838 688 quandiu
862 602 1010 687 symonia
1034 603 1215 688 ceterisque
1240 602 1434 688 dampnatis
1459 612 1492 666 et
1515 602 1795 667 anathematizatis

137 706 372 793 'pruritatibus
396 718 544 773 carentes
568 708 653 772 infra
677 709 852 772 maceriam
872 709 989 772 vineae
1006 709 1072 772 Dei
1095 731 1166 772 esse
1191 709 1376 790 creduntur,
1400 732 1466 773 non
1488 709 1672 795 impediunt
1693 708 1794 775 bono·
1813 731 1886 774 *aaa

135 836 213 878 rum
237 814 460 878 sufferentium
483 814 637 898 salutem3
662 816 760 879 immo
784 837 843 901 per
865 815 927 878 hoc
951 826 1131 901 purgantur
1154 814 1242 896 boni,
1267 815 1355 901 quod
1378 816 1430 880 vel
1453 817 1619 902 ignoratos
1642 815 1695 880 vel
1718 839 1793 880 nec-

97 920 219 986 sdnm
242 921 435 1007 dampnatos
459 922 546 985 intus
570 932 701 1008 portant
723 920 836 1003 malos,
861 921 1006 1008 quandiu
1029 945 1049 985 a
1064 922 1138 986 Deo
1163 921 1282 986 dicitur
1297 922 1441 1009 prelatiS,
1466 933 1502 986 ut
1525 924 1633 986 sinant
1655 933 1792 1010 utraque

137 1050 298 1110 crescere,
324 1039 356 1092 ct
378 1028 425 1092 illi
443 1029 518 1092 huic
536 1028 621 1093 dicto
639 1027 828 1093 obedientes
844 1030 1035 1114 permittunt
1050 1039 1187 1115 utraque
1204 1051 1369 1112 crescere3
1394 1030 1471 1115 quia
1486 1028 1641 1093 videlicet
1656 1011 1792 1116 utraque

136 1147 216 1198 sunt
237 1136 272 1198 in
288 1135 504 1200 teneritudine
528 1134 714 1221 habentque
739 1146 805 1200 tam
828 1134 914 1200 mala
937 1136 1073 1216 zizania,
1098 1158 1196 1221 quarn
1220 1134 1307 1199 bona
1330 1136 1486 1222 germina,
1511 1138 1546 1199 in
1570 1158 1633 1222 quo
1657 1147 1793 1222 possunt

137 1252 349 1326 augmentum
366 1265 494 1328 capere.
530 1241 584 1324 At,
601 1241 658 1306 ubi
674 1241 853 1306 secundum
870 1242 956 1328 quod
980 1243 1012 1305 in
1030 1241 1209 1328 apocalipsi
1233 1241 1360 1327 legitur,
1385 1242 1503 1306 dicitur
1520 1243 1635 1328 angelo
1659 1241 1791 1307 habenti

138 1348 258 1412 falcem
274 1359 413 1430 acutam,
430 1348 584 1413 videlicet
608 1350 805 1435 apostolicae
830 1349 917 1412 sedis
936 1347 1092 1434 pontifici,
1116 1347 1251 1412 habenti
1265 1359 1460 1435 potestatem
1475 1349 1548 1414 Deo
1572 1348 1711 1414 rebelles
1736 1373 1791 1414 ex-

88 1481 118 1518 ro
138 1455 411 1537 communicandi,
428 1455 494 1538 ubi,
519 1457 662 1542 inquam,
686 1455 744 1520 tali
768 1455 885 1542 angelo
902 1455 1036 1520 dicitur:
1061 1457 1150 1520 Mitte
1167 1457 1284 1539 falcem
1309 1471 1431 1520 neamus
1455 1472 1484 1521 et
1507 1457 1666 1522 vindemio
1691 1459 1966 1531 brecanammere.

138 1566 247 1627 uineae
265 1578 378 1644 terroe,
406 1566 554 1648 quonium
578 1578 719 1628 moturae
741 1578 813 1627 suut
835 1589 914 1628 uuae
937 1567 1014 1644 eiua,
1039 1563 1091 1626 cni
1115 1562 1201 1626 dicto
1226 1563 1398 1648 septimum
1422 1561 1618 1648 Gregorium
1641 1562 1791 1628 obedisse

137 1668 317 1733 credimus:
343 1692 385 1732 ex
409 1680 485 1734 ωηο
508 1669 580 1734 fieri
605 1669 767 1734 credimus
791 1669 835 1750 id,
860 1668 948 1755 quod
971 1671 1005 1733 in
1022 1669 1201 1754 apocalipsi
1226 1670 1387 1754 sequitur:
1412 1669 1506 1734 Misit
1527 1671 1790 1758 anpelusfalcem
1809 1694 1882 1735 mro.

135 1801 226 1840 suurn
241 1791 271 1840 et
287 1778 494 1842 vindemiavit
508 1780 632 1842 niueum
648 1792 749 1842 terroe
773 1792 802 1842 et
820 1780 908 1842 ausu
931 1780 963 1842 in
981 1777 1085 1840 lucum
1103 1780 1169 1841 irae
1188 1777 1254 1840 Dei
1266 1801 1422 1864 maguum,
1440 1791 1468 1841 et
1483 1778 1621 1842 calcatus
1637 1792 1681 1842 eet
1704 1777 1791 1842 tuens

136 1897 224 1946 extra
239 1886 407 1948 civitatem.
436 1883 540 1947 Erant
556 1885 642 1947 enim
655 1883 835 1947 Nicolaitae
853 1905 891 1947 ac
910 1883 1089 1969 symoniaci
1106 1881 1196 1946 velut
1208 1881 1340 1967 quidam
1357 1881 1443 1946 botri
1459 1884 1575 1946 vineae
1591 1893 1709 1965 terrae,
1725 1906 1791 1948 ηοη

91 2015 117 2054 rs
136 1989 252 2052 vincae
270 1987 403 2071 Christi,
421 1991 475 2076 qui
492 2001 566 2054 ante
582 1990 727 2054 Leonem
750 1993 894 2054 nonuml
912 2011 996 2076 pene
1021 1991 1126 2074 ipsam
1142 1989 1273 2052 vineam
1290 1987 1411 2053 Christi
1428 2001 1678 2075 occupaverant,
1697 1991 1790 2077 quasi

134 2094 221 2159 licite
254 2097 351 2160 simul
380 2097 517 2161 feminas
542 2107 574 2161 et
597 2097 774 2162 aecclesias
804 2095 966 2179 habendo,
998 2094 1175 2160 aecclesias
1200 2106 1232 2160 et
1256 2096 1500 2161 aecclesiastica
1524 2097 1701 2183 ‘stipendia
1732 2120 1791 2183 per
1809 2119 1887 2162 ηοη.

134 2204 293 2288 pecunias
318 2214 350 2267 et
372 2202 531 2290 obsequia
554 2203 739 2290 optinendo.
788 2203 855 2269 Sed
885 2225 927 2267 ex
957 2214 1034 2268 ωηο
1064 2225 1124 2289 per
1147 2201 1345 2288 apostolicae
1369 2202 1455 2266 sedis
1479 2202 1649 2289 pontifices
1672 2203 1789 2268 falcem

134 2319 264 2373 acutam
289 2332 332 2374 ex
355 2321 509 2396 precepto
526 2311 592 2374 Dei
616 2321 784 2375 moventes
808 2320 954 2396 apparet,
980 2309 1067 2396 quod
1091 2311 1144 2373 isti
1168 2307 1252 2374 botn‘
1268 2311 1384 2373 vineae
1408 2319 1600 2374 terraenae
1624 2321 1701 2374 tunc
1717 2332 1789 2396 per·

134 2417 302 2480 tinuerunt
332 2417 375 2481 ad
398 2419 528 2481 vineam
553 2417 685 2499 Christi,
715 2417 845 2503 quando
869 2428 944 2481 sunt
975 2414 1015 2480 ab
1047 2438 1159 2480 eornm
1189 2414 1478 2501 predecessoribus
1508 2415 1637 2480 tolerati
1666 2439 1725 2503 pro
1750 2439 1788 2481 eo

87 2549 115 2588 so
132 2522 280 2605 forsitan,
306 2525 383 2609 quia
405 2524 545 2588 necdum
569 2534 661 2588 erant
684 2525 812 2588 maturi.
859 2524 956 2588 Nunc
986 2533 1094 2587 autem
1125 2524 1280 2609 quoniam
1302 2523 1399 2586 vinea
1429 2533 1536 2586 terrae
1559 2533 1627 2586 tota
1650 2533 1699 2587 est
1722 2546 1788 2589 ma-

133 2642 217 2710 tura,
250 2631 341 2694 cuius
373 2642 405 2694 et
434 2653 553 2716 magna
582 2653 659 2718 pars
689 2653 749 2716 per
771 2631 969 2717 apostolicae
1000 2630 1086 2694 sedis
1117 2629 1287 2715 pontifices
1318 2640 1368 2693 est
1391 2628 1600 2712 vindemiata,
1632 2639 1665 2698 et
1695 2639 1789 2694 extra

134 2736 303 2800 civitatem
326 2737 392 2801 Dei
419 2739 565 2823 proiecta
592 2749 689 2824 atquc
720 2739 754 2800 in
778 2738 911 2801 civitate
935 2735 1056 2800 diaboli
1081 2747 1246 2822 congesta,
1278 2746 1366 2799 recte
1390 2735 1539 2800 audimus
1564 2759 1649 2800 nunc
1672 2758 1789 2800 vocem

133 2843 168 2906 in
193 2843 373 2930 apocalipsi
404 2843 584 2909 dicentem:
617 2845 712 2910 Eut'te
736 2846 773 2909 de
797 2846 867 2926 itta,
892 2845 1034 2932 populus
1064 2869 1159 2924 meus,
1191 2859 1224 2908 ut
1253 2869 1290 2908 ue
1306 2846 1487 2930 participes
1509 2847 1581 2908 sitis
1604 2843 1789 2909 delictorum
1807 2841 1920 2934 *ffb

134 2953 213 3031 eius,
237 2965 266 3016 et
289 2951 326 3016 de
336 2953 448 3040 plagis
464 2955 531 3017 eius
547 2977 608 3016 uon
624 2954 803 3038 accqoiutt'e,
828 2955 976 3037 quonium
986 2965 1200 3038 peruenerunt
1207 2965 1340 3036 peccatu
1365 2952 1455 3014 illius
1479 2975 1575 3036 usque
1598 2950 1644 3015 ad
1657 2953 1786 3016 caelum.

87 3083 116 3124 ao
135 3057 272 3122 Reddite
297 3059 358 3138 itti,
387 3061 468 3122 sicut
497 3061 570 3145 apso
597 3059 742 3124 reddidit
770 3060 868 3139 vobr'r,
899 3073 1049 3144 quantum
1074 3059 1223 3122 dilatavit
1243 3082 1275 3122 ee
1299 3072 1328 3121 et
1350 3059 1384 3121 in
1407 3056 1535 3122 deliciis
1550 3059 1641 3146 fuit5
1671 3072 1789 3122 taonem

136 3165 207 3229 dote
231 3166 287 3229 itti
307 3180 488 3230 tormentum
513 3181 542 3231 et
564 3168 689 3245 luctum,
713 3169 790 3252 quio
814 3169 849 3230 in
865 3165 957 3229 corde
980 3189 1036 3228 erto
1054 3165 1150 3229 dicit:
1173 3163 1283 3229 ‘Sedeo
1308 3166 1428 3251 rapina,
1452 3178 1481 3228 et
1503 3164 1602 3228 uidua
1624 3189 1686 3228 nou
1708 3189 1788 3245 sum,

135 3287 164 3336 et
187 3273 302 3336 luctum
326 3297 386 3336 noa
412 3272 545 3337 uidebo’.
594 3271 675 3336 Nolo
703 3283 812 3335 tamen
835 3271 917 3335 haec
942 3270 1081 3335 dicendo
1105 3269 1313 3356 persuadere,
1337 3280 1373 3333 ut
1396 3291 1507 3334 omnes
1531 3271 1661 3334 omnino
1685 3269 1787 3334 malos

136 3376 315 3442 debeamus
339 3378 550 3464 corporaliter
568 3379 692 3464 fugere,
717 3377 776 3442 sed
799 3387 834 3442 nt
857 3377 1046 3464 interdictos
1070 3379 1103 3440 in
1120 3375 1217 3440 rebus
1241 3375 1421 3440 interdictis
1446 3376 1576 3440 omnino
1600 3376 1788 3441 studeamus

135 3486 252 3565 vitare,
276 3484 481 3570 quorundam
503 3486 620 3548 missas
651 3508 716 3549 ηοη
743 3483 906 3549 audiendo
932 3494 1095 3548 ettamen
1120 3484 1167 3547 eis
1191 3483 1297 3547 adhuc
1322 3505 1382 3546 ave
1406 3481 1563 3565 dicend03
1592 3481 1787 3568 quibusdam

88 3617 118 3657 so
135 3613 215 3656 vero
244 3613 306 3655 nec
337 3613 398 3654 ave
430 3591 569 3657 dicendo
599 3591 846 3677 firmissimeque
880 3590 1030 3672 tenendo,
1062 3589 1149 3676 quod
1179 3589 1398 3654 Romanorum
1433 3589 1622 3675 pontificum
1655 3588 1787 3675 linguae

137 3697 247 3762 clares
271 3697 355 3762 caeli
377 3698 484 3763 factae
509 3710 592 3762 sunt.
640 3698 683 3762 Et
712 3698 786 3762 ideo
818 3719 1012 3784 quecunque
1042 3698 1161 3760 missae
1187 3695 1267 3759 ‘illis
1296 3694 1592 3759 contradicentibus
1617 3705 1786 3779 canuntur,
1806 3719 1877 3762 uu.

137 3817 233 3869 extra
248 3804 384 3886 caelum,
409 3805 507 3870 immo
525 3816 617 3869 extra
634 3805 828 3869 aecclesiam
845 3815 934 3887 sunt3
960 3805 1065 3890 etqui
1088 3826 1143 3867 eas
1166 3813 1288 3867 temere
1313 3801 1459 3885 andiunt,
1483 3825 1543 3866 sua
1566 3801 1788 3866 inobedientia

137 3922 309 3998 peccatum
332 3912 529 3997 paganitatis
554 3911 734 3975 affirmante
758 3911 839 3974 VII⁰
865 3910 1024 3996 Gregorio
1048 3911 1226 3974 incurrunt.

245 4017 278 4083 S.
313 4018 483 4083 Hactenus
506 4028 538 4082 te
562 4019 700 4082 sustinui
729 4017 914 4104 loquentem
943 4019 1012 4082 sive
1037 4016 1243 4081 scribentem.
1291 4015 1385 4079 Nunc
1409 4026 1440 4080 te
1464 4039 1582 4102 respuo
1608 4017 1691 4080 sicut
1713 4039 1786 4101 pro·
1886 4101 1888 4106 ,

89 4123 281 4211 raphanum
305 4135 338 4188 et
361 4125 445 4189 sicut
468 4125 634 4206 creticum,
659 4126 736 4210 quia
758 4147 822 4189 non
846 4123 1025 4189 concordas
1049 4124 1145 4188 dictis
1168 4125 1395 4209 magistrorum
1418 4145 1478 4209 per
1497 4133 1598 4186 totam
1612 4123 1787 4187 Franciam

138 4231 243 4296 scolas
273 4233 464 4317 regentium.
513 4231 607 4296 Unde
632 4241 664 4295 et
686 4254 744 4295 nos
769 4231 985 4312 condiximus
1009 4242 1045 4295 nt
1067 4232 1183 4295 missas
1207 4241 1279 4294 tuas
1310 4252 1375 4294 non
1406 4228 1576 4293 audiamus
1606 4228 1731 4315 tibique
1754 4230 1788 4293 in

137 4337 200 4402 hoc
223 4339 330 4402 vicem
352 4337 580 4425 rependamuS,
606 4340 661 4424 qui
685 4348 795 4402 nostra
818 4339 983 4402 execraris
1007 4336 1125 4418 officia,
1151 4359 1225 4401 cum
1249 4347 1283 4400 ω
1306 4337 1350 4399 sis
1375 4337 1518 4400 omnium
1542 4335 1718 4418 hominnm,
1747 4359 1787 4399 ne
1807 4360 1956 4410 rossan.

138 4445 244 4510 dicam
260 4445 476 4527 sacerdotum,
500 4445 686 4531 peripsima.
723 4444 790 4508 Nos
807 4455 915 4508 autem
931 4467 1014 4530 pene
1031 4467 1143 4508 omnes
1159 4466 1290 4530 genere,
1314 4441 1493 4525 nobilitate,
1518 4443 1640 4506 divitiis
1657 4441 1788 4507 excelli-

138 4575 221 4615 mus.
252 4551 348 4616 Unde
372 4562 429 4615 tua
444 4549 546 4615 verba
566 4551 650 4615 ultra
674 4550 889 4636 dedignantes
913 4550 1037 4633 audire,
1062 4562 1093 4615 te
1117 4551 1176 4614 toti
1198 4550 1319 4614 mundo
1342 4551 1377 4613 in
1393 4547 1603 4635 obprobrium
1620 4550 1787 4613 faciemus.

89 4683 120 4725 so
245 4657 284 4722 R.
319 4658 408 4723 Ecce
432 4657 536 4740 audis,
561 4661 579 4721 6
603 4658 765 4723 aecclesia
788 4658 944 4740 Romana,
969 4668 1073 4722 mater
1096 4655 1209 4721 libera.
1247 4655 1417 4736 Quomodo
1442 4655 1572 4738 luditur,
1597 4657 1694 4720 immo
1718 4655 1788 4720 illu-

138 4764 227 4829 ditur
248 4764 334 4829 filius
364 4775 437 4829 tuus
468 4765 502 4828 in
526 4764 621 4829 domo
645 4775 710 4847 tua,
736 4786 819 4850 quae
843 4763 904 4828 tibi
933 4765 976 4829 ad
1000 4763 1180 4850 regendum
1204 4773 1254 4826 est
1277 4762 1476 4827 commissa?
1523 4761 1559 4827 Si
1590 4774 1664 4827 sunt
1693 4763 1726 4826 in
1756 4772 1788 4826 te

139 4873 269 4936 viscera
291 4883 447 4954 materna,
472 4894 626 4950 snccmre
650 4870 748 4935 filiolo
764 4881 819 4935 tuo
836 4881 949 4935 contra
964 4870 1054 4936 illum
1070 4893 1135 4935 non
1151 4881 1241 4934 tuum
1258 4869 1464 4956 aliquomodo
1480 4868 1683 4934 tolerandum
1701 4918 1708 4933 .
1727 4919 1734 4933 .
1753 4879 1787 4951 .⁸,

138 4977 197 5043 ubi
219 5001 285 5042 non
308 4979 513 5065 persequitur
542 4977 644 5043 filium
670 4976 804 5058 liberae,
829 4979 983 5064 quoniam
1005 4977 1077 5042 fieri
1100 4987 1215 5063 potest,
1238 4987 1275 5041 ut
1298 4999 1357 5063 per
1378 4976 1556 5040 fraternam
1580 4976 1788 5040 concordiam

140 5086 266 5171 etipse
290 5084 415 5171 aliquid
438 5086 580 5171 accipiat
603 5084 643 5150 de
667 5095 803 5172 patema
825 5084 1017 5149 hereditate.
1064 5083 1140 5166 Sed,
1158 5084 1235 5169 quia
1250 5105 1302 5147 me
1325 5093 1417 5147 tuum
1433 5083 1692 5169 qualemcunque
1716 5105 1788 5169 per-

88 5193 287 5278 assequitur
313 5191 425 5274 filium,
457 5191 563 5257 scribe
592 5193 677 5278 patri
701 5201 733 5256 et
756 5191 1001 5278 archiepiscopo
1026 5213 1097 5256 meo
1123 5189 1363 5277 salzpurgensi,
1387 5200 1423 5253 ut
1446 5190 1544 5254 eiciat
1566 5189 1718 5254 ancillam
1743 5194 1790 5254 *et
1808 5187 1966 5282 ffqquetw·

141 5297 241 5363 filium
273 5301 353 5382 eius,
380 5299 468 5388 quod
498 5301 596 5366 etiam
619 5299 684 5363 Dei
714 5299 819 5385 gratia
848 5299 919 5385 ipse
950 5297 1028 5363 fecit
1058 5319 1101 5362 ex
1129 5302 1254 5384 parte².
1303 5296 1378 5378 Qui,
1409 5296 1551 5361 Domino
1582 5307 1788 5383 cooperante,

247 5497 274 5562 a)
296 5501 340 5562 dr'r,
359 5501 483 5568 reliquum
501 5502 580 5552 lineae
597 5502 707 5567 matium
725 5517 838 5551 vacuum.

249 5663 278 5736 1)
303 5665 337 5722 A.
359 5663 590 5722 ross-1054.
684 5664 714 5735 2)
741 5663 789 5736 es.
814 5663 890 5720 aaa.
915 5663 1126 5740 necamur,
1151 5683 1179 5719 a.
1200 5661 1293 5732 1110,
1320 5660 1374 5718 ss.
1399 5661 1500 5732 ran,
1519 5637 1553 5737 p.
1572 5661 1645 5718 451.

1524 5783 1576 5834 30ΙΙι
