4478 6396
452 385 515 447 216
743 389 922 447 GERHOHI
947 388 1178 444 PRAEPOSITI
1203 389 1609 446 REICHERSBERGENSIS
1633 390 1797 445 LIBELLI.

451 581 507 663 hoc
530 580 726 666 capitulam*
749 581 856 644 statuit
878 579 935 642 sub
956 580 1271 642 excommunicatione
1287 577 1412 642 dicens:
1435 576 1632 664 ‘Quicunque
1654 579 1860 658 sacerdotum,
1885 579 2106 658 diaconorum,

451 687 729 767 subdiaconorum,
754 699 830 772 post
856 688 1052 750 constitutam
1079 685 1184 748 beome
1215 688 1383 749 memoriae
1400 685 1636 772 predecessoris
1658 687 1762 750 metri
1781 687 1979 751 sanctssimi
1993 709 2107 771 popae

452 793 567 858 Leonis
591 793 629 857 de
653 795 792 858 castitate
816 793 1011 871 clericorum,
1036 801 1068 854 et
1088 800 1206 854 cetera.
1254 791 1342 855 Eece
1366 791 1399 855 hi
1423 789 1487 855 duo
1503 791 1641 855 Romani
1663 790 1834 878 pontifices
1856 801 2020 856 testantur
2044 788 2108 854 sub

450 899 788 964 excommunicatione
804 907 976 979 vasantam,
1001 907 1036 962 ut
1059 898 1297 961 incontinentes
1328 919 1393 960 non
1423 895 1590 962 celebrent
1620 897 1829 963 interdictum
1859 896 1922 962 sibi
1947 897 2108 962 officium.

452 1004 560 1085 Quare
584 1016 619 1068 tu
643 1003 685 1069 ab
710 1007 756 1070 eis
781 1005 821 1069 de
845 1006 907 1068 ista
931 1005 1285 1087 excommunicatione3
1309 1004 1386 1068 mihi
1412 1003 1532 1068 sufficit
1554 1003 1635 1068 illud
1658 1027 1678 1068 a
1700 1027 1788 1091 papa
1804 1002 1965 1090 Gregorio
1989 1027 2108 1091 supra·
2132 1027 2146 1065 a

451 1110 584 1192 dictum,
609 1111 665 1176 ubi
689 1111 806 1176 officiis
831 1133 943 1175 eorum
967 1110 1109 1175 ostendit
1132 1111 1202 1175 lieri
1225 1133 1399 1198 paganum.

558 1226 591 1291 S.
628 1227 716 1308 Quid
741 1227 823 1292 dicis
847 1227 891 1292 ad
912 1227 968 1290 illa
991 1226 1118 1291 Nicolai
1142 1249 1246 1313 papae
1272 1225 1414 1308 decreta,
1439 1248 1522 1312 quac
1549 1227 1592 1291 ad
1616 1227 1763 1292 consulta
1785 1226 2002 1313 Bulgarorum
2029 1227 2109 1291 deta

451 1335 618 1398 continent
639 1334 722 1398 haec
746 1335 830 1398 inter
855 1338 1002 1398 cetera¹:
1034 1334 1083 1398 De
1100 1335 1295 1420 presbyteris
1318 1335 1415 1414 cobis,
1447 1337 1505 1420 qui
1527 1335 1607 1399 laici
1627 1337 1710 1414 estis,
1738 1359 1792 1399 nec
1816 1335 2027 1399 indicandum
2052 1349 2108 1415 est,

450 1465 505 1506 nec
528 1442 566 1506 de
590 1445 655 1506 uita
678 1467 784 1506 eornm
808 1444 976 1528 quicquam
1001 1441 1262 1528 inoestipondnm,
1285 1441 1342 1504 scol
1364 1443 1580 1528 cpiscoporum
1605 1442 1736 1522 indicio,
1764 1442 1919 1528 quicquid
1941 1441 2030 1506 illud
2052 1457 2108 1520 est,

450 1549 682 1613 reservandum.
731 1547 774 1612 Et
797 1557 870 1634 post
894 1547 1041 1632 aliqual:
1067 1547 1196 1626 Sumite,
1219 1547 1334 1633 inquit,
1359 1549 1398 1610 nb
1423 1551 1511 1612 omni
1531 1549 1689 1612 sacerdote
1713 1549 1869 1634 intrepide
1893 1548 2018 1612 Christi
2039 1574 2107 1636 my-
2130 1572 2156 1610 m

448 1657 556 1736 sterio,
588 1658 736 1740 qnoniam
761 1657 867 1719 onznia
892 1658 925 1719 in
941 1655 1011 1741 fide
1029 1669 1218 1742 purgentur.
1266 1654 1359 1718 Haec
1384 1653 1467 1717 dixit
1490 1677 1577 1740 papa
1600 1653 1765 1740 Nycolaus
1790 1653 2045 1734 sciscitantibus,
2070 1667 2108 1718 ut
2177 1693 2180 1698 ,

449 1762 521 1848 ipsa
544 1783 702 1847 responsa
726 1760 910 1842 ostendunt,
935 1783 998 1824 non
1023 1760 1124 1824 solum
1150 1760 1190 1824 de
1207 1759 1407 1847 presbyteris
1432 1760 1677 1842 fornicantibus,
1702 1761 1875 1825 sedetiam
1891 1761 2106 1826 adulteranti-

353 1886 429 1928 ·r.ao.
449 1866 520 1949 bus,
545 1867 719 1932 ostendens
743 1890 855 1932 eornm
880 1866 1058 1932 ‘audienda
1082 1867 1198 1948 officia,
1224 1867 1331 1953 quoad
1355 1889 1457 1954 usque
1482 1865 1523 1931 ab
1548 1869 1710 1954 episcopis
1734 1889 1846 1932 eorum
1869 1867 1964 1932 detur
1988 1870 2023 1931 in
2048 1890 2106 1932 eos

448 1975 533 2038 iusta
557 1975 728 2040 sententie.

555 2081 593 2145 R.
630 2080 717 2164 Scin,
741 2081 850 2160 frater,
875 2082 937 2144 ista
961 2080 1104 2166 capitula
1128 2081 1277 2162 inveniri,
1307 2080 1366 2144 sed
1388 2103 1408 2144 a
1432 2081 1599 2146 catholicis
1623 2103 1686 2146 non
1710 2081 1807 2146 video
1832 2081 1894 2145 illis
1920 2081 2057 2146 obediri.
2128 2104 2153 2142 n

556 2188 589 2253 S.
626 2187 725 2252 Modo
749 2187 811 2252 illis
836 2187 987 2252 catholici
1012 2211 1076 2251 non
1101 2185 1266 2268 obediunt,
1292 2187 1349 2251 scd
1373 2187 1511 2252 antehac
1536 2186 1738 2252 obedierunt.
1828 2267 1830 2272 s

554 2295 593 2358 R.
630 2293 737 2376 Certe,
766 2293 876 2374 frater,
907 2317 1013 2380 neque
1038 2293 1133 2358 modo
1157 2317 1263 2380 neque
1287 2293 1426 2358 antehac
1450 2295 1647 2359 fornicantes
1672 2304 1705 2358 et
1727 2294 1948 2360 adulterantes
1973 2297 2103 2381 accepti

449 2403 580 2467 fuerunt
596 2425 696 2466 sanae
713 2402 830 2465 mentis
847 2400 1042 2483 hominibus,
1060 2410 1093 2464 et
1109 2402 1206 2464 etiam
1222 2411 1300 2464 tunc
1316 2399 1550 2487 reprobabiles,
1568 2423 1642 2465 eum
1657 2401 1801 2466 nondum
1818 2425 1838 2464 a
1850 2401 1925 2465 VH.
1940 2401 2102 2488 Gregorio

448 2509 579 2573 fuerunt
603 2509 769 2574 eliminati.
817 2507 913 2572 Unde
938 2507 1061 2572 licitum
1086 2519 1135 2570 cst
1158 2507 1294 2593 opinari,
1319 2508 1346 2570 si
1370 2531 1390 2570 a
1413 2508 1538 2572 iuniore
1562 2507 1698 2572 Nicolao
1722 2508 1799 2572 data
1823 2519 1872 2572 est
1895 2508 1977 2572 haec
2001 2510 2102 2573 iussio

448 2614 488 2678 de
520 2613 684 2680 audiendo
715 2615 944 2678 fornicantium
975 2613 1093 2695 officio,
1125 2615 1217 2700 quasi
1248 2615 1368 2696 mitius,
1399 2623 1435 2678 ut
1464 2637 1498 2677 se
1528 2615 1737 2700 corrigerent,
1768 2616 1917 2701 primitus
1949 2637 2023 2679 cum
2055 2617 2102 2678 eis
2124 2639 2152 2676 ro

448 2721 586 2807 agendo.
633 2721 812 2807 Postquam
844 2721 1022 2784 extiterunt
1052 2719 1300 2806 incorrigibiles,
1331 2721 1470 2806 ipsemet
1500 2743 1534 2784 sc
1567 2722 1718 2803 correxit,
1750 2722 1881 2808 quando
1911 2723 1945 2786 in
1976 2721 2102 2809 synodo

448 2828 572 2892 eisdem
589 2828 698 2892 officia
713 2827 892 2892 interdixit.
929 2827 1006 2892 Ideo
1023 2829 1115 2892 iuxta
1130 2827 1260 2912 regulas
1284 2849 1445 2892 canonum
1468 2828 1586 2914 potiori
1610 2829 1793 2893 auctoritati
1818 2838 1868 2893 est
1890 2831 2103 2915 acquiescen-

448 2934 525 2998 dum
549 2934 602 2998 vel
625 2935 687 2998 hoo
711 2934 927 3015 sentiendum,
953 2933 1040 3021 quod
1063 2935 1096 2998 in
1120 2935 1192 3020 ipsa
1215 2934 1340 3020 synodo
1364 2933 1559 2998 factumest
1583 2936 1809 3021 episcoporum
1833 2935 2000 3017 iudicium,
2029 2947 2104 3022 post

448 3041 536 3128 quod
566 3063 632 3105 non
661 3050 710 3104 est
740 3040 875 3105 ulterius
907 3041 1104 3105 audiendum
1135 3041 1261 3104 illorum
1292 3041 1501 3105 interdictum
1532 3040 1684 3106 officinm.
1737 3041 1773 3106 Si
1804 3052 1911 3106 autem
1942 3066 1962 3106 a
1992 3044 2101 3129 priore

447 3148 593 3235 Nyeolao
624 3147 701 3213 data
732 3157 781 3212 est
811 3147 867 3212 illa
894 3149 1004 3230 iussio,
1035 3159 1124 3212 recte
1156 3158 1303 3212 correcta
1326 3158 1376 3212 cst
1398 3171 1418 3211 a
1442 3147 1695 3231 successoribus,
1720 3150 1797 3235 quia
1820 3171 2008 3235 repugnans
2032 3161 2102 3214 erat
2122 3173 2149 3212 rs

448 3256 581 3319 sancitis
606 3254 796 3342 potioribus.
832 3254 928 3320 Unde
945 3252 1091 3341 pluribus
1116 3255 1219 3340 magis
1237 3277 1335 3341 quam
1351 3256 1406 3319 uni
1424 3253 1590 3336 obediens,
1615 3264 1648 3318 et
1670 3256 1755 3319 inter
1771 3265 1881 3320 cetera
1896 3255 2002 3320 VII¹²¹²¹
2018 3253 2100 3321 Gre-

448 3363 584 3448 gorium,
610 3363 703 3448 quasi
726 3361 838 3426 tubam
862 3361 1008 3442 audiens,
1040 3385 1101 3446 ego
1132 3360 1172 3424 de
1204 3362 1309 3425 missis
1341 3384 1452 3425 eorum
1483 3362 1587 3446 magis
1615 3384 1679 3425 non
1704 3384 1792 3444 curo,
1817 3385 1914 3448 qnam
1939 3364 1966 3427 si
1991 3375 2100 3428 canta-

448 3477 559 3532 rentur
582 3491 602 3532 a
625 3491 764 3554 pagano.
1149 3473 1154 3484 '

555 3584 587 3647 S.
625 3583 726 3670 Cave,
751 3607 792 3648 ne
817 3585 1028 3648 sacramentis
1052 3584 1154 3647 facias
1171 3585 1332 3666 iniuriam,
1354 3607 1448 3670 quae,
1473 3584 1550 3649 licet
1566 3585 1686 3648 eretico
1705 3583 1901 3668 celebrante,
1925 3607 1992 3650 non
2008 3587 2100 3650 amit-

447 3701 518 3754 tunt
542 3693 607 3754 vim
632 3714 733 3755 suam.
781 3691 826 3755 At
855 3691 908 3755 isti
939 3689 1078 3754 necdum
1110 3701 1184 3754 sunt
1211 3690 1333 3755 addicti
1357 3693 1479 3772 cretici,
1505 3692 1653 3777 quamvis
1677 3691 1811 3755 Nicolao
1836 3692 2042 3757 eresiarchae
2067 3693 2101 3756 in
2119 3716 2146 3755 ao

447 3799 533 3862 facto
558 3799 623 3861 sint
645 3799 830 3884 propinqui.

357 3923 367 3946 ·
422 3953 427 3963 .
542 3905 590 3980 R.
628 3905 737 3969 Unmn
761 3915 862 3968 restat
886 3903 1100 3991 probandum,
1125 3904 1250 3969 scilicet
1274 3905 1360 3990 quod
1385 3906 1577 3968 ereticorum
1602 3927 1642 3968 ea
1667 3911 1885 3969 'sacramenta
1909 3917 2004 3970 extra
2027 3929 2099 3970 aec-

448 4012 580 4076 clesiam
606 4010 781 4092 celebrata,
814 4011 890 4075 licet
913 4021 1068 4098 quantum
1093 4010 1135 4075 ad
1159 4010 1296 4075 formam
1320 4011 1588 4076 sacramentalem
1613 4012 1677 4076 sint
1699 4013 1836 4098 integra,
1865 4014 1950 4077 sicut
1972 4015 2100 4099 integra

447 4129 496 4182 est
520 4118 694 4205 aliquando
719 4141 833 4182 maniis
862 4128 1039 4204 amputata,
1069 4127 1179 4182 tamen
1210 4119 1371 4182 avirtute
1395 4119 1499 4182 sancti
1524 4117 1664 4204 Spiritus
1694 4121 1740 4183 ita
1771 4129 1845 4183 sunt
1868 4143 1984 4201 vacua,
2016 4121 2100 4185 sicut

447 4224 488 4289 ab
512 4225 653 4288 hmnano
682 4247 779 4288 sensu
804 4237 835 4288 ct
859 4227 974 4312 spiritu
1005 4249 1119 4288 manus
1150 4234 1327 4312 amputata.
1374 4225 1417 4288 Et
1448 4225 1534 4311 quod
1564 4224 1627 4288 illis
1658 4225 1834 4312 aliquando
1865 4227 2019 4290 iniustum
2051 4238 2100 4290 est
2118 4248 2144 4288 ss

446 4353 564 4395 nemen
588 4332 688 4394 cresis
712 4343 777 4394 tam
794 4331 974 4412 Nicolaitis„
1000 4354 1098 4418 quam
1122 4332 1329 4418 symoniacis,
1354 4332 1420 4417 qui,
1444 4331 1478 4394 in
1498 4333 1615 4396 erroris
1640 4333 1689 4396 sui
1713 4341 1802 4396 secta
1826 4331 1978 4414 indurati,
2003 4357 2098 4420 syno-

447 4436 574 4502 dalibus
606 4448 790 4502 sanctorum
814 4448 942 4523 patrum
967 4436 1215 4502 diffinitionibus
1240 4447 1272 4502 et
1295 4436 1513 4502 decretalibus
1537 4461 1649 4502 eorum
1673 4440 1800 4514 statutis
1824 4441 1965 4504 scienter
1988 4439 2098 4505 inobe-

447 4545 587 4626 dientes,
619 4555 905 4630 apostatarumque
938 4545 1110 4630 pertinatia
1141 4545 1187 4608 eis
1218 4545 1460 4608 recalcitrantes
1491 4545 1597 4609 studio
1629 4555 1661 4609 et
1685 4546 1851 4610 voluntate
1881 4548 2098 4633 refragantur.

446 4653 520 4716 Hoc
544 4662 652 4716 autem
676 4653 722 4714 ita
746 4651 920 4736 diligenter
944 4650 1134 4731 determine,
1157 4673 1199 4715 ne
1224 4653 1295 4737 quis
1319 4675 1370 4716 me
1396 4652 1509 4716 credat
1533 4655 1649 4716 cresim
1674 4654 1842 4738 assignare
1866 4655 1913 4717 sic
1937 4654 2039 4741 lapso,
2063 4665 2099 4719 ut

446 4759 515 4844 ipsc
540 4769 615 4822 ante
639 4757 777 4844 lapsum,
803 4767 835 4820 et
858 4767 931 4842 post
954 4758 986 4819 in
1009 4759 1228 4821 continentiae
1251 4760 1416 4845 proposito
1440 4759 1554 4842 fuerit3
1579 4761 1663 4823 sicut
1678 4760 1796 4824 Petrus
1820 4771 1852 4824 et
1876 4772 1950 4825 ante
1976 4773 2008 4825 et
2026 4771 2099 4848 post
2117 4784 2143 4822 so

446 4867 627 4949 negationis
657 4865 784 4952 lapsum
815 4865 875 4928 fnit
902 4866 935 4928 in
960 4866 1124 4950 proposito
1153 4887 1318 4950 nunqnam
1341 4865 1485 4952 negandi
1508 4865 1683 4948 Christum,
1708 4876 1740 4930 et
1763 4867 1836 4932 ideo
1860 4868 1994 4933 Petrum
2018 4867 2098 4933 dici-

446 4994 516 5035 mus
547 4972 683 5057 lapsnm,
717 4971 929 5057 similiterque
959 4971 1059 5057 lapsis
1090 4995 1154 5035 non
1179 4971 1359 5036 claudimus
1391 4972 1634 5058 recuperandae
1666 4973 1778 5037 salutis
1809 4973 1939 5039 facilem
1963 4975 2096 5040 adimm.

447 5077 545 5142 ludas
574 5090 692 5158 autem,
717 5079 774 5164 qui
798 5079 939 5164 quesivit
970 5080 1232 5165 oportunitatem,
1256 5089 1290 5141 ut
1313 5079 1421 5143 Iesum
1452 5079 1605 5163 traderet,
1636 5103 1702 5145 non
1732 5080 1851 5144 dicitur
1873 5080 1995 5167 lapsus,
2020 5082 2098 5168 quia

446 5209 509 5248 non
534 5183 648 5249 habuit
671 5185 871 5270 propositum
896 5186 1022 5260 mentis,
1047 5196 1082 5248 nt
1105 5195 1276 5270 peecatum
1300 5199 1441 5268 caveret,
1470 5187 1579 5268 imme,
1603 5196 1640 5251 ut
1662 5186 1742 5268 dixi,
1768 5188 1910 5273 quesivit
1933 5190 2096 5274 oportuni-

446 5302 544 5355 tatem
570 5302 604 5355 ut
628 5290 687 5354 hoc
712 5289 844 5354 faceret.
892 5290 970 5354 Ideo
1001 5311 1065 5353 non
1097 5293 1249 5354 convenit
1280 5292 1327 5355 his
1355 5293 1519 5379 reparatio
1543 5293 1643 5375 Petri,
1668 5294 1723 5378 qui
1748 5302 1822 5356 ante
1847 5305 1879 5356 et
1903 5305 1975 5379 post
1999 5295 2096 5356 fornii·
2116 5317 2142 5357 se

552 5525 579 5589 a)
601 5547 617 5578 a
637 5530 727 5594 (rapite
747 5547 766 5578 o.

555 5745 583 5816 1)
609 5747 759 5822 Responsa
782 5748 824 5804 nd
845 5767 918 5804 cons.
945 5747 1066 5823 Bulan.
1092 5767 1114 5802 c.
1134 5746 1184 5816 70,
1212 5748 1311 5804 Menesi
1334 5749 1400 5818 XV,
1426 5750 1477 5806 col.
1497 5748 1569 5804 425.
1664 5749 1693 5816 2)
1719 5749 1793 5804 Ilid.
1819 5773 1840 5804 r..
1860 5751 1911 5805 71.
