4426 6398
727 1513 1062 1650 SATIRA
1112 1515 1213 1645 IN
1262 1512 1826 1648 METTENSES.

1141 1791 1411 1856 uomcuonn

775 1975 828 2071 Ε.
857 1972 1237 2070 DUEMMLER
1262 1999 1321 2064 nn
1349 1972 1410 2067 H.
1437 1970 1779 2068 BOEHMER.

569 2221 784 2301 Praeclaram
799 2234 957 2321 quondam
975 2233 1088 2297 ducam
1101 2233 1363 2322 Burgundiorum
1378 2234 1593 2298 bibliothecam
1607 2233 1807 2320 perlustrans
1821 2231 1862 2297 G.
1876 2233 1919 2295 H.
1934 2232 2024 2297 Perta
2037 2248 2101 2297 onte

453 2345 494 2407 70
518 2367 617 2408 annos
646 2343 703 2406 boc
726 2365 846 2428 quoque
869 2366 1005 2421 carnun,
1036 2340 1122 2427 quod
1151 2341 1244 2427 infra
1274 2341 1398 2405 mndem
1428 2341 1601 2428 eoulpatur,
1632 2342 1667 2403 in
1690 2364 1779 2403 usum
1803 2342 1964 2404 societatis
1985 2354 2125 2404 noeaoeo

451 2475 490 2514 eu
505 2464 601 2537 parte
625 2451 802 2535 exscripsit,
826 2471 905 2533 quae
930 2450 1079 2512 ornioerot
1101 2472 1127 2511 o.
1146 2447 1184 2511 ct.
1203 2445 1229 2510 I.
1247 2445 1330 2511 Petit
1351 2448 1482 2534 benipuo
1505 2449 1612 2510 animo
1634 2447 1801 2532 suppleuit.
1841 2445 1937 2524 Quod
1957 2470 2018 2532 quo
2041 2447 2101 2510 loco

451 2571 562 2642 etqua
585 2570 720 2641 tempore
744 2554 901 2618 condimm
924 2557 976 2634 eit,
1002 2578 1063 2617 non
1086 2567 1212 2617 conotat.
1265 2551 1342 2617 Cum
1368 2577 1438 2616 uero
1462 2552 1568 2632 codec,
1592 2552 1674 2616 unde
1695 2567 1853 2638 sumptum
1877 2567 1922 2617 eet
1946 2553 2100 2634 (Brnaell.

454 2663 573 2742 10727,
596 2663 654 2726 ubi
676 2663 708 2724 in
725 2662 759 2748 f.
777 2661 848 2724 138.
874 2663 981 2744 catat),
1011 2661 1135 2724 caecubo
1159 2658 1239 2722 XII.
1264 2661 1387 2724 ineunte
1417 2662 1451 2723 iu
1480 2659 1618 2724 dioecesi
1642 2659 1672 2721 Τ
1669 2661 1828 2724 revirenei
1854 2661 2018 2748 confectae
2044 2683 2101 2723 ecee

454 2767 629 2848 uideaturl,
646 2781 774 2853 poetam
798 2791 919 2852 quoque
941 2766 1187 2854 Lotbarinyium
1203 2767 1313 2854 fuicce
1336 2768 1545 2852 suspicamur.
1589 2764 1731 2846 Accedit,
1755 2765 1841 2852 qnod
1863 2780 1936 2830 tunc
1959 2768 2102 2853 temporie

452 2877 487 2938 iu
514 2874 726 2960 Lotbarinpia
754 2873 864 2960 Poppo
894 2872 1024 2959 quidam
1056 2875 1221 2959 epiecopus
1250 2873 1367 2937 nobilio
1389 2873 1519 2960 floruit,
1549 2897 1569 2936 a
1599 2872 1735 2936 subdito
1765 2873 1915 2958 capulam
1946 2887 1974 2936 et
1996 2887 2102 2959 posteo
2117 2895 2138 2933 n

452 2981 527 3044 emal
554 2995 704 3062 mortuus,
734 2979 844 3066 Poppo
873 2981 994 3044 scilicet
1023 2983 1188 3066 epiecopus
1211 2979 1382 3058 Mettenoi'e,
1412 2981 1471 3064 qui
1499 2983 1548 3042 ‘ea
1574 2979 1705 3043 ecclesia
1729 2977 1932 3044 Trecerenoi’
1961 2980 2101 3042 α.1090.

451 3087 660 3166 Herimanno,
685 3087 742 3151 itti
756 3087 909 3173 Greporii
925 3085 996 3150 VII.
1015 3088 1219 3166 amicissimo,
1237 3087 1363 3172 ‘aboqne
1379 3085 1460 3149 dono
1476 3099 1506 3149 ct
1519 3109 1667 3149 comencn
1687 3085 1904 3171 imperatorio'
1928 3088 2102 3165 cuccemiffi,

451 3193 509 3258 sed
530 3219 559 3258 a.
580 3195 693 3256 1097.3
715 3219 735 3258 a
751 3193 953 3258 Metteruibuo
968 3193 1123 3258 Heinrico
1139 3191 1200 3255 IV.
1226 3207 1360 3272 auctore,
1384 3194 1440 3256 cni
1459 3193 1638 3278 bomaqium
1648 3192 1764 3278 facere
1782 3192 1972 3278 neplererat,
1995 3195 2103 3256 eiectm

452 3301 646 3364 eta.1103.
673 3301 747 3364 euni
770 3301 802 3364 in
827 3301 906 3364 oilla
933 3297 1113 3364 Cbacenoi⁴
1137 3301 1251 3364 obiisse
1267 3301 1388 3386 fertur.
1440 3297 1539 3362 Caino
1561 3299 1665 3362 eedem
1688 3297 1851 3362 Adclbero
1874 3297 1899 3361 I
1904 3299 1939 3379 V,
1970 3301 2101 3385 impera·

453 3409 531 3471 torio
553 3407 674 3470 assecla
685 3409 706 3487 ⁵,
731 3408 872 3484 obtinuit,
897 3408 956 3491 qui
975 3431 996 3470 a
1020 3407 1111 3470 curia
1134 3430 1304 3490 numquam
1328 3408 1453 3492 opnitne
1476 3407 1526 3469 cel
1548 3407 1750 3492 confirmatus
1772 3429 1836 3469 eece
1860 3405 2016 3469 videtur⁶.
2119 3426 2140 3465 u

560 3513 677 3576 Eut-tut
690 3512 839 3599 Popponi
848 3515 858 3552 ⁷
881 3527 982 3576 cutem
1007 3515 1072 3577 iam
1085 3513 1201 3598 paullo
1211 3525 1380 3598 postquam
1397 3512 1503 3576 Mettio
1519 3513 1632 3575 eiectae
1647 3526 1692 3576 est
1699 3517 1721 3591 ⁸,
1746 3515 1827 3576 inter
1842 3513 1975 3577 clericos
1998 3514 2058 3597 qui
2076 3515 2106 3576 ei

452 3623 619 3684 etiamtunc
634 3619 855 3698 adhaerebant,
872 3619 1032 3705 deferuor,
1056 3621 1115 3704 qui
1134 3621 1167 3682 oi
1187 3643 1248 3682 riou
1264 3620 1307 3698 oi,
1323 3633 1357 3683 at
1371 3620 1511 3682 uersibus
1526 3619 1636 3683 saltem
1650 3621 1729 3682 ontis
1746 3621 1928 3704 Impetuoeto
1943 3618 2103 3684 Metteacee

447 3726 592 3814 perfidos
615 3728 789 3812 coctipacit.
837 3725 887 3788 De
909 3740 1034 3790 auctore
1057 3715 1151 3788 baino
1174 3727 1328 3789 can-nnu'aic
1357 3726 1442 3789 nibil
1468 3739 1595 3805 conectat,
1626 3728 1693 3790 aiei
1719 3725 1805 3811 quod
1826 3724 2058 3814 Lotbariupino
2079 3739 2105 3789 et

563 3945 592 4015 1)
610 3947 725 4022 Deqno
741 3947 781 4017 cf.
799 3945 991 4022 Reiffenberp,
1009 3944 1158 4003 ‘Bultetine
1174 3947 1208 4002 de
1222 3947 1334 4004 I'acad.
1353 3946 1462 4020 nopote’
1480 3941 1498 4020 ζ
1503 3940 1600 4020 1841)
1623 3955 1642 4002 t.
1656 3944 1736 4014 VIII,
1754 3944 1783 4015 2,
1802 3965 1836 4021 p.
1855 3945 1918 4002 265
1945 3940 2104 4021 (Anuuaire
2190 3971 2197 3988 .

454 4054 488 4110 de
510 4056 540 4110 la
563 4053 623 4108 bibl.
648 4055 747 4126 royale
768 4052 800 4122 V,
825 4073 852 4108 a.
873 4051 966 4121 1843,
987 4047 1107 4127 pte),-
1138 4053 1256 4122 Traube,
1283 4053 1387 4110 Poetae
1409 4053 1457 4108 lat.
1474 4052 1538 4109 acci
1555 4050 1651 4109 Carol.
1668 4051 1726 4122 III,
1745 4072 1777 4127 p.
1795 4051 1856 4108 152
1874 4072 1916 4127 oq.
1942 4047 1997 4127 (cs.
2017 4053 2104 4109 Sutu-
2120 4066 2144 4104 m

453 4178 556 4234 meyer,
574 4159 633 4215 ‘Za
645 4159 676 4230 s.
692 4157 848 4215 Damoclem
863 4159 993 4215 Attum!
1010 4159 1141 4230 XXXII,
1160 4179 1193 4234 p.
1213 4153 1298 4235 389),
1323 4158 1369 4215 ubi
1386 4159 1574 4234 apoprapbon
1598 4158 1627 4214 in
1644 4158 1737 4215 codice
1752 4158 1846 4214 Brun.
1865 4157 2104 4228 9799-9809,

447 4259 700 4337 fleu-142<
732 4273 907 4322 caemcntum
938 4285 974 4321 ccc
1002 4273 1098 4323 acono
1129 4265 1221 4322 codice
1251 4265 1419 4340 acceptum
1451 4283 1508 4320 csse
1538 4265 1756 4321 denumeratur.
1806 4263 1872 4321 Non
1903 4273 1979 4322 recte
2008 4265 2104 4322 ibideru

460 4371 571 4429 Traube
585 4371 824 4448 Reiffenbcrpium
848 4379 956 4428 secutus
979 4391 1094 4428 carmen
1116 4371 1236 4428 satiram
1259 4372 1289 4428 in
1305 4371 1393 4428 Italos
1416 4390 1474 4427 cose
1495 4369 1599 4427 ctamit.
1685 4369 1715 4441 2)
1740 4371 1815 4428 Aron.
1835 4370 1865 4428 S.
1881 4371 2008 4428 Viacent.
2028 4372 2104 4428 Mett.

457 4477 551 4548 1090,
577 4477 631 4534 SS.
649 4477 706 4547 III,
724 4476 853 4552 p.153;
879 4475 1020 4535 Obronica
1036 4499 1058 4534 c.
1074 4475 1222 4536 Otanentio
1239 4478 1317 4534 Men.
1336 4477 1390 4534 SS.
1408 4476 1521 4546 XXIV,
1540 4496 1574 4551 p.
1589 4476 1662 4546 500,
1686 4478 1739 4534 ced
1752 4476 1914 4535 Bernolduc
1929 4478 1959 4534 in
1976 4478 2107 4536 cbrom'co

454 4605 513 4655 nto,
539 4583 594 4641 SS.
614 4584 645 4654 V,
666 4603 698 4659 p.
717 4584 790 4640 456.
816 4603 876 4640 eum
899 4605 927 4640 a.
944 4583 1039 4640 1093.
1064 4585 1171 4640 deatum
1194 4584 1348 4640 antediem
1365 4584 1394 4640 6,
1413 4585 1481 4640 Kal.
1500 4583 1592 4659 April.
1610 4604 1628 4639 a
1646 4581 1816 4642 Gebebardo
1840 4593 2034 4641 consecratum
2051 4604 2107 4640 esse
2124 4596 2148 4636 m

453 4691 563 4762 refert;
588 4689 628 4760 cf.
654 4689 735 4746 etiam
761 4691 908 4766 IIuponem
934 4690 1109 4760 Flaminiae,
1137 4688 1295 4748 Chronicon
1321 4691 1351 4746 S.
1376 4689 1497 4746 Habenti
1518 4690 1662 4766 Andapin.
1688 4711 1711 4746 c.
1726 4691 1778 4760 71,
1804 4690 1858 4747 SS.
1880 4690 1960 4761 VIII,
1979 4712 2014 4766 p.
2033 4692 2106 4747 473.

455 4795 528 4852 604.
554 4803 580 4852 et
600 4795 719 4875 Rodulfi
742 4795 831 4854 Gesta
858 4796 949 4853 abbat.
974 4797 1098 4854 Trudon.
1123 4799 1142 4853 l.
1165 4798 1197 4867 V,
1222 4818 1246 4853 c.
1265 4798 1293 4867 7,
1326 4797 1379 4853 SS.
1405 4797 1446 4866 X,
1473 4816 1506 4872 p.
1532 4795 1605 4852 254.
1721 4794 1751 4868 3)
1777 4795 1882 4854 Chron.
1909 4797 1941 4854 8.
1960 4796 2108 4856 Uiennentis

454 4923 481 4959 a.
499 4901 580 4957 1097
588 4923 598 4971 ,·
622 4903 664 4974 cf.
681 4902 766 4974 infra
776 4923 810 4978 p.
825 4902 898 4972 635,
915 4904 981 4960 ml.
1052 4903 1083 4971 4)
1102 4902 1208 4962 Olenon.
1225 4903 1300 4960 unic.
1320 4902 1509 4960 Mett.1093.
1535 4903 1589 4960 SS.
1607 4902 1721 4972 XXIV,
1741 4923 1774 4977 p.
1792 4903 1872 4974 514,·
1897 4904 1938 4975 cs.
1957 4904 2106 4974 Mcuriecc,

454 5008 591 5066 ‘IItetoire
606 5009 654 5065 deo
671 5028 800 5085 coaeques
816 5011 849 5066 ete
867 5009 956 5066 Metc'
975 5030 1009 5085 p.
1029 5009 1101 5065 385.
1173 5007 1204 5083 5)
1222 5008 1270 5083 Os.
1288 5009 1320 5065 V.
1336 5008 1481 5086 Tbcoperi,
1506 5009 1588 5084 episc.
1608 5009 1687 5066 Men.
1710 5011 1728 5065 l.
1746 5009 1787 5065 II.
1811 5009 1865 5066 SS.
1885 5010 1955 5081 XII,
1974 5031 2008 5087 p.
2028 5011 2108 5080 466,·

454 5115 529 5172 Ann.
548 5113 578 5171 S.
599 5115 736 5172 Vincentii
752 5116 831 5172 Mett.
849 5115 946 5172 1104:
965 5117 1111 5172 Adelboro
1129 5125 1245 5188 quartus
1261 5118 1410 5190 episcopus
1427 5118 1578 5174 Mettensis
1593 5124 1695 5188 posteo
1711 5120 1830 5174 eiectus.
1900 5113 1932 5191 6)
1950 5116 1998 5190 Cf.
2018 5117 2106 5174 Decr.
2126 5130 2152 5169 no

455 5219 541 5278 (trac.
559 5241 594 5296 p.
610 5227 647 5287 II,
673 5241 696 5276 c.
712 5222 740 5292 1,
764 5242 810 5297 qu.
829 5223 858 5291 5,
877 5243 900 5278 c.
919 5223 948 5292 3,
973 5222 1018 5278 nebi
1041 5222 1157 5297 epistola
1172 5225 1311 5298 quaedam
1328 5225 1370 5280 ael
1382 5222 1586 5280 Adulberoncm
1604 5218 1676 5298 (III)
1696 5224 1858 5281 Meconem
1874 5225 1945 5281 data
1959 5243 2018 5281 non
2034 5233 2109 5281 recte

459 5327 575 5384 Urbano
598 5326 638 5383 II.
663 5327 850 5398 adscribitum
885 5329 925 5399 cs.
950 5328 1042 5401 Jaffe',
1067 5329 1138 5404 aeq.
1163 5349 1208 5384 nr.
1227 5328 1323 5385 4589.
1417 5327 1448 5402 7)
1473 5329 1622 5393 Quaedam
1647 5330 1792 5405 Poppom'e
1814 5330 1970 5406 dapmmata
1997 5351 2108 5390 necnon

453 5433 570 5508 epistola
592 5433 635 5490 ad
656 5433 835 5490 Lambertum
851 5435 1059 5491 Atrebatencem
1084 5436 1152 5491 elato
1176 5435 1250 5491 edita
1273 5444 1339 5492 curet
1359 5456 1379 5493 a
1405 5435 1502 5512 Miqne
1526 5445 1543 5492 t.
1565 5435 1635 5505 155,
1662 5438 1711 5493 col.
1733 5437 1969 5506 1651—1656;
1994 5445 2013 5493 t.
2035 5437 2108 5506 162,

454 5541 504 5596 col.
523 5539 597 5596 655.
690 5538 721 5610 8)
747 5540 797 5598 Eoo
820 5541 946 5598 carmine
969 5541 1039 5597 enim
1058 5541 1219 5617 Popponem
1244 5541 1393 5598 etiamtunc
1415 5541 1518 5598 oiaiecc
1541 5542 1620 5619 effici
1643 5542 1760 5598 uidetur.
1798 5541 1847 5614 Cf.
1870 5541 1960 5602 Gesta
1984 5544 2108 5621 opimam).

456 5646 585 5703 IIetteno.
604 5667 626 5703 c.
645 5647 697 5717 51,
723 5646 776 5703 SS.
795 5647 833 5717 X,
852 5667 885 5723 p.
905 5647 984 5704 543:
1009 5649 1142 5702 Potestas
1159 5649 1310 5720 imperialis
1327 5649 1411 5704 alium
1427 5650 1616 5704 subinducere
1633 5651 1737 5717 nitens,
1762 5651 1924 5706 Mettences
1945 5650 2003 5707 fide
2028 5651 2111 5708 firma
2131 5669 2157 5706 cc

452 5753 630 5808 restiterunt.
