4568 6428
503 419 544 482 64
633 425 788 482 LIBELLI
811 424 979 482 HONORII
1000 423 1380 484 AUGUSTODUNENSIS
1404 423 1644 480 PRESBY'I'ERI
1667 424 1717 479 ET
1740 420 2005 478 SOHOLAS'I'IOL
2104 478 2106 481 .

661 613 720 678 VI.
768 612 865 694 Quod
887 612 958 677 Noe
981 611 1118 698 figuram
1142 611 1271 694 Christi,
1297 611 1374 677 Sem
1397 610 1580 694 sacerdotii,
1605 609 1711 674 Iaieth
1734 609 1826 695 regni
1850 608 2019 694 expressit.

644 719 736 784 VII·
767 718 863 800 Quod
886 717 1086 784 Nembrothb
1110 718 1170 784 fuit
1194 729 1292 805 caput
1314 729 1533 806 tyrannorum.

625 823 717 890 VIII.
765 823 862 906 Quod
891 824 998 890 Ysaac
1034 823 1264 906 sacerdotium,
1299 822 1468 888 Hismahel
1503 845 1639 910 regnum
1672 821 1804 908 pretulit
1812 833 1835 885 ⁰.
1890 819 2009 902 Quod‘l
2037 817 2140 884 Iacob

765 929 992 1012 sacerdotium,
1016 930 1106 994 Esau
1128 953 1265 1017 regnum
1287 929 1428 1017 pretulit.

610 1037 735 1102 VIIII!³
767 1035 863 1118 Quod
887 1059 946 1101 rex
970 1038 1012 1101 sit
1034 1036 1146 1102 laicus.
2158 1053 2171 1094 s

673 1143 733 1208 X.'
765 1142 862 1224 Quod
876 1142 1016 1230 ¹Moyses
1039 1166 1103 1208 non
1126 1165 1247 1228 regem,
1272 1141 1330 1206 sed
1353 1140 1554 1207 sacerdotem
1578 1142 1720 1206 statuit&

656 1249 716 1314 XI.
764 1249 860 1330 Quod
883 1248 961 1314 Saul
986 1248 1150 1314 Samuelis
1174 1247 1321 1314 subditus
1344 1248 1450 1313 fuerit.

641 1355 717 1420 XII.
765 1354 861 1436 Quod
884 1354 995 1420 David
1017 1355 1147 1420 Nathan
1170 1355 1366 1442 prophetae¹
1392 1353 1539 1419 subditus
1562 1353 1668 1419 fuerit.

623 1461 717 1526 XIII.
736 1518 743 1532 ,
765 1461 862 1542 Quod
884 1483 979 1548 reges
1001 1461 1167 1548 prophetis
1191 1471 1223 1526 et
1246 1459 1468 1526 sacerdotibus
1492 1459 1611 1524 subditi
1635 1459 1786 1524 fuerint¹.

605 1567 731 1632 XIIII.
765 1566 861 1649 Quod
885 1567 944 1634 soli
967 1566 1153 1632 sacerdotes
1177 1567 1253 1632 olim
1276 1567 1429 1654 populum
1453 1565 1619 1653 regebant.

641 1673 716 1738 XV.
764 1672 861 1755 Quod
884 1673 1032 1739 Christus
1055 1697 1120 1738 non
1143 1696 1263 1760 regem,
1287 1672 1346 1738 sed
1369 1672 1572 1738 sacerdotem
1595 1673 1769 1737 constituit.

623 1780 730 1845 XVI.¹
763 1780 858 1846 Unde
883 1779 1093 1845 christianum
1117 1781 1297 1866 imperium.

608 1886 732 1951 XVIII
766 1885 862 1968 Quod
887 1886 1043 1952 Silvester
1066 1884 1218 1950 sacerdos
1241 1885 1516 1951 Constantinumm
1540 1907 1651 1972 regem
1675 1886 1849 1951 coronavit.

591 1992 717 2057 XVIII.
766 1992 863 2074 Quod
886 1991 1046 2057 aecclesia
1070 1990 1131 2057 sibi
1155 2014 1250 2078 reges
1274 1993 1448 2057 constituit.

573 2098 735 2164 xvlmr
765 2097 862 2179 Quod
885 2098 1080 2185 apostolicus
1104 2100 1146 2162 sit
1168 2121 1188 2162 a
1210 2098 1385 2162 Romanis⁰
1409 2097 1586 2185 eligendus.

640 2203 731 2269 XX.¹
765 2203 862 2286 Quod
885 2205 1030 2291 episcopi
1053 2227 1073 2268 a
1097 2203 1183 2269 clero
1208 2215 1240 2268 et
1262 2204 1380 2292 populo
1404 2205 1553 2291 propriae
1578 2205 1718 2268 civitatis
1742 2205 1805 2268 sint
1828 2202 1978 2291 eligendi.

622 2309 717 2375 XXI.
764 2309 861 2392 Quod
883 2311 1059 2396 imperator
1082 2332 1102 2374 a
1125 2309 1348 2397 principibusp
1372 2312 1463 2397 regni
1488 2312 1529 2375 sit
1552 2309 1730 2397 eligendus.

604 2416 733 2481 XXII.‘¹
764 2415 860 2498 Quod
883 2439 943 2481 rex
966 2427 1145 2482 consensur
1171 2417 1395 2504 episcoporum
1419 2419 1461 2483 sit
1483 2415 1736 2482 constituendus.

590 2521 718 2587 XXIII.
766 2522 862 2604 Quod
886 2521 1022 2610 quilibet
1044 2522 1216 2610 presbyter
1238 2522 1367 2610 dignior
1390 2525 1431 2588 sit
1453 2547 1541 2611 rege.

570 2628 717 2694 XXIHI.
764 2628 861 2711 Quod
883 2652 977 2716 reges
1001 2631 1065 2694 sint
1087 2629 1265 2694 venerandi
1275 2641 1296 2694 ¹.

406 2770 478 2812 ·r.sr.
609 2735 733 2800 XXV.2
765 2733 862 2816 Quod
884 2758 943 2800 rex
967 2737 1008 2800 sit
1030 2736 1176 2800 minister
1200 2735 1383 2802 'ecclesiae

591 2840 735 2906 XXVI.¹¹
765 2840 862 2921 Quod
885 2841 979 2906 homo
1003 2865 1068 2907 non
1091 2842 1223 2924 homini,
1247 2841 1305 2907 sed
1329 2841 1440 2907 bestiis
1464 2841 1661 2929 preficitur',
1687 2853 1719 2906 et
1742 2841 1820 2930 quid
1843 2841 1906 2908 duo
1930 2842 2040 2929 gladii.

572 2945 716 3012 XXVII.
763 2946 860 3027 Quod
883 2946 1014 3034 regibus
1038 2971 1102 3012 non
1126 2949 1167 3013 sit
1190 2957 1346 3035 semper'
1369 2947 1595 3014 obediendum.

555 3053 717 3118 XXVIII.
764 3052 862 3135 Quod
883 3075 977 3139 reges
1001 3055 1207 3141 episcopatus
1230 3076 1296 3119 non
1319 3053 1460 3120 debeant
1483 3054 1570 3120 dare.

536 3159 715 3227 XXVIIII.
762 3159 814 3225 De
838 3159 995 3247 exemplis
1019 3172 1214 3226 sanctorum.

604 3265 716 3330 XXX.
763 3265 814 3330 De
837 3265 948 3331 Leone
973 3277 1005 3331 et
1027 3266 1181 3331 Karolo¹.

587 3372 716 3438 XXXI.
762 3371 814 3436 De
838 3371 1013 3437 rebellibus
1037 3372 1227 3437 aecclesiae.

570 3478 716 3544 XXXII.
764 3477 860 3560 Quod
882 3478 966 3544 male
989 3491 1135 3565 pereunt,
1160 3481 1215 3566 qui
1238 3478 1399 3545 sacerdoti
1422 3491 1643 3546 contraeunt&

554 3584 716 3650 XXXIII.
763 3583 861 3665 Quod
883 3583 1059 3671 baptizati¹
1083 3586 1116 3649 in
1139 3608 1233 3672 reges
1257 3595 1290 3651 et
1313 3585 1497 3651 sacerdotes
1521 3597 1715 3674 ungrmtur⁸.

533 3690 731 3756 XXXIIII.b
761 3691 813 3756 De
836 3690 1050 3778 vaniloquis0.

990 3937 1181 4014 INCIPIT
1208 3939 1383 4016 SUMMA
1412 3939 1633 4017 GLORIAI.

601 4113 629 4175 1.
673 4109 788 4192 Quod
818 4112 928 4176 sicut
958 4111 1157 4198 spiritale
1186 4112 1387 4199 precellit
1416 4113 1624 4197 seculare,
1656 4115 1716 4179 sic
1747 4113 2029 4180 sacerdotium

1098 4218 1298 4304 precellit
1326 4229 1527 4305 regnum&

604 4340 687 4406 Oum
709 4341 925 4406 universitas¹
948 4340 1092 4405 fidelium
1122 4343 1155 4405 in
1178 4341 1300 4406 elerum
1324 4353 1356 4406 ct
1378 4341 1533 4428 populum
1556 4341 1775 4427 distribuatur,
1807 4355 1839 4409 et
1869 4343 1974 4409 clerus
2001 4344 2133 4432 quidem

497 4446 727 4534 speculativae,
754 4446 892 4533 populus
916 4458 1024 4511 autem
1047 4447 1271 4533 negociativae
1295 4449 1381 4512 vitae
1405 4447 1634 4532 asscribatur⁸,
1659 4461 1691 4514 et
1715 4473 1791 4537 sepe
1815 4450 1896 4516 haec
1919 4451 2016 4537 pars¹²
2040 4453 2132 4539 spiri-
2152 4473 2178 4514 ss

496 4553 601 4636 tualis,
632 4551 733 4620 haec¹
759 4552 860 4618 verol
884 4551 1037 4618 secularis
1061 4553 1251 4636 nominetur,
1282 4563 1315 4618 et
1344 4555 1407 4618 ista
1436 4554 1662 4638 sacerdotali¹,
1692 4555 1747 4620 illa
1777 4567 1884 4621 autem
1914 4557 2016 4644 regali
2039 4559 2134 4644 virga

602 4784 629 4850 a)
651 4787 755 4838 vmm.
774 4786 834 4838 B·l.
915 4783 944 4850 b)
965 4787 1077 4838 Membr.
1096 4804 1158 4838 corr.
1178 4788 1267 4838 Nemr.
1289 4787 1316 4840 0.
1389 4787 1415 4850 ε)
1438 4789 1595 4855 Capitulum
1614 4790 1711 4841 VIIII.
1736 4791 1795 4842 add.
1814 4791 1847 4843 B.
1867 4791 1926 4843 Bl.
2007 4790 2036 4855 d)
2059 4794 2090 4855 Q.
2109 4794 2132 4844 I.

495 4893 517 4926 s.
537 4875 568 4927 Ε.
587 4891 608 4926 r.
627 4892 653 4942 p.
678 4893 726 4927 om.
745 4875 778 4926 A.
791 4875 817 4927 0.
831 4875 888 4940 01;
914 4875 974 4926 odd.
992 4893 1060 4926 mco.
1081 4877 1105 4926 2.
1126 4876 1155 4926 ia
1173 4893 1251 4942 mcry.
1269 4877 1294 4927 A
1303 4895 1312 4938 ,·
1334 4885 1393 4942 port
1410 4877 1547 4942 capitulum
1564 4895 1658 4929 mum
1672 4895 1720 4944 per
1737 4895 1844 4931 moran
1860 4881 2020 4932 immiserunt
2039 4881 2132 4933 001.

497 4961 522 5025 ε)
544 4964 675 5016 VLcorr.
688 4964 786 5015 VIIII.
805 4965 839 5015 A.
910 4960 932 5026 f)
952 4963 1001 5014 XI.
1020 4963 1053 5015 B.
1072 4963 1097 5015 B
1109 4966 1131 5015 1.
1147 4964 1173 5015 0.
1189 4965 1242 5016 01.
1278 4965 1376 5016 Abhinc
1393 4982 1469 5032 παφα
1485 4965 1520 5016 ad
1533 4967 1612 5032 firmo
1629 4967 1719 5018 indicis
1736 4969 1835 5020 numeri
1851 4970 2017 5035 ocpiudorum
2033 4969 2064 5020 ab
2082 4970 2133 5020 illis

495 5053 605 5104 codicum
623 5052 657 5104 A.
676 5052 726 5104 Al
746 5053 895 5119 discrwcnt
977 5048 1005 5119 g)
1026 5051 1139 5119 pretulit
1160 5053 1214 5104 01.
1294 5049 1323 5118 h)
1344 5070 1356 5106 c
1374 5071 1436 5104 corr.
1455 5055 1489 5104 A.
1570 5051 1591 5116 i)
1611 5055 1671 5106 add.
1692 5056 1727 5107 dd
1748 5057 1775 5108 0.
1856 5055 1885 5120 k)
1905 5060 2017 5110 fuerunt
2036 5057 2063 5110 0.
2079 5058 2132 5111 01.
2150 5066 2178 5105 to

497 5139 516 5204 Ι)
537 5141 645 5193 addin
662 5159 740 5209 mcry.
759 5143 793 5193 A.
875 5138 912 5204 m)
934 5141 1068 5194 Constant
1086 5143 1120 5192 A.
1208 5140 1236 5204 n)
1257 5143 1348 5193 XVII.
1366 5159 1429 5194 corr.
1448 5143 1571 5194 XVIIII.
1590 5145 1624 5195 A.
1705 5143 1733 5208 o)
1756 5146 1822 5197 aR.
1841 5162 1862 5197 s.
1881 5145 1959 5197 131..
2021 5144 2050 5214 p)
2071 5163 2131 5214 pre·

495 5231 619 5281 sentibus
638 5230 697 5282 Bl.
779 5229 807 5296 q)
828 5231 935 5280 XXIII.
953 5231 988 5282 A.
1069 5227 1092 5293 r)
1114 5245 1263 5283 cousenssu
1284 5231 1311 5282 0.
1383 5228 1407 5294 ε)
1429 5231 1581 5283 honorandi
1602 5232 1629 5284 0.
1710 5231 1732 5297 t)
1752 5235 1865 5300 capitulo
1883 5235 2012 5288 XXV-et
2030 5235 2132 5286 XXVI.

494 5317 523 5369 in
541 5335 621 5369 aaran
637 5319 753 5386 considit
773 5318 800 5370 0.
873 5313 902 5382 u)
922 5319 981 5369 XX.
1000 5336 1063 5370 corr.
1082 5319 1183 5370 XXVI.
1202 5320 1236 5371 A.
1307 5315 1337 5382 v)
1357 5320 1423 5371 dccet
1442 5320 1469 5371 0.
1485 5321 1538 5372 01.
1601 5317 1636 5382 w)
1657 5338 1764 5389 semper
1782 5340 1808 5374 rr.
1827 5325 1864 5376 sit
1880 5325 1928 5375 A.
1977 5321 2005 5386 n)
2028 5323 2131 5375 Karulo

495 5407 529 5459 B.
547 5406 614 5469 Bl;
632 5407 693 5458 add.
712 5425 810 5474 magno
832 5407 885 5458 01.
957 5403 985 5473 y)
1008 5408 1199 5460 contradicunt
1219 5407 1271 5459 01.
1343 5406 1369 5472 ι)
1391 5410 1521 5475 baptisati
1542 5409 1575 5471 0;
1594 5412 1730 5477 waptisati
1752 5411 1804 5463 01.
1879 5409 1907 5476 ε)
1928 5414 2080 5479 iunguntur
2097 5413 2131 5464 A.

487 5491 524 5558 b)
543 5495 656 5547 XXXV.
674 5497 723 5547 A.
818 5493 843 5558 c)
866 5495 1030 5561 vaniloquiis
1052 5495 1079 5547 0.
1094 5496 1147 5547 01.
1255 5494 1283 5558 d)
1309 5496 1369 5548 cdd.
1388 5498 1526 5563 capiendum
1540 5497 1654 5563 primam
1673 5499 1700 5550 0.
1729 5500 1830 5567 Incipit
1854 5517 1876 5552 s.
1895 5501 1984 5567 gloria
2006 5501 2057 5552 des.
2078 5501 2131 5552 01.
2150 5505 2177 5546 46

468 5617 470 5622 ,
496 5580 522 5646 e)
546 5584 658 5651 Capituli
676 5585 757 5650 primi
778 5585 962 5650 suceptionem
980 5602 1009 5635 cc
1029 5584 1110 5635 indice
1134 5585 1254 5651 supplevi.
1292 5585 1463 5650 Cupimbmm
1487 5586 1659 5652 inscriptiones
1682 5588 1771 5650 omisit,
1795 5589 1839 5640 red
1861 5607 1976 5641 numam
1999 5591 2028 5640 in
2052 5606 2131 5656 Μ).

494 5673 625 5725 annotavit
644 5673 679 5736 0,·
695 5673 760 5724 alios
774 5690 879 5738 proram
896 5673 1038 5739 medem
1055 5682 1117 5724 certe
1134 5674 1234 5739 spurias
1250 5673 1311 5724 add.
1330 5673 1425 5724 Potius.
1502 5671 1525 5736 f)
1548 5677 1732 5727 universitatis
1754 5676 1781 5728 0.
1853 5675 1881 5744 g)
1904 5694 1972 5728 sscr.
1992 5677 2024 5728 B.
2037 5678 2064 5729 0.
2077 5678 2131 5729 01.

496 5763 582 5814 adcor.
601 5763 636 5813 D.
709 5759 736 5824 h)
759 5763 845 5829 primo
863 5762 897 5812 D.
970 5759 990 5822 i)
1012 5769 1039 5813 et
1060 5761 1113 5812 01.
1186 5759 1215 5824 k)
1236 5762 1301 5813 deest
1321 5761 1412 5813 0.01.
1485 5761 1505 5826 1)
1526 5764 1705 5816 sacerdotalis
1724 5783 1788 5816 corr.
1805 5766 1971 5819 sacerdotali
1991 5767 2019 5820 0.
