4396 6390
459 366 523 428 508
754 371 932 428 GERHOHI
954 371 1185 428 PRAEPOSITI
1208 369 1615 429 REICHERSBERGENSIS
1638 371 1805 427 LIBELLI.

566 559 609 624 M.
644 551 718 624 Non
740 560 867 624 mireris
890 557 932 624 de
955 557 1074 624 mundo
1099 558 1263 642 inmundo,
1293 559 1380 646 quod
1409 560 1443 623 in
1466 559 1620 645 periculo,
1651 559 1748 622 immo
1772 559 1806 620 in
1830 557 1974 643 pernicie
1996 580 2101 623 versa·

460 677 520 749 tur,
552 667 628 752 quia
657 688 716 752 pro
747 665 850 730 salute
874 664 986 729 mundi
1009 687 1044 729 se
1067 665 1158 730 Patri
1182 665 1320 730 offerens
1343 666 1409 730 Dei
1431 665 1515 730 filius
1538 665 1623 730 hunc
1646 664 1803 728 mundum
1827 663 2024 728 immundum
2045 686 2114 728 en·

324 797 441 846 namn
461 773 548 858 cepit
569 771 698 836 dicens:
730 773 803 836 Non
821 797 884 858 pro
908 773 1022 836 araride
1045 797 1130 860 rapo,
1160 773 1217 837 sed
1233 797 1296 859 pro
1320 774 1380 854 his,
1411 797 1487 859 quos
1511 773 1630 838 dedisti
1656 772 1740 836 miti
1766 771 1805 836 de
1828 771 1955 835 mundo.
1999 770 2125 856 Magis

460 879 521 944 hoc
545 889 594 942 est
616 878 798 943 mirandum
822 889 854 942 et
876 877 1105 961 miserandum,
1129 878 1216 965 quod
1239 878 1291 943 hic
1315 879 1385 964 ipse
1409 879 1559 960 mundus,
1582 901 1640 964 pro
1665 900 1728 964 quo
1750 876 1902 943 Salvator
1925 875 2033 940 mundi
2060 891 2131 944 est

284 1010 441 1060 usitamus,
460 983 653 1066 immolatus,
678 985 818 1049 ecclesia
839 983 994 1050 videlicet
1016 995 1129 1050 sancta
1153 995 1185 1050 et
1208 985 1404 1050 inmaculata
1426 985 1492 1049 Dei
1522 1007 1650 1071 sponsa,
1680 983 1915 1069 refrigescente
1939 983 2004 1048 iam
2025 989 2149 1060 cut-⁵

291 1101 536 1174 1.oor.n,s.tate,
560 1113 626 1156 non
646 1101 800 1177 querente
824 1113 887 1177 que
910 1113 969 1155 sua
991 1101 1065 1156 sunt
1089 1101 1120 1156 et
1135 1089 1344 1155 habundante
1365 1092 1545 1178 iniquitate,
1570 1091 1714 1156 avaricia
1730 1089 1855 1155 scilicet
1871 1099 2028 1176 querente
2043 1113 2127 1176 que

285 1221 441 1272 uastauere.
461 1221 520 1262 sua
543 1207 626 1280 sunt,
650 1199 696 1262 ita
719 1197 928 1284 periclitatur,
953 1207 988 1261 ut
1010 1195 1103 1262 nobis
1127 1197 1294 1262 imminere
1311 1197 1461 1280 videatur
1476 1207 1591 1285 quarta
1606 1197 1719 1283 vigilia
1741 1198 1856 1278 noctis,
1880 1197 1998 1282 inqua
2013 1196 2119 1262 disci·

461 1303 545 1391 pulis
575 1303 697 1369 Christi
725 1302 955 1390 navigantibus
987 1313 1057 1368 erat
1086 1314 1202 1368 ventus
1233 1304 1314 1369 adeo
1345 1305 1539 1386 contrarius,
1570 1314 1605 1368 ut
1634 1303 1872 1390 periclitaretur
1903 1324 1962 1389 pre
1995 1307 2110 1370 ceteris

326 1435 357 1478 n.
365 1435 398 1484 ao,
407 1435 442 1476 n.
462 1410 630 1497 discipulis
653 1411 805 1497 princeps
828 1410 1056 1496 apostolorum.
1102 1409 1227 1474 Videns
1259 1412 1344 1476 enim
1368 1423 1501 1476 ventum
1523 1409 1668 1475 validum
1691 1411 1796 1474 timuit
1819 1431 1859 1474 ac
1882 1411 1990 1494 mergi
2014 1413 2099 1495 cepit,

461 1517 638 1604 fuissetque
662 1517 791 1582 omnino
807 1539 942 1599 mersus,
966 1517 1029 1580 nisi
1052 1539 1183 1581 manum
1207 1539 1298 1582 suam
1315 1515 1522 1582 extendendo
1546 1516 1750 1582 subvenisset
1772 1515 1818 1580 illi
1839 1515 1993 1581 dominns
2008 1515 2093 1582 Iesus.

571 1627 621 1688 11.
655 1623 699 1687 D.
733 1624 825 1709 Rogo
848 1633 889 1706 te,
920 1622 1005 1688 bone
1028 1624 1191 1710 magister,
1215 1635 1251 1688 ut
1272 1625 1377 1710 ipsam
1407 1623 1492 1689 hanc
1515 1634 1643 1688 noctem
1668 1633 1700 1686 et
1723 1624 1792 1686 eius
1817 1633 1960 1710 quatuor
1983 1621 2095 1708 vigilius

462 1729 663 1794 manifestius
687 1751 842 1815 exponas.

567 1835 612 1900 M.
647 1835 781 1900 Dudum
805 1834 950 1901 scribens
974 1836 1112 1900 dominis
1136 1836 1377 1902 cardinalibus¹
1401 1837 1551 1919 hocfeci,
1576 1837 1634 1902 sed
1649 1859 1764 1923 parum
1781 1835 1917 1922 profeci,
1935 1837 2014 1922 quia
2030 1837 2101 1900 sicut

326 1968 443 2018 nurse.
463 1942 620 2026 Christus,
645 1965 718 2007 cum
743 1943 783 2006 sit
805 1943 936 2026 veritas,
960 1941 1135 2029 putabatur
1158 1967 1177 2008 a
1201 1943 1368 2029 discipulis
1393 1967 1463 2008 esse
1487 1944 1689 2030 phantasma,
1714 1942 1843 2030 quando
1860 1941 2017 2006 viderunt
2040 1965 2103 2006 eum

462 2073 560 2137 snpra
583 2072 671 2114 mare
696 2047 915 2114 ambulantem
938 2050 971 2113 in
994 2051 1067 2135 ipsa
1082 2061 1197 2136 quarta
1213 2051 1325 2136 vigilia
1348 2051 1461 2132 noctis,
1486 2051 1532 2115 ita
1553 2073 1612 2136 pro
1636 2050 1860 2136 phantasmate
1884 2047 2036 2113 habitum
2053 2061 2105 2132 est,
2121 2070 2142 2110 n

462 2155 549 2243 quod
580 2179 640 2242 ego
670 2167 746 2220 tunc
777 2156 892 2242 scripsi
916 2166 948 2220 et
970 2155 1106 2221 Romam
1137 2155 1332 2242 quibusdam
1362 2155 1583 2222 cardinalibus
1613 2157 1696 2238 misi,
1726 2179 1799 2220 cum
1827 2166 1915 2220 esset
1938 2177 2055 2219 verum
2080 2169 2109 2219 et

461 2263 606 2327 veritatis
637 2263 828 2327 testimoniis
851 2261 995 2349 undique
1026 2263 1176 2328 cinctum.
1224 2262 1364 2328 Proinde
1394 2263 1459 2327 noli
1489 2263 1568 2328 mihi
1597 2263 1751 2328 molestus
1782 2285 1853 2326 esse
1885 2261 2108 2348 compellendo

462 2371 576 2434 iterum
602 2368 754 2452 scribere,
779 2368 987 2456 quodetiam
1011 2392 1031 2433 a
1054 2369 1221 2456 discipulis
1245 2392 1303 2455 pro
1327 2370 1553 2456 phantasmate
1577 2371 1618 2434 sit
1640 2369 1838 2434 habendum.

2161 1483 2191 1526 <qb

440 2555 441 2558 Ἴ
568 2475 611 2539 D.
646 2475 772 2540 Eadem
803 2475 945 2540 scribere
975 2475 1035 2541 tibi
1064 2498 1128 2541 non
1159 2475 1258 2541 debet
1287 2499 1358 2540 esse
1388 2476 1528 2562 pigrum,
1560 2478 1637 2563 quia
1666 2476 1747 2541 mihi
1776 2486 1808 2539 et
1838 2475 1911 2540 aliis
1939 2477 2111 2540 veritatem

463 2581 645 2646 sitientibus
669 2593 718 2646 est
744 2583 964 2646 necessarium
988 2583 1081 2663 scire,
1106 2582 1244 2668 qualiter
1274 2585 1306 2646 in
1336 2583 1399 2647 hac
1430 2583 1503 2668 ipsa
1525 2592 1641 2668 quarta
1662 2581 1786 2668 vigilia,
1810 2604 1873 2668 que
1896 2605 1987 2646 nunc
2010 2583 2111 2646 immi·
2128 2603 2151 2640 n

462 2711 540 2753 nere
555 2687 693 2771 videtur,
718 2689 759 2752 sit
774 2687 974 2774 vigilandum
991 2699 1103 2753 contra
1125 2700 1258 2753 ventum
1273 2689 1427 2771 validum,
1452 2691 1536 2754 sicut
1558 2700 1704 2775 apparet,
1729 2711 1817 2754 mare
1842 2699 1945 2754 totum
1969 2711 2112 2754 commo-

462 2807 592 2860 ventem
615 2805 648 2858 et
669 2795 854 2859 naviculam
868 2795 956 2859 Petri
980 2795 1123 2881 graviter
1139 2797 1348 2882 quatientem.
1383 2796 1469 2861 Nam
1486 2819 1573 2878 ecce,
1591 2796 1667 2861 dum
1686 2795 1747 2860 hec
1771 2795 1968 2880 scribuntur,
1995 2797 2111 2860 scisma

366 2925 444 2967 *raom
462 2903 609 2966 imminet
623 2901 849 2987 periculosum,
873 2903 907 2965 in
923 2924 986 2987 quo
1003 2912 1036 2965 et
1051 2901 1140 2967 urbis
1157 2913 1189 2967 et
1206 2902 1306 2967 'orbis
1323 2913 1414 2967 tanta
1430 2915 1479 2967 est
1494 2903 1676 2984 commotio,
1693 2904 1777 2968 utin
1794 2925 1938 2968 errorem
1955 2901 2111 2967 inducan-

294 3034 444 3084 nmnan.
462 3018 524 3089 tur,
548 3009 575 3072 si
590 3007 661 3072 fieri
676 3019 791 3094 potest,
809 3009 905 3072 etiam
921 3008 1027 3090 electi,
1051 3007 1121 3072 aliis
1138 3007 1335 3074 dicentibus:
1354 3009 1453 3074 ‘Ecce
1470 3009 1542 3092 hic’,
1567 3009 1654 3074 aliis:
1672 3009 1769 3073 ‘Ecce
1785 3008 1852 3074 illic
1869 3019 1919 3073 ast
1935 3007 2109 3090 Christus’3

463 3137 540 3179 ecce
557 3113 609 3179 hio
633 3125 689 3178 aut
705 3137 782 3179 ecce
798 3113 864 3178 illic
881 3125 930 3180 est
944 3137 1031 3201 papa
1046 3125 1078 3178 et
1093 3125 1202 3200 partes
1226 3117 1310 3180 inter
1326 3139 1360 3180 se
1377 3115 1481 3180 divise
1497 3115 1620 3180 habent
1634 3138 1693 3202 pro
1709 3115 1937 3202 phantasmate
1954 3114 2110 3202 quicquid
2126 3133 2149 3172 a

464 3221 510 3285 eis
535 3221 661 3303 dicitur,
685 3221 772 3307 quod
802 3243 867 3285 non
896 3220 974 3285 facit
1004 3243 1062 3307 pro
1085 3243 1131 3303 se,
1156 3221 1358 3308 quantalibet
1387 3221 1539 3286 halciatm
1561 3222 1709 3286 veritate.
1756 3222 1830 3286 Huc
1861 3221 2000 3304 accedit,
2026 3221 2110 3307 quod

464 3326 524 3391 hoc
548 3329 652 3413 ipsum
676 3326 763 3413 quod
788 3328 884 3413 exigo
907 3337 943 3390 tu
964 3327 1140 3413 promisisti
1171 3329 1258 3392 circa
1287 3330 1482 3414 principium
1513 3329 1672 3393 scismatis
1697 3327 1801 3410 huius,
1826 3351 1899 3392 cum
1924 3329 2109 3414 accepisses

464 3433 617 3519 epistolas
639 3434 807 3520 utriusque
830 3435 930 3519 partis
955 3444 987 3498 et
1008 3433 1152 3499 nondum
1168 3436 1327 3521 potuisses
1352 3434 1540 3521 adplenum
1559 3435 1727 3499 dinoscere
1743 3433 1822 3520 quid
1844 3434 2107 3520 respondendum

464 3550 550 3604 esset
575 3539 625 3604 his
649 3541 704 3626 qni
727 3551 759 3604 te
782 3542 1072 3626 interrogaverunt.
1119 3541 1192 3605 Hoc
1216 3551 1323 3606 tamen
1347 3540 1459 3606 solitus
1482 3541 1571 3605 fuisti
1594 3540 1791 3627 respondere
1814 3550 1891 3606 tunc
1916 3542 2108 3606 sciscitanti-

463 3645 534 3728 bus,
558 3648 635 3732 quia
657 3645 786 3710 videres
809 3645 960 3711 nebulam
984 3657 1084 3711 totam
1108 3657 1227 3712 terram
1251 3657 1414 3734 tegentem
1438 3670 1499 3712 nec
1524 3649 1683 3712 sinentem
1707 3647 1794 3712 clare
1818 3646 1942 3730 videre,
1966 3649 2107 3712 maxime
2124 3666 2146 3705 so

464 3753 497 3816 in
526 3763 620 3817 nocte
650 3752 711 3816 hac
741 3752 924 3834 tenebrosa,
953 3755 1044 3819 cuius
1074 3777 1160 3818 nunc
1191 3755 1296 3840 agitur
1326 3765 1441 3840 quarta
1463 3754 1586 3840 vigilia,
1615 3755 1654 3818 de
1679 3776 1753 3840 qua,
1781 3763 1817 3818 ut
1847 3754 1991 3839 apertius
2024 3753 2107 3840 quod

464 3860 563 3923 sentis
586 3858 792 3944 intelligatur,
822 3860 888 3923 iam
915 3871 1098 3924 rarescente
1126 3859 1246 3925 nebula
1268 3862 1470 3946 ignorantiae
1495 3883 1533 3925 ac
1557 3861 1720 3947 patefacta
1743 3861 1881 3924 veritate
1906 3859 1947 3923 de
1970 3859 2107 3924 Romani

462 3965 623 4052 pontificis
647 3965 791 4051 legitima
812 3967 1024 4051 promotione,
1048 3966 1220 4052 ingredere
1244 3989 1329 4030 nunc
1353 3978 1465 4053 aperto
1489 3966 1549 4031 tibi
1572 3969 1636 4032 oris
1661 3968 1742 4031 ostio
1762 3965 1875 4030 saltem
1899 3967 1933 4030 in
1950 3964 2106 4030 cubiculis

464 4072 506 4136 ad
528 4071 724 4136 narrandum
754 4073 841 4159 quod
871 4096 928 4159 pro
960 4095 1011 4138 me
1042 4085 1138 4160 atque
1168 4073 1239 4138 aliis
1269 4072 1466 4138 instruendis
1495 4074 1623 4160 postulo
1654 4073 1694 4138 de
1718 4083 1834 4160 quarta
1855 4073 1970 4158 vigilia
1992 4074 2105 4138 noctis.

464 4178 571 4259 Quam
594 4180 671 4265 quia
693 4189 759 4243 tres
782 4178 914 4266 vigiliae
942 4182 1007 4244 iam
1036 4190 1273 4266 precessenmt,
1304 4181 1401 4244 etiam
1432 4180 1576 4266 deipsis
1603 4203 1669 4244 non
1695 4189 1814 4262 taceas,
1839 4190 1874 4244 ut
1897 4178 1940 4244 ad
1963 4179 2107 4243 ultimam
2123 4196 2145 4237 a

463 4285 608 4371 vigiliam
632 4288 866 4372 competentius
889 4285 1038 4351 accedas.

286 4417 445 4467 emanans.
569 4391 613 4455 M.
648 4391 857 4456 Desiderium
879 4403 970 4456 tuum
994 4403 1026 4457 et
1048 4392 1183 4458 aliorum
1205 4415 1385 4479 pauperum
1409 4393 1563 4458 exaudiat
1584 4393 1755 4475 Dominus,
1778 4403 1815 4456 ut
1837 4392 2022 4458 voluntaria
2044 4393 2105 4456 oris

287 4524 445 4573 manasse.
464 4498 528 4562 mei
556 4497 763 4584 beneplacita
791 4498 871 4564 fiant
899 4500 934 4563 in
957 4511 1132 4586 conspectu
1156 4501 1225 4564 eins
1254 4510 1286 4562 et
1312 4522 1479 4564 servorum
1503 4501 1583 4564 eius.
1629 4499 1789 4564 Dominus
1819 4509 1929 4564 noster
1951 4499 2044 4564 Iesus
2073 4500 2105 4562 in

464 4614 605 4668 montem
633 4626 825 4669 ascensurus
853 4615 885 4670 et
913 4604 979 4669 illio
1009 4607 1042 4669 in
1065 4607 1208 4671 oratione
1232 4615 1425 4692 pernoctare
1448 4605 1561 4670 volens
1591 4607 1685 4670 iussit
1707 4604 1882 4692 discipulos
1906 4607 2013 4692 ipsum
2036 4629 2104 4692 pre-

464 4709 580 4775 cedere
603 4721 692 4774 trans
715 4710 843 4776 fretum.
881 4711 967 4776 Nota
991 4722 1040 4776 est
1062 4711 1122 4776 hec
1146 4712 1363 4798 ewangelicae
1387 4711 1534 4776 lectionis
1558 4711 1719 4798 hystoria3
1744 4733 1918 4797 queramus
1941 4713 2104 4798 mysteria.
2120 4731 2144 4768 ω

464 4816 611 4881 Christus
634 4818 668 4881 in
691 4828 833 4881 montem
856 4840 1058 4900 ascensurus,
1082 4819 1116 4882 in
1139 4818 1244 4882 celum
1267 4817 1422 4882 videlicet
1444 4817 1486 4881 ad
1509 4819 1616 4881 Patris
1640 4818 1810 4882 dexteram
1833 4839 1991 4900 sessurus,
2015 4820 2105 4883 iussit

463 4923 639 5009 discipulos
662 4922 838 4988 ascendere
868 4925 902 4987 in
924 4925 1118 5008 naviculam,
1142 4926 1220 5011 quia
1242 4926 1288 4989 eis
1313 4926 1473 4990 commisit
1496 4924 1668 4989 ecclesiam
1691 4925 1867 5010 regendam
1891 4925 2004 4990 dicens
2026 4925 2103 4989 illis:

330 5029 581 5104 u.1s‚1s.Euntes
604 5033 638 5098 ia
660 5031 810 5095 necandam
834 5034 1023 5112 unicornem,
1040 5032 1205 5118 predicate
1229 5033 1430 5118 eaoanqelimn
1454 5035 1541 5096 omni
1562 5047 1731 5097 creatorae.
1771 5030 1823 5095 Illi
1838 5041 1946 5096 autem
1969 5031 2104 5117 profecti

463 5135 714 5221 predicaverunt
736 5135 857 5222 ubique
881 5147 1036 5223 tanquam
1058 5137 1248 5222 navigantes
1272 5160 1331 5224 per
1354 5147 1456 5201 totum
1479 5159 1579 5202 mare.
1627 5137 1693 5204 Sed
1717 5147 1787 5202 erat
1810 5139 1903 5224 quasi
1929 5161 1996 5202 nox
2019 5149 2104 5202 tene·

463 5240 560 5306 bross
590 5253 622 5306 et
650 5252 870 5330 tempestuosa
899 5253 1110 5330 tyrannorum
1132 5247 1324 5330 persecutia,
1350 5267 1486 5331 quorum
1511 5243 1656 5309 crudelia
1685 5244 1793 5309 edicta
1823 5255 1914 5309 erant
1942 5244 1989 5308 eis
2013 5245 2104 5331 quasi
2120 5261 2142 5300 e

286 5374 445 5424 anunente.
463 5359 579 5412 ventus
603 5350 792 5412 contrarius.
838 5349 923 5414 Nam
953 5372 1026 5414 curn
1056 5349 1101 5413 illi
1131 5350 1338 5436 predicarent
1359 5374 1459 5416 unum
1482 5373 1597 5414 verum
1619 5350 1728 5415 Deum
1753 5350 1934 5433 colendum,
1964 5350 2012 5414 illi
2034 5373 2103 5437 pre-

464 5465 619 5541 ceperunt
635 5452 733 5518 falsos
757 5454 834 5519 deos
859 5455 930 5538 coli,
955 5477 1020 5541 qua
1043 5457 1269 5521 contrarietate
1297 5458 1390 5521 navis
1415 5456 1573 5522 ecclesiae
1597 5455 1780 5522 iactabatur
1802 5455 1954 5522 fluctibus
1978 5469 2020 5540 et,
2043 5458 2104 5521 nisi

573 5619 601 5692 1)
625 5621 660 5678 In
690 5624 820 5696 opasnalo
850 5624 892 5679 ad
917 5623 1078 5681 cardinales
1105 5643 1194 5700 snpra
1218 5625 1288 5682 edim
1312 5627 1346 5683 cle
1369 5633 1474 5701 quarta
1496 5625 1593 5702 cipilia
1616 5625 1704 5683 noces
1726 5626 1798 5683 nihil
1819 5625 1936 5702 lapiton
1965 5643 2054 5701 neque
2076 5624 2102 5680 in

458 5737 546 5804 parte
567 5748 658 5804 snpra
680 5729 782 5786 omissa
805 5738 945 5786 artato-rem
969 5731 1003 5786 de
1026 5730 1075 5787 illa
1098 5749 1130 5787 re
1153 5731 1238 5807 spisse
1262 5731 1436 5789 crediderim.
