4410 6406
459 363 523 427 276
751 371 930 428 GERHOHI
953 372 1185 429 PRAEPOSITI
1208 372 1616 430 REICHERSBERGENSIS
1639 373 1804 428 LIBELLI.

459 559 645 647 transfudit.
681 557 786 644 Igitur
800 559 896 623 homo
921 571 1031 624 eterne
1052 559 1232 625 divinitatis
1247 561 1416 625 maiestate
1432 559 1630 642 nobilitatus,
1654 559 1736 626 falso
1752 570 1891 646 negatus
1907 560 2038 624 nomine
2053 560 2100 626 illo

281 687 380 737 runrpp.
390 687 438 736 aa
459 664 607 748 donatus,
624 664 712 751 quod
727 675 777 729 est
800 688 899 752 snper
914 689 1009 732 omne
1024 689 1153 748 nomen,
1170 665 1267 754 quod,
1292 667 1375 731 sicut
1391 665 1593 752 Augustinus
1609 668 1726 731 asserit
1735 670 1756 748 ¹,
1781 667 1904 731 homini
1921 665 2033 730 danum
2049 681 2100 750 est,

459 794 524 836 non
539 771 623 854 Deo,
640 773 718 858 quia
733 771 893 836 Dominus
910 772 989 837 illud
1005 795 1135 860 semper
1150 772 1263 838 babuit
1279 795 1338 859 per
1353 783 1512 855 annuam,
1526 773 1614 860 quod
1629 773 1751 838 homini
1767 773 1879 838 datum
1896 796 1956 860 per
1971 775 2103 859 gratiam

459 888 492 941 et
513 899 573 964 per
596 879 774 942 nativitatis
798 900 840 942 ex
855 881 982 965 virgine
998 889 1157 962 naturam,
1175 902 1239 966 qua
1259 881 1289 943 ei
1312 879 1423 944 datum
1447 889 1480 944 et
1502 880 1648 944 innatum
1672 891 1730 962 est,
1754 891 1790 945 ut
1813 881 1856 944 sit
1878 879 2054 945 altissimus
2076 893 2105 946 et

458 983 615 1048 naturalis
637 984 703 1049 Dei
733 986 834 1070 patris
858 985 1005 1050 altissimi
1035 985 1119 1050 filius
1143 1007 1226 1073 eque
1250 988 1463 1072 omnipotens,
1487 997 1523 1050 ut
1545 985 1683 1051 verbum
1705 986 1771 1051 Dei
1793 987 1897 1069 Deus,
1929 1009 2038 1074 aquo
2061 999 2133 1052 ests
2171 1035 2173 1044 ι

458 1103 653 1178 assumptus.
686 1091 784 1172 Quod
799 1093 855 1179 qui
871 1102 1008 1178 negatus
1024 1093 1087 1179 ipsi
1101 1091 1264 1157 natalibus
1277 1091 1398 1157 Christi
1414 1091 1613 1178 derogando,
1626 1104 1781 1180 quantum
1798 1095 1832 1157 in
1848 1095 1928 1180 ipsis
1942 1105 2002 1174 est,
2019 1093 2106 1158 here-

459 1197 533 1262 dem
550 1198 712 1280 oeeidrmt,
729 1199 807 1285 quia
821 1198 1017 1262 hereditario
1041 1200 1135 1285 regui
1158 1221 1196 1263 ac
1221 1198 1394 1264 sacerdotii
1417 1200 1539 1263 honore
1558 1200 1665 1285 ipsum
1679 1200 1848 1286 indignum
1864 1201 2016 1283 affenmt,
2033 1200 2107 1265 dum

459 1305 528 1369 eius
545 1304 705 1370 nobilitati
722 1304 904 1370 donabunt.
941 1303 1124 1370 Scismatici
1140 1309 1273 1386 autem,
1287 1307 1342 1392 qui
1358 1328 1423 1392 non
1438 1307 1509 1391 regi
1525 1305 1694 1392 derogare,
1711 1306 1769 1370 sed
1785 1329 1922 1393 regnum
1938 1309 2010 1372 eius
2027 1308 2107 1371 scin-

459 1410 536 1476 dere
553 1434 592 1476 ac
605 1411 752 1476 diuidere
769 1423 936 1494 conantur,
950 1425 982 1476 et
997 1413 1060 1498 ipsi
1076 1435 1139 1476 non
1152 1413 1268 1476 minori
1285 1411 1493 1498 malignitatis
1511 1413 1626 1500 spiritu
1638 1424 1752 1477 contra
1763 1412 1916 1478 heredem
1929 1413 2107 1499 legitimum

459 1517 692 1602 debachantur,
717 1518 757 1583 de
781 1541 841 1584 sua
863 1518 1043 1584 hereditate
1067 1518 1156 1583 illum
1173 1517 1378 1584 excludendo
1394 1521 1451 1606 qui
1473 1541 1539 1584 non
1562 1518 1696 1602 habitat,
1720 1521 1782 1584 nisi
1806 1521 1839 1584 in
1855 1521 1991 1600 unitate,
2012 1542 2107 1606 quam
2125 1547 2170 1586 ιο

458 1624 618 1712 dissipare
636 1624 713 1689 dum
730 1637 889 1689 conantum
912 1636 954 1707 et,
979 1627 1006 1689 si
1024 1648 1089 1690 non
1105 1623 1226 1690 Christi
1243 1627 1414 1706 occisores,
1438 1637 1548 1690 tamen
1566 1623 1687 1691 Christi
1710 1626 1901 1712 spoliatores
1926 1649 1999 1692 esse
2024 1649 2107 1692 com-

457 1731 647 1818 probantur.
684 1731 751 1796 Sed
773 1753 880 1818 neque
903 1731 1056 1796 hereticis
1073 1731 1194 1796 Christi
1217 1731 1532 1818 blasphematoribus
1556 1755 1664 1818 neque
1688 1734 1880 1798 scismaticis
1897 1733 2022 1798 Christi
2037 1756 2107 1820 spo-

458 1838 626 1904 liatoribus
649 1839 773 1903 licitum
797 1839 858 1902 fuit
881 1837 1057 1925 aliquando
1080 1839 1114 1902 in
1130 1859 1212 1924 pace
1231 1838 1399 1924 possidere
1416 1837 1537 1904 Christi
1560 1861 1581 1903 a
1604 1861 1639 1902 se
1663 1839 1763 1904 occisi
1786 1839 1839 1904 vel
1863 1839 1994 1927 spoliati
2017 1841 2107 1904 here·

458 1945 603 2028 ditatam,
628 1947 791 2032 qnoniam,
816 1946 900 2010 sicut
922 1943 1033 2009 Iudeis
1058 1943 1178 2010 Christi
1203 1944 1402 2010 occisoribus
1426 1946 1596 2010 venientes
1618 1946 1757 2010 Romani
1780 1946 1923 2012 tulerunt
1946 1946 2054 2012 locum
2077 1959 2107 2011 et

458 2063 589 2138 gentem
612 2073 651 2116 ac
675 2061 775 2116 totam
798 2050 886 2116 illam
910 2050 1134 2134 hereditatem,
1165 2074 1224 2138 pro
1248 2073 1313 2137 qua
1335 2051 1507 2117 retinenda
1529 2051 1683 2118 heredem
1707 2052 1904 2134 occiderant,
1933 2055 1980 2118 sic
2005 2055 2106 2140 ponti-
2125 2079 2170 2118 ιι

457 2159 536 2223 fices
559 2159 698 2223 Romani
728 2156 948 2222 annitentibus
979 2157 1050 2222 aliis
1074 2157 1263 2222 orthodoxis
1294 2157 1453 2222 hereticos
1477 2181 1516 2222 ac
1540 2159 1742 2224 scismaticos
1766 2159 1808 2224 ab
1832 2159 2014 2225 hereditate
2038 2183 2106 2246 per-

458 2289 538 2330 vasa
562 2267 738 2348 eiecerunt,
763 2277 876 2329 contra
899 2264 1059 2329 hereticos
1082 2265 1264 2346 veritatem,
1289 2276 1402 2329 contra
1428 2266 1629 2330 scismaticos
1659 2265 1839 2332 aecclesiae
1863 2267 2023 2332 unitatem
2046 2266 2106 2332 for-

459 2373 581 2436 tissime
606 2370 811 2436 defendendo
836 2382 932 2458 atque
956 2372 1043 2458 ipsos
1068 2393 1214 2436 errorum
1237 2372 1408 2458 magistros
1431 2370 1518 2436 foras
1540 2371 1702 2458 pellendo.
1750 2373 1805 2438 Sic
1825 2375 1872 2438 sie
1896 2373 1952 2438 illa
1974 2373 2118 2460 maligni·

282 2503 439 2552 natantes.
459 2479 590 2564 spiritus
607 2479 794 2565 propositio,
809 2499 906 2564 quam
922 2499 981 2564 per
995 2477 1126 2543 colonos
1142 2477 1244 2543 malos
1261 2479 1452 2562 enuntiavit,
1467 2477 1620 2543 dicendo:
1643 2480 1757 2562 Venite,
1770 2481 1951 2546 occidamus
1965 2482 2105 2546 heredem

459 2601 487 2650 et
509 2587 689 2650 babebimus
712 2585 912 2650 hereditatem
938 2589 1005 2650 eries
1034 2586 1068 2649 in
1091 2595 1183 2671 parte
1208 2585 1339 2670 quidem
1370 2597 1419 2649 est
1448 2584 1592 2671 impleta,
1623 2585 1700 2650 dum
1723 2585 1913 2652 occiderunt
1943 2586 2104 2652 heredem.
2122 2613 2145 2652 a

460 2690 525 2756 Sed
550 2691 611 2756 hoc
635 2691 791 2756 hactenus
814 2691 942 2777 impleri
964 2713 1029 2756 non
1053 2693 1167 2777 potuit,
1192 2703 1227 2756 ut
1254 2693 1288 2756 in
1311 2714 1394 2778 pace
1416 2690 1623 2777 possiderent
1645 2704 1678 2757 et
1700 2692 1860 2758 haberent
1882 2693 2104 2759 hereditatem.

565 2815 655 2880 Dum
685 2837 763 2902 ergo
794 2815 971 2898 hereditas,
1003 2838 1087 2902 quae
1118 2839 1138 2880 a
1167 2817 1347 2903 priscorum
1379 2815 1579 2903 temporibus
1609 2815 1817 2882 Antichristis
1852 2817 2014 2904 possideri
2044 2840 2106 2883 non

459 2923 573 3009 potuit,
604 2945 624 2986 a
653 2923 754 2986 nostri
785 2923 939 3009 temporis
963 2921 1172 2987 Antichristis
1203 2923 1235 2986 in
1260 2944 1341 3008 pace
1370 2945 1408 2987 ac
1437 2923 1609 2987 securitate
1640 2923 1833 3009 possidetur,
1863 2925 1942 2988 novi
1973 2947 2012 2989 ac
2042 2947 2105 2990 mo-

460 3028 552 3094 derni
568 3028 760 3093 Antichristi
783 3027 961 3114 adimplent
984 3051 1169 3093 mensuram
1191 3039 1321 3114 patrum
1345 3051 1485 3112 suorum,
1509 3028 1636 3094 illorum
1652 3029 1806 3094 videlicet
1821 3030 2105 3112 Antichristorum,

460 3137 516 3222 qui
539 3135 694 3200 heredem
718 3133 849 3222 quidem
873 3133 1063 3199 occiderunt
1084 3134 1137 3199 vel
1161 3135 1392 3221 spoliaverunt,
1417 3135 1474 3200 sed
1498 3135 1712 3200 hereditatem
1736 3138 1805 3201 eius
1829 3139 1962 3202 minime
1987 3138 2145 3204 haberes

459 3253 643 3328 potuerunt.
690 3241 764 3306 Non
788 3242 875 3305 enlm
893 3241 1090 3306 verbotenus
1113 3240 1167 3305 vel
1191 3243 1274 3306 sicut
1297 3243 1392 3328 primi
1416 3241 1521 3306 coloni
1546 3241 1659 3307 dicunt
1681 3244 1767 3307 intra
1790 3266 1823 3308 se
1848 3245 1881 3308 iu
1906 3246 2106 3330 cogitationi-

459 3348 531 3431 bus,
554 3359 680 3413 tantum
703 3346 883 3412 hereditate
906 3348 1130 3434 possideamus
1155 3349 1374 3413 sanctuarium
1397 3349 1473 3432 Dei,
1498 3349 1555 3413 sed
1578 3349 1675 3414 rebus
1700 3351 1808 3436 agitur
1830 3361 1862 3414 et
1884 3351 1983 3415 rebus
2007 3351 2106 3416 adim-

460 3455 566 3542 pletur
596 3479 616 3520 a
646 3453 808 3519 modernis
839 3453 1058 3537 Antichristis,
1090 3454 1178 3541 quod
1206 3457 1408 3542 propositum
1440 3468 1489 3520 est
1521 3455 1562 3520 ab
1587 3458 1738 3543 antiquis,
1770 3457 1938 3544 possident
1967 3481 2106 3545 namque

461 3563 680 3626 sanctuarium
704 3561 769 3625 Dei
793 3583 858 3626 uon
882 3563 965 3626 sicut
988 3562 1218 3642 sanctuarium,
1250 3560 1307 3625 sed
1339 3564 1423 3627 sicut
1451 3562 1600 3649 predium
1618 3587 1717 3648 ,suum
1741 3563 1983 3646 hereditarium,
2013 3578 2109 3652 prout

460 3668 573 3733 volunt
602 3666 768 3732 militando
798 3667 875 3732 huic
906 3668 1014 3732 seculo
1046 3667 1086 3732 de
1117 3667 1278 3755 stipendio
1309 3669 1542 3734 ecclesiastica.
1593 3669 1666 3734 Non
1695 3692 1756 3756 ego
1785 3693 1872 3735 nunc
1903 3694 1965 3757 ago
1996 3684 2149 3737 contrata

462 3777 631 3862 episcopos
663 3774 808 3861 aliosque
839 3775 904 3838 Dei
935 3776 1097 3839 ministros
1128 3775 1271 3860 legitime
1302 3777 1336 3839 in
1366 3775 1461 3840 domo
1492 3776 1557 3840 Dei
1588 3775 1790 3841 ambulantes
1821 3789 1854 3840 et
1883 3800 2020 3863 regnum
2050 3802 2107 3843 suo

436 3881 556 3946 ’modo
580 3881 783 3964 adiuvantes,
807 3881 962 3946 videlicet
985 3881 1099 3945 stando
1123 3893 1156 3946 et
1179 3882 1301 3946 orando
1325 3883 1358 3946 in
1382 3893 1501 3962 monte,
1515 3906 1588 3948 cum
1612 3883 1737 3970 Moyse,
1762 3894 1931 3948 uteorum
1955 3885 2107 3971 precibus

461 3990 495 4052 in
519 4011 633 4075 campo
664 3989 759 4052 huius
789 3987 901 4052 mundi
925 3989 1058 4052 vincant
1088 3999 1120 4051 et
1141 3990 1283 4052 victores
1314 4001 1527 4075 pennaneant
1548 3989 1706 4072 Israelita,
1729 3991 1903 4056 vincantur
1925 4003 1958 4056 et
1980 4013 2108 4078 semper

461 4096 540 4158 victi
569 4106 723 4159 maneant
752 4095 805 4158 vel
834 4096 941 4180 potius
971 4105 1106 4180 pereant
1131 4094 1366 4178 Amalechitae,
1394 4097 1527 4161 vincant
1557 4098 1720 4183 principes
1752 4097 1912 4178 catholici,
1936 4099 2109 4163 vincantur

462 4201 655 4266 christianae
687 4203 778 4287 pacis
802 4202 935 4284 inimici,
959 4203 1093 4265 vincant
1117 4203 1172 4288 qui
1195 4204 1286 4266 missi
1316 4213 1389 4266 sunt
1420 4202 1462 4266 ad
1485 4202 1662 4267 vindictam
1692 4203 1947 4286 malefactorum,
1978 4204 2106 4270 laudem
2126 4231 2150 4272 ss

306 4337 441 4385 saroam.
460 4330 539 4372 vero
562 4307 732 4391 bonorum,
756 4311 930 4373 vincantur
952 4320 1060 4372 autem
1091 4319 1122 4372 et
1153 4321 1289 4394 pereant
1318 4319 1507 4394 peccatores
1531 4331 1551 4372 a
1573 4309 1658 4374 facie
1682 4309 1757 4392 Del,
1787 4323 1932 4396 pereant,
1963 4313 2107 4398 inquam,

460 4426 649 4500 peccatores
680 4439 699 4479 a
728 4416 812 4479 facie
842 4427 959 4497 terrae,
991 4425 1023 4478 et
1052 4415 1156 4501 iniqui
1185 4416 1245 4498 ita,
1275 4427 1311 4479 ut
1340 4437 1405 4480 non
1435 4417 1508 4480 sint.
1556 4414 1622 4481 Sed
1653 4417 1730 4502 quia
1761 4428 1835 4481 sunt
1865 4419 2020 4504 episcopi,
2053 4421 2108 4505 qui

461 4522 623 4585 exercitus
641 4545 728 4586 more
745 4521 837 4586 ducis
854 4522 985 4603 ducunt,
1009 4523 1147 4607 negocia
1171 4523 1338 4608 sanguinis
1353 4533 1495 4587 tractant
1519 4533 1550 4586 et
1574 4534 1675 4608 agunt
1697 4524 1731 4586 in
1747 4522 1971 4588 obsidionibus
1988 4536 2107 4590 castro-

460 4650 541 4710 rum,
565 4629 599 4691 in
614 4627 849 4693 vastationibus
873 4628 1037 4693 hostilium
1060 4640 1230 4710 terramus,
1256 4629 1332 4693 dum
1355 4651 1414 4714 per
1437 4628 1589 4692 incendia
1613 4639 1645 4692 et
1667 4631 1798 4715 rapinas
1822 4631 1988 4695 insaniunt
2011 4643 2107 4718 atque

460 4735 494 4798 in
517 4734 566 4798 his
591 4736 791 4821 exequendis
815 4736 1073 4800 aecclesiasticas
1097 4735 1268 4799 faesultates
1293 4734 1490 4821 expendunt,
1515 4734 1607 4799 salva
1630 4758 1711 4822 pace
1736 4736 1960 4822 religiosorum
1984 4740 2107 4824 episoo·
2125 4766 2151 4805 a

460 4863 584 4927 porum,
609 4843 666 4927 qui
693 4843 881 4928 paucissimi
911 4853 985 4907 sunt
1016 4852 1128 4906 contra
1157 4841 1464 4928 pseudoepiscopos,
1495 4865 1637 4925 moveor,
1663 4845 1717 4929 qui
1741 4866 1806 4908 non
1830 4842 1986 4908 obediunt
2010 4867 2107 4908 euan-

357 4975 439 5016 ·r.na
460 4946 545 5033 gelio
570 4970 668 5034 supra
683 4971 817 5034 gregem
833 4947 895 5012 sibi
912 4949 1119 5014 commissum
1134 4947 1310 5034 vigilando,
1335 4971 1399 5012 non
1416 4947 1572 5013 obediunt
1596 4949 1786 5036 'apostolico
1810 4950 1974 5033 mandato,
1995 4963 2108 5016 contra

461 5055 553 5118 cuius
577 5053 757 5119 doctrinam
781 5078 815 5118 se
839 5056 1007 5142 implicant
1031 5053 1231 5120 secularibus
1255 5056 1410 5140 negociis,
1435 5079 1499 5120 uon
1523 5054 1679 5120 obediunt
1703 5058 1800 5121 etiam
1817 5056 1956 5121 decretis
1980 5071 2107 5144 aposto-

460 5159 543 5225 lieae
567 5161 664 5244 sedis,
690 5173 802 5226 contra
826 5163 917 5227 euius
942 5161 1049 5226 edicta
1072 5160 1286 5226 saluberrima
1300 5161 1471 5225 Nicolaum
1494 5162 1733 5246 fornicatorem,
1759 5161 1935 5250 Symonem
1958 5165 1992 5227 in
2012 5163 2107 5229 domo

460 5268 525 5333 Dei
548 5269 775 5353 negociantem
798 5269 845 5333 sic
869 5268 1072 5332 familiariter
1097 5268 1219 5350 fovent,
1243 5279 1278 5331 ut
1301 5269 1356 5332 uni
1378 5267 1491 5331 talium
1521 5292 1585 5333 non
1609 5292 1707 5333 unam
1737 5269 1877 5356 plebem,
1909 5270 1967 5335 sed
1991 5271 2107 5336 multas
2125 5299 2151 5338 a

460 5372 574 5462 plebes
599 5385 805 5457 commutent,
831 5387 863 5438 et
886 5375 943 5438 tali
966 5373 1111 5460 bigamia
1133 5373 1187 5438 vel
1210 5375 1361 5460 trigamia
1379 5374 1432 5438 vel
1456 5376 1483 5438 si
1507 5374 1573 5439 dici
1596 5387 1712 5462 potest,
1737 5379 1930 5462 octogamis,
1955 5401 2106 5463 sponsam

460 5481 525 5545 Dei
549 5480 723 5545 ecclesiam
752 5504 818 5544 non
847 5482 962 5545 timent
990 5480 1103 5545 fedare
1134 5493 1230 5567 atque
1261 5481 1356 5546 huius
1386 5479 1497 5545 mundi
1528 5483 1675 5546 servituti
1700 5481 1874 5568 subiugare
1898 5483 2011 5548 ordine
2034 5507 2106 5571 per-

299 3874 327 3913 at.
336 3873 402 3912 Num.
409 3874 433 3911 tt

336 3927 419 3976 toaqq.

571 5719 599 5790 1)
626 5718 733 5777 Contra
759 5719 911 5776 Maximis.
936 5718 1056 5774 Arrius.
1081 5720 1099 5774 l.
1124 5719 1164 5788 II,
1190 5739 1213 5774 c.
1240 5719 1268 5788 2,
1295 5717 1368 5794 Opp.
1388 5720 1469 5790 VIII,
1495 5723 1544 5777 col.
1564 5721 1636 5777 693.
