4410 6406
365 1027 408 1067 Ex.
416 1028 436 1076 8,
445 1027 465 1067 9.

343 1135 383 1174 Iob
390 1136 424 1182 tl,
432 1133 465 1174 rt.

392 1241 422 1281 ib.
432 1242 465 1281 lt).

279 1635 465 1757 Wigwertlisob

485 383 550 445 328
777 387 958 444 GERHOHI
980 386 1213 444 PRAEPOSITI
1237 386 1646 444 REICHERSBERGENSIS
1670 387 1837 442 LIBELLI.

485 578 619 642 colrierit
641 578 827 662 resipiscere
857 575 1018 661 quidquid
1047 589 1153 639 contro
1184 600 1241 640 aos
1270 577 1466 654 moliebatur,
1496 599 1618 661 semper
1641 590 1742 640 tarrrea
1770 599 1826 639 ποῖ
1856 573 1903 638 od
1925 575 2120 660 respiratum

485 709 553 748 euos
578 687 612 747 ia
635 697 774 747 sanctam
799 684 1054 762 comrnnnioaera,
1076 698 1171 767 prout
1194 697 1294 746 oestro
1319 685 1408 748 uobis
1432 685 1550 747 caritas
1573 683 1774 761 eorrsalaerit,
1791 696 1928 768 paratos
1952 683 2088 745 iareaiet.

591 789 642 853 Ita
665 787 809 852 modeste
835 786 930 851 simul
953 799 986 851 et
1008 797 1161 852 strennue
1179 786 1404 876 Glregorius2]
1422 787 1498 851 VII.
1524 787 1631 852 officio
1655 811 1713 851 suo
1737 797 1851 852 contra
1867 786 2018 851 Heinrici
2035 791 2128 872 quarti

484 897 678 982 pravitatem
701 917 779 958 usus
804 905 862 976 est,
887 893 1161 981 quemadmodum
1178 894 1315 980 epistola.
1338 896 1407 959 eius
1432 894 1648 981 apollogetica
1672 895 1854 980 prescripta
1878 892 1985 958 docet.
2023 892 2129 972 Quem-

485 1002 659 1066 admodum
675 1025 754 1065 vero
778 1001 818 1065 de
835 1002 1006 1065 Pharaone
1030 1002 1261 1087 scriptumest,
1279 1002 1431 1086 quoniam
1456 1002 1637 1066 induratum
1662 1016 1707 1066 est
1728 1025 1782 1066 cor
1805 1004 1873 1066 eius
1897 1011 1929 1064 et
1953 998 2019 1063 alia
2041 1001 2154 1087 scrip-s

485 1119 558 1172 tura
582 1107 661 1173 dicit
685 1107 725 1172 de
750 1108 932 1172 leviathan:
962 1107 1024 1172 Cor
1047 1112 1114 1174 eius
1146 1109 1315 1173 induratur
1345 1111 1442 1195 quusi
1470 1111 1555 1195 lupis
1583 1123 1611 1173 et
1637 1111 1806 1196 stringetur
1829 1111 1927 1194 quasi
1946 1108 2134 1172 orolleotorr's

485 1219 575 1280 incas
605 1225 637 1279 et
661 1216 737 1301 quia
766 1241 827 1280 aon
844 1217 979 1303 fugabit
1001 1240 1069 1280 eum
1094 1219 1144 1280 nir
1166 1217 1362 1302 sagittarius,
1386 1219 1420 1280 ia
1443 1217 1592 1302 stipulam
1618 1218 1705 1279 cersi
1724 1229 1796 1279 strat
1817 1218 1851 1280 ei
1872 1215 2000 1301 lapides
2016 1215 2137 1300 friardo:

485 1323 531 1387 ita
554 1334 586 1386 et
610 1321 662 1386 ille
686 1322 777 1386 fortis
794 1322 932 1404 Feacus,
954 1333 989 1386 ut
1012 1323 1230 1408 corriperetur
1252 1321 1440 1404 aDomino,
1457 1321 1551 1386 verbi
1566 1321 1631 1385 Dei
1655 1320 1800 1406 gladium
1816 1321 2015 1407 plagamque
2041 1341 2137 1401 suam,

485 1451 550 1516 qua
573 1429 722 1515 plagatus
746 1439 804 1510 est,
829 1431 861 1492 in
886 1428 1040 1493 nichilum
1064 1439 1218 1516 reputans
1242 1451 1306 1494 non
1331 1427 1433 1492 solnm
1457 1428 1500 1492 ad
1523 1429 1736 1515 penitentiam
1759 1429 1969 1491 contristatus
1994 1449 2059 1490 non
2084 1437 2139 1506 est,

486 1535 544 1600 sed
568 1534 610 1599 ab
634 1537 757 1600 unitate
782 1537 927 1622 corporis
950 1537 1097 1622 precisus
1121 1535 1198 1600 foris
1224 1537 1316 1622 quasi
1341 1535 1438 1600 aliam
1462 1534 1624 1599 fabricare
1649 1534 1842 1599 aecclesiam
1866 1533 1999 1598 molitus
2024 1545 2083 1598 est.
2160 1560 2179 1598 n

592 1642 710 1706 Undel
735 1643 828 1728 quasi
858 1665 978 1728 papam
1009 1641 1107 1706 alium
1132 1641 1339 1728 Wigbertnm
1367 1642 1531 1728 quendam
1555 1640 1715 1726 Gregorio
1747 1663 1971 1727 superponens
2003 1663 2142 1726 eumque

275 1765 467 1830 superponitur
487 1748 687 1814 Clementem
718 1750 888 1813 nominans
919 1748 1041 1813 idolum
1072 1751 1178 1836 potius
1209 1751 1352 1814 erexisse
1384 1771 1482 1835 quam
1512 1771 1631 1834 papam
1663 1747 1830 1812 ordinasse
1854 1746 2060 1811 estimandus
2085 1759 2144 1811 est.

299 1837 441 1900 (treguae.

406 1957 458 1995 roso

374 2009 423 2048 lun.
431 2009 465 2049 25.

389 2063 464 2154 ‘aa

357 2144 465 2208 uersat]

330 3375 398 3425 apos.
408 3378 467 3427 20,'t.

330 3697 359 3736 ct.
367 3697 399 3737 ib.
407 3696 466 3737 1-3.

485 1857 570 1920 Nam
595 1858 650 1942 qui
674 1867 747 1942 post
770 1879 869 1920 unum
894 1855 1056 1920 secundus
1081 1879 1152 1920 esse
1175 1856 1323 1936 voluterit,
1354 1857 1420 1920 iam
1446 1879 1510 1920 non
1534 1855 1707 1936 secundus,
1739 1855 1796 1918 sed
1819 1854 1926 1918 nullus
1951 1855 2025 1918 erit.
2073 1855 2146 1918 Hoc

460 1983 563 2050 'ergo
595 1963 789 2028 simulachro
820 1986 886 2027 non
916 1985 1002 2050 papa
1031 1965 1065 2027 in
1090 1965 1221 2028 civitate
1245 1963 1392 2044 Brixina,
1416 1962 1471 2027 ubi
1503 1962 1590 2026 idem
1622 1963 1685 2025 iam
1709 1983 1773 2026 non
1798 1961 1957 2026 dicendus
1983 1984 2055 2042 rex,
2089 1961 2148 2024 sed

485 2082 643 2158 tyrannus
666 2070 775 2134 natale
798 2070 932 2152 fecerat,
958 2082 1066 2134 erecto
1091 2070 1133 2134 ad
1157 2069 1270 2134 urbem
1293 2070 1430 2133 Romam
1454 2068 1558 2133 tendit
1582 2068 1741 2154 'indeque
1765 2066 1954 2153 proturbato
1980 2065 2188 2154 Gregorius

486 2201 610 2240 summo
633 2177 788 2262 pontifice
813 2176 898 2240 hunc
922 2199 1016 2240 suum
1039 2200 1105 2240 non
1127 2199 1256 2264 papam,
1282 2175 1339 2240 sed
1363 2175 1571 2240 simulacrum
1595 2176 1628 2238 in
1652 2174 1729 2238 sede
1746 2173 1834 2238 beati
1849 2175 1940 2238 Petri
1957 2173 2145 2239 collocavit.

487 2282 664 2368 Gregorius
688 2305 766 2348 vero
791 2282 926 2348 exulans
954 2283 987 2346 in
1010 2306 1148 2368 regnum
1173 2283 1305 2347 devenit
1328 2283 1355 2346 F
1357 2284 1511 2346 runciae²
1534 2282 1675 2368 indeque
1699 2280 1813 2346 litteris
1837 2281 1996 2346 directis³
2019 2281 2146 2364 fideles,

486 2413 566 2477 quos
590 2391 681 2454 novit
705 2389 873 2470 ecelesiae,
896 2401 1008 2454 contra
1032 2391 1235 2476 imquitatem
1251 2389 1384 2454 roborat
1400 2411 1618 2470 commonens,
1643 2411 1684 2452 ne
1708 2388 1978 2453 communicando
1998 2389 2147 2452 scismati

486 2495 665 2562 catholicae
690 2497 781 2582 pacis
798 2498 955 2560 unitatem
979 2519 1017 2560 ac
1041 2497 1246 2560 sanctitatem
1263 2495 1546 2560 commacularent.
1586 2496 1762 2560 Hainricus
1779 2517 1867 2576 vero,
1891 2497 1958 2558 iam
1982 2518 2050 2558 non
2074 2517 2145 2576 rex,

487 2604 545 2667 sed
574 2615 742 2689 tyrannus,
767 2603 937 2690 episcopos
965 2602 1111 2689 aliosque
1142 2603 1253 2668 fideles
1283 2603 1441 2668 ecclesiae
1473 2625 1551 2666 suae
1581 2603 1666 2688 parti
1695 2623 1760 2666 non
1791 2602 2073 2666 communicantes
2106 2603 2146 2666 de
2165 2627 2188 2666 ro

486 2711 625 2796 propriis
650 2707 782 2773 sedibus
798 2709 967 2795 proturbat
984 2711 1095 2796 eisque
1112 2709 1192 2774 alios
1208 2733 1274 2774 non
1290 2711 1470 2797 episcopos,
1495 2710 1554 2774 sed
1570 2709 1771 2774 scismaticos
1796 2718 1828 2772 et
1851 2708 2017 2774 hereticos
2033 2732 2146 2796 super-

485 2818 586 2902 ponit,
611 2816 733 2901 vixque
765 2817 797 2878 iu
821 2837 921 2901 regno
946 2839 1003 2880 suo
1028 2817 1235 2904 episcopatus
1265 2815 1503 2898 inveniebatur,
1534 2817 1568 2880 in
1593 2838 1656 2902 quo
1681 2815 1844 2880 dualitatis
1875 2814 1972 2878 huius
2001 2817 2147 2880 scissura

485 2945 550 2986 non
574 2934 669 2987 esset.
717 2922 803 2986 Hinc
827 2923 891 2986 ium
914 2923 1021 3005 cedes,
1045 2923 1120 2988 hinc
1145 2922 1363 2988 membrorum
1386 2925 1420 2986 in
1443 2924 1534 2987 laicis
1559 2935 1591 2986 et
1614 2922 1740 2987 clericis
1764 2923 1987 2987 truncationes
2013 2935 2046 2987 et
2069 2947 2146 2988 ocu·

486 3029 589 3093 lorum
614 3029 813 3112 effossiones
837 3029 912 3094 hine
936 3029 1066 3116 publice
1091 3031 1211 3094 civium
1236 3041 1348 3094 contra
1372 3031 1461 3094 cives
1486 3031 1731 3115 congressiones
1755 3028 1848 3093 aliise
1872 3052 1932 3114 pro
1957 3028 2146 3116 pastoribus

487 3134 663 3221 legittimis,
688 3136 759 3201 aliis
784 3159 861 3218 vcro
886 3149 998 3202 contra
1021 3147 1167 3222 pastores
1192 3135 1431 3201 dimicantibus.
2164 3160 2188 3199 ss

593 3243 647 3306 Ex
670 3267 708 3307 eo
733 3253 877 3329 tempore
902 3265 921 3306 a
944 3243 1051 3308 multis
1075 3242 1227 3307 fidelibus
1251 3266 1290 3307 ac
1314 3241 1527 3330 prudentibus
1551 3242 1718 3328 impletum
1744 3254 1841 3330 atque
1864 3243 1993 3329 impleri
2012 3254 2146 3329 ceptum

487 3349 640 3430 creditur,
669 3349 757 3435 quod
787 3351 820 3412 in
851 3348 1029 3435 apocalipsi
1058 3349 1212 3414 Iohannis
1244 3351 1290 3414 sie
1322 3350 1550 3436 prophetatum
1582 3361 1646 3412 est:
1676 3350 1753 3413 liora
1783 3353 1992 3415 corrsammati
2013 3353 2147 3436 fuerint

486 3459 574 3522 mille
598 3460 685 3536 orarii,
711 3459 847 3520 sciretur
869 3458 1019 3520 satlrraos
1043 3458 1080 3520 (le
1104 3483 1228 3521 camere
1251 3481 1306 3520 arco
1330 3473 1358 3520 et
1381 3459 1479 3522 euiln't
1501 3472 1529 3521 et
1550 3458 1674 3520 seilicet
1692 3472 1796 3544 ¹qerrtes
1819 3459 1943 3538 inultis,
1968 3483 2050 3543 qarae
2072 3474 2146 3522 errat

486 3589 580 3650 strper
603 3562 686 3625 IIII
703 3565 835 3650 cayrrlos
858 3578 958 3627 terroe
977 3563 1046 3649 Gap
1069 3579 1097 3627 et
1112 3564 1228 3650 quoq
1251 3574 1284 3625 et
1307 3573 1426 3626 cetera.
1463 3563 1574 3648 Usque
1599 3563 1641 3626 ad
1664 3563 1744 3627 illud
1766 3585 1906 3648 namque
1930 3573 2061 3650 tempus
2085 3587 2145 3649 per

487 3669 638 3755 angelum
661 3670 771 3754 magni
796 3669 921 3732 consilii
946 3669 1032 3732 idem
1057 3669 1218 3750 sathanas,
1244 3670 1328 3732 sicut
1350 3668 1472 3733 ibidem
1495 3670 1529 3732 in
1545 3669 1797 3755 precedentibus
1821 3670 1949 3751 dicitur,
1974 3671 2009 3734 in
2034 3670 2143 3734 abisso
2161 3695 2186 3732 ao

485 3777 637 3839 nimirum
655 3775 800 3840 cordium
824 3777 1009 3861 iniquorum
1034 3798 1071 3839 ac
1089 3776 1268 3861 profundae
1293 3799 1372 3839 suae
1389 3775 1538 3840 straliciae
1563 3788 1679 3841 catena
1696 3799 1814 3861 magna
1837 3776 1955 3861 ligatus
1979 3777 2087 3840 fuerat
2112 3789 2143 3840 et

487 3882 631 3947 clausurn
649 3892 719 3946 erat
743 3894 839 3968 atque
864 3886 1020 3968 aspiratum
1037 3907 1132 3969 serpet·
1147 3909 1214 3946 eitra
1224 3909 1288 3970 per
1304 3907 1402 3947 nouos
1425 3885 1523 3964 anille,
1548 3899 1580 3948 at
1602 3909 1663 3947 nort
1686 3885 1845 3948 seduceret
1865 3885 2006 3970 arrquias
2027 3899 2142 3972 gentes,

487 3991 582 4054 dorico
607 4004 894 4054 coamronaareatur
917 3991 1005 4053 arzilla
1028 3993 1114 4053 ortui.
1162 3988 1246 4052 Nam
1264 4005 1339 4076 post
1361 3991 1446 4069 lore,
1470 4000 1506 4052 ut
1529 3991 1574 4052 ait
1598 3989 1713 4052 eadem
1737 3991 1906 4074 scriptura,
1931 4006 2052 4077 oportet
2074 4017 2142 4054 euru

486 4099 570 4161 solvi
597 4097 720 4160 modico
752 4111 894 4181 tempore.
942 4095 987 4159 At
1010 4117 1048 4158 eo
1072 4107 1228 4182 tempore,
1253 4117 1317 4182 quo
1342 4095 1491 4159 diabolus
1522 4119 1581 4182 per
1603 4097 1669 4160 iam
1694 4094 1816 4159 dictum
1840 4107 1871 4160 et
1895 4096 2001 4160 adhuc
2031 4097 2141 4162 dicen·

487 4202 563 4265 dum
587 4224 699 4286 regem
722 4201 915 4265 Hainricum
940 4203 1032 4287 quasi
1057 4201 1189 4283 solutus,
1221 4204 1318 4266 innno
1341 4225 1419 4266 vere
1449 4201 1570 4266 solutus
1594 4204 1800 4288 tyrannizare
1829 4205 1926 4288 cepit,
1957 4205 2022 4267 iam
2054 4205 2140 4269 mille
2159 4227 2184 4266 ss

488 4309 563 4371 anni
588 4331 607 4370 a
632 4307 795 4372 dominica
825 4309 975 4392 passione
1006 4309 1200 4371 transierant
1231 4331 1295 4394 qua
1326 4307 1485 4388 diabolus,
1514 4319 1549 4372 ut
1579 4309 1643 4372 iam
1674 4310 1796 4373 dictum
1827 4321 1884 4390 est,
1916 4311 1949 4372 in
1974 4333 2140 4375 carcerem

487 4415 605 4478 missus
634 4415 740 4477 fuerat
764 4424 796 4476 et
820 4415 981 4498 signatum
1010 4437 1204 4500 supereum
1229 4427 1288 4478 est.
1334 4415 1387 4478 Ex
1412 4438 1450 4478 co
1474 4438 1614 4501 narisque
1640 4415 1780 4480 dualitas
1812 4415 1867 4480 illa
1891 4418 1979 4502 cepit
2002 4429 2141 4504 papatus

488 4529 520 4582 et
550 4519 715 4584 discordia
749 4522 834 4583 inter
864 4520 1081 4585 sacerdotium
1113 4532 1145 4584 et
1175 4544 1324 4606 regnum,
1357 4545 1419 4606 que
1450 4522 1597 4606 prefecto
1632 4522 1841 4607 profecerunt
1874 4523 1917 4587 ad
1948 4523 2140 4588 solutionem

488 4625 653 4690 sathanae.
702 4626 867 4706 Quamdiu
891 4628 976 4691 enim
1001 4627 1218 4691 sacerdotium
1247 4651 1305 4714 per
1328 4629 1461 4691 trinitatis
1484 4627 1606 4692 bonurn
1630 4640 1662 4692 et
1685 4628 1850 4714 religionis
1875 4629 1997 4694 cultum
2025 4631 2060 4693 in
2083 4654 2140 4694 su0

487 4733 600 4818 vigore
626 4731 732 4796 stabat
755 4732 867 4796 lucens
892 4744 924 4796 et
947 4734 1074 4814 ardens,
1099 4757 1234 4819 regnum
1258 4756 1386 4820 quoqne
1405 4734 1558 4819 quandiu,
1584 4746 1779 4821 cooperante
1804 4735 1865 4799 sibi
1890 4737 2084 4816 sacerdotia,
2107 4739 2141 4800 in
2159 4761 2184 4798 a

489 4839 573 4903 bono
590 4840 695 4923 viguit
718 4841 824 4904 timori
841 4841 984 4903 existens
1000 4863 1065 4904 non
1082 4839 1158 4904 beni
1175 4842 1293 4926 operia,
1318 4840 1377 4904 sed
1393 4840 1480 4920 mali,
1506 4840 1632 4905 duobus
1655 4842 1705 4905 his
1729 4841 1964 4906 luminaribus⁴
1988 4844 2141 4908 sathanas

489 4956 520 5009 et
543 4946 681 5008 ministri
705 4948 774 5009 eius
798 4945 874 5009 mali
897 4946 1043 5009 homines
1068 4957 1232 5032 tamquam
1249 4945 1351 5010 bestie
1376 4970 1417 5010 ex
1434 4949 1598 5032 presentia
1614 4948 1679 5011 Dei
1702 4949 1787 5012 intra
1811 4971 1870 5013 sna
1892 4949 2030 5014 latibula
2053 4960 2140 5014 tene-

488 5050 608 5115 bantur
629 5051 755 5115 inclusi.
802 5052 856 5114 Ex,
879 5075 943 5138 quo
958 5075 1037 5116 vero
1062 5052 1126 5116 duo
1151 5051 1210 5115 hec
1234 5052 1405 5117 luminaria
1429 5064 1542 5117 contra
1564 5055 1704 5118 invicem
1728 5054 1857 5119 turbata
1881 5067 1956 5119 sunt
1978 5067 2012 5120 et
2034 5057 2069 5119 in
2092 5079 2140 5120 rc·

596 5249 623 5314 a)
645 5253 742 5303 GG.c.
815 5250 843 5314 b)
865 5252 1108 5318 iamarpoa'rne.
1182 5249 1208 5313 c)
1231 5253 1317 5302 aliie.

599 5416 629 5484 1)
656 5414 704 5486 Gs.
730 5416 805 5472 Arm.
823 5415 920 5472 Ilciclr.
946 5436 973 5472 α.
994 5415 1087 5487 1073,
1113 5416 1167 5474 SS.
1194 5414 1293 5485 XVII,
1312 5435 1346 5490 p.
1364 5415 1438 5472 445.
1509 5416 1539 5486 2)
1566 5417 1671 5474 Error.
1749 5417 1779 5488 3)
1806 5415 1855 5491 Cf.
1882 5419 1975 5495 Epist.
2000 5439 2028 5476 a.
2045 5421 2139 5490 1080,
2159 5435 2185 5474 rs

491 5521 568 5597 Sept.
587 5520 626 5575 22
653 5517 735 5598 (Bag.
757 5521 837 5591 VIII,
855 5517 897 5595 9),
921 5520 1009 5593 Jaffi
1028 5522 1068 5590 II,
1087 5542 1121 5597 p.
1140 5521 1213 5578 438.
1283 5519 1314 5595 4)
1333 5521 1381 5592 Cf.
1399 5522 1483 5599 Huyo
1501 5523 1669 5593 Floriac.I,
1695 5544 1718 5580 c.
1735 5525 1773 5580 13
1799 5520 1913 5600 (Libelli
1934 5525 1974 5594 II,
1994 5547 2027 5602 p.
2046 5523 2140 5604 482).-

491 5629 591 5699 quibns
615 5622 686 5701 (scil.
712 5627 819 5684 duabus
836 5623 1030 5702 potestatibus)
1062 5629 1147 5683 etiam
1170 5636 1235 5699 post
1258 5629 1351 5684 Deum
1374 5631 1413 5685 sic
1437 5630 1579 5684 inlustrari
1603 5633 1781 5702 cognoscitur
1803 5633 1877 5687 sicut
1900 5635 2011 5688 duobus
2034 5637 2141 5708 magnis

490 5735 682 5802 luminaribus,
707 5735 765 5790 sole
783 5735 917 5788 videlicet
942 5741 970 5789 et
994 5736 1061 5789 luna
1085 5742 1110 5789 et
1125 5742 1234 5802 ceteru;
1259 5736 1299 5805 cf.
1317 5735 1362 5790 De
1377 5736 1477 5793 ordisse
1493 5737 1629 5793 detrorum
1652 5737 1744 5794 sancti
1760 5737 1883 5812 Spiritus
1905 5759 1996 5814 supra
2013 5760 2047 5815 p.
2066 5740 2139 5798 282.
