4478 6396
536 351 539 356 *
619 387 811 452 EPISTOLA
836 397 890 451 AD
913 394 1188 452 INNOCENTIUM
1214 397 1356 451 PAPAM.
1756 394 1820 454 223

159 588 352 670 peccaverit,
384 589 464 650 insto
497 585 617 649 iudicio
633 588 771 672 prop-ric
795 588 856 650 ert't
878 587 1023 663 chaonia,
1055 597 1082 647 et
1104 585 1275 669 superdia¹
1299 586 1365 648 aibr?
1392 609 1522 672 seraper,
1553 610 1614 649 nou
1638 588 1716 650 ιιῖιῖι
1731 590 1822 677 facit

164 694 305 755 ruinam.
351 691 450 755 Unde
481 691 542 755 ait:
578 691 655 756 Cum
686 693 752 756 siti
778 692 951 756 sacerdotes
981 715 1089 755 rroraen
1120 690 1342 755 vendicaverat
1370 692 1626 778 cerrdauqmatas,
1657 697 1690 758 tir
1719 698 1822 780 zpsr'us

157 801 312 863 'verticem
336 801 503 885 superbiae
527 814 628 863 tamor
652 800 784 886 instruas
807 813 859 879 eat,
890 801 967 884 quio
999 823 1058 860 ιιοιι
1077 799 1228 884 papulas,
1259 801 1318 882 qui
1342 801 1376 862 ι’·ιι
1399 802 1557 884 mysteria
1580 801 1694 864 dorsum
1720 805 1822 888 aperus

165 907 303 986 sitiebat,
334 907 478 971 reclusas
507 920 558 970 est.
606 904 695 968 Ecce
720 927 818 991 quam
847 903 1032 969 columbina
1062 905 1182 990 pietate
1209 903 1358 968 distinxit
1382 905 1543 969 catholica
1566 905 1676 988 corda,
1701 908 1820 974 donum

131 1009 234 1075 sDei
266 1013 408 1076 sitientia
432 1035 452 1076 a
474 1012 582 1098 pravi,
614 1013 711 1074 immo
743 1012 855 1075 cretici
886 1009 1096 1096 baptizatoris
1126 1009 1177 1072 vol
1208 1010 1401 1074 ordinatoris
1433 1013 1616 1097 impietate!
1665 1015 1821 1102 Quisquis

166 1119 269 1203 igitur
291 1118 437 1200 attendit,
463 1117 551 1204 quod
574 1116 768 1181 Anastasius
799 1141 885 1204 papa
914 1116 1096 1202 baptizatos
1128 1129 1160 1180 et
1190 1116 1356 1180 ordinatos
1384 1116 1426 1181 ab
1450 1118 1567 1183 Acatio
1599 1144 1698 1206 supra
1726 1122 1821 1188 dictis

166 1223 278 1288 verbis
303 1224 458 1308 defendit,
488 1224 575 1288 illam
600 1247 728 1311 quoque
753 1235 878 1310 partem
902 1223 1057 1304 attendat,
1083 1225 1159 1309 quia
1183 1247 1315 1287 cansam
1338 1226 1484 1308 inscruit,
1516 1249 1573 1312 pro
1598 1251 1664 1313 qua
1687 1252 1742 1293 eos
1767 1230 1821 1294 de-

167 1331 291 1396 fendat.
334 1331 418 1396 Cum
442 1333 538 1414 eninr,
563 1342 598 1394 ut
622 1354 721 1417 supra
745 1331 776 1394 in
798 1329 907 1394 verbis
932 1331 1001 1394 eius
1025 1330 1235 1410 ostendimus,
1259 1353 1323 1394 non
1349 1331 1503 1396 defendat
1527 1334 1717 1420 sirnplicitar
1741 1360 1821 1423 quos

167 1437 306 1502 Acatius
337 1439 509 1520 ordinavit,
541 1437 600 1502 scd
630 1459 711 1524 quos
742 1437 920 1522 secundum
952 1460 1093 1500 canones
1125 1437 1295 1516 ordinavit,
1327 1461 1385 1502 nos
1411 1437 1591 1524 intelligere
1616 1455 1743 1528 oportet
1766 1467 1821 1507 eos

119 1544 335 1610 reordinatos
360 1567 432 1609 csse
457 1543 636 1609 secundum
660 1567 811 1625 canones,
837 1545 902 1630 qui,
926 1543 981 1606 illa
1005 1543 1191 1630 baptizante
1216 1555 1248 1606 et
1271 1544 1441 1608 ordinante
1467 1546 1586 1610 iudicio
1611 1561 1642 1612 et
1662 1572 1821 1615 consensu

167 1651 415 1737 presidentium,
440 1661 476 1715 ut
499 1673 597 1737 supra
620 1652 653 1714 in
669 1649 787 1714 verbis
810 1651 931 1714 Leonis
955 1650 1066 1736 Magni
1098 1650 1347 1714 determinatum
1376 1662 1434 1732 est,
1466 1652 1648 1719 habuerunt
1678 1658 1821 1721 animum

168 1758 377 1839 catholicum,
403 1757 581 1840 ‘sitientes’,
605 1768 641 1820 ut
663 1755 857 1822 Anastasius
881 1768 980 1838 notat,
1006 1759 1054 1820 ‘in
1079 1757 1140 1821 Dei
1166 1759 1339 1843 mysteriis,
1358 1759 1427 1822 ⁴llei
1452 1758 1593 1824 donum'.
1631 1763 1723 1843 Quae
1749 1788 1822 1828 cum

167 1865 214 1929 ita
238 1888 272 1929 se
297 1865 450 1944 habeant,
482 1864 579 1928 liceat
608 1862 702 1928 nobis
727 1862 847 1943 dicere,
872 1862 969 1949 quod,
1002 1865 1085 1927 sicut
1109 1863 1243 1928 Nicolao
1269 1887 1355 1950 papa
1378 1865 1597 1950 distinguente
1622 1892 1685 1932 ιιοιι
1710 1893 1821 1935 omnes

169 1970 310 2036 ordinati
335 1995 354 2035 a
379 1972 575 2058 symoniacis
599 1971 791 2035 ordinantur
806 1971 1005 2057 symoniace,
1030 1972 1075 2034 ita
1098 1994 1163 2034 ιιοιι
1179 1973 1288 2035 οιιιιιίι
1312 1985 1524 2056 sacramenta,
1549 1997 1632 2060 quac
1657 1976 1823 2042 celebrant

121 2101 148 2139 ιι
168 2080 299 2165 precisi,
323 2079 405 2142 fiunt
428 2079 462 2142 in
486 2078 679 2164 precisionc.
727 2076 793 2142 Sed
817 2078 898 2141 miro
923 2077 1029 2158 modo,
1055 2077 1141 2163 quod
1163 2080 1435 2142 excommunicati
1460 2080 1584 2144 faciunt
1608 2085 1820 2164 extrinsecus,

168 2185 352 2272 completur
373 2187 579 2266 intrinsecus
604 2184 735 2270 quando
759 2185 885 2248 animus
908 2183 1170 2248 benedictionem
1186 2186 1350 2270 pascentis
1375 2186 1436 2248 erit
1460 2187 1647 2270 catholicae,
1672 2189 1712 2255 de
1737 2191 1821 2255 ordi-

166 2293 292 2356 natoris
311 2292 556 2378 'dampnatione
580 2303 613 2354 et
635 2291 818 2376 precisione
842 2290 948 2354 adhuc
973 2315 1036 2354 non
1054 2290 1149 2376 plene
1172 2291 1358 2354 instructus.
1398 2292 1593 2358 Huiusmodi
1617 2319 1695 2382 ergo
1718 2297 1821 2384 bapti·
1841 2323 1913 2365 *aaa

168 2401 250 2463 catis
275 2409 308 2463 et
332 2399 498 2480 ordinatis,
530 2398 711 2462 affirmante
735 2397 909 2461 Anastasio
933 2420 1030 2484 papa,
1061 2420 1124 2460 non
1155 2399 1266 2461 nocuit
1296 2398 1399 2462 malus
1430 2398 1516 2463 bona
1543 2402 1766 2484 ministrando,
1791 2419 1824 2470 ct

168 2505 244 2570 ideo
269 2505 349 2569 nulli
373 2527 495 2588 eurum,
520 2527 601 2592 quos
624 2504 761 2568 Acatius
785 2503 964 2590 baptizavit
987 2504 1039 2567 vel
1064 2503 1237 2584 ordinavit,
1268 2504 1387 2589 legitur
1410 2507 1497 2570 facta
1520 2531 1635 2572 manus
1659 2511 1822 2596 inpositio,

124 2636 150 2674 aa
168 2612 248 2676 dum
272 2612 570 2693 reconciliarentur,
595 2613 693 2675 immo
716 2633 883 2697 nunquam
907 2611 985 2673 foris
1009 2611 1109 2674 fuisse
1127 2609 1352 2697 probarentur.
1399 2612 1445 2676 At
1467 2612 1523 2677 ubi
1548 2615 1636 2700 quod
1659 2619 1767 2702 agitur
1789 2621 1823 2684 in

169 2721 394 2800 sacramentis,
426 2730 528 2783 totum
552 2729 602 2782 cst
631 2718 720 2800 foris,
752 2728 785 2781 et
808 2727 901 2781 extra
925 2718 1025 2780 vitam
1049 2741 1147 2780 verae
1172 2719 1257 2796 vitis,
1289 2731 1391 2783 totum
1415 2731 1464 2784 cst
1487 2720 1625 2804 aridum,
1656 2735 1823 2812 totumque

168 2839 342 2908 mortuum,
367 2828 444 2913 quia
467 2848 572 2912 neque
597 2827 624 2888 is
649 2825 704 2910 qui
729 2824 794 2906 dat,
818 2847 925 2910 neque
941 2825 968 2887 is
986 2826 1041 2910 qui
1058 2826 1178 2910 accipit
1201 2824 1473 2908 benedictionem,
1499 2851 1554 2892 cer
1569 2841 1676 2914 gestat
1692 2833 1822 2896 catholi-

169 2957 255 3016 cum,
280 2955 379 2997 verae
402 2935 462 2996 viti
486 2931 747 3018 conplantatnm3
779 2931 855 2996 inde
885 2953 947 2994 nec
977 2931 1106 2994 trahere
1132 2931 1219 2995 valet
1249 2933 1282 2994 in
1307 2956 1341 2995 sa
1366 2933 1496 2998 vitalem
1523 2935 1690 3021 Spiritum.
1737 2940 1823 3004 Hinc

169 3053 229 3118 est,
255 3039 342 3127 quod
367 3039 407 3103 ab
433 3041 572 3120 creticis,
597 3049 634 3102 ut
655 3040 701 3104 ita
726 3038 842 3120 dicam,
870 3039 990 3102 cretica
1022 3037 1178 3124 baptizati
1209 3051 1369 3124 negantur
1392 3040 1513 3105 habere
1538 3042 1658 3107 donum
1683 3045 1823 3132 Spiritus

125 3149 286 3228 essancti,
314 3148 377 3210 nisi
407 3147 469 3210 hoc
498 3147 662 3232 accipiant
692 3147 725 3212 in
749 3144 911 3210 catholica
934 3145 1096 3208 aecclesia
1118 3145 1171 3208 vel
1195 3145 1255 3209 sub
1280 3147 1398 3210 erroris
1423 3147 1640 3232 abdicatione,
1664 3153 1717 3216 vel
1742 3156 1825 3219 sicut

171 3254 403 3320 Occidentales
420 3253 596 3317 observant
617 3276 734 3318 manus
756 3253 973 3338 impositione,
990 3251 1053 3331 vel,
1070 3261 1105 3316 ut
1122 3253 1305 3316 Orientales
1322 3254 1443 3336 volunt,
1462 3255 1645 3321 chrismatis
1660 3263 1822 3344 unctione,

171 3373 227 3426 aut
252 3373 350 3444 certe,
375 3373 411 3424 nt
433 3358 548 3424 beatus
573 3358 752 3446 Gregorius
784 3360 946 3445 episcopis
971 3357 1150 3422 Hiberniae
1182 3359 1327 3422 scribens
1358 3363 1536 3445 pennisits,
1568 3375 1682 3448 aperta
1705 3371 1823 3432 erroris

171 3467 379 3533 abdicatione
409 3467 550 3554 fideique
580 3467 793 3553 professione.
841 3466 997 3552 Quisquis
1025 3467 1124 3550 igitur
1147 3467 1255 3529 animo
1279 3465 1320 3530 ab
1345 3467 1506 3531 aecelcsia
1529 3469 1594 3533 Dei
1618 3471 1753 3556 aliamue,
1782 3476 1823 3540 ab

171 3577 293 3639 arctico
324 3574 532 3638 nihilominus
563 3574 669 3637 alieno
700 3573 854 3658 baptismi
878 3572 929 3636 vel
954 3572 1166 3636 ordinationis
1197 3575 1318 3658 accipit
1348 3588 1597 3658 sacramentum,
1629 3579 1662 3642 id
1687 3593 1745 3662 est,
1776 3585 1823 3646 in-

126 3703 152 3742 su
171 3681 310 3746 visibilis
334 3683 458 3767 gratiae
482 3679 610 3744 visibile
635 3681 773 3766 signum,
798 3703 862 3743 non
886 3678 985 3742 habet
1008 3681 1112 3764 ipsam
1136 3681 1285 3763 gratiam,
1311 3681 1403 3744 cuius
1427 3681 1505 3746 illud
1530 3695 1580 3747 cst
1603 3686 1741 3770 signnm.

280 3789 313 3853 S.
356 3788 486 3874 Expedi
517 3811 568 3851 me
598 3787 737 3872 primum
769 3787 809 3850 de
841 3786 908 3850 solo
940 3785 1111 3872 baptisma,
1144 3786 1304 3872 quomodo
1336 3785 1382 3850 ibi
1405 3788 1487 3852 velis
1516 3789 1671 3876 distingui
1703 3794 1822 3860 donum

170 3897 296 3981 gratiae
320 3918 378 3982 pro
403 3904 615 3975 sacramento,
639 3895 744 3979 ipsam
760 3916 839 3956 vero
863 3893 999 3979 gratiam
1025 3916 1084 3979 pro
1108 3916 1142 3956 re
1167 3896 1378 3976 sacramenti,
1402 3906 1438 3958 ut
1460 3896 1521 3960 hoc
1546 3898 1699 3984 expedito
1724 3925 1822 3989 appa-

171 4015 251 4081 reat,
276 4002 356 4088 quid
378 4001 497 4065 exhinc
522 4000 562 4064 de
588 4001 801 4064 sacramentis
826 4000 942 4063 ceteris
966 4001 1069 4062 teneri
1096 4001 1292 4064 ‘conveniat
1842 4033 1920 4073 am,

279 4109 316 4172 R.
353 4109 453 4172 Trina
476 4108 594 4171 mersio
625 4105 685 4171 sub
716 4107 801 4170 trina
828 4107 1044 4182 invocatione,
1076 4106 1163 4169 facta
1193 4109 1225 4169 in
1257 4131 1353 4192 aqua,
1385 4111 1513 4194 signum
1543 4123 1592 4174 cst
1617 4113 1738 4179 Christi
1768 4119 1822 4181 tri-

123 4237 149 4276 ιι
170 4215 298 4281 duanae
330 4214 531 4302 sepulturae,
563 4213 669 4299 gratia
693 4236 770 4278 vero
795 4215 879 4298 signi
903 4212 956 4275 vel
980 4224 1218 4276 sacramentum
1249 4215 1340 4278 istius
1371 4215 1425 4279 illa
1449 4226 1507 4297 est,
1536 4241 1633 4304 quam
1658 4224 1822 4307 apostolus

170 4321 338 4404 describit,
369 4323 497 4386 dicens:
533 4323 655 4402 Omnes,
687 4324 745 4407 qui
774 4324 807 4384 ιἰι
834 4321 958 4384 (ιἸινίιιο
986 4323 1138 4406 baptizati
1159 4325 1241 4402 estas,
1270 4323 1428 4387 tttrtaum
1453 4325 1621 4410 s'rrdarlstc's5
1651 4333 1826 4418 ‹tormepulti
1841 4317 1962 4422 ἓξιῃζθῇξῖ

170 4434 255 4494 ear'm
279 4433 351 4494 estis
374 4456 442 4492 curn
469 4431 524 4493 ttto
541 4453 604 4514 per
620 4430 808 4514 baptisatam
832 4430 866 4491 t‘a
889 4442 1027 4506 inertem,
1051 4443 1085 4490 ut
1107 4429 1261 4512 qaorrrodu
1283 4433 1423 4493 surremit
1441 4429 1585 4496 Christus
1600 4461 1665 4520 par
1684 4439 1823 4524 gloriam

171 4537 291 4604 Patres.
317 4541 360 4601 r'tn
384 4553 412 4601 et
433 4561 490 4600 tros
511 4539 547 4600 ia
569 4539 704 4600 nouitate
730 4537 811 4599 ar'tnc
834 4535 1034 4598 archedamus.
1082 4533 1183 4597 Istam
1207 4537 1354 4620 gratiam,
1379 4547 1414 4600 ut
1437 4536 1591 4602 induatur
1608 4538 1765 4628 Christus,
1790 4556 1823 4609 et

172 4665 214 4707 cx
232 4644 335 4706 vetari
358 4643 488 4708 homine
511 4641 567 4706 fiat
590 4642 685 4706 homo
709 4663 823 4722 novus,
848 4663 912 4704 non
930 4640 986 4704 dat
1002 4642 1141 4704 arcticus
1159 4642 1189 4704 ei
1206 4643 1261 4727 qui
1277 4665 1342 4706 una
1359 4665 1432 4706 cum
1447 4643 1502 4708 illo
1520 4655 1569 4708 est
1588 4659 1773 4734 extraneae,
1791 4662 1823 4716 ct
1917 4725 1919 4730 ,

125 4773 153 4810 ra
173 4751 274 4815 errori
291 4749 465 4835 dampnato
490 4761 737 4813 consentaneus.
774 4747 841 4812 Sed
864 4748 965 4833 ipsius
983 4749 1120 4832 signum,
1138 4748 1226 4833 qnod
1242 4748 1370 4832 dicitur,
1388 4760 1420 4813 et
1436 4761 1485 4814 est
1501 4767 1739 4821 sacramentum
1756 4769 1821 4823 tam

173 4857 262 4938 loris,
280 4879 376 4943 quam
401 4858 487 4920 intus
503 4867 553 4920 est
576 4854 773 4936 inviolabile,
799 4866 831 4918 et
854 4865 889 4917 ut
912 4855 957 4917 ita
981 4853 1103 4917 dictum
1120 4855 1171 4934 sit,
1196 4855 1426 4920 inrciterabila.
1465 4855 1510 4921 Αι
1527 4858 1668 4944 Spiritus
1692 4877 1822 4928 sanctus

173 4963 394 5028 tantummodo
411 4963 549 5028 habetur
563 4965 659 5044 intua,
676 4985 735 5048 per
751 4985 847 5048 quem
863 4961 900 5023 fit
915 4961 1010 5024 homo
1028 4983 1070 5023 ex
1083 4962 1185 5024 vetari
1201 4984 1306 5025 novus
1323 4973 1355 5026 et
1368 4960 1496 5027 Christo
1509 4988 1586 5029 vere
1604 4971 1821 5056 consepultus.

282 5070 316 5136 S.
352 5071 424 5135 Non
449 5071 579 5134 omnino
603 5069 754 5155 displicet
784 5068 871 5155 quod
896 5067 987 5148 dicis,
1013 5069 1089 5152 quia
1113 5069 1160 5130 sic
1183 5068 1362 5132 infantibus
1393 5068 1433 5132 ab
1458 5093 1566 5136 errore
1598 5075 1744 5160 quolibet
1767 5099 1822 5141 ex-

172 5179 295 5242 traneis
325 5177 468 5264 nullique
499 5177 644 5241 scismati
674 5176 900 5240 consentaneis
931 5175 1028 5237 ctiam
1062 5196 1122 5260 per
1152 5177 1357 5260 symoniacos
1385 5187 1416 5239 et
1447 5177 1527 5240 alias
1556 5182 1694 5246 creticos
1729 5184 1824 5248 datm

127 5307 154 5344 ιι
174 5295 412 5349 sacramentum
436 5295 468 5348 ct
491 5307 542 5348 res
566 5283 771 5362 sacramenti,
797 5281 884 5368 quod
908 5282 974 5344 scio
999 5303 1019 5342 a
1042 5279 1235 5366 quibusdam
1260 5283 1384 5367 negari.
1440 5361 1442 5366 Ι

280 5391 318 5455 R.
353 5391 421 5456 Nos
438 5414 511 5455 cum
528 5391 655 5454 creticis
672 5413 736 5454 non
753 5389 977 5474 dampnamus,
995 5387 1508 5470 nisi,ut‹letemrinavi,cu1neis
1525 5415 1544 5455 a
1561 5394 1722 5460 catholica
1740 5396 1822 5484 laec·

175 5496 307 5586 clesia²]
334 5509 505 5562 extrancos
523 5508 554 5561 et
570 5498 672 5560 errori
692 5507 798 5560 mente
816 5505 1069 5575 consentaneos,
1095 5494 1180 5557 unde
1198 5495 1224 5558 si
1242 5496 1314 5580 quis
1331 5495 1508 5560 infantibus
1525 5489 1742 5589 undecunque
1758 5505 1820 5568 ritu

281 5643 307 5706 a)
328 5645 393 5695 derat
411 5663 440 5706 a,
460 5645 627 5710 suppendeat
645 5661 694 5694 esre
711 5644 817 5694 adlatur.
882 5691 887 5701 ‚

284 5771 313 5848 1)
338 5773 429 5830 Paulo
451 5773 588 5848 superius.
682 5771 712 5840 2)
740 5771 831 5846 Epist.
857 5770 910 5840 XI,
937 5770 987 5840 52,
1015 5769 1082 5825 ΕΕ.
1107 5769 1200 5845 11,’ρ.
1220 5771 1292 5828 325.
