4478 6396
683 378 921 436 OPUSCULUM
945 382 997 436 DE
1023 382 1194 438 EDIFICIO
1220 384 1296 438 DEI.
1756 377 1818 439 193

160 575 193 628 et
209 567 299 630 victu
323 566 363 629 de
389 589 488 652 opere
513 589 667 630 manuum
684 568 810 652 quesite
836 570 978 631 contenti
1003 592 1074 634 esse
1099 569 1266 634 debemus,
1314 572 1408 636 Nunc
1433 583 1551 648 antem,
1576 584 1611 636 nt
1634 572 1675 636 de
1700 573 1817 636 ceteris

160 671 364 758 portionibus
380 674 510 736 interim
527 683 703 752 taceamus,
729 696 787 737 cur
810 697 830 738 a
853 673 945 738 nobis
971 687 1085 761 quarta
1110 679 1256 762 episcopi
1279 681 1470 763 reposcitur,
1495 689 1530 742 ut
1553 678 1629 743 inde
1653 690 1709 743 nist
1725 679 1817 742 miles

160 791 317 865 pascatur
339 791 394 843 aut
419 803 521 866 equus
546 781 754 860 incrassetur,
787 791 842 844 aut
872 781 1030 846 ioculator
1054 795 1086 846 et
1110 783 1259 869 publicus
1291 783 1474 848 absentium
1503 785 1667 850 detractor
1691 796 1723 850 et
1746 809 1817 872 pre-

161 889 302 950 sentium
326 897 510 951 assentator
534 898 729 969 muneretur,
755 898 810 950 aut
835 899 977 951 castrum
1001 891 1108 974 potius
1134 915 1231 976 quam
1254 891 1496 956 xenodochium
1521 893 1714 958 edificetur?

131 1007 153 1080 ᾖ
273 1015 343 1075 162.
382 1012 464 1076 Item
490 1011 602 1075 dicunt
626 1011 793 1076 monachi:
820 1012 864 1076 ‘Si
891 1012 1000 1077 clerici
1025 1038 1084 1100 per
1108 1039 1369 1102 unamquamque
1395 1018 1572 1098 matricem,
1598 1019 1816 1104 prepositura·

161 1119 236 1200 lem,
268 1117 497 1204 baptismalem
528 1119 721 1183 aecclesiam
753 1120 920 1202 canonice,
953 1120 1142 1206 apostolice,
1175 1133 1206 1186 et
1237 1145 1301 1186 uon
1332 1125 1512 1208 apostatice
1536 1125 1696 1206 viverent,
1728 1137 1816 1190 recte

160 1225 224 1289 illis
255 1237 371 1312 quarta-
402 1228 507 1312 portio
540 1226 740 1290 decimarum
771 1225 972 1312 preberetur.
1022 1227 1148 1308 Quibus
1181 1231 1232 1292 *in
1263 1241 1485 1294 transversum
1518 1231 1669 1294 euritibus
1701 1232 1816 1296 eadem
1837 1253 1904 1298 *ran

161 1343 277 1418 quarta
300 1333 380 1396 nulli
405 1335 635 1418 congruentius
660 1355 757 1418 quam
781 1332 875 1396 nobis
895 1335 1062 1398 nronachis
1087 1335 1297 1421 apostolicam
1314 1339 1414 1400 vitam
1432 1337 1626 1402 ducentibus
1652 1338 1816 1423 prebetnr,

161 1441 315 1526 qnoniam
344 1439 433 1520 illud,
459 1439 546 1526 quod
570 1438 705 1503 deberet
733 1442 884 1525 accipere
909 1441 1025 1522 clerus,
1056 1465 1121 1506 non
1149 1445 1298 1529 rapinam
1322 1443 1499 1508 arbitratur
1521 1445 1700 1508 monachus
1725 1446 1817 1509 eleri-

118 1572 142 1608 ιο
162 1546 266 1611 calem
291 1546 438 1610 ordinem
463 1549 603 1624 sortitus,
635 1559 731 1633 atquc
756 1547 829 1611 idco
855 1547 1002 1630 clericus,
1031 1551 1172 1613 maxime
1198 1573 1271 1614 cum
1296 1551 1337 1614 sit
1360 1562 1492 1636 paratus
1517 1563 1642 1637 partem
1667 1553 1744 1616 cleri
1769 1553 1816 1616 di-

161 1655 300 1736 mittere,
333 1655 359 1716 si
384 1677 456 1717 eum
482 1654 592 1718 videat
622 1654 816 1718 clericaliter
839 1655 1013 1718 incedere'.
1061 1654 1218 1740 Cogimur
1240 1658 1293 1721 hic
1318 1658 1482 1722 recordari
1506 1660 1627 1723 veteris
1650 1659 1815 1742 historiae,

162 1761 342 1826 secundum
358 1771 504 1824 tenorem
522 1763 613 1824 cuius
629 1784 799 1846 possumus
816 1762 984 1826 monacbis
1009 1764 1071 1828 ista
1095 1763 1278 1828 dicentibus
1304 1776 1491 1850 competens
1515 1789 1705 1851 responsum
1726 1765 1815 1829 darc.

162 1869 298 1953 Legitur
327 1869 361 1932 in
391 1867 474 1932 libro
505 1868 591 1932 Ruth
622 1867 756 1955 quidam
785 1868 966 1933 Elimclech
997 1881 1130 1956 propter
1160 1871 1255 1935 famis
1287 1872 1543 1956 magnitudinem
1576 1873 1616 1936 de
1646 1873 1816 1937 Bethleem
1835 1899 1994 1947 Ruthmsqq.

162 1975 402 2062 peregrinando
426 1977 556 2040 venisse
588 1999 661 2041 cum
690 1975 815 2040 dnobus
840 1976 914 2040 filiis
939 1989 972 2040 ct
994 2001 1097 2042 uxore
1122 2001 1181 2042 sua
1204 1978 1352 2042 Nocmmi
1385 1980 1417 2042 iu
1441 1990 1561 2043 terram
1585 1979 1693 2044 Moab.
1742 1980 1815 2060 Quo

118 2108 142 2147 rs
163 2095 287 2148 mortuo
312 2106 445 2147 reversa
462 2094 511 2147 est
526 2084 676 2147 Noemmi
692 2106 766 2147 cum
783 2107 864 2146 nuru
890 2107 949 2147 sua
965 2085 1061 2166 Ruth,
1086 2087 1239 2172 qnoniam
1264 2086 1412 2149 audierat
1437 2109 1529 2150 escas
1554 2109 1624 2150 esse
1648 2087 1682 2150 in
1700 2088 1815 2172 patria,

163 2192 203 2255 de
229 2214 294 2278 qua
317 2203 451 2277 propter
473 2191 592 2254 famem
617 2191 723 2255 fuerat
747 2213 890 2276 egressa.
937 2191 1088 2256 istoriam
1111 2205 1222 2256 notam
1246 2192 1388 2256 sufficiat
1411 2216 1692 2274 commemorasse,
1718 2217 1813 2279 quam

162 2300 219 2384 qui
242 2299 312 2362 vult
335 2300 368 2362 in
392 2297 475 2362 libro
499 2298 587 2363 Ruht
609 2299 754 2362 inveniet
778 2299 934 2385 plenarie.
970 2299 1120 2363 Inveniet
1144 2323 1274 2385 quoquc
1299 2299 1364 2364 illic
1388 2301 1473 2363 inter
1494 2310 1613 2383 cetera,
1634 2300 1721 2386 quod
1744 2324 1815 2386 pro·
1835 2328 1973 2376 asarsqq.

161 2407 303 2492 pinquns
328 2405 460 2492 quidam
485 2406 629 2470 defuncti
654 2405 844 2488 Elimeleeh,
877 2429 950 2470 cum
974 2406 1130 2470 voluisset
1160 2429 1273 2492 agrum
1305 2407 1407 2492 ipsius
1437 2405 1617 2471 Elimelech
1649 2407 1815 2492 possidere

161 2514 413 2600 propinquitatis
438 2514 517 2594 iure,
542 2513 629 2577 Ruht
652 2535 781 2599 quoqne
801 2512 1013 2577 Moabitidem
1039 2512 1217 2599 cogebatur
1241 2514 1391 2598 accipere
1415 2537 1561 2594 uxorem,
1587 2525 1622 2577 ut
1646 2515 1816 2579 suscitaret

116 2641 273 2684 sesemen
297 2609 451 2684 defuncto
476 2621 658 2707 propinquo
683 2633 714 2684 et
739 2622 785 2684 sic
810 2619 971 2684 obtineret
996 2644 1110 2705 agrum
1135 2622 1204 2684 iure
1229 2620 1384 2705 legitimo.
1431 2620 1476 2683 At
1506 2620 1558 2684 ille
1584 2623 1736 2706 quoniam
1761 2621 1816 2686 de·

161 2727 264 2792 functi
289 2729 464 2814 propinqui
488 2750 599 2792 semen
623 2729 780 2792 suscitare
805 2727 916 2809 noluit,
941 2729 1179 2814 possessionem
1204 2750 1332 2814 quoque
1358 2729 1428 2813 agri
1453 2727 1546 2791 alteri
1571 2727 1702 2809 dimisit,
1727 2729 1815 2792 ride-

161 2833 238 2898 licet
253 2834 342 2898 Booz
359 2832 500 2919 benigno
521 2836 728 2898 suscitatori⁸
750 2836 884 2899 seminis
908 2834 1053 2898 fratrum.
1089 2835 1153 2897 Hic
1170 2835 1255 2898 enim
1273 2835 1372 2916 Booz,
1397 2845 1534 2920 accepta
1557 2858 1659 2898 uxore
1684 2837 1814 2920 propin-
1836 2861 1908 2901 mn.

162 2943 218 3026 qni
238 2940 383 3005 defuncti
407 2942 537 3006 nomine
554 2941 650 3022 Ruht,
675 2943 789 3026 gennit
804 2941 900 3007 Obed
924 2965 965 3004 ex
990 2942 1061 3026 ipsa
1077 2941 1173 3022 Ruht,
1198 2952 1322 3026 patrem
1340 2942 1440 3022 Iesse,
1466 2943 1567 3028 patris
1584 2941 1696 3006 David
1719 2943 1815 3027 rogis,

162 3050 218 3134 qni
249 3049 310 3113 fnit
340 3049 467 3134 insigne
499 3049 598 3113 decus
630 3059 784 3134 paternae
817 3049 936 3133 stirpis.
984 3047 1140 3112 Similiter
1169 3049 1317 3130 fatemur,
1348 3049 1434 3112 fame
1458 3048 1552 3112 verbi
1576 3049 1641 3113 Dei
1668 3052 1815 3134 cogente,

116 3180 142 3218 ss
161 3179 276 3220 verum
289 3156 480 3236 Elimelech,
495 3156 583 3242 qnod
599 3157 831 3242 interpretatur
844 3156 947 3218 ‘Dens
964 3177 1055 3219 meus
1072 3157 1141 3219 rex’
1152 3161 1173 3240 ¹,
1191 3158 1357 3221 civitatem
1374 3179 1466 3220 snam
1479 3155 1647 3220 Bethleem
1661 3155 1815 3241 quodam-

161 3263 258 3327 modo
283 3263 463 3350 reliquisse,
488 3275 520 3328 et
544 3265 638 3350 quasi
655 3263 853 3344 defunctum,
878 3264 976 3327 immo
993 3285 1070 3327 vere
1095 3287 1161 3327 non
1185 3263 1287 3327 solum
1312 3263 1467 3344 aIudeis,
1493 3263 1551 3326 scd
1575 3265 1671 3326 otiam
1691 3287 1710 3326 a
1725 3263 1815 3326 falsis

162 3371 348 3434 christianis
373 3372 526 3452 occisum,
552 3373 743 3434 suscitatore
768 3371 910 3452 seminis,
934 3369 1034 3434 idest
1057 3369 1150 3434 verbi
1175 3370 1288 3452 divini,
1312 3370 1470 3455 indigere,
1496 3394 1536 3434 ue
1561 3381 1672 3433 careat
1696 3369 1815 3434 sobolis

161 3478 307 3562 legitima
338 3479 554 3545 successione.
603 3479 636 3542 Si
670 3500 747 3563 ergo
780 3478 927 3542 monachi
953 3501 1030 3540 vere
1056 3477 1235 3542 Salvatoris
1265 3479 1439 3563 propinqui
1464 3477 1577 3541 volunt
1600 3478 1646 3540 sic
1672 3476 1815 3540 decimas

162 3585 335 3650 cuiuslibet
366 3585 545 3649 aecclesiae
577 3585 754 3671 possidere,
787 3595 821 3648 ut
852 3607 911 3669 per
934 3584 1134 3649 sacerdotale
1166 3585 1311 3670 regimen
1336 3586 1492 3648 suscitent
1517 3607 1558 3646 cx
1582 3607 1631 3665 oa,
1657 3585 1750 3669 quasi
1774 3583 1814 3646 de

114 3718 142 3756 ao
163 3691 258 3774 Ruht,
283 3691 370 3778 quod
394 3693 624 3778 iuterpretatur
646 3691 771 3756 ‘videns
788 3691 840 3755 vel
857 3691 1052 3772 deficiens'l,
1076 3690 1255 3776 legitimum
1275 3692 1445 3777 'regimem
1471 3690 1558 3776 quod
1582 3690 1813 3776 prefiguratnm
1835 3704 1910 3748 *tart

160 3799 222 3864 fuit
245 3822 304 3885 per
327 3799 439 3863 David
461 3799 641 3884 legitimum
664 3821 786 3884 regem,
811 3798 895 3863 benc
919 3797 980 3861 hoc
1005 3808 1111 3883 potest
1134 3795 1319 3883 approbari.
1357 3798 1520 3878 Quoniam
1544 3799 1590 3860 sic
1615 3798 1733 3882 poterit
1757 3819 1815 3882 per

161 3906 353 3970 industriam
379 3907 610 3970 monachorum
634 3905 713 3970 ordo
740 3907 969 3970 canonicorum
993 3905 1196 3984 resuscitari3
1228 3906 1327 3969 immo
1359 3907 1421 3990 ipsi
1444 3905 1594 3968 monachi
1620 3915 1714 3968 crunt
1736 3926 1813 3966 vere

162 4013 271 4078 clerici
297 4025 329 4077 et
353 4014 511 4094 canonici,
537 4015 630 4099 quasi
655 4012 787 4100 qnidam
812 4034 1017 4076 successores
1042 4010 1211 4075 beatorum
1235 4012 1477 4092 monachorum,
1498 4011 1649 4096 Gregorii
1674 4021 1706 4073 ct
1730 4009 1813 4072 llar-

161 4122 230 4200 tini,
256 4122 311 4206 qni
335 4120 426 4184 salva
441 4122 560 4184 virtute
584 4120 797 4184 monachatus
820 4119 897 4182 facti
922 4128 996 4182 aunt
1013 4117 1123 4182 clerici
1147 4141 1226 4182 oves
1250 4117 1426 4204 pascendo,
1452 4129 1483 4182 et
1508 4119 1656 4182 canonici
1673 4139 1814 4180 canones

115 4254 144 4292 ss
162 4227 383 4291 observando:
410 4227 491 4291 alter
514 4228 547 4290 in
571 4238 703 4313 papatu,
729 4227 810 4290 alter
833 4227 866 4289 iu
890 4226 1183 4311 archiepiscopatu.
1226 4225 1323 4290 Unde
1348 4235 1483 4304 constat,
1509 4224 1596 4311 quod
1619 4224 1741 4289 factum
1766 4236 1815 4288 est

161 4336 194 4398 in
225 4336 351 4420 magnis
382 4357 477 4421 posse
508 4357 637 4420 quoqne
668 4334 739 4406 fieri
769 4335 803 4396 in
827 4334 938 4418 parvis
962 4332 1147 4396 aecclesiis:
1179 4343 1214 4396 ut
1242 4332 1395 4396 videlicet
1426 4343 1581 4418 regantur
1605 4355 1624 4396 a
1646 4331 1814 4396 monachis

160 4440 326 4506 utentibus
351 4465 462 4506 earum
487 4442 632 4506 decimis.
667 4441 783 4526 Neque
808 4441 895 4504 enim
918 4438 971 4503 vel
995 4439 1147 4504 monachi
1170 4440 1224 4504 vel
1248 4439 1436 4504 claustrales
1461 4440 1611 4504 canonici
1636 4441 1704 4502 sine
1729 4440 1813 4524 peri-

162 4548 235 4614 culo
259 4559 393 4614 utimtur
414 4549 550 4613 decimis
575 4548 728 4634 plebium,
760 4548 823 4610 nisi
847 4545 989 4610 habeant
1013 4569 1124 4611 curam
1149 4570 1270 4611 aarum.
1318 4545 1401 4612 Cum
1426 4548 1512 4610 enim
1537 4546 1714 4632 apostolica
1739 4569 1813 4610 con-

161 4657 267 4721 firmet
291 4657 475 4738 auctoritas,
501 4666 535 4720 ut
559 4656 613 4742 qui
639 4657 743 4741 pascit
767 4677 900 4740 gregem
925 4653 965 4717 de
982 4653 1065 4718 lacte
1082 4655 1191 4739 gregis
1211 4653 1454 4735 manducetet
1471 4655 1526 4739 qui
1543 4653 1667 4738 plantat
1683 4654 1814 4716 vineam
1830 4671 1992 4722 ennoean.

115 4789 144 4828 so
163 4763 203 4827 de
221 4763 328 4828 fructu
345 4765 415 4827 eius
431 4765 605 4850 participet
621 4801 664 4810 -—
682 4785 821 4848 cumque
839 4759 999 4826 clericalis
1020 4783 1149 4824 annona
1173 4771 1205 4824 ct
1229 4760 1387 4824 clericalis
1411 4759 1526 4824 militia
1550 4761 1613 4823 sint
1631 4761 1813 4838 coniuncta,

161 4881 196 4934 nt
213 4894 330 4956 corpus
347 4883 379 4934 ct
396 4872 503 4934 anima
518 4894 579 4933 ——z
605 4871 660 4956 qui
677 4870 759 4934 haec
776 4868 817 4936 ab
834 4870 975 4932 invicem
993 4867 1119 4950 dividit,
1145 4890 1187 4930 cx
1208 4866 1325 4953 quibus
1343 4867 1524 4931 coniunctis
1542 4867 1609 4930 vita
1634 4864 1813 4930 aecclesiae

163 4977 318 5058 subsistit,
350 4977 543 5042 aecclesiam
567 4977 703 5058 occidit3
736 4987 768 5040 et
791 4975 993 5062 periclitatur
1017 4975 1105 5038 circa
1129 4973 1207 5038 illud
1231 4973 1415 5055 anathema,
1441 4972 1528 5059 quod
1551 4972 1704 5037 Urbanus
1728 4994 1814 5057 papa

163 5095 195 5148 et
218 5096 341 5171 martyr
364 5086 397 5147 in
414 5085 480 5148 suis
505 5084 643 5150 decretis
654 5089 666 5126 3
688 5083 870 5162 intentavit,
895 5082 928 5144 iu
946 5080 1063 5166 quibus
1079 5083 1180 5145 vitam
1198 5104 1400 5144 communem
1419 5080 1610 5144 clericorum
1628 5103 1687 5164 per
1703 5101 1813 5142 omnes

163 5193 315 5256 matrices
332 5192 507 5256 aecclesias
525 5191 738 5255 confirmavit.
786 5189 891 5274 lgitur
914 5190 975 5251 etsi
998 5211 1089 5251 rarus
1115 5189 1252 5274 quisque
1276 5187 1448 5272 religiosus
1473 5188 1645 5272 episcopus
1669 5186 1814 5249 invenia-

117 5323 144 5362 ω
163 5313 223 5379 tur,
248 5301 308 5362 etsi
332 5298 438 5362 nullus
462 5298 599 5362 clericus
624 5298 780 5384 canonice
804 5297 920 5358 vivens
952 5294 1087 5358 decimis
1118 5306 1205 5358 recte
1237 5304 1354 5374 utatur,
1387 5294 1447 5357 etsi
1478 5293 1566 5357 nulla
1590 5292 1750 5357 aecclesia
1773 5291 1814 5356 de

271 5481 297 5542 al
319 5483 447 5532 suscitari
466 5500 487 5531 c.

274 5644 302 5720 l)
326 5646 446 5703 [Heron.
472 5647 505 5702 de
528 5644 632 5702 trencin.
658 5644 757 5712 Heba,
784 5643 857 5717 opp.
883 5641 939 5710 III,
966 5643 1016 5697 rol.
1043 5641 1092 5697 51.
1209 5637 1240 5714 2)
1265 5639 1358 5696 Itis:
1383 5640 1459 5693 Ruth
1484 5641 1583 5694 ridens
1607 5640 1652 5694 vel
1677 5639 1815 5694 festinans

165 5755 224 5808 sive
249 5754 395 5810 deficiens.
489 5753 518 5820 3)
546 5751 594 5822 Cf.
619 5770 709 5826 supra
728 5771 760 5825 p.
781 5748 840 5804 177
859 5769 900 5824 sq.

235 5873 334 5924 Libelli
355 5873 387 5924 de
410 5873 465 5924 lite.
498 5873 551 5922 ΙΙΙ.
766 5879 767 5882 ’
1569 5871 1601 5917 25
