4396 6390
634 366 945 424 COMMENTARIUS
969 367 1009 422 IN
1033 365 1222 423 PSALMUM
1244 366 1350 422 LXIV.
1750 361 1814 423 475

152 553 238 617 tium
261 551 314 616 vel
338 575 423 639 quae
447 554 613 638 separavit
636 554 912 639 coniungentium.
960 551 1044 617 Cum
1067 554 1153 618 enim
1177 554 1334 638 scriptum
1358 554 1415 618 sit:
1447 553 1572 640 Moyses
1595 570 1623 618 et
1645 554 1756 619 Aaron
1780 558 1814 620 in
1832 578 1936 628 rusae

154 659 373 724 saomdotibus
395 662 473 740 eius,
503 682 568 724 non
598 660 776 745 incongrue
800 659 1028 745 transfigurato
1052 660 1194 724 Domino
1222 660 1256 723 in
1280 671 1388 724 monte
1412 681 1471 745 per
1493 659 1631 746 Moysen
1655 661 1815 747 accipitur

157 765 240 830 ordo
263 765 455 830 clericorum
479 775 511 830 et
534 789 593 852 per
608 765 750 852 Helyam
774 767 914 852 primum
938 764 1116 830 solitarium
1140 787 1233 829 sacer
1257 765 1335 829 ordo
1358 765 1601 846 monachorum,
1627 789 1707 852 quos
1731 766 1813 830 duos

157 872 193 936 in
216 873 313 936 unius
336 873 453 936 montis
477 871 669 936 celsitudine
694 871 756 937 sibi
773 871 922 936 Christus
942 873 1109 956 utriusque
1133 871 1256 935 ordinis
1281 882 1395 936 auctor
1418 873 1596 952 coniunxit,
1621 894 1701 959 quos
1725 883 1757 936 et
1780 874 1814 936 in

116 1005 135 1044 s
156 978 334 1064 semetipso
359 978 527 1042 evidenter
551 979 721 1065 expressit,
747 1001 821 1042 cum
845 979 994 1042 ieiunans
1018 979 1051 1041 in
1068 976 1196 1042 deserto
1217 978 1310 1063 quasi
1334 976 1511 1042 monachus
1534 977 1595 1042 fuit
1618 979 1652 1041 in
1676 977 1813 1058 silentio,
1832 1039 1897 1086 (130),

157 1095 193 1148 et
215 1083 420 1170 postmodum
437 1086 530 1171 quasi
550 1083 698 1171 pontifex
722 1096 791 1148 erut
815 1083 947 1148 cottidie
972 1083 1092 1148 docens
1116 1083 1296 1169 intemplo.
1344 1083 1397 1147 De
1421 1082 1470 1147 bis
1495 1081 1621 1148 duobus
1645 1083 1814 1150 ordinibus
1841 1092 2009 1181 [sobrinus
2029 1096 2062 1146 de

157 1191 297 1277 insignis
321 1189 435 1255 doctor
457 1189 648 1255 Ambrosius
672 1190 808 1277 loquens
832 1191 866 1255 in
890 1189 1027 1276 epistola
1042 1188 1308 1254 vercellensibus
1332 1191 1432 1253 misse
1455 1189 1535 1254 dicit
1558 1191 1643 1254 inter
1666 1195 1813 1255 cetera¹:
1834 1167 2072 1288 {lfflsctgssfflea

158 1298 233 1362 Duo
256 1299 332 1362 hoec
356 1300 389 1362 in
405 1301 565 1362 anuntiare
589 1299 833 1362 christianorum
857 1298 1017 1362 deuotrbne
1033 1299 1250 1382 prestantiora
1273 1321 1337 1362 esse
1361 1300 1433 1382 quis
1455 1299 1604 1383 ombiqo't,
1630 1299 1815 1362 clericorum
1869 1304 2030 1371 clicerius]

158 1405 274 1491 officio
298 1418 326 1468 et
347 1405 567 1468 monachorum
597 1404 761 1468 instituta?
806 1403 873 1468 Ista
903 1403 949 1467 ad
977 1406 1150 1467 comitatem
1173 1418 1202 1467 et
1223 1404 1432 1468 moralitatem
1456 1419 1484 1468 et
1507 1404 1725 1490 debciplinom,
1755 1405 1815 1469 illo

108 1541 138 1577 ro
157 1511 206 1575 od
218 1512 439 1576 abstinentiam
455 1512 635 1599 asscrefacto
657 1525 748 1596 atque
757 1512 958 1596 patientiam.
995 1509 1063 1573 Hec
1087 1510 1169 1573 uelut
1191 1513 1225 1573 in
1242 1510 1370 1590 theatro,
1394 1511 1454 1574 illa
1479 1513 1512 1574 in
1527 1525 1650 1574 secreta.
1688 1509 1814 1597 Specta·

158 1632 211 1680 tur
235 1619 305 1696 csta,
330 1618 389 1682 illa
413 1617 623 1682 absconditur.
669 1617 745 1680 Ideo
769 1619 866 1681 bonus
889 1617 1002 1680 athleta
1027 1619 1091 1680 ait:
1114 1614 1343 1702 ‘Spectaculum
1361 1617 1454 1704 facti
1473 1641 1580 1681 sumus
1603 1618 1676 1680 huic
1699 1617 1815 1682 mundo
1835 1643 1854 1680 1.
1863 1639 1941 1690 coru,
1951 1641 1971 1680 s.

158 1738 188 1788 et
210 1725 333 1810 auqelis
355 1738 384 1788 et
405 1723 607 1788 homiuibus'.
654 1724 782 1810 Dipnus
804 1747 879 1787 sane
907 1725 967 1807 qui
986 1737 1176 1808 spectaretur
1199 1725 1238 1787 ab
1262 1723 1394 1810 anpelis,
1419 1747 1486 1787 cum
1512 1725 1693 1803 luctaretur,
1717 1739 1750 1788 ut
1772 1724 1817 1788 ad

159 1831 304 1894 bracium
322 1833 514 1916 peruem'ret,
538 1855 607 1894 cum
628 1844 768 1910 certaret,
792 1843 825 1892 ut
847 1832 991 1893 interris
1015 1832 1111 1893 uitam
1134 1830 1316 1916 onpelcrum
1341 1832 1523 1910 institueret,
1548 1831 1683 1893 incaelo
1706 1833 1815 1916 nequi·

159 1939 243 2000 ciam
273 1937 455 2024 anpelorum
486 1937 653 2023 refelleret.
706 1936 941 2000 b'olluctobotur
971 1937 1053 1999 enim
1083 1938 1240 2020 nequiciis
1269 1936 1480 2021 spiritalibus.
1535 1935 1650 2000 Merito
1680 1935 1816 2000 mundare

112 2072 138 2110 rs
159 2067 228 2107 eum
257 2044 426 2130 spectabat,
457 2057 490 2106 ut
519 2042 654 2106 mundus
684 2067 753 2107 eum
783 2044 968 2106 imitaretur.
1017 2041 1084 2106 Hec
1108 2065 1180 2106 cero
1208 2043 1274 2106 uita
1307 2045 1338 2105 in
1362 2042 1476 2122 stadio,
1508 2043 1567 2106 illa
1598 2045 1631 2106 in
1655 2043 1812 2127 spelunca.

157 2149 227 2213 Heo
259 2149 442 2214 'aduersum
479 2149 695 2236 confusionem
730 2149 843 2226 sectili,
879 2148 938 2212 illa
969 2148 1121 2212 aduersus
1151 2151 1259 2212 cornis
1289 2151 1508 2234 appetentiam.
1562 2148 1631 2212 Hoc
1659 2150 1816 2214 subiciens
1835 2171 1913 2212 uss.

160 2256 332 2341 coqurtates
362 2257 515 2341 corpor-rs,
546 2255 606 2318 illa
637 2256 809 2342 rejuqiens.
861 2254 925 2318 Hec
952 2257 1087 2340 qratior,
1118 2255 1177 2319 illa
1208 2256 1310 2318 tutior.
1359 2254 1427 2318 Hec
1451 2257 1587 2340 seipsam
1613 2279 1731 2341 repens,
1755 2255 1815 2319 illa

158 2363 357 2446 semetipsam
387 2385 537 2425 coercens.
591 2360 728 2446 Utroque
752 2374 853 2424 tamen
875 2385 907 2423 se
931 2361 1099 2447 abneqans,
1122 2375 1156 2424 ut
1170 2363 1235 2448 flat
1262 2360 1391 2440 Christi,
1417 2363 1494 2446 quia
1515 2362 1670 2449 perfectis
1699 2361 1815 2425 dictum

159 2482 222 2532 est:
245 2465 325 2544 ‘Qui
347 2468 411 2532 cult
435 2470 539 2532 uenire
557 2481 632 2553 post
654 2467 715 2530 me⁷
740 2477 772 2530 et
796 2476 916 2530 cetere.

113 2606 142 2644 20
268 2572 381 2654 Vides,
413 2571 575 2658 quomodo
598 2570 714 2636 beatus
737 2570 930 2635 Ambrosius
961 2570 1004 2635 ad
1027 2572 1236 2658 perfectionis
1260 2574 1388 2659 apicem
1412 2595 1471 2637 sue
1495 2571 1642 2638 doctrina
1664 2573 1993 2647 informationum.

161 2691 227 2743 tam
248 2678 451 2758 clericorum,
477 2701 575 2764 quam
599 2689 631 2742 et
654 2677 886 2742 monachorum
909 2678 1065 2742 ordinem.
1114 2677 1210 2759 Quod
1236 2701 1300 2744 non
1324 2679 1403 2744 facit
1426 2679 1481 2744 illa
1504 2679 1624 2766 regalis
1647 2679 1761 2765 regule
1783 2681 1817 2744 in

162 2783 313 2850 domibus
337 2807 452 2870 regum
476 2783 637 2849 fabricata
654 2796 686 2848 et
702 2783 889 2871 apostolicis
906 2783 1061 2849 doctrinis
1079 2787 1251 2868 contraria,
1275 2797 1311 2850 ut
1328 2785 1501 2850 ostendunt
1516 2787 1675 2873 premissa
1690 2784 1816 2850 Urbani

162 2913 266 2977 papae
292 2893 461 2977 sanctique
483 2889 650 2955 Ambrosii
674 2891 868 2956 testimonia.
903 2891 1026 2955 Boutae
1051 2913 1179 2977 quoque
1203 2893 1379 2956 memoriae
1403 2915 1490 2978 papa
1512 2893 1680 2957 Pascalis⁸
1705 2904 1818 2957 contre

160 2998 322 3084 prefatam
352 2996 498 3083 regulam
528 2995 612 3061 benc
637 3019 672 3061 os
697 3019 790 3061 suum
814 2998 941 3082 aperuit
970 2998 1003 3060 in
1034 3008 1183 3080 tractatu,
1209 3020 1306 3084 quem
1337 3000 1502 3062 canonicis
1534 3010 1667 3063 sunctae
1691 2999 1816 3063 illarius

116 3137 142 3176 25
160 3106 194 3168 in
217 3104 341 3168 Portu²
363 3104 514 3186 firmavit,
540 3105 632 3167 cuius
656 3103 718 3167 boc
743 3113 791 3167 est
814 3104 952 3190 primum
979 3103 1196 3190 capitulumss:

272 3210 465 3276 Clericorum
490 3210 631 3275 ordinem
656 3213 690 3274 in
714 3211 866 3275 aecclesia
889 3212 989 3276 trihus
1013 3213 1155 3276 leru'ticoe
1180 3212 1278 3275 locans
1308 3227 1418 3291 tenere,
1448 3226 1477 3276 et
1498 3213 1688 3298 apostolicae
1713 3213 1816 3299 dipni·
1836 3237 1901 3288 nu).
1961 3247 1965 3259 ι

161 3321 234 3383 totis
265 3321 338 3382 iura
365 3341 492 3381 seruare
517 3332 545 3381 et
567 3318 681 3404 officia
702 3340 820 3403 perere,
850 3341 938 3380 nemo
967 3341 1079 3381 sarnum
1109 3320 1236 3402 sopiens
1268 3317 1397 3382 dubitat.
1451 3318 1539 3381 (hide
1563 3333 1675 3382 certium
1702 3333 1745 3382 est
1768 3343 1818 3382 eos

162 3426 327 3490 levitarum
351 3439 379 3488 et
401 3424 612 3509 apostolorum
636 3423 762 3510 repulus
786 3437 813 3486 et
835 3426 917 3487 uitas
941 3425 1066 3487 imitari
1087 3423 1206 3503 debere,
1234 3447 1365 3508 quorum
1390 3438 1559 3488 rioscuutur
1583 3426 1684 3488 locum
1707 3439 1817 3505 tenere,

162 3531 344 3618 diqnitatem
369 3530 481 3594 habere
505 3544 533 3594 et
555 3529 669 3616 officia
682 3554 798 3616 perere.
838 3528 924 3606 Quae
948 3532 1030 3593 enim
1054 3530 1105 3593 lec
1128 3530 1231 3594 levitis
1255 3543 1283 3593 et
1304 3554 1384 3614 quae
1408 3529 1581 3594 aDomino
1598 3532 1706 3616 rapula
1725 3531 1819 3594 datur

117 3669 144 3708 so
161 3639 323 3724 apostolis,
355 3638 429 3702 haec
460 3636 567 3700 eadem
596 3636 759 3700 catholicis
778 3639 904 3722 pariter
927 3636 1052 3700 clericis
1075 3659 1171 3720 risque
1201 3638 1235 3699 in
1251 3637 1350 3721 finem
1375 3635 1489 3700 rrsrmdi
1510 3639 1592 3700 uices
1616 3661 1722 3700 eorum
1744 3660 1817 3722 sup-

155 3745 318 3832 plentibus
342 3743 464 3808 indicta
486 3766 684 3828 nequaquam
701 3743 880 3828 ambiqitar.
916 3741 1075 3827 Equidem
1093 3741 1178 3826 quod
1201 3743 1303 3806 levitis
1321 3742 1521 3807 interdicitur
1537 3743 1641 3806 adbuc
1657 3746 1691 3806 in
1707 3744 1818 3806 urnbm

161 3851 390 3938 prodientibus,
415 3850 567 3935 qsoonrodo
590 3851 680 3914 nobis
703 3849 882 3913 conceditur
906 3850 971 3912 iam
995 3849 1173 3912 inveritate
1190 3850 1442 3933 persistentibus,
1466 3873 1535 3912 curn
1559 3850 1656 3912 rardto
1681 3849 1819 3935 leqomns

164 3958 233 4022 illis
248 3958 359 4045 fuisse
382 3980 536 4034 concessa,
561 3981 640 4040 quae
664 3957 752 4019 nobis
772 3956 888 4041 procul
910 3953 1005 4019 dubio
1028 3967 1100 4016 erent
1110 3954 1301 4039 prohibita?
1335 3955 1447 4018 Aaron
1471 3957 1575 4040 itaque
1599 3969 1627 4019 et
1641 3956 1729 4042 filiis
1752 3957 1819 4019 eius

165 4065 333 4148 ceterisque
357 4064 460 4127 levitis
483 4088 502 4126 a
520 4061 657 4126 Domino
682 4061 817 4126 dicitur:
840 4061 891 4125 ‘In
907 4076 991 4125 terra
1000 4061 1147 4147 filiorum
1164 4059 1270 4124 Israel
1291 4061 1393 4124 nichil
1408 4061 1626 4146 possidebitis,
1649 4087 1704 4126 nec
1728 4062 1818 4125 habe
1839 4087 1989 4135 uoniam.

120 4201 147 4242 ss
165 4171 239 4234 bitis
255 4183 380 4254 partem
406 4170 487 4232 inter
510 4192 568 4232 eos.
608 4167 678 4254 Epo
703 4171 783 4232 enim
802 4193 885 4253 pars
909 4183 936 4231 et
958 4166 1116 4231 hereditas
1140 4181 1241 4230 aesna
1265 4169 1299 4231 in
1323 4167 1426 4231 medio
1443 4167 1590 4254 filiorum
1607 4167 1712 4231 Israel
1718 4167 1727 4196 '
1730 4217 1736 4230 .
1777 4167 1820 4230 Ει

160 4276 260 4362 paulo
285 4289 358 4361 post
383 4276 600 4359 subsequitur:
624 4274 736 4337 ‘Filiis
759 4273 843 4337 Leui
870 4273 948 4337 dedi
976 4297 1079 4336 orrrnes
1110 4273 1248 4337 decimas
1272 4272 1426 4338 [srahelis
1458 4276 1488 4337 in
1506 4277 1737 4360 possessionem
1753 4297 1819 4360 pro
1838 4299 1911 4340 nes.

165 4384 350 4462 *urinebteria
375 4387 435 4466 quo
458 4383 599 4446 seruiunt
620 4380 703 4444 nieht
725 4382 758 4443 in
781 4379 980 4444 tabernaculo
997 4379 1152 4466 j'erleris’.
1201 4379 1245 4442 Et
1267 4379 1443 4445 de‘eisdem
1461 4394 1673 4466 postpauca:
1696 4379 1821 4444 ‘Nichil
1838 4406 1911 4446 run.

165 4489 259 4554 aliud
274 4488 491 4574 possidebunt,
516 4487 710 4551 decimarum
734 4487 887 4550 oblatione
911 4488 1052 4564 content-i,
1084 4510 1163 4570 quas
1195 4488 1228 4548 in
1252 4511 1326 4549 uscos
1350 4511 1455 4550 eorum
1479 4500 1507 4550 et
1528 4490 1706 4551 necessaria
1729 4511 1819 4573 sepa·

166 4594 265 4659 raoi’.
311 4595 356 4657 Et
378 4595 431 4658 hec
455 4592 581 4678 quidem
613 4595 646 4655 in
671 4594 776 4669 ueteri,
807 4593 841 4654 in
864 4615 942 4654 noco
966 4606 1067 4655 autem
1091 4606 1267 4656 testamento
1298 4593 1379 4676 quid
1401 4596 1511 4677 cuique
1534 4595 1589 4657 sui
1608 4594 1820 4679 discipulatus

120 4733 149 4772 ω
158 4701 359 4788 perfectioni
371 4699 522 4763 adherere
539 4699 656 4762 nolenti
670 4697 797 4778 dicerit,
813 4697 1001 4761 audiam-us:
1025 4696 1077 4762 ‘Si
1099 4701 1147 4762 uis
1160 4699 1327 4785 perfectus
1342 4723 1416 4778 esse,
1440 4699 1520 4763 uode
1544 4714 1571 4763 et
1593 4700 1690 4763 cende
1714 4702 1819 4764 omn-io
1838 4725 1997 4774 naturam.

166 4831 245 4892 quoe
268 4807 362 4870 habes
385 4821 413 4869 et
435 4805 477 4868 da
497 4805 705 4890 pauperibus,
730 4818 757 4867 et
780 4807 852 4867 ooo
872 4827 999 4889 sequere
1022 4803 1084 4867 rne’
1093 4829 1103 4885 3
1134 4819 1162 4868 et
1184 4806 1283 4868 alibi:
1307 4804 1387 4881 ‘Qui
1406 4829 1468 4868 non
1491 4808 1656 4869 renunciat
1678 4806 1820 4868 omrribus
1840 4831 1978 4879 suariae.

166 4935 245 4999 qzme
261 4912 416 4998 possidet,
444 4935 505 4975 non
523 4925 627 4996 potest
653 4933 738 4974 naeus
761 4934 824 4974 esse
848 4909 1050 4996 discipulus'.
1099 4910 1143 4974 Et
1170 4912 1203 4975 in
1227 4912 1293 4974 alio
1318 4911 1383 4974 loco
1407 4936 1476 4974 curn
1500 4913 1656 4996 apostolos
1683 4911 1729 4974 od
1743 4935 1820 4996 pre-

166 5018 338 5084 dicandum
361 5020 502 5096 mitteret,
519 5017 688 5102 prohibuit
710 5017 755 5079 eis
779 5015 904 5079 dicens:
927 5016 1045 5080 ‘Nolite
1054 5017 1222 5103 possidere
1246 5041 1359 5080 aarum
1384 5017 1433 5080 rel
1454 5016 1636 5103 arpentum'.
1675 5017 1768 5094 erod
1789 5041 1821 5080 se
1840 5043 1989 5090 trasturas.

165 5125 277 5189 Patmos
300 5125 445 5210 implesse
468 5123 626 5187 euidenter
642 5121 775 5185 ostendit
790 5120 915 5185 dicens:
938 5121 1118 5208 ‘Arqentum
1144 5138 1173 5187 et
1194 5147 1308 5187 aurum
1332 5137 1458 5186 moreest
1480 5124 1586 5187 rnihi’.
1634 5123 1704 5187 Hoc
1727 5125 1821 5186 etiam
1840 5148 1948 5196 nenas.

120 5265 148 5306 m
167 5246 280 5296 ceteros
310 5230 466 5317 apostolos
482 5230 604 5317 fecisse
634 5242 760 5293 testatur
790 5227 873 5292 idem
897 5226 1019 5308 Petrus,
1044 5253 1110 5292 curn
1131 5253 1194 5314 pro
1217 5253 1249 5292 se
1273 5243 1301 5293 et
1324 5230 1400 5293 aliis
1424 5229 1653 5315 condiscipuli-'s
1675 5232 1742 5294 suis
1772 5231 1820 5293 in-

167 5351 302 5425 terroqot
324 5336 497 5401 Dominum
527 5336 653 5400 dicens:
680 5334 836 5415 ‘Danube
860 5359 927 5398 ecce
950 5358 1006 5398 nos
1029 5335 1216 5419 reliquimus
1241 5337 1347 5399 arania
1370 5349 1398 5399 et
1420 5337 1520 5399 secuti
1539 5360 1645 5399 sarnus
1669 5350 1713 5399 te:
1742 5335 1823 5420 quid
1841 5361 1998 5410 sunniam.

274 5481 301 5544 o)
324 5481 464 5532 Pnschulis
486 5481 517 5530 B.

277 5607 306 5683 1)
331 5609 388 5685 sp.
408 5608 459 5679 63,
483 5605 571 5680 ξ72,
598 5605 671 5682 Opp.
697 5606 753 5676 ΙΙΙ,
778 5609 829 5665 col.
846 5607 940 5663 1131.
1017 5603 1048 5680 2)
1072 5606 1258 5663 Rauennatis.
1337 5605 1367 5676 3)
1394 5607 1444 5663 Ea
1464 5605 1597 5665 Gerhoho
1621 5609 1702 5683 opud
1724 5608 1823 5664 Mons-i

171 5716 238 5786 aa
264 5719 313 5774 cu.
331 5713 557 5772 ross-1090.

1556 5817 1607 5867 60*
