4544 6420
448 431 490 493 90
795 435 968 492 nanuum
992 433 1190 490 elorensis
1214 421 1504 488 anofflbtnoom
1527 431 1751 489 INVECTIVA.

341 647 430 690 *ansa
448 622 657 704 abbatissam,
682 635 714 686 et
738 645 810 686 cum
836 622 867 684 in
893 635 991 708 caput
1016 620 1169 685 ‘adulteri
1193 620 1279 684 ferro
1303 618 1394 706 prius
1419 619 1680 684 animadvertere
1697 619 1906 700 decrevisset,
1932 617 1975 682 ad
1998 631 2040 700 te,
2066 631 2101 681 ut

448 731 605 796 canonice
630 730 790 793 sententia
815 728 1025 808 dictaretur⁸,
1050 729 1199 791 accessit.
1246 727 1327 790 Rern
1351 727 1452 812 igitur
1475 726 1706 812 patefacturus,
1732 737 1781 790 ter
1804 748 1918 790 vocem
1943 727 1976 788 in
1992 725 2102 790 media

449 837 634 901 narratione
666 837 824 900 continuit
854 837 906 898 vir
934 834 1078 916 illustris,
1110 834 1165 920 qui
1196 846 1336 897 mentem
1368 856 1459 897 suam
1484 833 1755 920 contemplatione
1782 833 1925 912 sceleris,
1955 831 2101 918 lingnam

448 944 606 1008 relatione
630 944 702 1007 fieri
722 942 887 1008 sordidam
902 940 1100 1006 iudicabatb.
1136 939 1305 1026 Explicuit
1328 940 1470 1021 tandem,
1495 953 1620 1004 remota
1644 939 1785 1026 quadam
1803 938 2100 1019 circumlocutione,

449 1051 537 1138 qnod
561 1061 704 1136 ceperat,
729 1050 842 1136 utqui
867 1059 1050 1134 serpentem
1074 1069 1237 1135 prunasve
1261 1047 1446 1110 reconditas
1471 1045 1591 1110 diutius
1615 1046 1716 1110 latere
1740 1069 1805 1112 non
1829 1047 1975 1126 sustinet,
2003 1069 2134 1110 manns

449 1169 558 1221 tamen
589 1156 676 1220 nuda
706 1167 836 1220 recusat
867 1167 1038 1240 utrumque
1070 1155 1268 1240 contingere,
1300 1177 1341 1216 ne
1372 1153 1425 1218 vel
1455 1166 1568 1218 uratur
1597 1153 1697 1217 altero
1721 1153 1773 1218 vel
1798 1152 1899 1218 altero
1930 1151 2100 1238 polluatur.

452 1263 533 1345 Quis
557 1263 657 1348 digna
680 1265 758 1326 satis
783 1262 878 1326 laude
904 1261 1018 1326 efferre
1036 1260 1151 1342 valeat,
1177 1272 1300 1348 quanta
1322 1261 1479 1346 principis
1504 1261 1601 1324 fuerit
1624 1261 1656 1324 in
1675 1261 1778 1346 prima
1802 1260 1933 1324 sceleris
1958 1259 2102 1323 animad-

450 1371 600 1434 versione
631 1371 804 1452 severitas,
836 1379 958 1454 quanta
986 1369 1020 1430 in
1051 1366 1182 1430 ultionis
1214 1368 1407 1431 executione
1439 1366 1603 1448 discretio,
1636 1367 1740 1454 qualis
1770 1368 1803 1430 in
1834 1366 2005 1430 referendo
2036 1389 2101 1430 mo-

452 1476 577 1542 destia⁰
603 1475 785 1541 successit?
833 1475 914 1556 Quis
939 1475 1038 1560 igitur
1061 1473 1123 1538 hoc
1147 1473 1261 1538 saltem
1286 1472 1436 1560 exemplo
1460 1497 1614 1558 magnum
1639 1475 1671 1536 in
1695 1473 1823 1559 presule
1848 1474 1988 1559 rigorem
2013 1475 2101 1536 iusti-

450 1585 516 1646 tiae
541 1607 605 1647 non
629 1581 806 1669 expectet?
854 1581 925 1646 Stat
955 1583 988 1644 in
1011 1581 1168 1644 memoria
1191 1581 1352 1666 pontificis
1384 1580 1484 1666 digna
1507 1579 1662 1644 relatione
1687 1580 1864 1666 responsio.
1911 1579 2102 1666 Replieabat
2124 1607 2148 1644 ιο

452 1712 571 1770 comes,
588 1712 657 1753 rem
673 1713 737 1752 non
754 1687 878 1775 absque
896 1687 1006 1752 divino
1025 1697 1222 1772 contemptu,
1246 1699 1382 1752 naturae
1400 1687 1595 1752 contrariam
1613 1687 1787 1772 seculoque
1804 1685 1984 1750 mirabilem
2002 1688 2102 1751 eonti-

452 1798 548 1880 gisse,
580 1817 679 1882 quam
710 1794 841 1859 divinae
873 1796 970 1859 ctiam
1002 1793 1167 1879 religionis
1195 1795 1310 1880 ignara
1333 1793 1498 1880 gentilitas
1523 1816 1673 1880 supremo
1697 1792 1918 1880 puniendarn‘¹
1942 1793 2102 1880 supplicio

452 1903 661 1966 decrevisset.
710 1901 760 1966 Tu
783 1925 862 1965 vero
886 1913 995 1988 preter
1019 1901 1113 1964 etatis
1136 1911 1212 1965 tuae
1237 1899 1394 1982 debitum,
1424 1909 1533 1986 preter
1563 1901 1685 1964 ordinis
1718 1912 1749 1964 et
1779 1900 1973 1985 episcopalis
2005 1901 2103 1965 officii

453 2009 654 2094 dignitatem,
686 2007 814 2094 singula
837 2007 939 2072 verba
962 2007 1133 2072 lasciviore
1158 2019 1374 2094 prosequente
1400 2007 1569 2086 caehinno,
1593 2019 1624 2070 te
1650 2029 1727 2070 sane
1753 2005 1992 2092 simplicitatem
2016 2009 2104 2094 prin·

453 2117 535 2202 cipis
565 2139 630 2180 non
662 2116 739 2180 satis
770 2114 923 2179 admirari
953 2136 1048 2200 posse
1080 2113 1192 2178 dixisti
1201 2125 1224 2194 θ,
1260 2113 1348 2201 quod
1378 2124 1513 2178 naturae
1544 2114 1744 2177 eontrarium
1774 2112 1899 2176 diceret
1929 2112 2104 2200 seculoque
2124 2139 2150 2178 rs

453 2221 612 2303 mirabile,
644 2220 731 2308 quod
762 2221 802 2285 de
826 2223 896 2284 viro
920 2221 1042 2286 femina
1066 2222 1280 2306 concepisset.
1328 2220 1395 2286 Sed
1425 2221 1458 2284 in
1483 2221 1631 2306 opposito
1656 2231 1740 2284 stare
1770 2219 1973 2296 miraculum,
2006 2221 2032 2282 si
2064 2220 2104 2284 de

352 2353 434 2395 uns.
453 2330 574 2394 femina
596 2329 702 2392 virum
727 2329 931 2412 contingeret
953 2328 1162 2414 impregnari.
1204 2329 1231 2392 Ο
1257 2327 1417 2414 stupenda
1443 2328 1573 2390 'mentis
1598 2326 1788 2391 obstinatio!
1829 2327 1857 2391 Ο
1882 2325 2104 2390 detestabilisr

453 2435 656 2522 impudentia
685 2434 832 2520 linguae!
881 2435 908 2498 Ο
941 2433 1041 2519 digna
1071 2433 1275 2520 depositione
1306 2434 1513 2520 responsio⁸!
1561 2432 1835 2519 Exspectabam,
1866 2444 1902 2497 ut
1931 2432 2106 2497 adversum

454 2543 581 2606 facinus
612 2541 841 2605 exardesceret
871 2539 1065 2628 episcopalis
1096 2541 1287 2626 indignatiO,
1323 2539 1380 2604 sed
1411 2541 1441 2604 ei
1473 2541 1566 2626 quasi
1597 2539 1797 2626 gratulanter
1827 2539 1964 2604 lascivia
1996 2540 2106 2604 senilis

455 2650 572 2728 arrisit,
598 2659 629 2713 et
653 2647 740 2734 quod
764 2648 947 2733 gravitateh
972 2648 1120 2712 censoria
1142 2649 1258 2733 punire
1283 2646 1444 2710 sententia
1467 2645 1643 2728 debuisset,
1675 2670 1761 2710 nova
1783 2647 1940 2710 Proteus¹
1968 2649 2107 2711 auctori·
2127 2675 2153 2713 so

455 2767 520 2820 tate
546 2755 694 2819 firmavit.
730 2755 803 2818 Non
828 2767 919 2840 potes
943 2777 1113 2835 excusare,
1138 2755 1217 2839 quin
1240 2752 1360 2839 populo
1384 2752 1537 2817 dederis*
1561 2767 1683 2816 certam
1700 2754 1818 2817 similia
1841 2753 1984 2817 faciendi
2008 2753 2107 2818 licen-

455 2863 543 2943 tiam,
568 2885 652 2942 cum,
678 2861 813 2946 singulis
838 2883 879 2924 ex
904 2884 959 2925 ore
983 2872 1038 2925 tuo
1062 2860 1292 2948 pendentibus,
1317 2882 1437 2922 novum
1461 2859 1588 2924 facinus
1613 2871 1645 2923 et
1668 2862 1814 2945 ignotum
1839 2883 1899 2924 nec
1919 2859 2019 2924 verbo
2044 2884 2105 2924 nec

456 2991 554 3055 opere
579 2968 836 3054 condempnasti,
862 2967 919 3032 sed
943 2969 1036 3053 quasi
1061 2967 1185 3032 licitum
1209 2966 1382 3031 arridentis
1406 2967 1490 3030 facie
1514 2967 1722 3052 presignasti.

564 3077 644 3156 Quis
668 3076 767 3162 igitur
790 3076 889 3138 animi
914 3097 1046 3160 compos
1072 3098 1114 3138 ex
1138 3075 1198 3138 lroc
1223 3074 1364 3159 reliquas
1388 3085 1464 3138 tuae
1486 3075 1604 3137 mentis
1630 3085 1661 3138 et
1684 3075 1771 3138 vitae
1800 3085 1909 3160 partes
1933 3075 2106 3138 manifesto

455 3206 521 3246 non
545 3181 679 3274 teneat?
725 3180 881 3268 Nunquid
908 3183 1004 3262 enirn,
1037 3182 1063 3244 si
1088 3181 1159 3268 quis
1188 3182 1221 3244 in
1244 3179 1422 3244 maioribus
1446 3181 1666 3266 intemperans
1698 3191 1730 3244 et
1759 3180 2034 3267 petulantissimus
2059 3182 2106 3245 in·
2127 3208 2153 3246 as

456 3291 595 3372 venitur,
620 3313 639 3352 a
663 3289 778 3352 minori
803 3289 938 3352 crimine
963 3286 1182 3374 temperabit?
1219 3285 1306 3366 Quid
1330 3287 1400 3350 ita?
1437 3287 1600 3367 Quoniam
1624 3289 1679 3373 qni
1704 3287 1745 3351 ab
1770 3289 1895 3352 incestu
1921 3289 2106 3374 sacrilegio-

457 3419 519 3482 que
540 3419 604 3460 non
621 3393 771 3476 abstinet,
795 3396 833 3478 is,
858 3393 913 3458 nbi
937 3394 1086 3458 luxuriae
1110 3393 1240 3457 flamma
1264 3393 1316 3457 vel
1341 3395 1498 3457 avaritiae
1524 3395 1621 3458 satis¹
1648 3395 1783 3458 incensa
1807 3407 1866 3476 est,
1891 3395 2106 3459 fornicatione

457 3503 596 3590 simplici
620 3501 673 3566 vel
695 3503 811 3587 rapina
831 3523 891 3566 nec
910 3523 1027 3586 corpus
1050 3502 1221 3587 inquinare
1247 3523 1306 3564 nec
1326 3523 1441 3564 manus
1466 3500 1600 3586 implere
1625 3513 1804 3564 cunctatur.
1842 3500 1930 3582 Quid
1954 3501 1995 3565 ad
2019 3502 2106 3566 hoc?

429 3615 430 3620 ’
458 3610 544 3691 Quia
568 3610 622 3696 qui
647 3607 745 3672 alieni
768 3609 912 3672 criminis
935 3631 1000 3672 non
1024 3608 1199 3671 offenditur
1222 3608 1386 3693 spurcitia,
1420 3607 1477 3671 sed
1502 3607 1636 3689 exultat,
1669 3607 1701 3672 id
1729 3610 1761 3672 in
1785 3609 1918 3694 propria
1941 3609 2107 3672 voluntate

457 3739 521 3780 non
545 3714 735 3802 dampnabit
761 3731 916 3801 expertus
928 3719 948 3777 ¹.
996 3713 1084 3795 Quid
1115 3714 1228 3798 igitur!
1277 3713 1442 3800 Nunquid,
1474 3715 1501 3777 si
1532 3716 1566 3777 in
1590 3737 1742 3800 sponsam
1766 3715 1900 3778 Domini
1931 3715 2047 3796 zelare,
2081 3719 2107 3780 si
2128 3743 2154 3781 so

456 3825 558 3910 ipsius
590 3823 768 3886 divinitatis
799 3822 950 3884 iniuriam
974 3820 1142 3884 vindicare
1175 3823 1337 3906 sprevisti,
1368 3823 1457 3885 circa
1487 3821 1624 3885 tuendas
1656 3820 1820 3885 bominum
1852 3824 1981 3908 nuptias
2006 3823 2107 3908 negli-

351 3954 438 3998 nnee,
457 3941 572 4015 genter
596 3930 701 4014 egisse
727 3929 930 3992 convinceris
955 3940 987 3990 et
1009 3928 1154 4013 ipsorum
1180 3928 1332 3990 *iniurias
1356 3951 1420 3991 non
1441 3929 1598 3992 curasse?
1637 3928 1739 3992 Extat
1762 3929 1863 4014 ipsius
1888 3929 2107 3993 testimonium

278 4061 439 4110 stauarum.
457 4035 613 4098 Veritatis
637 4035 670 4098 in
695 4034 807 4097 simili:
839 4035 913 4098 Noa
938 4035 1112 4121 differetur,
1144 4037 1219 4120 quin
1237 4037 1301 4122 fiat
1330 4038 1362 4098 in
1386 4035 1490 4114 crido,
1522 4037 1608 4120 qood
1632 4039 1663 4098 iu
1688 4037 1773 4122 liquo
1799 4035 1997 4122 aira'dr'jiert'
2010 4038 2107 4124 festi·

457 4157 559 4206 natur.

378 4291 437 4330 nos.
565 4267 595 4328 2.
642 4265 694 4328 Ad
725 4265 805 4328 haec
837 4276 955 4346 autern,
987 4275 1022 4328 ut
1051 4265 1101 4328 his
1133 4266 1231 4328 etiam
1262 4263 1415 4351 operibus
1447 4264 1639 4328 exercendis
1664 4265 1782 4328 diffusa
1811 4267 1973 4346 materies,
2005 4265 2109 4331 libera
2127 4294 2153 4333 ss

457 4372 605 4455 facultas,
636 4374 831 4435 inconcussa
860 4371 980 4435 fiducia
1010 4394 1075 4435 non
1106 4371 1244 4454 deesset,
1276 4373 1403 4458 quesita
1427 4382 1459 4434 et
1481 4373 1655 4457 impetrata
1679 4381 1728 4435 est
1758 4373 1917 4436 ecclesiae
1941 4373 2107 4438 Romanae

458 4479 610 4564 legatiol.
647 4477 802 4563 Angebat
825 4489 856 4541 te
880 4477 956 4542 binc
980 4478 1067 4542 lesae
1092 4479 1310 4542 conscientiae
1334 4489 1443 4541 reatus
1468 4476 1661 4558 exuberans,
1687 4477 1761 4542 hinc
1786 4480 2107 4565 comprovincialium

565 4678 591 4740 a)
613 4679 677 4728 dict.
697 4685 765 4730 sent.
785 4679 819 4728 D.
835 4679 866 4728 (τ’.
880 4679 910 4729 Ρ.
1009 4678 1036 4740 b)
1058 4679 1113 4729 ind.
1133 4680 1168 4728 D.
1266 4677 1291 4740 c)
1312 4696 1359 4743 seq.
1380 4695 1431 4742 que
1450 4695 1470 4728 c.
1568 4677 1597 4738 d)
1618 4679 1757 4744 punienda
1776 4679 1811 4729 J).
1902 4683 1928 4740 e)
1950 4681 2055 4732 dixistis
2073 4682 2108 4731 D.

457 4767 478 4826 s)
500 4770 647 4848 detestabis
668 4770 701 4818 D.
775 4769 803 4832 g)
825 4785 896 4834 rosp.
916 4767 951 4818 D.
1024 4766 1051 4830 h)
1073 4770 1208 4833 gravitate
1228 4768 1262 4818 D.
1336 4769 1356 4828 i}
1377 4773 1508 4832 protenus
1529 4769 1555 4818 C.
1629 4765 1658 4828 lr)
1680 4768 1786 4818 dederit
1805 4769 1839 4818 D.
1915 4768 1933 4829 Ι)
1954 4772 2014 4820 sitis
2033 4771 2069 4821 D.

458 4935 490 4990 id
517 4933 694 4991 occidendum
720 4941 799 5008 puto,
835 4933 911 5008 quod
939 4929 1090 5004 (loffricius
1119 4930 1331 4988 Vindociaeasis
1360 4931 1389 4987 ia
1420 4930 1517 4988 litteris
1546 4933 1659 5007 saepius
1686 4933 1812 4990 ,lauda-tis
1842 4929 1882 5008 (p.
1908 4929 1961 5008 40)
1992 4933 2107 4991 sirailcm
2127 4953 2154 4992 so

460 5038 584 5098 (lirardi
606 5039 806 5116 neglegentiam
835 5037 953 5115 tetigisse
979 5038 1104 5094 videtu:
1135 5039 1279 5093 Abbatem
1308 5047 1461 5110 praeterea
1491 5040 1584 5106 aliurn,
1617 5058 1699 5110 quem
1730 5060 1780 5111 pro
1811 5043 1973 5096 reverentia
2003 5042 2108 5096 ordinis

458 5149 600 5202 nominare
626 5148 773 5212 erubesco,
797 5147 826 5200 in
849 5145 1014 5200 detestabili
1037 5146 1161 5216 corporis
1184 5146 1361 5216 turpitudine
1385 5146 1593 5216 deprehensum
1618 5155 1647 5202 et
1671 5148 1707 5202 ab
1731 5148 1842 5203 abbatis
1866 5155 2022 5220 potestate,
2047 5149 2108 5220 ipso

458 5255 600 5326 proprium
623 5254 728 5308 crimen
751 5251 917 5320 confitente,
942 5252 1113 5322 depositum,
1137 5256 1213 5305 nullo
1231 5253 1425 5322 praecedente
1449 5253 1564 5320 indicio,
1588 5273 1644 5307 non
1659 5255 1770 5309 modica
1786 5255 1958 5327 suffragante
1975 5256 2107 5326 pecunia,

461 5402 467 5414 .
494 5403 500 5415 .
527 5402 533 5414 .
558 5361 586 5414 in
609 5361 757 5430 pristinum
781 5360 898 5431 gradum
920 5359 1094 5414 restituistis.
1191 5356 1218 5427 l)
1243 5357 1320 5414 Noto
1343 5359 1504 5415 attenderent
1528 5358 1757 5416 assisinatorem!
1856 5361 1886 5431 2)
1911 5363 1994 5418 Anno
2014 5361 2107 5417 1107.

459 5465 608 5523 ,Pasclsalis
624 5464 664 5522 Il.
683 5485 776 5540 popo,
802 5485 862 5521 caus
886 5463 1029 5522 concilium
1053 5464 1188 5520 Treceuse
1211 5463 1371 5534 celebraret,
1398 5464 1566 5535 Girorrduu,
1593 5465 1831 5543 Enqolinucnscru
1857 5468 2024 5544 episcopum,
2050 5467 2107 5525 lto-
2126 5485 2154 5525 ss

458 5592 562 5629 *risanae
583 5571 657 5629 sedis
680 5574 800 5648 legatam
818 5591 875 5647 per
898 5570 1081 5627 Britanniam
1113 5565 1169 5645 (vel
1190 5569 1461 5646 archiepiscopatum
1484 5568 1646 5648 Doleascus)
1671 5573 1866 5644 novatianenses,
1893 5583 2008 5650 postero
2031 5593 2109 5631 atino

453 5679 620 5754 provincius
648 5679 673 5734 ei
694 5678 873 5754 Aquitaniae,
905 5679 977 5734 eelrtt
998 5676 1248 5754 Burdepalcuseru,
1275 5678 1487 5748 Biusmcensnrs,
1519 5679 1716 5750 Turoneasem,
1742 5681 1934 5749 desciturum,
1966 5680 2109 5736 addidisse

461 5785 580 5842 Murcus
604 5787 621 5841 Ι.
641 5806 662 5840 r.
682 5807 715 5859 p.
734 5785 782 5852 19,
809 5784 944 5840 Schellert
961 5805 994 5858 p.
1012 5783 1060 5838 13.
1086 5785 1324 5863 asfir·moucrrutt;
1349 5786 1389 5856 rs.
1414 5785 1488 5841 Hiat.
1509 5787 1617 5861 potatis.
1637 5787 1790 5862 Eupalion.
1811 5807 1843 5861 p.
1862 5787 1921 5842 44.-
1946 5782 2108 5860 (Poscbalis
