4418 6412
440 373 503 436 378
738 377 918 432 GERHOHI
942 375 1174 431 PRAEPOSITI
1198 373 1606 432 REICHERSBERGENSIS
1632 372 1795 428 LIBELLI.

440 567 552 630 scenis·
582 575 752 650 acceptum
788 565 921 649 insuper
956 561 1139 648 possedisti.
1193 561 1238 625 At
1268 560 1464 648 ubicumque
1500 573 1549 624 est
1583 561 1671 647 apud
1703 573 1735 624 te
1767 583 1882 624 aurum
1919 556 1996 622 illud
2025 561 2078 624 sive

441 695 577 758 cuprum
601 673 634 734 in
659 671 796 734 cameris
821 670 998 755 repositum
1022 668 1075 732 vel
1099 670 1132 732 in
1156 668 1235 732 ollas
1259 669 1376 748 fusum,
1402 670 1435 731 in
1458 668 1679 732 testimonium
1703 678 1752 730 est
1776 679 1891 730 contra
1915 677 1956 729 te.

156 743 420 854 Deseissionerlldl
548 779 686 863 Propter
709 777 770 840 hoe
794 797 934 862 namque
959 775 1032 838 Deo
1056 777 1153 838 etiam
1177 776 1210 838 in
1234 776 1377 861 presenti
1401 774 1566 839 iudicante
1596 775 1630 837 iu
1654 773 1761 837 medio
1786 774 1833 837 tui
1858 784 1968 858 patres
1992 795 2083 836 come·

157 891 216 924 “¹¹¹⁸
239 872 383 940 hospitatis
406 890 422 923 ⁸
442 883 521 948 dunt
543 883 626 947 filios
651 894 683 947 et
706 883 762 946 lilii
787 881 962 946 comedunt
984 893 1093 968 patres
1118 905 1202 964 suos,
1228 883 1310 946 sicut
1334 883 1367 944 in
1391 881 1446 945 illa
1469 882 1675 944 contentione
1692 879 1973 965 Hospitalensium
1997 880 2085 942 niani-

166 946 401 1068 patflrppirgtirtaanlgro
441 991 558 1054 festum
589 1001 647 1072 est,
679 991 713 1052 in
737 1013 802 1075 qua
832 989 915 1052 male
947 1000 1117 1073 acceptam
1147 988 1296 1074 maleque
1328 1000 1491 1051 servatam
1522 988 1694 1073 pecuniam
1726 985 1825 1050 iidem
1850 985 2087 1071 Hospitalenses
2102 999 2173 1048 ἒὲ

273 1081 421 1131 ‘mm'
440 1078 525 1162 irrale
549 1096 778 1161 nichilominus
807 1094 999 1175 effuderunt,
1029 1094 1106 1159 dum
1135 1093 1312 1179 spiritalem
1343 1093 1433 1158 illum
1464 1093 1618 1180 spiritalis
1648 1093 1813 1157 filiationis
1838 1104 1870 1156 et
1894 1093 2089 1177 paternitatis

442 1207 526 1268 inter
549 1225 583 1266 se
608 1215 640 1266 et
663 1202 882 1289 patriarcham
905 1225 998 1266 suum
1023 1211 1235 1282 contractum,
1260 1202 1315 1286 qm
1339 1201 1548 1264 inconvulsus
1573 1198 1719 1285 abusque
1743 1198 1946 1285 temporibus
1971 1211 2090 1284 aposto·

441 1311 544 1374 lorum
569 1321 802 1396 permanserat,
828 1309 889 1394 ipsi
914 1307 1029 1372 eadem
1054 1309 1122 1371 sive
1147 1307 1211 1371 alia
1235 1306 1319 1371 male
1343 1319 1473 1370 servata
1488 1305 1540 1370 vel
1558 1318 1694 1392 accepta
1711 1308 1852 1391 pecunia
1867 1307 1980 1390 inique
1998 1306 2094 1369 effusa

442 1416 669 1496 dissolverunt,
694 1415 820 1502 sibique
845 1426 958 1478 crrntra
973 1425 1098 1502 patrem
1115 1437 1209 1478 suum
1226 1412 1425 1499 spiritualem
1450 1425 1623 1498 perpetuas
1647 1413 1840 1476 inimicicias
1864 1425 1897 1475 et
1920 1413 1954 1474 in
1979 1411 2094 1475 malum

443 1523 654 1588 emulationes
686 1533 883 1586 coemerunt.
931 1520 1028 1601 Quod
1058 1532 1090 1583 et
1120 1521 1147 1584 si
1179 1519 1293 1584 domus
1324 1519 1379 1583 illa
1408 1519 1587 1605 hospitalis,
1618 1519 1781 1582 modernis
1810 1529 1921 1605 utpote
1952 1519 2095 1582 instituta
2113 1541 2169 1580 no

443 1628 653 1716 temporibus,
678 1628 824 1714 abusque
841 1626 1040 1713 temporibus
1061 1626 1279 1712 apostolorum
1295 1650 1361 1690 non
1377 1627 1447 1706 fuit,
1471 1625 1560 1690 nulla
1583 1637 1690 1690 armen
1708 1625 1822 1690 domus
1846 1625 1932 1691 illius
1957 1627 2095 1689 civitatis

444 1736 485 1800 ab
509 1735 644 1800 exordio
668 1735 919 1799 christianismib
944 1745 1053 1819 preter
1076 1733 1159 1798 hane
1184 1733 1224 1796 de
1250 1731 1435 1797 obedientia
1458 1732 1543 1797 illius
1567 1730 1656 1797 urbis
1681 1733 1825 1818 episcopi
1850 1755 1889 1796 ac
1914 1733 2096 1818 patriarche

444 1853 597 1928 exempta
619 1865 773 1927 umquam
804 1841 943 1904 inveniri
975 1842 1102 1925 poterit.
1151 1840 1322 1920 Quomodo
1347 1863 1424 1926 ergo
1449 1852 1601 1925 poterunt
1623 1849 1727 1903 mater
1749 1838 1805 1902 illa
1828 1851 1861 1902 et
1883 1852 1988 1924 pater,
2014 1840 2096 1904 lero-

445 1949 559 2014 solima
582 1947 794 2012 ecelesiarum
818 1960 921 2012 mater
945 1949 1079 2032 eirrsque
1103 1949 1237 2011 antistes
1261 1946 1457 2032 patriarcha,
1489 1945 1589 2010 filiam
1613 1945 1696 2010 hanc
1725 1969 1826 2026 suam,
1858 1946 1917 2009 scd
1941 1945 1984 2009 ab
2009 1957 2097 2011 utero

445 2055 661 2136 aberrantem,
693 2077 757 2118 non
782 2053 929 2117 dolenter
953 2054 1127 2139 aspicere?
1175 2052 1346 2134 Quomodo
1369 2076 1448 2116 vero
1479 2051 1520 2116 ab
1551 2054 1621 2117 eius
1652 2063 1786 2138 aspectu
1813 2065 1966 2138 poterunt
1990 2053 2138 2118 oculosa
2158 2088 2173 2104 ·

445 2164 591 2228 dolentes
608 2175 766 2242 avertere,
787 2184 850 2248 qun
867 2163 914 2226 sic
931 2161 1062 2226 tandem
1079 2160 1254 2246 aliquando
1270 2160 1340 2224 fieri
1364 2159 1446 2223 forte
1464 2160 1588 2244 possint
1611 2160 1816 2224 immemores
1832 2160 1960 2240 iniurie,
1979 2161 2098 2246 quippe

446 2293 508 2357 que
539 2272 572 2333 in
596 2269 711 2333 eadem
735 2270 867 2332 civitate
892 2269 955 2332 sita
977 2267 1079 2333 oculis
1104 2290 1215 2331 eorum
1239 2265 1386 2330 subiecta
1416 2289 1481 2330 non
1509 2289 1579 2329 esse
1611 2289 1676 2330 non
1700 2266 1830 2351 potest?
1877 2267 1994 2352 Itaque
2019 2269 2100 2332 sicut

446 2380 528 2442 visio
552 2376 616 2440 filie
642 2377 882 2461 contemptricis
907 2375 1061 2439 continua
1084 2397 1213 2459 semper
1237 2385 1294 2454 est,
1327 2373 1371 2436 ita
1395 2384 1427 2436 et
1451 2383 1655 2458 contemptus
1679 2374 1834 2437 memoria
1858 2373 1993 2438 cottidie
2018 2375 2099 2460 patri

447 2485 605 2568 matrique
629 2495 804 2546 renovatur
827 2494 924 2566 atque
950 2505 991 2545 ex
1015 2483 1083 2566 iugi
1107 2491 1312 2566 contemptus
1343 2481 1499 2544 memoria
1529 2478 1620 2543 dolor
1644 2482 1796 2544 continue
1821 2482 2005 2545 innovatur.
2053 2482 2099 2547 Si-

270 2612 427 2663 smaaun.
447 2591 565 2654 militer
589 2601 622 2652 ct
643 2601 688 2668 tu,
719 2588 786 2652 filia
809 2588 976 2668 naturalis,
1008 2587 1142 2652 affectus
1166 2586 1276 2667 oblita,
1308 2587 1427 2671 scripte
1453 2609 1581 2672 quoque
1606 2585 1687 2672 legis
1711 2588 1951 2672 prevaricatrix
1975 2601 2099 2674 patrem
2117 2609 2139 2645 a

448 2721 486 2760 ac
517 2708 651 2759 matrem
682 2695 841 2758 honorare
873 2695 1097 2780 precipientis,
1129 2693 1290 2780 quomodo
1322 2694 1441 2779 poteris
1473 2693 1583 2757 levare
1614 2695 1725 2759 oculos
1756 2706 1827 2758 tuos
1858 2693 1900 2758 ad
1925 2695 2100 2759 videndam

447 2803 566 2867 faciem
596 2803 698 2888 patris
729 2824 768 2866 ae
798 2803 920 2882 matris,
953 2824 1087 2886 quorum
1116 2803 1244 2864 viscera
1272 2803 1405 2886 vipereo
1436 2799 1532 2864 dente
1563 2801 1674 2882 lesisti,
1706 2825 1726 2864 a
1755 2825 1892 2887 quorum
1920 2802 2100 2867 visceribus

448 2910 600 2973 sauciatis
625 2919 657 2972 et
680 2908 843 2972 convulsis
868 2920 981 2972 contra
1003 2919 1152 2971 naturam
1173 2907 1317 2972 violenta
1340 2907 1541 2993 prorupisti?
1580 2907 1653 2971 Non
1678 2909 1764 2972 enim
1788 2920 1820 2971 tc
1844 2919 1991 2990 excuset,
2017 2909 2101 2994 quod

447 3017 602 3080 Romanis
626 3013 701 3078 data
725 3016 865 3101 pecunia
887 3014 920 3078 id
945 3014 1061 3097 fecisti,
1086 3014 1144 3077 scd
1167 3016 1272 3099 magis
1296 3025 1438 3095 accusat,
1464 3013 1551 3099 quod
1575 3015 1729 3100 spiritalis
1745 3015 1950 3100 paternitatis
1968 3039 2007 3078 ac
2024 3015 2100 3078 filia-

448 3123 543 3186 tionis
568 3133 771 3186 coutractum
795 3121 873 3186 data
897 3122 1036 3207 pecunia
1059 3121 1236 3185 simoniace
1261 3120 1447 3185 dissolvisti.
1489 3121 1596 3200 Quam
1620 3123 1730 3206 utique
1753 3123 1927 3207 pecuniam
1953 3125 2101 3209 quamvis
2119 3139 2142 3178 2⁵

448 3228 618 3314 plurimam
642 3229 669 3290 si
692 3227 790 3291 Petro
812 3226 961 3313 apostolo
986 3226 1168 3309 obtulisses,
1193 3239 1352 3314 quatenus
1377 3227 1453 3292 data
1477 3251 1516 3290 ea
1540 3227 1693 3314 spiritalis
1725 3227 1910 3293 obedientie
1943 3231 2016 3294 iura
2040 3229 2102 3293 dis-

448 3335 590 3398 solveres
621 3346 677 3398 aut
706 3334 909 3415 transferres,
941 3357 1004 3397 non
1035 3332 1123 3397 aliud
1147 3335 1272 3416 estim0,
1302 3333 1343 3398 ab
1368 3357 1406 3398 eo
1431 3333 1589 3416 audisses,
1615 3358 1712 3421 quam
1737 3335 1824 3422 quod
1848 3335 1974 3400 Simoni
1999 3339 2102 3422 primo

306 3469 428 3518 stasne.
448 3440 661 3528 spiritualium
692 3442 812 3504 forensi
843 3441 1020 3504 estimatori
1049 3441 1170 3504 dictami
1201 3439 1242 3504 ab
1267 3464 1305 3505 eo
1330 3453 1395 3504 est:
1425 3440 1566 3506 Pecunia
1589 3457 1641 3506 trra
1665 3457 1762 3506 tecam
1785 3446 1828 3506 sit
1858 3447 1891 3508 in
1911 3444 2103 3529 perditione,

309 3551 595 3635 ros.a‚1a.puoniam
620 3551 775 3612 estimanti
795 3549 910 3612 ‹lorsrnn
934 3549 1000 3612 Dei
1014 3551 1155 3634 pecerns'o
1172 3549 1354 3634 possideri,·
1381 3557 1437 3610 aut
1460 3559 1559 3630 certe,
1584 3548 1671 3634 quod
1695 3550 1740 3612 ait
1764 3549 1942 3613 Dominus:
1967 3552 2104 3638 Auferte

446 3659 508 3720 ista
532 3657 605 3719 iiiuc
629 3670 657 3719 et
680 3657 773 3720 nolite
789 3657 905 3742 secere
930 3655 1054 3718 tissiraam
1078 3655 1146 3719 Det
1167 3655 1291 3718 (Ζοηιηηι
1316 3658 1542 3742 negotiationis.
1590 3654 1660 3718 Nec
1684 3657 1811 3720 mirum.
2122 3673 2147 3712 ³⁰

376 3912 429 3962 (u).
636 3888 688 3949 63.
724 3885 1088 3970 Dispensaciones
1113 3885 1440 3948 ecclesiasticas
1464 3886 1599 3970 gratis
1623 3886 1722 3949 fieri
1747 3885 1912 3950 debere.

277 4037 357 4077 aaran.
367 4037 399 4084 10,
408 4037 429 4074 s.
555 4010 715 4075 Audierat
739 4010 825 4073 enim
842 4010 957 4073 Petrus
982 4008 1043 4072 sibi
1068 4032 1142 4073 eum
1160 4010 1276 4072 ceteris
1301 4009 1496 4094 coapostolis
1520 4009 1642 4073 diemm
1659 4033 1679 4074 a
1695 4011 1853 4075 Domino:
1881 4011 1995 4077 Gratas
2019 4040 2104 4078 ‹aree-

445 4121 552 4204 pistia,
580 4121 682 4205 pratris
706 4118 785 4181 drste.
832 4116 899 4179 Aut
922 4117 1021 4201 igitur
1045 4115 1217 4180 ostendant
1240 4117 1296 4202 qui
1319 4115 1478 4179 eiusmodi
1506 4117 1539 4178 in
1563 4115 1658 4180 domo
1682 4119 1919 4202 negotiationes
1942 4119 2104 4200 factitant,

449 4233 604 4310 quantum
635 4224 706 4287 auri
736 4223 788 4286 vel
819 4224 945 4308 argenti
968 4222 1085 4286 Petrus
1116 4222 1252 4305 dederit,
1284 4235 1319 4287 ut
1349 4223 1457 4286 ovium
1482 4221 1602 4286 Christi
1634 4234 1744 4309 pastor
1767 4224 1869 4306 fieret,
1894 4235 1926 4288 et
1950 4223 2104 4289 Clemens

449 4332 546 4394 Petro
570 4341 726 4416 quantum
750 4329 952 4415 appenderit.
1000 4331 1038 4392 ln
1062 4331 1167 4415 prima
1190 4351 1318 4415 quoque
1343 4328 1555 4392 ecclesiarum
1579 4328 1769 4394 limitatione
1794 4331 1978 4414 ostendant,
2003 4356 2104 4419 quan·
2124 4348 2149 4387 ³⁶

352 4463 431 4511 ·p.sr.
449 4448 516 4501 tum
540 4437 678 4521 pecunie
703 4458 723 4498 a
746 4435 881 4521 singulis
905 4436 1052 4500 eeclesiis
1077 4435 1316 4522 episcopalibus
1340 4436 1486 4499 Romano
1510 4436 1667 4522 *pontifici
1692 4460 1872 4523 appensum
1896 4440 1947 4520 sit,
1972 4451 2008 4504 ut
2031 4463 2104 4525 pro-

449 4544 536 4628 prios
567 4542 692 4627 singule
723 4541 840 4628 limites
871 4543 1068 4628 acciperent,
1093 4552 1253 4629 quatenus
1277 4555 1310 4606 et
1333 4543 1411 4628 ipsis
1436 4542 1586 4628 exeruplo
1617 4545 1759 4629 priorum
1791 4545 1824 4608 in
1855 4545 2104 4628 transferendis,

450 4647 624 4713 dilatandis
649 4658 680 4711 et
705 4648 933 4712 contrahendis
962 4648 1174 4713 ecclesiarum
1205 4650 1350 4713 terminis
1380 4648 1468 4712 idem
1498 4649 1646 4713 factitare
1677 4648 1816 4714 liberum
1844 4653 1894 4715 sit.
1943 4651 2048 4717 Simul
2073 4665 2105 4716 et

450 4754 598 4836 doceant,
628 4756 655 4817 si
676 4767 822 4840 possunt,
851 4757 1059 4840 magistratus
1083 4768 1115 4819 et
1138 4754 1350 4841 discipulatus
1374 4755 1532 4821 ecclesiae
1557 4756 1740 4846 spiritualia
1763 4756 1850 4821 dona
1872 4781 1937 4822 non
1961 4781 2045 4842 esse,
2071 4770 2106 4823 ut

449 4860 588 4924 liberum
618 4862 660 4924 sit
688 4883 726 4924 ea
754 4884 842 4925 more
866 4861 985 4948 peculii
1017 4885 1056 4926 ac
1086 4871 1214 4925 terrene
1245 4863 1459 4948 possessionis
1483 4861 1626 4926 vendere
1651 4873 1707 4927 aut
1730 4864 1758 4927 si
1782 4865 1909 4947 Petrus,
1933 4875 1969 4929 ut
1993 4877 2106 4951 pastor
2123 4883 2150 4920 ⁴⁰

323 4995 429 5045 sesan
448 4968 550 5048 fieret,
576 4966 674 5031 nichil
697 4978 862 5032 terrenum
882 4966 982 5050 dedit,
1007 4969 1127 5054 quippe
1152 4969 1204 5032 cui
1228 4991 1342 5033 aurum
1366 4978 1398 5032 et
1421 4980 1592 5053 argentum
1616 4970 1774 5054 nonfuit,
1799 4970 1857 5034 sed
1881 4972 2105 5058 spiritualibus

450 5073 631 5160 spiritualia
655 5097 846 5160 comparans
870 5073 938 5138 solo
963 5074 1175 5138 confessionis
1198 5074 1277 5139 fidei
1300 5087 1332 5138 et
1355 5074 1537 5140 dilectionis
1559 5078 1682 5162 precio,
1706 5089 1741 5142 ut
1764 5088 1875 5163 pastor
1889 5079 1994 5162 fieret,
2019 5103 2105 5145 eme-

450 5183 522 5262 ruit,
548 5183 575 5244 si
592 5179 790 5244 Clementem
815 5183 886 5266 ipse
910 5183 1010 5266 gratis
1035 5203 1256 5245 successorem
1280 5181 1322 5245 ob
1346 5183 1532 5246 moritorum
1556 5185 1797 5269 prerogativam
1817 5183 1925 5271 elegit,
1950 5187 1978 5249 si
2002 5189 2104 5272 gratis

450 5311 470 5350 a
493 5289 653 5372 principio
678 5288 815 5351 ecclesie
839 5287 974 5352 limitato
999 5297 1082 5370 sunt,
1108 5289 1135 5351 si
1159 5288 1234 5352 olim
1253 5287 1365 5353 Simon
1381 5311 1401 5351 a
1416 5289 1513 5353 Petro
1531 5289 1725 5376 dampnatus
1749 5313 1789 5355 ac
1813 5293 2027 5379 precipitatus
2044 5305 2103 5374 est,

451 5396 477 5457 si
502 5396 571 5458 eius
595 5417 723 5480 quoque
748 5417 906 5480 sequaces
937 5395 970 5457 in
994 5395 1129 5458 erimine
1153 5393 1248 5458 simul
1272 5417 1346 5460 cum
1370 5395 1515 5460 eiusdem
1540 5395 1677 5482 piaculis
1702 5398 1846 5462 criminis
1877 5399 2105 5465 interventori·
2123 5425 2153 5464 a

449 5499 510 5565 bus
535 5523 554 5564 a
578 5502 698 5564 sanctis
722 5500 868 5586 patribus
892 5499 1038 5586 abusque
1063 5501 1198 5564 exordio
1229 5501 1409 5566 aecclesiae
1439 5502 1643 5588 predamnati
1668 5517 1700 5568 et
1723 5505 1988 5571 anathematizati
2019 5518 2104 5590 sunt,

557 5733 584 5798 a)
606 5737 632 5786 iu
652 5755 729 5801 urar-p.
749 5755 769 5786 c.
843 5735 871 5794 h)
893 5737 1110 5785 christianissimi
1130 5753 1150 5786 c.
