4410 6406
469 289 533 352 264
760 294 940 351 GERHOHI
963 294 1196 350 PRAEPOSITI
1219 293 1625 350 REICHERSBERGENSIS
1649 293 1815 349 LIBELLI.

466 483 577 549 salutis
602 491 764 570 operatur,
796 503 917 567 magna
946 482 981 544 in
1004 480 1065 545 hoc
1089 482 1159 545 eius
1186 483 1291 567 pietas
1316 481 1570 546 commendatur.
1618 481 1653 547 Si
1678 491 1786 545 autem
1811 479 1952 566 Spiritus
1977 488 2115 561 sanctus,

333 612 386 662 sap.
399 613 446 664 1‚s.
466 591 521 675 qui
544 588 822 676 indisciplinatum
850 588 884 652 in
914 588 1125 652 sacramentis
1155 588 1238 673 fugit
1261 587 1464 652 hereticum⁸
1494 599 1652 675 apertum,
1684 589 1782 652 etiam
1811 586 1985 674 discipline
2016 585 2117 670 firgiet

465 697 586 778 fictum,
609 696 709 760 idest
732 694 894 760 occultum
918 693 1107 776 hereticum,
1131 694 1243 780 lupum
1266 694 1421 759 videlicet
1444 696 1542 760 ovina
1564 693 1649 781 pelle
1666 695 1829 776 vestitum,
1855 694 1927 781 quis
1952 693 1984 756 ei
2009 691 2116 756 dicere

465 799 614 867 audebit:
640 800 719 866 ‘Cur
741 803 787 866 ita
809 800 932 866 facis'l'
980 799 1151 866 Credimus
1184 812 1293 866 tamen
1319 800 1432 866 fideles
1457 799 1588 883 Christi,
1612 802 1669 887 qui
1692 802 1770 865 istos
1794 800 1933 864 latentes
1957 799 2117 862 hereticos

465 909 617 995 ignorant
639 918 672 973 et
691 930 803 972 eorum
826 908 1038 974 sacramentis
1062 909 1096 972 in
1112 906 1177 976 fide
1194 907 1315 972 Christi
1332 909 1581 990 communicant,
1606 930 1671 972 non
1686 905 1831 972 fraudari
1848 927 1983 970 munere
1998 903 2118 969 Christi
2139 931 2150 968 s

341 1040 446 1090 naas.
466 1026 499 1080 et
520 1016 709 1102 operatione
733 1015 873 1101 Spiritus
897 1016 1011 1096 sancti,
1043 1016 1099 1102 qui
1122 1015 1206 1080 sicut
1229 1014 1298 1079 vult
1322 1015 1432 1100 spirat,
1464 1016 1510 1079 ita
1541 1025 1573 1078 et
1601 1037 1661 1101 per
1684 1036 1765 1100 quos
1790 1013 1859 1077 vult
1883 1013 1996 1100 spirat,
2022 1013 2118 1075 etiam

465 1145 525 1209 per
540 1121 723 1187 consimiles
741 1120 876 1208 Caypbe
899 1121 1116 1186 interfectoris
1140 1119 1276 1186 Christi:
1302 1122 1455 1207 quicum
1478 1122 1547 1186 iure
1572 1123 1636 1185 sint
1651 1119 1838 1202 damnandi,
1862 1119 1987 1184 habent
2010 1129 2120 1182 tamen

466 1228 616 1315 exemplo
646 1229 748 1315 ipsius
772 1225 908 1314 Caypbe
932 1239 1125 1314 potestatem
1156 1229 1254 1292 etiam
1282 1229 1388 1314 ipsum
1413 1227 1578 1292 Christum
1608 1230 1642 1292 in
1670 1229 1736 1292 suis
1761 1225 1915 1292 membris
1939 1224 2119 1308 iudicandi,

466 1359 550 1418 eum,
574 1346 609 1401 ut
633 1335 713 1418 dixi,
737 1333 895 1400 deberent
917 1335 1025 1421 potius
1049 1335 1111 1421 ipsi
1136 1357 1156 1398 a
1180 1333 1334 1399 membris
1358 1333 1479 1399 Christi
1504 1334 1677 1399 diiudicari
1708 1346 1740 1399 et
1763 1333 1921 1398 damnari.
1963 1331 2119 1413 Quandiu

466 1465 543 1529 ergo
560 1441 707 1507 Christus
731 1443 766 1506 in
782 1443 849 1506 suis
873 1440 1027 1506 membris
1051 1441 1132 1507 tales
1156 1443 1286 1528 patitur,
1312 1443 1405 1528 quasi
1422 1441 1576 1528 Cayphas
1599 1440 1747 1527 pontifex
1770 1441 1803 1503 in
1828 1439 1923 1504 domo
1941 1439 2008 1503 Dei
2034 1440 2119 1525 prin·
2139 1465 2160 1502 ιο

347 1573 349 1578 ·
466 1551 602 1636 cipatur,
627 1549 719 1614 cuius
742 1549 945 1613 familiaritas
969 1571 1034 1612 non
1056 1550 1161 1634 magis
1185 1559 1322 1635 accepta
1345 1557 1394 1612 est
1412 1549 1499 1612 veris
1517 1547 1638 1613 Christi
1661 1547 1947 1633 apostolorumque
1971 1546 2117 1633 pedisse-

363 1679 447 1721 ·aros.
466 1657 548 1742 quis,
574 1678 671 1742 quam
694 1655 897 1720 familiaritas
914 1653 1050 1742 Cayphe
1074 1667 1210 1742 accepta
1240 1655 1302 1719 fuit
1324 1655 1403 1741 ipsis
1427 1654 1597 1741 apostolis,
1629 1654 1687 1719 sed
1716 1655 1811 1718 inviti
1834 1653 1974 1719 tolerant
1999 1655 2118 1739 ‘parie-

465 1773 531 1827 tem
560 1760 756 1844 dealbatum,
788 1762 892 1826 donec
915 1762 1007 1827 Deus
1037 1763 1199 1848 percutiat
1228 1761 1327 1826 illum.
1376 1761 1442 1842 Qui
1472 1772 1581 1826 autem
1612 1760 1750 1826 eundem
1780 1761 1938 1847 parietem
1970 1760 2118 1842 fulciunt,

465 1869 561 1954 longe
586 1891 606 1933 a
628 1868 730 1933 Paulo
756 1868 901 1956 apostolo
925 1867 1129 1948 dissentiunt,
1154 1869 1210 1956 qui
1237 1878 1325 1932 stans
1350 1891 1459 1933 coram
1484 1868 1626 1954 quodam
1655 1867 1712 1932 tali
1742 1867 1905 1954 pontifice,
1938 1866 2017 1931 durn
2048 1867 2118 1953 ipso

326 2000 447 2051 saraa
466 1977 666 2062 precipiente
682 1986 922 2062 percuteretur:
947 1976 1111 2054 Percutr'et,
1135 1975 1249 2062 iuquit,
1275 1991 1301 2041 tc
1318 1975 1414 2056 Deus,
1431 1978 1546 2062 paries
1570 1975 1719 2040 dealbate.
1757 1972 1824 2039 Sed
1847 1973 1934 2038 hunc
1958 1974 2117 2059 parietem
2137 1996 2159 2036 rs

466 2080 654 2147 dealbatum
678 2092 710 2148 et
733 2081 875 2169 quodam
897 2083 1018 2146 iustitie
1049 2083 1142 2168 quasi
1166 2092 1314 2146 cemento
1336 2083 1490 2146 vestitum
1506 2081 1579 2146 Deo
1605 2079 1852 2168 percutiendum
1876 2080 2116 2166 relinquamus,

467 2200 499 2254 et
521 2212 580 2254 nos
604 2189 710 2254 eidem
733 2189 865 2253 iamiam
889 2190 1012 2253 ruituro
1036 2189 1150 2253 saltem
1172 2188 1311 2253 latenter
1333 2187 1571 2272 subtrahamus,
1598 2199 1694 2274 prout
1708 2210 1890 2274 possumus,
1914 2209 1967 2269 ne,
1991 2188 2021 2250 si
2045 2209 2117 2251 eum

466 2295 555 2360 velut
579 2296 704 2381 stipites
720 2295 834 2360 fulcire
854 2296 1005 2377 nitamur,
1030 2317 1104 2359 curn
1126 2296 1197 2381 ipse
1221 2317 1315 2360 ruere
1332 2296 1465 2382 ceperit,
1489 2317 1548 2358 nos
1565 2293 1749 2359 obruamur.
1785 2293 1919 2380 Stipites
1935 2295 2116 2381 parietemb

467 2401 552 2466 hunc
575 2402 747 2467 fulcientes
772 2413 846 2466 sunt
869 2401 980 2467 clerici
1004 2401 1151 2466 valenter
1180 2401 1299 2466 literati
1329 2412 1361 2466 et
1390 2401 1465 2466 laici
1496 2401 1663 2488 religionis
1693 2401 1816 2466 inimici
1840 2412 1872 2465 ct
1895 2423 2009 2465 omnes
2034 2401 2117 2486 ipso·

316 2535 448 2584 marsa.
466 2532 538 2573 rum
562 2509 643 2573 tales
668 2509 774 2590 amici,
800 2509 904 2594 qualis
928 2509 988 2572 fuit
1015 2507 1070 2572 ille
1095 2509 1217 2574 amicus
1241 2509 1414 2595 pontilicis,
1439 2509 1494 2594 qui
1518 2506 1684 2572 Christum
1713 2509 1899 2594 percutiens
1930 2507 2031 2572 dixit:
2065 2508 2118 2573 sio
2134 2531 2157 2569 ro

466 2617 635 2702 respondes
651 2617 825 2704 poatt'flci?
869 2615 1002 2680 Poterat
1025 2614 1157 2701 quidem
1180 2613 1351 2680 brachium
1374 2615 1508 2679 Domini
1539 2625 1745 2701 repercutere
1776 2615 2025 2700 percutientem,
2056 2637 2117 2679 uec

467 2745 540 2786 eum
565 2722 679 2804 solum,
703 2721 876 2787 sedetiam
899 2722 989 2787 illum
1005 2745 1103 2809 quern
1125 2733 1192 2786 tam
1216 2723 1339 2808 rigidus
1364 2723 1463 2808 stipes
1486 2720 1642 2787 fulciebat
1665 2723 1771 2786 statim
1797 2720 1988 2786 subvertere
2012 2723 2116 2807 parie-

467 2839 532 2893 tem
548 2827 745 2912 dealbatum,
770 2829 870 2894 idest
892 2830 994 2916 ipsius
1010 2829 1092 2895 falso
1109 2829 1297 2916 pontificem
1312 2827 1527 2916 appellatum3
1553 2829 1612 2893 sed
1635 2829 1763 2914 accepit
1786 2828 1947 2910 iniuriam,
1973 2830 2117 2892 servavit

466 2937 666 3022 patientiam,
697 2958 759 3000 nec
782 2934 881 3000 ullam
911 2946 979 3000 tam
1008 2937 1111 3022 iniqui
1142 2935 1303 3022 pontilicis
1334 2936 1479 3022 captavit
1502 2957 1580 3021 erga
1610 2958 1644 2999 so
1676 2935 1889 2999 clementiam.
1938 2934 1994 3000 Sic
2019 2936 2117 3020 igitur

467 3053 500 3106 et
522 3065 592 3124 nos,
617 3044 794 3128 opitulante
818 3043 900 3128 ipso,
924 3065 1091 3108 servemus
1106 3043 1304 3130 pacientiam
1327 3065 1389 3106 nec
1408 3041 1506 3106 ullam
1529 3043 1714 3128 iniquorum
1737 3042 1926 3128 pontificum
1947 3052 2116 3128 captemus
2133 3065 2156 3104 ss

467 3147 683 3230 clementiam,
713 3147 976 3214 benevolentiam
999 3150 1052 3214 vel
1075 3149 1340 3231 munificentiam,
1371 3150 1398 3212 si
1426 3150 1529 3236 magis
1553 3149 1701 3213 volumus
1733 3171 1805 3213 cum
1830 3146 1960 3213 Christo
1985 3147 2115 3228 salvari,

467 3277 564 3343 quam
587 3257 673 3320 inter
694 3256 869 3342 impiorum
896 3256 1086 3342 pontificum
1117 3255 1301 3320 adulatores
1332 3254 1490 3320 damnari.
1536 3254 1671 3320 Habent
1700 3256 1753 3319 isti
1783 3255 1954 3342 pontifices
1979 3253 2116 3341 Caypbe

359 3387 449 3432 unos.
467 3361 660 3444 consimiles,
684 3363 718 3426 in
734 3362 890 3428 cathedra
905 3363 1012 3450 Moysi
1036 3363 1186 3428 sedentes
1203 3364 1300 3427 etiam
1323 3362 1358 3426 in
1381 3362 1443 3427 boc
1459 3362 1649 3427 affinitatem
1666 3366 1755 3426 *curn
1774 3360 1829 3426 illo
1846 3359 1994 3448 Caypha,
2017 3361 2115 3448 quod,

467 3470 551 3533 sicut
573 3468 627 3533 ille
644 3468 809 3534 Christum
830 3471 996 3556 captivum
1019 3470 1123 3535 tenuit
1146 3480 1178 3534 et
1201 3468 1322 3534 occidit
1344 3491 1410 3533 non
1433 3469 1536 3534 solum
1560 3491 1619 3533 sna
1642 3468 1763 3554 lingua,
1788 3467 1845 3532 sed
1869 3469 1967 3532 etiam
1995 3479 2115 3533 mann⁰

466 3576 629 3641 Romana:
653 3577 700 3641 ita
722 3577 776 3640 isti
792 3574 956 3641 Christum
973 3577 1067 3664 quasi
1083 3577 1248 3663 captivum
1272 3577 1305 3641 in
1322 3577 1533 3641 sacramentis
1557 3574 1690 3640 tradunt
1711 3575 1784 3656 illis,
1810 3572 1928 3661 quibus
1943 3576 2015 3661 ipse
2032 3575 2116 3639 tradi
2134 3599 2158 3638 ro

290 3705 530 3759 1.oor.11‚sr.non
553 3682 631 3764 vult,
656 3693 692 3746 ut
714 3682 794 3747 fiant
816 3684 865 3747 rei
888 3684 1033 3769 corporis
1057 3694 1089 3748 et
1112 3684 1278 3770 sanguinis
1302 3683 1447 3764 Domini,
1478 3705 1543 3747 non
1573 3681 1677 3747 solum
1700 3682 1777 3747 dum
1807 3682 1870 3768 ipsi
1893 3681 1956 3745 sibi
1980 3680 2116 3746 mandu-

466 3803 542 3854 cant
565 3799 597 3852 et
620 3787 737 3854 bibunt
759 3788 926 3872 iudicium,
951 3790 1010 3854 sed
1033 3791 1131 3854 etiam
1155 3790 1230 3854 dum
1254 3789 1315 3871 his,
1340 3812 1420 3876 quos
1445 3811 1546 3876 usque
1571 3789 1613 3853 ad
1630 3788 1824 3878 condignam
1841 3789 2055 3875 penitentiam
2075 3787 2115 3852 ab

466 3895 606 3960 eeclesia
631 3895 752 3982 pellere
776 3894 944 3978 deberent,
976 3899 1082 3983 ipsum
1113 3919 1230 3983 corpus
1253 3896 1388 3960 Domini
1418 3895 1550 3960 tradunt
1579 3894 1851 3978 manducandum,
1883 3895 1995 3981 quodd
2025 3893 2114 3959 idem

467 4013 516 4066 est
538 4004 607 4067 acsi
631 4003 797 4067 traderent
812 4002 977 4068 Christum
1000 4002 1151 4090 gentibus
1176 4003 1218 4068 ad
1241 4003 1453 4068 inludendum
1476 4013 1508 4066 et
1524 4001 1768 4088 conspuendum
1792 4012 1824 4066 et
1847 4001 2115 4087 crucifigendum,

374 4135 448 4178 aar.
467 4109 553 4194 quia,
585 4119 724 4174 testante
748 4109 904 4196 apostolo,
935 4121 1045 4174 reatus
1070 4111 1214 4197 corporis
1238 4122 1270 4174 et
1293 4111 1425 4196 sanguis
1449 4109 1583 4173 Domini
1608 4107 1817 4191 contrahitur,
1842 4107 1972 4195 quando
1997 4131 2116 4195 corpus
2135 4132 2161 4173 ss

467 4227 499 4278 et
522 4217 655 4301 sanguis
679 4218 749 4280 eius
772 4216 906 4302 indigue
930 4216 1155 4281 manducatur.
1190 4215 1235 4280 A:
1256 4215 1304 4280 illi
1327 4216 1490 4280 manifesti
1513 4215 1658 4296 heretici,
1681 4216 1801 4301 precisi
1816 4215 1966 4301 palmites
1983 4225 2016 4279 et
2032 4215 2115 4280 aridi

446 4331 499 4384 ¹et
522 4323 652 4386 omnino
676 4324 804 4404 mortui,
829 4333 861 4387 et
883 4333 1082 4388 mortuorum
1114 4333 1389 4388 sacramentorum
1419 4321 1548 4386 inutiles
1571 4323 1721 4402 ministri,
1752 4345 1813 4386 nec
1836 4321 1950 4386 saltem
1974 4320 2036 4386 hoc
2061 4320 2115 4386 de-

466 4427 545 4492 bent
568 4430 766 4510 existimare,
791 4428 879 4515 quod
901 4429 954 4493 vel
978 4428 1033 4494 illo
1056 4430 1153 4494 modo
1177 4453 1240 4516 quo
1265 4452 1339 4493 eum
1363 4427 1517 4514 Cayphas
1540 4428 1628 4514 apud
1651 4451 1686 4492 se
1714 4427 1827 4492 habuit
1857 4427 1999 4493 habeant
2022 4427 2114 4494 Chri-

466 4545 549 4600 stum
574 4534 628 4599 vel
652 4558 769 4622 corpus
793 4537 895 4622 ipsius
911 4537 1087 4618 vivificum,
1112 4559 1298 4624 quanquam
1322 4533 1464 4600 babeant
1488 4536 1632 4622 corporis
1649 4535 1782 4600 Domini
1806 4545 2055 4618 sacramentum,
2081 4545 2116 4599 ut

465 4643 613 4728 superius
638 4652 687 4706 est
710 4653 884 4707 ostensum.
2133 4631 2161 4706 lo

572 4749 712 4813 Rursum
735 4772 800 4814 non
824 4749 899 4814 inde
923 4747 986 4813 sibi
1008 4747 1224 4832 blandiamur,
1241 4749 1371 4836 quodsi
1395 4772 1460 4812 non
1476 4760 1526 4813 est
1541 4747 1689 4813 Christus
1713 4750 1873 4813 incorum
1891 4751 2114 4829 sacramentis,

465 4855 528 4941 ipsi
552 4854 779 4941 participando
803 4855 866 4920 illis
890 4878 955 4920 non
978 4856 1057 4920 fiant
1079 4858 1126 4921 rei
1151 4857 1295 4942 corporis
1320 4867 1352 4920 et
1375 4856 1542 4941 sanguinis
1565 4855 1709 4920 Domini.
1755 4855 1833 4920 Pari
1856 4855 1943 4919 enim
1966 4855 2019 4919 vel
2043 4878 2115 4940 gra·

465 4961 548 5026 viori
574 4984 628 5027 eos
652 4973 747 5026 reatu
769 4973 897 5027 constat
912 4963 1057 5048 astringi,
1081 4961 1280 5028 occisoribus
1297 4964 1382 5027 enim
1406 4962 1508 5048 ipsius
1525 4962 1644 5026 Christi
1661 4960 1947 5049 perseverantibus
1971 4963 2005 5025 in
2022 4972 2115 5026 reatu

467 5090 524 5132 suo
549 5070 693 5154 graviter
715 5066 937 5156 imputabatur
959 5071 1031 5156 ipsa
1054 5071 1123 5135 eius
1147 5071 1284 5153 occisio,
1313 5069 1372 5134 sed
1394 5070 1526 5155 gravius
1550 5069 1708 5155 imputata
1730 5068 1845 5133 fuisset
1867 5069 1968 5154 ipsius
1992 5066 2114 5133 Christi

467 5173 595 5258 divisio,
621 5176 648 5239 si
665 5199 739 5240 eum
755 5187 912 5262 tanquam
935 5175 1051 5241 laniste
1067 5176 1254 5240 divisissent
1277 5187 1310 5240 et
1332 5174 1535 5240 membratim
1556 5175 1825 5261 discerpsissent⁰
1849 5197 1988 5262 ossaque
2012 5175 2114 5260 ipsius
2133 5199 2159 5236 rs

362 5307 447 5349 ·r.1ro.
467 5280 713 5368 confregissent.
762 5282 854 5346 'Hoc
884 5292 993 5347 autern
1022 5283 1093 5347 fieri
1123 5305 1189 5347 non
1213 5282 1331 5364 decuit,
1355 5283 1508 5369 quoniam
1531 5281 1633 5345 Filius
1661 5280 1799 5346 hominis
1823 5281 2002 5346 secundum
2026 5279 2115 5367 quod

466 5385 508 5451 de
531 5409 570 5452 eo
594 5387 767 5452 diffinitum
791 5400 861 5452 erat
898 5388 941 5453 ad
963 5391 1094 5454 Patrem
1117 5389 1251 5472 vadens,
1282 5388 1382 5454 nichil
1410 5388 1472 5452 sibi
1495 5389 1549 5452 vel
1573 5390 1700 5475 corpori
1728 5411 1785 5452 suo
1809 5411 1967 5474 penarum
1990 5386 2044 5452 vel
2066 5389 2113 5450 in-

573 5568 599 5632 a)
622 5588 665 5636 ap.
684 5572 740 5622 her.
760 5573 784 5621 2.
805 5573 829 5622 3.
903 5569 931 5634 b)
952 5573 977 5622 h.
997 5543 1067 5638 M·
1087 5575 1111 5624 3.
1185 5568 1210 5633 o)
1232 5573 1264 5622 R.
1283 5589 1318 5622 m.
1337 5575 1362 5622 2.
1382 5574 1406 5622 3.
1479 5567 1507 5632 d)
1530 5569 1841 5636 quod-inludendum
1860 5589 1907 5621 om.
1921 5574 1945 5621 3.
2019 5569 2045 5632 e)
2068 5571 2114 5621 de·

467 5661 631 5725 carpsissent
650 5662 675 5712 3.
