4426 6398
444 375 510 442 644
998 379 1233 440 'I'BAOTATUS
1258 377 1548 438 thomocartis.

444 572 527 636 tioiie
544 571 690 656 protiilit,
714 569 753 636 de
768 570 846 657 fato
869 583 898 636 et
918 568 1079 638 sideribus
1101 581 1306 655 exponamur.
1346 565 1488 634 Ceterum
1506 565 1685 632 Girardum
1701 590 1823 652 quoque
1838 567 2098 632 litteratissimum

437 677 580 764 fnisse1,
604 678 639 742 in
655 700 759 762 prosa
782 699 851 740 oum
873 675 990 756 Tullio,
1014 677 1049 740 in
1065 677 1163 762 poesi
1183 699 1252 740 cum
1273 673 1412 762 Verqilio
1435 673 1716 761 aornparondum²,
1740 676 1822 740 inter
1845 697 1953 738 omnes
1977 688 2098 738 condat

448 782 617 868 Quidquid
638 807 711 870 erqo
734 807 830 868 usque
857 782 903 848 ad
928 782 967 848 id
988 783 1137 869 temporis
1160 781 1198 848 de
1221 781 1459 867 archiepiscopo
1482 781 1649 867 inplorare
1667 783 1841 867 potuimus,
1872 804 1935 866 quo
1958 781 2100 844 ultimum

446 913 552 954 eorum
568 903 765 968 tractatuum,
789 913 922 974 qnorum
937 889 1054 974 epoclia
1069 889 1234 974 aliquanto
1249 889 1364 954 cutim
1380 887 1514 974 definiri
1523 901 1634 974 potest,
1657 890 1860 975 compositum
1886 911 1952 952 esse
1976 901 2100 967 comui,

446 998 641 1062 coniecturae
657 998 843 1082 propositae
865 1019 926 1060 non
950 996 1032 1060 male
1055 1019 1223 1082 oonqiuere
1246 994 1379 1060 videtin.
2116 1017 2128 1056 i

552 1101 662 1188 Neque
692 1125 765 1166 uero
795 1125 875 1187 quae
900 1099 1065 1168 Girardns
1091 1125 1131 1166 eu
1155 1124 1190 1166 eo
1213 1114 1349 1188 tempure
1368 1102 1474 1188 qeesit,
1498 1102 1532 1165 ei
1551 1101 1672 1166 obstare
1695 1102 1847 1166 0005000.
1897 1100 1995 1165 Anno
2022 1103 2100 1166 enin

450 1209 544 1274 1105.
570 1211 613 1274 in.
639 1221 668 1274 et
688 1208 857 1274 Anselmus
880 1221 909 1274 et
930 1206 1098 1274 Pasabali's
1120 1205 1169 1286 ΙΙ,
1190 1221 1357 1294 postquam
1373 1231 1437 1295 per
1460 1208 1619 1272 biennium
1643 1207 1733 1272 nulla
1756 1209 1838 1272 inter
1861 1222 2013 1293 utrosque
2035 1231 2102 1272 con·

446 1315 575 1382 suenido
599 1317 781 1394 intercessit,
805 1328 929 1400 repente
951 1314 997 1380 ad
1017 1315 1289 1402 archiepiscopum
1313 1313 1542 1379 Eboraoensem
1566 1314 1716 1400 epistolis
1738 1313 1925 1395 dederunt⁸,
1953 1315 2012 1378 ille
2035 1338 2103 1378 uero

446 1447 569 1488 summa
585 1423 755 1501 deuotione,
778 1446 815 1486 00
832 1421 937 1486 dicam
953 1420 1147 1502 adulatione,
1170 1423 1295 1507 utrique
1309 1421 1482 1508 respondit,
1505 1420 1551 1485 ad
1565 1419 1898 1508 Arieelmifactionem
1921 1445 1955 1486 se
1979 1422 2103 1485 cessim

440 1530 613 1619 professus
631 1531 794 1615 illumque,
817 1553 855 1592 ne
871 1529 937 1592 iam
952 1529 1067 1608 uerbis,
1089 1527 1147 1593 sed
1168 1527 1290 1593 tandem
1300 1529 1409 1616 factis
1430 1551 1532 1616 reqem
1555 1529 1764 1614 impuqnaret,
1786 1541 1895 1615 aperte
1918 1527 2102 1593 cohortatus.
2121 1551 2142 1590 10

451 1637 517 1714 Qui
537 1661 605 1702 cnm
624 1635 769 1704 Girardo
787 1659 907 1722 parum
931 1636 1066 1722 confinis
1085 1635 1254 1721 paulisper
1270 1647 1476 1715 inueniretur,
1499 1633 1711 1699 Eboracensis
1733 1635 1812 1700 aliis
1834 1635 1981 1721 epistolis
2004 1635 2055 1698 nil
2073 1659 2104 1699 se

448 1745 612 1828 antiquins
633 1743 746 1808 babere
762 1767 828 1828 pro
851 1755 932 1806 certo
955 1741 1148 1830 affimavit,
1175 1765 1270 1826 quani
1293 1755 1327 1806 ut
1343 1743 1472 1827 primae
1495 1741 1569 1806 seul
1590 1740 1714 1806 tandem
1737 1742 1772 1805 in
1794 1740 1950 1830 Anqliam
1975 1755 2103 1806 reuerte-

448 1863 534 1914 retnr
556 1861 586 1914 et
599 1850 870 1934 perturbationem
885 1849 1033 1914 00010000
1056 1848 1201 1935 afflictae
1223 1847 1355 1912 sedaret.
1391 1847 1549 1912 Dubitari
1569 1871 1642 1934 erqo
1664 1871 1727 1912 non
1742 1861 1857 1934 potest,
1881 1849 1973 1933 quin,
1991 1849 2104 1934 paullo

449 1969 615 2042 antequam
638 1957 720 2020 inter
742 1979 844 2043 reqem
867 1969 896 2020 et
916 1954 1101 2020 Anselmnm
1121 1979 1191 2040 pau
1212 1953 1426 2042 redinteqrata
1449 1957 1523 2035 est⁴,
1549 1953 1713 2018 Girardns
1736 1956 1771 2019 in
1791 1956 1933 2042 qratiam
1952 1956 2104 2040 primatis

449 2061 556 2128 redire
579 2061 820 2150 diliqentissime
842 2061 1006 2128 studuerit.
1049 2060 1142 2139 Quod
1163 2085 1227 2146 qua
1250 2061 1288 2126 de
1312 2085 1409 2126 cansa
1425 2061 1556 2148 fecerit,
1579 2084 1642 2124 non
1664 2073 1783 2126 constat
1803 2083 1903 2146 neque
1926 2062 2104 2125 coniectura
2121 2085 2143 2123 0

444 2169 615 2256 probabili
634 2171 764 2254 assequi
775 2192 872 2256 posse
894 2169 979 2234 milii
998 2168 1117 2236 videor.
1164 2167 1210 2232 At
1237 2167 1297 2234 bac
1324 2169 1534 2233 inconstantia
1561 2167 1798 2254 archiepiscopi
1817 2167 1964 2232 seductis
1988 2167 2105 2232 diuam

450 2279 533 2362 quis,
556 2275 719 2363 quidquid
733 2275 771 2340 de
787 2289 912 2340 anctore
928 2289 1114 2342 tractatuum
1129 2277 1305 2356 statuimus,
1329 2277 1456 2340 irritum
1473 2298 1548 2354 esse,
1564 2299 1633 2338 aum
1648 2273 1739 2354 adeo,
1758 2287 1792 2338 ut
1808 2273 1987 2355 Oirardus,
2003 2287 2103 2340 noster

450 2385 592 2448 animum
615 2397 671 2448 aut
691 2383 800 2448 saltem
817 2383 995 2470 factionem
1019 2396 1139 2448 mutare
1163 2385 1219 2448 viu
1233 2383 1383 2468 potierit.
1426 2380 1472 2445 At
1493 2405 1549 2444 cur
1572 2381 1662 2446 illum
1687 2406 1707 2446 a
1730 2381 1857 2445 clericis
1879 2383 1936 2446 eni
1955 2383 2103 2467 temporie

451 2503 534 2554 tanto
564 2488 697 2576 differre
720 2502 887 2575 putemne,
922 2513 1053 2574 qnorum
1080 2489 1257 2576 permultae
1290 2490 1325 2554 in
1359 2512 1472 2576 maqno
1507 2488 1564 2552 illo
1598 2511 1706 2574 requm
1735 2501 1765 2552 et
1786 2489 1977 2576 pontificum
2008 2503 2102 2553 certa-

450 2598 534 2661 mine
556 2595 648 2660 modo
671 2595 741 2675 buo,
771 2595 863 2660 modo
892 2595 971 2660 illuc
1000 2597 1182 2676 inclinasse,
1213 2595 1304 2661 modo
1321 2619 1485 2682 paparum
1515 2607 1679 2660 sectatores
1709 2595 1843 2675 devotos,
1873 2595 1968 2660 modo
1998 2619 2102 2682 requm
2119 2618 2142 2656 io

447 2715 698 2789 propnqnatores
719 2701 886 2782 studiosos,
911 2715 1073 2788 utcumque
1103 2703 1337 2788 aliquantisper
1359 2704 1405 2766 eis
1428 2701 1505 2766 utile
1527 2701 1702 2780 uidebatur,
1730 2704 1868 2767 0000000
1890 2725 1954 2766 non
1978 2704 2102 2790 090ον0-

450 2811 551 2888 00005,
573 2811 766 2894 praesertim
789 2833 858 2872 oum
884 2823 987 2872 noster
1008 2807 1158 2873 Anielmo
1182 2821 1210 2873 et
1231 2807 1386 2873 Pasaboli
1406 2809 1592 2872 obstinatiae
1613 2809 1870 2896 repuqnantibns,
1899 2833 1997 2894 quam
2021 2811 2102 2895 quic

325 3001 328 3009 .
451 2939 545 3000 qnam
567 2929 760 3001 speraverat,
783 2914 829 2980 ad
850 2915 931 2979 liano
953 2916 1192 2980 inconstantiam
1217 2939 1252 2979 eo
1260 2915 1404 3003 facili-ns
1425 2913 1537 2979 seduci
1550 2928 1668 3000 posset,
1690 2938 1751 3000 qno
1775 2917 1897 2980 maiore
1918 2915 2026 2980 stedi-'o
2042 2919 2103 2980 iam

451 3046 480 3085 a.
496 3022 590 3085 1101.
608 3035 637 3086 et
657 3022 750 3086 1103.
776 3023 979 3087 investiturae
1001 3022 1107 3108 reqali
1127 3023 1268 3108 effectum
1290 3021 1491 3108 spiritualim
1515 3021 1621 3086 deesse
1641 3035 1875 3109 arqumentatus
1893 3021 2103 3110 Greqorianie

451 3152 572 3214 900900
594 3129 782 3216 satisfacere
805 3128 1026 3194 contenderat?
1071 3127 1142 3193 Iam
1173 3152 1244 3193 uero
1275 3152 1379 3192 omnes
1409 3151 1486 3212 quos
1514 3141 1618 3192 noster
1639 3151 1704 3215 pro
1727 3152 1798 3216 reqe
1820 3131 1954 3215 erripuit
1984 3130 2103 3194 libellos
2119 3151 2142 3190 ii

451 3250 522 3301 aute
544 3261 573 3300 a.
591 3236 684 3300 1104.
702 3238 745 3300 in.
771 3237 957 3323 compositos
978 3259 1043 3300 esse
1061 3248 1159 3322 patet,
1186 3236 1281 3300 multo
1305 3233 1461 3314 videlicet,
1483 3249 1649 3320 antequam
1674 3234 1840 3300 Girardus
1862 3259 1933 3300 oum
1956 3234 2103 3301 Anselmo

451 3367 483 3406 se
505 3343 732 3407 reconciliavit.
784 3342 924 3408 (letarum
948 3343 983 3406 in
1006 3343 1112 3406 codiee
1136 3356 1239 3406 nostro
1255 3342 1474 3430 frnqmentum
1499 3344 1593 3405 unius
1617 3340 1722 3406 libelli
1741 3341 1882 3422 babetur,
1913 3366 1975 3427 quo
1999 3357 2104 3407 auctor

452 3449 635 3537 diqni'tatem
652 3451 870 3537 pontificalem
892 3451 998 3537 reqiae
1021 3450 1117 3514 multo
1137 3450 1316 3528 antecedere
1331 3449 1553 3528 demonenat⁶,
1576 3448 1662 3533 quod
1684 3447 1826 3533 equidem
1850 3462 1924 3514 tunc
1946 3451 2103 3535 temporis,

452 3581 513 3643 qno
531 3555 706 3636 Girardns,
728 3557 843 3636 nmoio,
867 3581 930 3641 qna
954 3557 991 3622 ile
1015 3580 1122 3637 caina,
1143 3556 1188 3620 ad
1202 3556 1483 3642 Anselmipartem
1499 3557 1636 3636 transiit,
1652 3553 1810 3620 conditum
1827 3579 1892 3620 esse
1909 3558 2101 3620 coniecerim.

453 3661 509 3728 Sic
531 3687 569 3728 00
592 3663 671 3728 leuis
693 3663 821 3748 quidem
850 3665 1042 3748 000900000ίο
1071 3686 1151 3728 0000
1180 3663 1382 3747 relinquitur,
1413 3664 1508 3726 immo
1535 3685 1596 3726 non
1624 3661 1745 3726 modice
1766 3665 1920 3727 smnmtia
1936 3665 2104 3749 proposita
2120 3684 2143 3723 n

453 3770 641 3856 confirmari
660 3769 793 3834 uidetur.
832 3768 1010 3833 Girardum
1027 3793 1099 3856 erqo
1115 3782 1171 3833 aut
1184 3783 1263 3833 certe
1279 3769 1427 3833 alericum
1450 3770 1484 3833 ei
1496 3769 1765 3856 familiarissime
1787 3771 1988 3834 coniunctum
2003 3783 2103 3834 aucto-

452 3901 518 3940 rem
541 3878 634 3940 totins
656 3878 800 3962 corporis
823 3876 1001 3940 libellorum
1018 3878 1231 3962 pronuntiare
1253 3899 1315 3940 non
1338 3899 1454 3940 uereor.

560 3982 610 4047 De
639 3983 877 4068 archiepiscopo
909 3983 994 4068 i'pso,
1026 3997 1061 4048 ut
1092 3981 1234 4061 redeam,
1266 3982 1349 4046 unde
1383 3981 1512 4063 diverti,
1541 4006 1651 4068 pauca
1684 3981 1858 4048 adicienda
1891 3997 1974 4047 eunt.
2027 3983 2107 4049 Paci

453 4089 597 4153 01107.
622 4089 704 4176 Anq.
722 4091 766 4154 in.
791 4091 873 4154 inter
895 4113 1024 4176 reqnum
1048 4103 1076 4154 et
1096 4089 1306 4154 sacerdotium
1322 4090 1459 4177 factae⁷
1480 4113 1512 4153 se
1535 4113 1597 4153 non
1620 4090 1777 4154 subtranit
1797 4093 1896 4176 nique
1913 4105 2023 4177 pacto,
2046 4115 2104 4177 qno

453 4221 511 4260 reu
540 4197 624 4261 litem
654 4197 862 4282 interipsum
886 4210 916 4260 et
935 4195 1120 4260 Anselmum
1144 4196 1182 4260 de
1198 4197 1404 4283 professione
1434 4195 1646 4261 oboedientiae
1675 4210 1812 4261 exortam
1837 4219 2022 4284 componere
2044 4213 2104 4262 stu·
2120 4218 2144 4258 ii

454 4302 554 4383 duiiss,
579 4305 774 4390 ,suffroqi'nm
805 4328 894 4367 snum
926 4303 1099 4389 deneqaoi't,
1123 4305 1315 4388 praesertim
1338 4328 1408 4366 cum
1431 4302 1505 4367 inde
1528 4303 1739 4368 Eboracensis
1762 4304 1911 4368 ecclesiae
1934 4308 2104 4370 auotoritas

453 4410 539 4474 nibil
566 4409 680 4474 damni
706 4411 886 4474 contrahere
917 4409 1083 4474 uideretur.
1132 4407 1257 4473 Deinde
1280 4409 1504 4496 Hierosolyma
1523 4411 1731 4496 pereqri'nari
1743 4411 1894 4496 parabat.
1944 4409 2013 4476 Sed
2040 4413 2103 4476 iam

453 4540 482 4579 a.
503 4516 597 4578 1108.
622 4515 703 4582 Mai.
722 4517 776 4596 21,
800 4541 869 4580 oum
892 4517 1045 4604 synodum
1069 4541 1138 4580 oum
1157 4515 1306 4579 Aneelmo
1330 4516 1540 4580 celebraturus
1562 4515 1759 4581 Londinium
1777 4518 2047 4604 proficisceretur,
2071 4521 2103 4582 in

446 4621 586 4708 praedio
614 4646 669 4686 suo
694 4621 914 4688 Sntbnoellensi
941 4637 1036 4687 morte
1059 4636 1252 4708 praeuentus
1282 4625 1354 4686 est9.
1402 4621 1492 4686 Adeo
1516 4637 1617 4688 autem
1642 4621 1680 4686 de
1702 4622 1829 4688 bonosi
1849 4637 1878 4688 et
1899 4625 2103 4710 impudicitia

563 4877 592 4948 1)
618 4878 808 4936 Liebermann
830 4880 848 4934 l.
866 4880 884 4935 l.
903 4899 937 4953 p.
954 4877 1026 4948 162,
1043 4899 1072 4935 0.
1090 4878 1119 4934 9.
1190 4875 1221 4952 2)
1244 4879 1329 4954 Ηο90
1352 4880 1370 4935 l.
1388 4880 1406 4935 l.
1423 4878 1464 4950 II,
1484 4898 1517 4954 p.
1538 4878 1609 4935 109.
1636 4877 1759 4937 Carmen
1781 4899 1868 4937 unum
1891 4881 1980 4941 inlidit
1993 4880 2104 4938 Dinon-
2121 4897 2146 4934 io

452 4984 557 5055 Raine,
582 4983 677 5042 ‘Lines
699 4985 738 5057 os
756 4986 800 5041 tlie
822 4985 1006 5061 arebbisbops
1028 4985 1067 5057 os
1091 4984 1182 5042 Yorlo'
1201 5006 1235 5060 p.
1255 4985 1326 5042 162.
1364 4986 1511 5062 Epistolas
1532 4988 1644 5044 saeculo
1659 4986 1730 5043 XII.
1759 4987 1789 5043 in
1813 4987 1907 5044 codice
1930 4987 2105 5045 bibliotltecae

453 5091 604 5149 Beccensi's
619 5099 782 5148 ascertains
805 5086 858 5166 (cs.
877 5094 1034 5169 camloqum
1049 5091 1182 5149 librorum
1199 5091 1260 5149 abb.
1276 5092 1371 5164 Beca,
1389 5093 1560 5165 Rauaisson,
1578 5092 1748 5169 ‘Rapports'
1760 5113 1794 5169 p.
1809 5092 1883 5164 793,
1910 5093 2010 5170 bsiqne
2031 5093 2102 5164 150,

454 5200 504 5255 col.
519 5193 595 5274 781)
624 5197 786 5273 deperditas
809 5199 939 5255 dolenen.
981 5198 1064 5263 Quae
1086 5199 1116 5256 in
1141 5197 1363 5275 Quadripertita
1380 5219 1414 5275 p.
1435 5199 1493 5254 151
1512 5220 1573 5275 sqq.
1598 5207 1705 5270 entant,
1730 5219 1788 5257 non
1810 5199 1969 5278 sufficiunt,
1993 5211 2025 5258 ut
2046 5220 2104 5258 ser-

453 5325 560 5362 monem
583 5305 674 5362 nostri
695 5313 721 5362 el
744 5302 869 5362 Girardt'
890 5314 1024 5362 000000Ιο
1047 5306 1238 5377 conseramus.
1309 5303 1339 5375 3)
1366 5304 1415 5378 Of.
1434 5304 1626 5382 Quadripert.
1644 5326 1678 5382 p.
1698 5305 1759 5362 155
1776 5327 1837 5383 sqq.
1907 5305 1939 5376 4)
1957 5305 1993 5364 A.
2010 5306 2103 5364 1105.

453 5411 508 5467 Iul.
526 5410 582 5479 21;
606 5409 728 5467 Sctmtu
751 5413 769 5466 l.
786 5413 804 5466 l.
823 5431 858 5486 p.
876 5410 927 5467 85.
998 5409 1029 5486 5)
1054 5411 1102 5484 Of.
1127 5430 1200 5488 qnae
1216 5411 1254 5468 K.
1274 5411 1409 5468 Franclie
1432 5413 1466 5468 de
1484 5411 1653 5470 Tbeaderi'eo
1677 5412 1806 5488 epi'scopo
1824 5413 1998 5471 Virdimenii
2015 5434 2103 5490 prae
2121 5429 2148 5469 0

447 5517 534 5588 fatus
549 5523 597 5586 esl,
622 5516 684 5572 Lib.
701 5518 736 5573 de
751 5517 797 5574 lite
819 5517 844 5588 I,
863 5537 897 5593 p.
916 5517 978 5574 280
994 5538 1056 5594 sqq.
1127 5515 1157 5592 6)
1174 5517 1208 5574 Ρ.
1227 5517 1368 5574 85-86.
1438 5515 1470 5592 l)
1494 5517 1615 5576 Sinniu
1637 5520 1656 5575 l.
1674 5519 1691 5574 l.
1711 5538 1745 5594 p.
1762 5518 1821 5575 101
1836 5540 1878 5596 sq.
1949 5517 1982 5595 8)
1998 5519 2103 5578 ‘ffisto

453 5621 535 5679 riano
557 5621 596 5693 os
613 5622 699 5694 Yorlc,
724 5623 822 5681 Notice
844 5624 884 5696 of
902 5625 947 5680 tbi
968 5626 1092 5701 strnqqle
1114 5624 1154 5696 os
1172 5625 1217 5682 tbe
1239 5625 1358 5682 eburclts
1381 5625 1419 5696 os
1435 5624 1514 5682 Yorlc
1536 5626 1599 5682 and
1616 5623 1809 5700 Canterburq’
1826 5626 1883 5696 ΙΙΙ,
1902 5646 1936 5702 p.
1957 5626 2100 5696 14-16,

453 5749 537 5805 qnam
560 5729 686 5786 notitiam
712 5728 888 5788 Cantuarioe
912 5730 1089 5805 ooiiqiositom
1114 5751 1171 5788 esse
1188 5740 1279 5806 putet.
1372 5727 1403 5805 9)
1426 5731 1511 5808 Ηο90
1534 5734 1552 5788 l.
1570 5733 1588 5788 l.
1607 5751 1641 5807 p.
1657 5732 1729 5788 111.
