<?xml version="1.0" encoding="UTF-8"?>
<!DOCTYPE html PUBLIC "-//W3C//DTD XHTML 1.0 Transitional//EN"
    "http://www.w3.org/TR/xhtml1/DTD/xhtml1-transitional.dtd">
<html xmlns="http://www.w3.org/1999/xhtml" xml:lang="en" lang="en">
 <head>
  <title>
</title>
<meta http-equiv="Content-Type" content="text/html;charset=utf-8" />
  <meta name='ocr-system' content='tesseract 3.04.00' />
  <meta name='ocr-capabilities' content='ocr_page ocr_carea ocr_par ocr_line ocrx_word'/>
</head>
<body>
  <div class='ocr_page' id='page_1' title='image "./monumentagerman00unkngoog_0141.png"; bbox 0 0 4544 6420; ppageno 0'>
   <div class='ocr_carea' id='block_1_1' title="bbox 469 346 1589 455">
    <p class='ocr_par' dir='ltr' id='par_1_1' title="bbox 469 346 1589 455">
     <span class='ocr_line' id='line_1_1' title="bbox 469 346 1589 455; baseline 0.001 -2"><span class='ocrx_word' id='word_1_1' title='bbox 469 391 530 455; x_wconf 89' lang='lat'>130</span> <span class='ocrx_word' id='word_1_2' title='bbox 998 373 1225 452; x_wconf 74' lang='lat' dir='ltr'>TutcsnTUS</span> <span class='ocrx_word' id='word_1_3' title='bbox 1245 346 1315 438; x_wconf 57' lang='lat' dir='ltr'>DQ</span> <span class='ocrx_word' id='word_1_4' title='bbox 1346 393 1589 454; x_wconf 78' lang='lat' dir='ltr'>sussusmcrs</span> 
     </span>
    </p>
   </div>
   <div class='ocr_carea' id='block_1_2' title="bbox 294 575 2167 4599">
    <p class='ocr_par' dir='ltr' id='par_1_2' title="bbox 294 575 2167 4599">
     <span class='ocr_line' id='line_1_2' title="bbox 467 575 2116 672; baseline 0 -22"><span class='ocrx_word' id='word_1_5' title='bbox 467 599 534 650; x_wconf 86' lang='lat' dir='ltr'>tam</span> <span class='ocrx_word' id='word_1_6' title='bbox 550 585 718 650; x_wconf 88' lang='lat' dir='ltr'>tremenda</span> <span class='ocrx_word' id='word_1_7' title='bbox 733 585 826 667; x_wconf 82' lang='lat' dir='ltr'>dixit,</span> <span class='ocrx_word' id='word_1_8' title='bbox 851 585 930 672; x_wconf 91' lang='lat' dir='ltr'>quid</span> <span class='ocrx_word' id='word_1_9' title='bbox 946 584 986 649; x_wconf 88' lang='lat' dir='ltr'>de</span> <span class='ocrx_word' id='word_1_10' title='bbox 1002 585 1081 671; x_wconf 90' lang='lat' dir='ltr'>ipsis</span> <span class='ocrx_word' id='word_1_11' title='bbox 1098 575 1285 648; x_wconf 78' lang='lat' dir='ltr'>auctoribus</span> <span class='ocrx_word' id='word_1_12' title='bbox 1304 585 1357 648; x_wconf 83' lang='lat' dir='ltr'>vel</span> <span class='ocrx_word' id='word_1_13' title='bbox 1374 584 1657 649; x_wconf 87' lang='lat' dir='ltr'>resuscitatoribus</span> <span class='ocrx_word' id='word_1_14' title='bbox 1677 586 1839 650; x_wconf 80' lang='lat' dir='ltr'>heresium</span> <span class='ocrx_word' id='word_1_15' title='bbox 1863 599 1894 650; x_wconf 95' lang='lat' dir='ltr'>et</span> <span class='ocrx_word' id='word_1_16' title='bbox 1918 589 2116 669; x_wconf 76' lang='lat' dir='ltr'>scismatum,</span> 
     </span>
     <span class='ocr_line' id='line_1_3' title="bbox 469 690 2117 779; baseline -0.001 -23"><span class='ocrx_word' id='word_1_17' title='bbox 469 692 547 778; x_wconf 95' lang='lat' dir='ltr'>quid</span> <span class='ocrx_word' id='word_1_18' title='bbox 577 692 617 756; x_wconf 91' lang='lat' dir='ltr'>de</span> <span class='ocrx_word' id='word_1_19' title='bbox 649 691 851 757; x_wconf 64' lang='lat' dir='ltr'>fautoribusa</span> <span class='ocrx_word' id='word_1_20' title='bbox 883 715 921 756; x_wconf 90' lang='lat' dir='ltr'>ac</span> <span class='ocrx_word' id='word_1_21' title='bbox 950 690 1172 756; x_wconf 83' lang='lat' dir='ltr'>defensoribus</span> <span class='ocrx_word' id='word_1_22' title='bbox 1204 709 1317 755; x_wconf 87' lang='lat' dir='ltr'>corum</span> <span class='ocrx_word' id='word_1_23' title='bbox 1348 691 1441 756; x_wconf 90' lang='lat' dir='ltr'>nobis</span> <span class='ocrx_word' id='word_1_24' title='bbox 1473 703 1521 756; x_wconf 90' lang='lat' dir='ltr'>est</span> <span class='ocrx_word' id='word_1_25' title='bbox 1551 693 1756 756; x_wconf 87' lang='lat' dir='ltr'>sentiendum</span> <span class='ocrx_word' id='word_1_26' title='bbox 1786 704 1883 779; x_wconf 90' lang='lat' dir='ltr'>atque</span> <span class='ocrx_word' id='word_1_27' title='bbox 1914 692 2117 757; x_wconf 84' lang='lat' dir='ltr'>tenendum?</span> 
     </span>
     <span class='ocr_line' id='line_1_4' title="bbox 469 797 2117 885; baseline 0 -23"><span class='ocrx_word' id='word_1_28' title='bbox 469 799 558 863; x_wconf 89' lang='lat' dir='ltr'>Inter</span> <span class='ocrx_word' id='word_1_29' title='bbox 580 798 641 862; x_wconf 89' lang='lat' dir='ltr'>hcc</span> <span class='ocrx_word' id='word_1_30' title='bbox 665 799 825 864; x_wconf 90' lang='lat' dir='ltr'>silendum</span> <span class='ocrx_word' id='word_1_31' title='bbox 848 821 913 862; x_wconf 89' lang='lat' dir='ltr'>non</span> <span class='ocrx_word' id='word_1_32' title='bbox 937 809 995 880; x_wconf 89' lang='lat' dir='ltr'>est,</span> <span class='ocrx_word' id='word_1_33' title='bbox 1020 798 1107 884; x_wconf 93' lang='lat' dir='ltr'>quod</span> <span class='ocrx_word' id='word_1_34' title='bbox 1130 797 1320 862; x_wconf 81' lang='lat' dir='ltr'><strong>Alexander</strong></span> <span class='ocrx_word' id='word_1_35' title='bbox 1343 822 1429 885; x_wconf 87' lang='lat' dir='ltr'>papa</span> <span class='ocrx_word' id='word_1_36' title='bbox 1453 821 1495 862; x_wconf 83' lang='lat' dir='ltr'>ex</span> <span class='ocrx_word' id='word_1_37' title='bbox 1518 798 1718 864; x_wconf 81' lang='lat' dir='ltr'>habundanti</span> <span class='ocrx_word' id='word_1_38' title='bbox 1743 799 1884 885; x_wconf 89' lang='lat' dir='ltr'>quidem,</span> <span class='ocrx_word' id='word_1_39' title='bbox 1909 811 1958 864; x_wconf 88' lang='lat' dir='ltr'>set</span> <span class='ocrx_word' id='word_1_40' title='bbox 1980 823 2046 864; x_wconf 91' lang='lat' dir='ltr'>non</span> <span class='ocrx_word' id='word_1_41' title='bbox 2069 800 2117 863; x_wconf 91' lang='lat' dir='ltr'>in-</span> 
     </span>
     <span class='ocr_line' id='line_1_5' title="bbox 470 905 2118 992; baseline -0.001 -22"><span class='ocrx_word' id='word_1_42' title='bbox 470 905 667 970; x_wconf 78' lang='lat' dir='ltr'>efficaciterb</span> <span class='ocrx_word' id='word_1_43' title='bbox 703 915 912 969; x_wconf 81' lang='lat' dir='ltr'>memoratam</span> <span class='ocrx_word' id='word_1_44' title='bbox 948 907 1204 969; x_wconf 88' lang='lat' dir='ltr'>scismaticorum</span> <span class='ocrx_word' id='word_1_45' title='bbox 1240 905 1501 992; x_wconf 87' lang='lat' dir='ltr'>dampnationem</span> <span class='ocrx_word' id='word_1_46' title='bbox 1537 907 1721 987; x_wconf 89' lang='lat' dir='ltr'>renovavit,</span> <span class='ocrx_word' id='word_1_47' title='bbox 1760 907 1814 992; x_wconf 90' lang='lat' dir='ltr'>qui</span> <span class='ocrx_word' id='word_1_48' title='bbox 1850 929 1948 992; x_wconf 90' lang='lat' dir='ltr'>super</span> <span class='ocrx_word' id='word_1_49' title='bbox 1982 929 2118 992; x_wconf 84' lang='lat' dir='ltr'>presens</span> 
     </span>
     <span class='ocr_line' id='line_1_6' title="bbox 470 1012 2156 1098; baseline 0.001 -22"><span class='ocrx_word' id='word_1_50' title='bbox 470 1014 588 1076; x_wconf 91' lang='lat' dir='ltr'>scisma</span> <span class='ocrx_word' id='word_1_51' title='bbox 623 1024 656 1076; x_wconf 90' lang='lat' dir='ltr'>ct</span> <span class='ocrx_word' id='word_1_52' title='bbox 690 1013 758 1076; x_wconf 90' lang='lat' dir='ltr'>eius</span> <span class='ocrx_word' id='word_1_53' title='bbox 797 1023 945 1076; x_wconf 87' lang='lat' dir='ltr'>auctores</span> <span class='ocrx_word' id='word_1_54' title='bbox 984 1034 1023 1076; x_wconf 89' lang='lat' dir='ltr'>ac</span> <span class='ocrx_word' id='word_1_55' title='bbox 1059 1012 1223 1098; x_wconf 81' lang='lat' dir='ltr'>conplices</span> <span class='ocrx_word' id='word_1_56' title='bbox 1262 1036 1393 1076; x_wconf 90' lang='lat' dir='ltr'>manum</span> <span class='ocrx_word' id='word_1_57' title='bbox 1433 1035 1489 1076; x_wconf 91' lang='lat' dir='ltr'>sue</span> <span class='ocrx_word' id='word_1_58' title='bbox 1529 1013 1880 1077; x_wconf 82' lang='lat' dir='ltr'>excommunicacionis</span> <span class='ocrx_word' id='word_1_59' title='bbox 1919 1014 2156 1098; x_wconf 85' lang='lat' dir='ltr'>aggraravit.s</span> 
     </span>
     <span class='ocr_line' id='line_1_7' title="bbox 471 1117 2115 1206; baseline -0.001 -23"><span class='ocrx_word' id='word_1_60' title='bbox 471 1118 641 1200; x_wconf 83' lang='lat' dir='ltr'>Quomodo</span> <span class='ocrx_word' id='word_1_61' title='bbox 672 1129 779 1182; x_wconf 90' lang='lat' dir='ltr'>autem</span> <span class='ocrx_word' id='word_1_62' title='bbox 810 1119 925 1182; x_wconf 87' lang='lat' dir='ltr'>fratres</span> <span class='ocrx_word' id='word_1_63' title='bbox 956 1119 1057 1182; x_wconf 80' lang='lat' dir='ltr'>nostri</span> <span class='ocrx_word' id='word_1_64' title='bbox 1080 1120 1186 1182; x_wconf 86' lang='lat' dir='ltr'>neutri</span> <span class='ocrx_word' id='word_1_65' title='bbox 1214 1119 1248 1182; x_wconf 92' lang='lat' dir='ltr'>in</span> <span class='ocrx_word' id='word_1_66' title='bbox 1271 1119 1332 1183; x_wconf 91' lang='lat' dir='ltr'>hoc</span> <span class='ocrx_word' id='word_1_67' title='bbox 1357 1120 1709 1183; x_wconf 88' lang='lat' dir='ltr'>excommunicacionis</span> <span class='ocrx_word' id='word_1_68' title='bbox 1734 1119 1920 1184; x_wconf 88' lang='lat' dir='ltr'>discrimine</span> <span class='ocrx_word' id='word_1_69' title='bbox 1944 1142 1978 1182; x_wconf 90' lang='lat' dir='ltr'>se</span> <span class='ocrx_word' id='word_1_70' title='bbox 2005 1117 2115 1206; x_wconf 62' lang='lat' dir='ltr'>[now]</span> 
     </span>
     <span class='ocr_line' id='line_1_8' title="bbox 367 1225 2117 1312; baseline -0.005 -16"><span class='ocrx_word' id='word_1_71' title='bbox 367 1253 453 1296; x_wconf 69' lang='lat' dir='ltr'>artu.</span> <span class='ocrx_word' id='word_1_72' title='bbox 471 1248 542 1290; x_wconf 90' lang='lat' dir='ltr'>esse</span> <span class='ocrx_word' id='word_1_73' title='bbox 573 1225 770 1312; x_wconf 76' lang='lat' dir='ltr'>opinantur?</span> <span class='ocrx_word' id='word_1_74' title='bbox 824 1225 1038 1311; x_wconf 83' lang='lat' dir='ltr'>Nequaquam</span> <span class='ocrx_word' id='word_1_75' title='bbox 1069 1248 1103 1288; x_wconf 90' lang='lat' dir='ltr'>se</span> <span class='ocrx_word' id='word_1_76' title='bbox 1134 1226 1228 1289; x_wconf 88' lang='lat' dir='ltr'>huius</span> <span class='ocrx_word' id='word_1_77' title='bbox 1259 1225 1381 1290; x_wconf 90' lang='lat' dir='ltr'>vinculi</span> <span class='ocrx_word' id='word_1_78' title='bbox 1412 1237 1562 1311; x_wconf 85' lang='lat' dir='ltr'>expertes</span> <span class='ocrx_word' id='word_1_79' title='bbox 1593 1237 1719 1311; x_wconf 89' lang='lat' dir='ltr'>putent,</span> <span class='ocrx_word' id='word_1_80' title='bbox 1757 1228 1833 1312; x_wconf 90' lang='lat' dir='ltr'>quia</span> <span class='ocrx_word' id='word_1_81' title='bbox 1863 1228 2021 1290; x_wconf 88' lang='lat' dir='ltr'>intrusum</span> <span class='ocrx_word' id='word_1_82' title='bbox 2052 1249 2117 1290; x_wconf 87' lang='lat' dir='ltr'>non</span> 
     </span>
     <span class='ocr_line' id='line_1_9' title="bbox 471 1331 2117 1419; baseline -0.001 -22"><span class='ocrx_word' id='word_1_83' title='bbox 471 1343 590 1397; x_wconf 91' lang='lat' dir='ltr'>tenent.</span> <span class='ocrx_word' id='word_1_84' title='bbox 645 1332 681 1397; x_wconf 85' lang='lat' dir='ltr'>Si</span> <span class='ocrx_word' id='word_1_85' title='bbox 710 1332 873 1414; x_wconf 86' lang='lat' dir='ltr'>Donatus,</span> <span class='ocrx_word' id='word_1_86' title='bbox 905 1333 957 1396; x_wconf 89' lang='lat' dir='ltr'>cui</span> <span class='ocrx_word' id='word_1_87' title='bbox 988 1333 1051 1417; x_wconf 92' lang='lat' dir='ltr'>ipsi</span> <span class='ocrx_word' id='word_1_88' title='bbox 1086 1334 1119 1395; x_wconf 91' lang='lat' dir='ltr'>in</span> <span class='ocrx_word' id='word_1_89' title='bbox 1150 1331 1377 1419; x_wconf 88' lang='lat' dir='ltr'>reprobatione</span> <span class='ocrx_word' id='word_1_90' title='bbox 1413 1331 1550 1417; x_wconf 87' lang='lat' dir='ltr'>legitimi</span> <span class='ocrx_word' id='word_1_91' title='bbox 1578 1355 1664 1418; x_wconf 90' lang='lat' dir='ltr'>pape</span> <span class='ocrx_word' id='word_1_92' title='bbox 1697 1333 1831 1396; x_wconf 85' lang='lat' dir='ltr'>&#39;similes</span> <span class='ocrx_word' id='word_1_93' title='bbox 1866 1345 1953 1414; x_wconf 88' lang='lat' dir='ltr'>sunt,</span> <span class='ocrx_word' id='word_1_94' title='bbox 1990 1332 2031 1397; x_wconf 91' lang='lat' dir='ltr'>ab</span> <span class='ocrx_word' id='word_1_95' title='bbox 2062 1333 2117 1396; x_wconf 92' lang='lat' dir='ltr'>illo</span> 
     </span>
     <span class='ocr_line' id='line_1_10' title="bbox 471 1436 2120 1526; baseline 0.001 -24"><span class='ocrx_word' id='word_1_96' title='bbox 471 1439 600 1503; x_wconf 89' lang='lat' dir='ltr'>vinculo</span> <span class='ocrx_word' id='word_1_97' title='bbox 630 1439 714 1502; x_wconf 88' lang='lat' dir='ltr'>liber</span> <span class='ocrx_word' id='word_1_98' title='bbox 743 1439 813 1518; x_wconf 90' lang='lat' dir='ltr'>fuit,</span> <span class='ocrx_word' id='word_1_99' title='bbox 845 1450 877 1503; x_wconf 91' lang='lat' dir='ltr'>et</span> <span class='ocrx_word' id='word_1_100' title='bbox 906 1439 970 1524; x_wconf 89' lang='lat' dir='ltr'>ipsi</span> <span class='ocrx_word' id='word_1_101' title='bbox 1000 1436 1041 1502; x_wconf 90' lang='lat' dir='ltr'>ab</span> <span class='ocrx_word' id='word_1_102' title='bbox 1072 1438 1126 1502; x_wconf 94' lang='lat' dir='ltr'>illo</span> <span class='ocrx_word' id='word_1_103' title='bbox 1157 1438 1250 1502; x_wconf 92' lang='lat' dir='ltr'>liberi</span> <span class='ocrx_word' id='word_1_104' title='bbox 1282 1449 1366 1502; x_wconf 91' lang='lat' dir='ltr'>sunt.</span> <span class='ocrx_word' id='word_1_105' title='bbox 1413 1438 1450 1503; x_wconf 90' lang='lat' dir='ltr'>Si</span> <span class='ocrx_word' id='word_1_106' title='bbox 1480 1449 1587 1502; x_wconf 91' lang='lat' dir='ltr'>autem</span> <span class='ocrx_word' id='word_1_107' title='bbox 1612 1438 1664 1502; x_wconf 93' lang='lat' dir='ltr'>ille</span> <span class='ocrx_word' id='word_1_108' title='bbox 1690 1462 1762 1503; x_wconf 91' lang='lat' dir='ltr'>cum</span> <span class='ocrx_word' id='word_1_109' title='bbox 1787 1463 1846 1502; x_wconf 89' lang='lat' dir='ltr'>sua</span> <span class='ocrx_word' id='word_1_110' title='bbox 1868 1451 1960 1526; x_wconf 87' lang='lat' dir='ltr'>parte</span> <span class='ocrx_word' id='word_1_111' title='bbox 1984 1451 2120 1526; x_wconf 90' lang='lat' dir='ltr'>propter</span> 
     </span>
     <span class='ocr_line' id='line_1_11' title="bbox 471 1544 2167 1632; baseline 0.001 -22"><span class='ocrx_word' id='word_1_112' title='bbox 471 1569 615 1610; x_wconf 87' lang='lat' dir='ltr'>amaram</span> <span class='ocrx_word' id='word_1_113' title='bbox 638 1545 872 1610; x_wconf 84' lang='lat' dir='ltr'>dissensionem</span> <span class='ocrx_word' id='word_1_114' title='bbox 896 1544 953 1609; x_wconf 92' lang='lat' dir='ltr'>tali</span> <span class='ocrx_word' id='word_1_115' title='bbox 969 1547 1099 1609; x_wconf 89' lang='lat' dir='ltr'>vinculo</span> <span class='ocrx_word' id='word_1_116' title='bbox 1124 1545 1241 1632; x_wconf 85' lang='lat' dir='ltr'>ligatus</span> <span class='ocrx_word' id='word_1_117' title='bbox 1264 1546 1335 1626; x_wconf 91' lang='lat' dir='ltr'>fuit,</span> <span class='ocrx_word' id='word_1_118' title='bbox 1360 1557 1392 1608; x_wconf 88' lang='lat' dir='ltr'>et</span> <span class='ocrx_word' id='word_1_119' title='bbox 1415 1546 1477 1630; x_wconf 89' lang='lat' dir='ltr'>ipsi</span> <span class='ocrx_word' id='word_1_120' title='bbox 1501 1545 1647 1631; x_wconf 89' lang='lat' dir='ltr'>profecto</span> <span class='ocrx_word' id='word_1_121' title='bbox 1670 1556 1803 1632; x_wconf 88' lang='lat' dir='ltr'>propter</span> <span class='ocrx_word' id='word_1_122' title='bbox 1818 1546 1978 1610; x_wconf 72' lang='lat' dir='ltr'>eandemd</span> <span class='ocrx_word' id='word_1_123' title='bbox 1994 1546 2117 1610; x_wconf 89' lang='lat' dir='ltr'>dissen·</span> <span class='ocrx_word' id='word_1_124' title='bbox 2140 1575 2167 1612; x_wconf 87' lang='grc' dir='ltr'>ιο</span> 
     </span>
     <span class='ocr_line' id='line_1_12' title="bbox 471 1651 2118 1738; baseline -0.001 -21"><span class='ocrx_word' id='word_1_125' title='bbox 471 1654 594 1717; x_wconf 89' lang='lat' dir='ltr'>sionem</span> <span class='ocrx_word' id='word_1_126' title='bbox 619 1652 734 1717; x_wconf 90' lang='lat' dir='ltr'>eodem</span> <span class='ocrx_word' id='word_1_127' title='bbox 757 1652 848 1738; x_wconf 87' lang='lat' dir='ltr'>ligati</span> <span class='ocrx_word' id='word_1_128' title='bbox 872 1663 956 1716; x_wconf 92' lang='lat' dir='ltr'>sunt.</span> <span class='ocrx_word' id='word_1_129' title='bbox 1002 1652 1184 1718; x_wconf 90' lang='lat' dir='ltr'>Audiamus</span> <span class='ocrx_word' id='word_1_130' title='bbox 1208 1675 1306 1738; x_wconf 90' lang='lat' dir='ltr'>super</span> <span class='ocrx_word' id='word_1_131' title='bbox 1329 1652 1390 1716; x_wconf 92' lang='lat' dir='ltr'>hoc</span> <span class='ocrx_word' id='word_1_132' title='bbox 1410 1651 1580 1717; x_wconf 86' lang='lat' dir='ltr'>Urbanum</span> <span class='ocrx_word' id='word_1_133' title='bbox 1604 1657 1762 1738; x_wconf 83' lang='lat' dir='ltr'>papam1:</span> <span class='ocrx_word' id='word_1_134' title='bbox 1788 1653 1969 1717; x_wconf 77' lang='lat' dir='ltr'>Notandum</span> <span class='ocrx_word' id='word_1_135' title='bbox 1993 1669 2045 1734; x_wconf 85' lang='lat' dir='ltr'>est,</span> <span class='ocrx_word' id='word_1_136' title='bbox 2069 1654 2118 1715; x_wconf 92' lang='lat' dir='ltr'>in-</span> 
     </span>
     <span class='ocr_line' id='line_1_13' title="bbox 294 1742 2118 1847; baseline 0.001 -25"><span class='ocrx_word' id='word_1_137' title='bbox 294 1742 450 1844; x_wconf 53' lang='lat' dir='ltr'>mhff‘sffi</span> <span class='ocrx_word' id='word_1_138' title='bbox 471 1759 559 1845; x_wconf 90' lang='lat' dir='ltr'>quid,</span> <span class='ocrx_word' id='word_1_139' title='bbox 584 1761 670 1846; x_wconf 85' lang='lat' dir='ltr'>quod</span> <span class='ocrx_word' id='word_1_140' title='bbox 691 1760 822 1845; x_wconf 79' lang='lat' dir='ltr'>quidam</span> <span class='ocrx_word' id='word_1_141' title='bbox 846 1775 953 1824; x_wconf 89' lang='lat' dir='ltr'>contra</span> <span class='ocrx_word' id='word_1_142' title='bbox 977 1761 1189 1847; x_wconf 73' lang='lat' dir='ltr'>euanpelicam</span> <span class='ocrx_word' id='word_1_143' title='bbox 1203 1761 1394 1846; x_wconf 80' lang='lat' dir='ltr'>parabolam</span> <span class='ocrx_word' id='word_1_144' title='bbox 1419 1761 1599 1847; x_wconf 76' lang='lat' dir='ltr'>nonfacere</span> <span class='ocrx_word' id='word_1_145' title='bbox 1623 1759 1740 1838; x_wconf 86' lang='lat' dir='ltr'>dicunt,</span> <span class='ocrx_word' id='word_1_146' title='bbox 1765 1762 1821 1823; x_wconf 90' lang='lat' dir='ltr'>nbi</span> <span class='ocrx_word' id='word_1_147' title='bbox 1843 1761 1880 1824; x_wconf 85' lang='lat' dir='ltr'>dc</span> <span class='ocrx_word' id='word_1_148' title='bbox 1902 1763 2033 1825; x_wconf 74' lang='lat' dir='ltr'>zizaniis</span> <span class='ocrx_word' id='word_1_149' title='bbox 2056 1786 2118 1824; x_wconf 76' lang='lat' dir='ltr'>raon</span> 
     </span>
     <span class='ocr_line' id='line_1_14' title="bbox 471 1867 2117 1952; baseline -0.001 -20"><span class='ocrx_word' id='word_1_150' title='bbox 471 1867 677 1932; x_wconf 77' lang='lat' dir='ltr'>eradicandis</span> <span class='ocrx_word' id='word_1_151' title='bbox 700 1867 857 1931; x_wconf 83' lang='lat' dir='ltr'>Dorninas</span> <span class='ocrx_word' id='word_1_152' title='bbox 873 1870 1027 1952; x_wconf 80' lang='lat' dir='ltr'>precepit,</span> <span class='ocrx_word' id='word_1_153' title='bbox 1052 1893 1120 1930; x_wconf 83' lang='lat' dir='ltr'>cum</span> <span class='ocrx_word' id='word_1_154' title='bbox 1144 1869 1280 1952; x_wconf 86' lang='lat' dir='ltr'>aliquem</span> <span class='ocrx_word' id='word_1_155' title='bbox 1306 1869 1628 1930; x_wconf 76' lang='lat' dir='ltr'>incommunicacioni</span> <span class='ocrx_word' id='word_1_156' title='bbox 1647 1868 1828 1946; x_wconf 80' lang='lat' dir='ltr'>subicimus,</span> <span class='ocrx_word' id='word_1_157' title='bbox 1857 1881 1884 1931; x_wconf 88' lang='lat' dir='ltr'>et</span> <span class='ocrx_word' id='word_1_158' title='bbox 1906 1871 1996 1931; x_wconf 90' lang='lat' dir='ltr'>aiunt</span> <span class='ocrx_word' id='word_1_159' title='bbox 2018 1870 2117 1932; x_wconf 90' lang='lat' dir='ltr'>eciam</span> 
     </span>
     <span class='ocr_line' id='line_1_15' title="bbox 470 1973 2117 2064; baseline 0 -26"><span class='ocrx_word' id='word_1_160' title='bbox 470 1989 609 2038; x_wconf 83' lang='lat' dir='ltr'>sanctum</span> <span class='ocrx_word' id='word_1_161' title='bbox 626 1973 836 2061; x_wconf 77' lang='lat' dir='ltr'>Aspustinum</span> <span class='ocrx_word' id='word_1_162' title='bbox 859 1974 915 2036; x_wconf 80' lang='lat' dir='ltr'>loc</span> <span class='ocrx_word' id='word_1_163' title='bbox 938 1975 1151 2038; x_wconf 81' lang='lat' dir='ltr'>contradicere</span> <span class='ocrx_word' id='word_1_164' title='bbox 1174 1998 1208 2038; x_wconf 90' lang='lat' dir='ltr'>eo</span> <span class='ocrx_word' id='word_1_165' title='bbox 1232 1976 1266 2037; x_wconf 88' lang='lat' dir='ltr'>in</span> <span class='ocrx_word' id='word_1_166' title='bbox 1285 1975 1362 2053; x_wconf 87' lang='lat' dir='ltr'>loco,</span> <span class='ocrx_word' id='word_1_167' title='bbox 1386 1975 1443 2038; x_wconf 84' lang='lat' dir='ltr'>nbi</span> <span class='ocrx_word' id='word_1_168' title='bbox 1462 1976 1548 2037; x_wconf 84' lang='lat' dir='ltr'>ait²:</span> <span class='ocrx_word' id='word_1_169' title='bbox 1574 1973 1657 2050; x_wconf 78' lang='lat' dir='ltr'>Quia</span> <span class='ocrx_word' id='word_1_170' title='bbox 1681 1998 1742 2036; x_wconf 76' lang='lat' dir='ltr'>raon</span> <span class='ocrx_word' id='word_1_171' title='bbox 1765 1988 1808 2037; x_wconf 88' lang='lat' dir='ltr'>est</span> <span class='ocrx_word' id='word_1_172' title='bbox 1824 1975 2021 2064; x_wconf 78' lang='lat' dir='ltr'>precidenda</span> <span class='ocrx_word' id='word_1_173' title='bbox 2047 1977 2117 2038; x_wconf 88' lang='lat' dir='ltr'>uni-</span> 
     </span>
     <span class='ocr_line' id='line_1_16' title="bbox 471 2080 2165 2168; baseline -0.001 -22"><span class='ocrx_word' id='word_1_174' title='bbox 471 2097 528 2161; x_wconf 86' lang='lat' dir='ltr'>tas,</span> <span class='ocrx_word' id='word_1_175' title='bbox 545 2080 684 2168; x_wconf 81' lang='lat' dir='ltr'>ferendi</span> <span class='ocrx_word' id='word_1_176' title='bbox 704 2095 775 2144; x_wconf 86' lang='lat' dir='ltr'>sant</span> <span class='ocrx_word' id='word_1_177' title='bbox 796 2081 886 2159; x_wconf 83' lang='lat' dir='ltr'>niali,</span> <span class='ocrx_word' id='word_1_178' title='bbox 911 2104 970 2142; x_wconf 90' lang='lat' dir='ltr'>non</span> <span class='ocrx_word' id='word_1_179' title='bbox 993 2080 1162 2144; x_wconf 83' lang='lat' dir='ltr'>obiciendi.</span> <span class='ocrx_word' id='word_1_180' title='bbox 1213 2080 1333 2157; x_wconf 75' lang='lat' dir='ltr'>Qntbm</span> <span class='ocrx_word' id='word_1_181' title='bbox 1355 2081 1411 2144; x_wconf 79' lang='lat' dir='ltr'>boc</span> <span class='ocrx_word' id='word_1_182' title='bbox 1427 2083 1537 2166; x_wconf 87' lang='lat' dir='ltr'>primo</span> <span class='ocrx_word' id='word_1_183' title='bbox 1561 2081 1832 2165; x_wconf 59' lang='lat' dir='ltr'>respondendnm‘³</span> <span class='ocrx_word' id='word_1_184' title='bbox 1856 2095 1917 2144; x_wconf 90' lang='lat' dir='ltr'>est:</span> <span class='ocrx_word' id='word_1_185' title='bbox 1948 2080 2007 2144; x_wconf 75' lang='lat' dir='ltr'>Sis</span> <span class='ocrx_word' id='word_1_186' title='bbox 2032 2081 2116 2145; x_wconf 81' lang='lat' dir='ltr'>liere-</span> <span class='ocrx_word' id='word_1_187' title='bbox 2138 2108 2165 2145; x_wconf 85' lang='lat' dir='ltr'>rs</span> 
     </span>
     <span class='ocr_line' id='line_1_17' title="bbox 471 2187 2119 2274; baseline 0.001 -22"><span class='ocrx_word' id='word_1_188' title='bbox 471 2191 529 2252; x_wconf 89' lang='lat' dir='ltr'>tici</span> <span class='ocrx_word' id='word_1_189' title='bbox 550 2203 577 2252; x_wconf 82' lang='lat' dir='ltr'>ct</span> <span class='ocrx_word' id='word_1_190' title='bbox 599 2189 681 2251; x_wconf 86' lang='lat' dir='ltr'>mali</span> <span class='ocrx_word' id='word_1_191' title='bbox 708 2187 847 2251; x_wconf 78' lang='lat' dir='ltr'>homines</span> <span class='ocrx_word' id='word_1_192' title='bbox 876 2187 1170 2250; x_wconf 58' lang='lat' dir='ltr'>incontaminanda·</span> <span class='ocrx_word' id='word_1_193' title='bbox 1196 2211 1258 2250; x_wconf 87' lang='lat' dir='ltr'>non</span> <span class='ocrx_word' id='word_1_194' title='bbox 1287 2201 1367 2265; x_wconf 79' lang='lat' dir='ltr'>mint,</span> <span class='ocrx_word' id='word_1_195' title='bbox 1398 2211 1496 2272; x_wconf 85' lang='lat' dir='ltr'>quare</span> <span class='ocrx_word' id='word_1_196' title='bbox 1524 2201 1552 2250; x_wconf 91' lang='lat' dir='ltr'>et</span> <span class='ocrx_word' id='word_1_197' title='bbox 1575 2189 1640 2272; x_wconf 88' lang='lat' dir='ltr'>ipse</span> <span class='ocrx_word' id='word_1_198' title='bbox 1657 2202 1753 2272; x_wconf 80' lang='lat' dir='ltr'>pate-r</span> <span class='ocrx_word' id='word_1_199' title='bbox 1775 2202 1899 2251; x_wconf 76' lang='lat' dir='ltr'>sunonis</span> <span class='ocrx_word' id='word_1_200' title='bbox 1922 2188 2119 2274; x_wconf 70' lang='lat' dir='ltr'>Aupustinus</span> 
     </span>
     <span class='ocr_line' id='line_1_18' title="bbox 471 2293 2117 2382; baseline 0 -24"><span class='ocrx_word' id='word_1_201' title='bbox 471 2321 537 2359; x_wconf 82' lang='lat' dir='ltr'>cam</span> <span class='ocrx_word' id='word_1_202' title='bbox 571 2297 681 2382; x_wconf 76' lang='lat' dir='ltr'>lepatis</span> <span class='ocrx_word' id='word_1_203' title='bbox 710 2308 813 2356; x_wconf 81' lang='lat' dir='ltr'>saricte</span> <span class='ocrx_word' id='word_1_204' title='bbox 836 2293 976 2357; x_wconf 81' lang='lat' dir='ltr'>Romane</span> <span class='ocrx_word' id='word_1_205' title='bbox 1006 2294 1131 2357; x_wconf 85' lang='lat' dir='ltr'>ecclesie</span> <span class='ocrx_word' id='word_1_206' title='bbox 1161 2308 1280 2358; x_wconf 85' lang='lat' dir='ltr'>etcum</span> <span class='ocrx_word' id='word_1_207' title='bbox 1302 2296 1419 2357; x_wconf 71' lang='lat' dir='ltr'>sanctis</span> <span class='ocrx_word' id='word_1_208' title='bbox 1441 2296 1598 2379; x_wconf 80' lang='lat' dir='ltr'>episcopis</span> <span class='ocrx_word' id='word_1_209' title='bbox 1620 2296 1687 2357; x_wconf 85' lang='lat' dir='ltr'>sais</span> <span class='ocrx_word' id='word_1_210' title='bbox 1710 2293 1873 2380; x_wconf 74' lang='lat' dir='ltr'>Pelopiam</span> <span class='ocrx_word' id='word_1_211' title='bbox 1898 2309 1926 2358; x_wconf 88' lang='lat' dir='ltr'>et</span> <span class='ocrx_word' id='word_1_212' title='bbox 1952 2294 2117 2359; x_wconf 78' lang='lat' dir='ltr'>Celestium</span> 
     </span>
     <span class='ocr_line' id='line_1_19' title="bbox 473 2393 2121 2466; baseline 0.001 -2"><span class='ocrx_word' id='word_1_213' title='bbox 473 2427 583 2466; x_wconf 87' lang='lat' dir='ltr'>novam</span> <span class='ocrx_word' id='word_1_214' title='bbox 614 2401 745 2464; x_wconf 75' lang='lat' dir='ltr'>heresias</span> <span class='ocrx_word' id='word_1_215' title='bbox 778 2403 811 2464; x_wconf 91' lang='lat' dir='ltr'>in</span> <span class='ocrx_word' id='word_1_216' title='bbox 840 2393 1038 2464; x_wconf 73' lang='lat' dir='ltr'>sanca&#39;lta&#39;</span> <span class='ocrx_word' id='word_1_217' title='bbox 1065 2395 1194 2464; x_wconf 80' lang='lat' dir='ltr'>ecclesia</span> <span class='ocrx_word' id='word_1_218' title='bbox 1228 2400 1452 2464; x_wconf 79' lang='lat' dir='ltr'>introducentes</span> <span class='ocrx_word' id='word_1_219' title='bbox 1482 2403 1760 2464; x_wconf 76' lang='lat' dir='ltr'>escornnmnicam&#39;t</span> <span class='ocrx_word' id='word_1_220' title='bbox 1787 2415 1815 2464; x_wconf 90' lang='lat' dir='ltr'>et</span> <span class='ocrx_word' id='word_1_221' title='bbox 1836 2403 1875 2464; x_wconf 86' lang='lat' dir='ltr'>ab</span> <span class='ocrx_word' id='word_1_222' title='bbox 1900 2403 2029 2466; x_wconf 79' lang='lat' dir='ltr'>eeclesia</span> <span class='ocrx_word' id='word_1_223' title='bbox 2054 2403 2121 2466; x_wconf 88' lang='lat' dir='ltr'>Dei</span> 
     </span>
     <span class='ocr_line' id='line_1_20' title="bbox 471 2507 2117 2594; baseline -0.001 -22"><span class='ocrx_word' id='word_1_224' title='bbox 471 2509 655 2594; x_wconf 69' lang='lat' dir='ltr'>sepiarauit?</span> <span class='ocrx_word' id='word_1_225' title='bbox 703 2508 807 2584; x_wconf 71' lang='lat' dir='ltr'>Quare</span> <span class='ocrx_word' id='word_1_226' title='bbox 831 2509 917 2592; x_wconf 77' lang='lat' dir='ltr'>ipsos</span> <span class='ocrx_word' id='word_1_227' title='bbox 941 2507 1133 2586; x_wconf 68' lang='lat' dir='ltr'>Donatistis,</span> <span class='ocrx_word' id='word_1_228' title='bbox 1162 2521 1269 2570; x_wconf 84' lang='lat' dir='ltr'>contra</span> <span class='ocrx_word' id='word_1_229' title='bbox 1293 2531 1369 2592; x_wconf 85' lang='lat' dir='ltr'>quos</span> <span class='ocrx_word' id='word_1_230' title='bbox 1395 2510 1453 2570; x_wconf 84' lang='lat' dir='ltr'>ista</span> <span class='ocrx_word' id='word_1_231' title='bbox 1477 2522 1505 2571; x_wconf 88' lang='lat' dir='ltr'>et</span> <span class='ocrx_word' id='word_1_232' title='bbox 1527 2508 1625 2571; x_wconf 85' lang='lat' dir='ltr'>multa</span> <span class='ocrx_word' id='word_1_233' title='bbox 1648 2507 1712 2570; x_wconf 83' lang='lat' dir='ltr'>liis</span> <span class='ocrx_word' id='word_1_234' title='bbox 1734 2509 1857 2571; x_wconf 87' lang='lat' dir='ltr'>similia</span> <span class='ocrx_word' id='word_1_235' title='bbox 1882 2509 2030 2593; x_wconf 84' lang='lat' dir='ltr'>loquitur,</span> <span class='ocrx_word' id='word_1_236' title='bbox 2054 2524 2117 2574; x_wconf 77' lang='lat' dir='ltr'>tsi-ns</span> 
     </span>
     <span class='ocr_line' id='line_1_21' title="bbox 473 2613 2163 2702; baseline 0 -23"><span class='ocrx_word' id='word_1_237' title='bbox 473 2618 539 2701; x_wconf 74' lang='lat' dir='ltr'>ipse</span> <span class='ocrx_word' id='word_1_238' title='bbox 563 2640 657 2699; x_wconf 84' lang='lat' dir='ltr'>qaam</span> <span class='ocrx_word' id='word_1_239' title='bbox 681 2616 782 2677; x_wconf 78' lang='lat' dir='ltr'>omisis</span> <span class='ocrx_word' id='word_1_240' title='bbox 805 2615 935 2677; x_wconf 87' lang='lat' dir='ltr'>ecclesia</span> <span class='ocrx_word' id='word_1_241' title='bbox 960 2613 1025 2677; x_wconf 85' lang='lat' dir='ltr'>Dei</span> <span class='ocrx_word' id='word_1_242' title='bbox 1046 2613 1358 2677; x_wconf 67' lang='lat' dir='ltr'>excommunicandos</span> <span class='ocrx_word' id='word_1_243' title='bbox 1385 2615 1503 2692; x_wconf 71' lang='lat' dir='ltr'>hali-uit,</span> <span class='ocrx_word' id='word_1_244' title='bbox 1532 2628 1560 2677; x_wconf 86' lang='lat' dir='ltr'>et</span> <span class='ocrx_word' id='word_1_245' title='bbox 1583 2616 1650 2677; x_wconf 86' lang='lat' dir='ltr'>nisi</span> <span class='ocrx_word' id='word_1_246' title='bbox 1664 2616 1762 2698; x_wconf 84' lang='lat' dir='ltr'>prius</span> <span class='ocrx_word' id='word_1_247' title='bbox 1780 2617 1989 2699; x_wconf 80' lang='lat' dir='ltr'>penitisissent</span> <span class='ocrx_word' id='word_1_248' title='bbox 2011 2631 2038 2679; x_wconf 86' lang='lat' dir='ltr'>et</span> <span class='ocrx_word' id='word_1_249' title='bbox 2054 2641 2118 2702; x_wconf 89' lang='lat' dir='ltr'>per</span> <span class='ocrx_word' id='word_1_250' title='bbox 2136 2641 2163 2679; x_wconf 81' lang='lat' dir='ltr'>so</span> 
     </span>
     <span class='ocr_line' id='line_1_22' title="bbox 474 2721 1801 2807; baseline 0 -23"><span class='ocrx_word' id='word_1_251' title='bbox 474 2747 583 2786; x_wconf 75' lang='lat' dir='ltr'>inautus</span> <span class='ocrx_word' id='word_1_252' title='bbox 606 2723 830 2807; x_wconf 84' lang='lat' dir='ltr'>inposicionem</span> <span class='ocrx_word' id='word_1_253' title='bbox 853 2721 1053 2784; x_wconf 85' lang='lat' dir='ltr'>reconciliati</span> <span class='ocrx_word' id='word_1_254' title='bbox 1066 2721 1219 2807; x_wconf 88' lang='lat' dir='ltr'>fuissent,</span> <span class='ocrx_word' id='word_1_255' title='bbox 1244 2745 1438 2805; x_wconf 83' lang='lat' dir='ltr'>nequaquam</span> <span class='ocrx_word' id='word_1_256' title='bbox 1463 2723 1508 2783; x_wconf 88' lang='lat' dir='ltr'>eis</span> <span class='ocrx_word' id='word_1_257' title='bbox 1531 2722 1801 2784; x_wconf 75' lang='lat' dir='ltr'>cornniuns&#39;calmt?</span> 
     </span>
     <span class='ocr_line' id='line_1_23' title="bbox 577 2825 2116 2893; baseline 0.001 -2"><span class='ocrx_word' id='word_1_258' title='bbox 577 2827 649 2891; x_wconf 92' lang='lat' dir='ltr'>Hec</span> <span class='ocrx_word' id='word_1_259' title='bbox 673 2826 714 2890; x_wconf 92' lang='lat' dir='ltr'>de</span> <span class='ocrx_word' id='word_1_260' title='bbox 738 2826 1073 2889; x_wconf 85' lang='lat' dir='ltr'>excommunicatione</span> <span class='ocrx_word' id='word_1_261' title='bbox 1105 2825 1208 2889; x_wconf 89' lang='lat' dir='ltr'>eciam</span> <span class='ocrx_word' id='word_1_262' title='bbox 1239 2826 1373 2889; x_wconf 85' lang='lat' dir='ltr'>fratrum</span> <span class='ocrx_word' id='word_1_263' title='bbox 1405 2837 1586 2890; x_wconf 87' lang='lat' dir='ltr'>nostrorum</span> <span class='ocrx_word' id='word_1_264' title='bbox 1618 2837 1804 2890; x_wconf 89' lang='lat' dir='ltr'>neutrorum</span> <span class='ocrx_word' id='word_1_265' title='bbox 1833 2827 1920 2891; x_wconf 87' lang='lat' dir='ltr'>dicta</span> <span class='ocrx_word' id='word_1_266' title='bbox 1944 2829 2116 2893; x_wconf 88' lang='lat' dir='ltr'>sufficiant.</span> 
     </span>
     <span class='ocr_line' id='line_1_24' title="bbox 472 2931 2117 3022; baseline 0.001 -24"><span class='ocrx_word' id='word_1_267' title='bbox 472 2935 535 2998; x_wconf 88' lang='lat' dir='ltr'>Tot</span> <span class='ocrx_word' id='word_1_268' title='bbox 565 2934 724 3019; x_wconf 82' lang='lat' dir='ltr'>igiturne</span> <span class='ocrx_word' id='word_1_269' title='bbox 748 2933 846 2997; x_wconf 90' lang='lat' dir='ltr'>tantis</span> <span class='ocrx_word' id='word_1_270' title='bbox 870 2931 963 2994; x_wconf 88' lang='lat' dir='ltr'>malis</span> <span class='ocrx_word' id='word_1_271' title='bbox 994 2932 1026 2995; x_wconf 92' lang='lat' dir='ltr'>in</span> <span class='ocrx_word' id='word_1_272' title='bbox 1056 2932 1206 2995; x_wconf 88' lang='lat' dir='ltr'>scismate</span> <span class='ocrx_word' id='word_1_273' title='bbox 1236 2931 1449 2996; x_wconf 83' lang='lat' dir='ltr'>existentibus</span> <span class='ocrx_word' id='word_1_274' title='bbox 1474 2943 1507 2995; x_wconf 91' lang='lat' dir='ltr'>et</span> <span class='ocrx_word' id='word_1_275' title='bbox 1530 2932 1808 2996; x_wconf 72' lang='lat' dir='ltr'>commeantibusss</span> <span class='ocrx_word' id='word_1_276' title='bbox 1838 2935 2029 3021; x_wconf 89' lang='lat' dir='ltr'>perpendat,</span> <span class='ocrx_word' id='word_1_277' title='bbox 2060 2937 2117 3022; x_wconf 91' lang='lat' dir='ltr'>qui</span> 
     </span>
     <span class='ocr_line' id='line_1_25' title="bbox 472 3037 2117 3128; baseline 0.001 -23"><span class='ocrx_word' id='word_1_278' title='bbox 472 3051 587 3128; x_wconf 88' lang='lat' dir='ltr'>potest,</span> <span class='ocrx_word' id='word_1_279' title='bbox 613 3039 691 3126; x_wconf 93' lang='lat' dir='ltr'>quid</span> <span class='ocrx_word' id='word_1_280' title='bbox 715 3063 812 3125; x_wconf 89' lang='lat' dir='ltr'>supra</span> <span class='ocrx_word' id='word_1_281' title='bbox 835 3039 897 3102; x_wconf 87' lang='lat' dir='ltr'>hiis</span> <span class='ocrx_word' id='word_1_282' title='bbox 921 3037 1129 3124; x_wconf 83' lang='lat' dir='ltr'>gaudendum</span> <span class='ocrx_word' id='word_1_283' title='bbox 1154 3040 1203 3120; x_wconf 88' lang='lat' dir='ltr'>sit,</span> <span class='ocrx_word' id='word_1_284' title='bbox 1229 3041 1284 3125; x_wconf 93' lang='lat' dir='ltr'>qui</span> <span class='ocrx_word' id='word_1_285' title='bbox 1300 3039 1365 3102; x_wconf 92' lang='lat' dir='ltr'>Dei</span> <span class='ocrx_word' id='word_1_286' title='bbox 1389 3040 1495 3124; x_wconf 85' lang='lat' dir='ltr'>gratia</span> <span class='ocrx_word' id='word_1_287' title='bbox 1517 3038 1559 3103; x_wconf 93' lang='lat' dir='ltr'>ab</span> <span class='ocrx_word' id='word_1_288' title='bbox 1583 3038 1644 3103; x_wconf 89' lang='lat' dir='ltr'>hac</span> <span class='ocrx_word' id='word_1_289' title='bbox 1667 3040 1813 3124; x_wconf 88' lang='lat' dir='ltr'>pernicie</span> <span class='ocrx_word' id='word_1_290' title='bbox 1836 3039 1969 3104; x_wconf 89' lang='lat' dir='ltr'>liberari</span> <span class='ocrx_word' id='word_1_291' title='bbox 1992 3065 2117 3106; x_wconf 91' lang='lat' dir='ltr'>meren-</span> 
     </span>
     <span class='ocr_line' id='line_1_26' title="bbox 472 3144 2162 3234; baseline 0.002 -22"><span class='ocrx_word' id='word_1_292' title='bbox 472 3161 533 3229; x_wconf 87' lang='lat' dir='ltr'>tur,</span> <span class='ocrx_word' id='word_1_293' title='bbox 565 3160 598 3212; x_wconf 90' lang='lat' dir='ltr'>et</span> <span class='ocrx_word' id='word_1_294' title='bbox 621 3147 721 3234; x_wconf 80' lang='lat' dir='ltr'>quidh</span> <span class='ocrx_word' id='word_1_295' title='bbox 745 3156 982 3232; x_wconf 88' lang='lat' dir='ltr'>consequenter</span> <span class='ocrx_word' id='word_1_296' title='bbox 1010 3168 1108 3231; x_wconf 91' lang='lat' dir='ltr'>super</span> <span class='ocrx_word' id='word_1_297' title='bbox 1130 3145 1191 3209; x_wconf 87' lang='lat' dir='ltr'>hiis</span> <span class='ocrx_word' id='word_1_298' title='bbox 1216 3144 1400 3226; x_wconf 90' lang='lat' dir='ltr'>dolendum,</span> <span class='ocrx_word' id='word_1_299' title='bbox 1432 3147 1487 3231; x_wconf 91' lang='lat' dir='ltr'>qui</span> <span class='ocrx_word' id='word_1_300' title='bbox 1518 3147 1583 3209; x_wconf 88' lang='lat' dir='ltr'>iam</span> <span class='ocrx_word' id='word_1_301' title='bbox 1614 3147 1646 3209; x_wconf 95' lang='lat' dir='ltr'>in</span> <span class='ocrx_word' id='word_1_302' title='bbox 1677 3146 1738 3210; x_wconf 91' lang='lat' dir='ltr'>hoc</span> <span class='ocrx_word' id='word_1_303' title='bbox 1769 3148 1941 3233; x_wconf 86' lang='lat' dir='ltr'>sacrilegio</span> <span class='ocrx_word' id='word_1_304' title='bbox 1972 3148 2118 3213; x_wconf 88' lang='lat' dir='ltr'>defuncti</span> <span class='ocrx_word' id='word_1_305' title='bbox 2136 3177 2162 3216; x_wconf 82' lang='lat' dir='ltr'>ss</span> 
     </span>
     <span class='ocr_line' id='line_1_27' title="bbox 473 3251 2118 3340; baseline 0.001 -22"><span class='ocrx_word' id='word_1_306' title='bbox 473 3266 547 3320; x_wconf 91' lang='lat' dir='ltr'>sunt</span> <span class='ocrx_word' id='word_1_307' title='bbox 569 3255 621 3318; x_wconf 88' lang='lat' dir='ltr'>vel</span> <span class='ocrx_word' id='word_1_308' title='bbox 645 3254 751 3318; x_wconf 89' lang='lat' dir='ltr'>adhuc</span> <span class='ocrx_word' id='word_1_309' title='bbox 780 3253 1031 3338; x_wconf 82' lang='lat' dir='ltr'>dehinguntur¹.</span> <span class='ocrx_word' id='word_1_310' title='bbox 1079 3251 1152 3316; x_wconf 92' lang='lat' dir='ltr'>Uno</span> <span class='ocrx_word' id='word_1_311' title='bbox 1183 3275 1260 3336; x_wconf 87' lang='lat' dir='ltr'>crgo</span> <span class='ocrx_word' id='word_1_312' title='bbox 1284 3251 1384 3316; x_wconf 84' lang='lat' dir='ltr'>verbo</span> <span class='ocrx_word' id='word_1_313' title='bbox 1415 3253 1521 3316; x_wconf 89' lang='lat' dir='ltr'>adhuc</span> <span class='ocrx_word' id='word_1_314' title='bbox 1553 3254 1727 3317; x_wconf 89' lang='lat' dir='ltr'>errantium</span> <span class='ocrx_word' id='word_1_315' title='bbox 1755 3255 1896 3338; x_wconf 88' lang='lat' dir='ltr'>partium</span> <span class='ocrx_word' id='word_1_316' title='bbox 1919 3255 2060 3340; x_wconf 88' lang='lat' dir='ltr'>prelatos</span> <span class='ocrx_word' id='word_1_317' title='bbox 2083 3257 2118 3320; x_wconf 95' lang='lat' dir='ltr'>in</span> 
     </span>
     <span class='ocr_line' id='line_1_28' title="bbox 473 3358 2117 3446; baseline 0 -20"><span class='ocrx_word' id='word_1_318' title='bbox 473 3364 607 3426; x_wconf 85' lang='lat' dir='ltr'>caritate</span> <span class='ocrx_word' id='word_1_319' title='bbox 632 3361 853 3441; x_wconf 88' lang='lat' dir='ltr'>convenimus,</span> <span class='ocrx_word' id='word_1_320' title='bbox 884 3382 982 3446; x_wconf 90' lang='lat' dir='ltr'>quam</span> <span class='ocrx_word' id='word_1_321' title='bbox 1006 3358 1130 3422; x_wconf 89' lang='lat' dir='ltr'>scilicet</span> <span class='ocrx_word' id='word_1_322' title='bbox 1160 3359 1193 3422; x_wconf 92' lang='lat' dir='ltr'>in</span> <span class='ocrx_word' id='word_1_323' title='bbox 1217 3358 1270 3422; x_wconf 90' lang='lat' dir='ltr'>die</span> <span class='ocrx_word' id='word_1_324' title='bbox 1294 3359 1454 3422; x_wconf 88' lang='lat' dir='ltr'>tremendi</span> <span class='ocrx_word' id='word_1_325' title='bbox 1477 3360 1591 3423; x_wconf 89' lang='lat' dir='ltr'>iudicii</span> <span class='ocrx_word' id='word_1_326' title='bbox 1614 3359 1755 3424; x_wconf 90' lang='lat' dir='ltr'>Domino</span> <span class='ocrx_word' id='word_1_327' title='bbox 1780 3361 1918 3425; x_wconf 88' lang='lat' dir='ltr'>reddere</span> <span class='ocrx_word' id='word_1_328' title='bbox 1942 3363 2043 3426; x_wconf 84' lang='lat' dir='ltr'>velint</span> <span class='ocrx_word' id='word_1_329' title='bbox 2066 3385 2117 3426; x_wconf 89' lang='lat' dir='ltr'>ra-</span> 
     </span>
     <span class='ocr_line' id='line_1_29' title="bbox 473 3465 2117 3555; baseline 0.001 -23"><span class='ocrx_word' id='word_1_330' title='bbox 473 3471 592 3533; x_wconf 90' lang='lat' dir='ltr'>tionem</span> <span class='ocrx_word' id='word_1_331' title='bbox 624 3467 664 3532; x_wconf 93' lang='lat' dir='ltr'>de</span> <span class='ocrx_word' id='word_1_332' title='bbox 689 3467 825 3532; x_wconf 90' lang='lat' dir='ltr'>subditis</span> <span class='ocrx_word' id='word_1_333' title='bbox 850 3467 915 3530; x_wconf 90' lang='lat' dir='ltr'>suis</span> <span class='ocrx_word' id='word_1_334' title='bbox 945 3467 1011 3530; x_wconf 92' lang='lat' dir='ltr'>iam</span> <span class='ocrx_word' id='word_1_335' title='bbox 1035 3467 1081 3529; x_wconf 89' lang='lat' dir='ltr'>sic</span> <span class='ocrx_word' id='word_1_336' title='bbox 1105 3465 1203 3528; x_wconf 90' lang='lat' dir='ltr'>finitis</span> <span class='ocrx_word' id='word_1_337' title='bbox 1227 3475 1283 3528; x_wconf 91' lang='lat' dir='ltr'>aut</span> <span class='ocrx_word' id='word_1_338' title='bbox 1305 3465 1456 3530; x_wconf 88' lang='lat' dir='ltr'>finiendis</span> <span class='ocrx_word' id='word_1_339' title='bbox 1480 3477 1512 3529; x_wconf 89' lang='lat' dir='ltr'>et</span> <span class='ocrx_word' id='word_1_340' title='bbox 1536 3466 1807 3552; x_wconf 90' lang='lat' dir='ltr'>sempiternaliter</span> <span class='ocrx_word' id='word_1_341' title='bbox 1830 3468 1965 3553; x_wconf 87' lang='lat' dir='ltr'>perditis</span> <span class='ocrx_word' id='word_1_342' title='bbox 1991 3481 2022 3533; x_wconf 88' lang='lat' dir='ltr'>et</span> <span class='ocrx_word' id='word_1_343' title='bbox 2044 3493 2117 3555; x_wconf 91' lang='lat' dir='ltr'>pcr-</span> 
     </span>
     <span class='ocr_line' id='line_1_30' title="bbox 302 3571 2116 3669; baseline -0.001 -27"><span class='ocrx_word' id='word_1_344' title='bbox 302 3603 453 3650; x_wconf 68' lang='lat' dir='ltr'>amasa</span> <span class='ocrx_word' id='word_1_345' title='bbox 474 3575 598 3669; x_wconf 80' lang='lat' dir='ltr'>dendis,</span> <span class='ocrx_word' id='word_1_346' title='bbox 630 3575 758 3639; x_wconf 88' lang='lat' dir='ltr'>dicente</span> <span class='ocrx_word' id='word_1_347' title='bbox 789 3575 836 3637; x_wconf 88' lang='lat' dir='ltr'>eis</span> <span class='ocrx_word' id='word_1_348' title='bbox 859 3573 1001 3637; x_wconf 91' lang='lat' dir='ltr'>Domino</span> <span class='ocrx_word' id='word_1_349' title='bbox 1032 3595 1091 3658; x_wconf 92' lang='lat' dir='ltr'>per</span> <span class='ocrx_word' id='word_1_350' title='bbox 1119 3571 1325 3658; x_wconf 89' lang='lat' dir='ltr'>prophetam:</span> <span class='ocrx_word' id='word_1_351' title='bbox 1358 3573 1549 3661; x_wconf 75' lang='lat' dir='ltr'>Sanquinem</span> <span class='ocrx_word' id='word_1_352' title='bbox 1577 3599 1683 3638; x_wconf 88' lang='lat' dir='ltr'>eorum</span> <span class='ocrx_word' id='word_1_353' title='bbox 1706 3575 1744 3638; x_wconf 89' lang='lat' dir='ltr'>de</span> <span class='ocrx_word' id='word_1_354' title='bbox 1767 3577 1913 3640; x_wconf 86' lang='lat' dir='ltr'>manibus</span> <span class='ocrx_word' id='word_1_355' title='bbox 1939 3581 2047 3641; x_wconf 80' lang='lat' dir='ltr'>cestris</span> <span class='ocrx_word' id='word_1_356' title='bbox 2069 3603 2116 3642; x_wconf 88' lang='lat' dir='ltr'>re-</span> 
     </span>
     <span class='ocr_line' id='line_1_31' title="bbox 474 3678 2163 3770; baseline 0.003 -23"><span class='ocrx_word' id='word_1_357' title='bbox 474 3687 608 3770; x_wconf 81' lang='lat' dir='ltr'>quiram.</span> <span class='ocrx_word' id='word_1_358' title='bbox 647 3681 791 3746; x_wconf 89' lang='lat' dir='ltr'>Obsecro</span> <span class='ocrx_word' id='word_1_359' title='bbox 808 3681 938 3744; x_wconf 90' lang='lat' dir='ltr'>demum</span> <span class='ocrx_word' id='word_1_360' title='bbox 956 3702 1021 3760; x_wconf 89' lang='lat' dir='ltr'>eos,</span> <span class='ocrx_word' id='word_1_361' title='bbox 1047 3701 1182 3764; x_wconf 88' lang='lat' dir='ltr'>quomm</span> <span class='ocrx_word' id='word_1_362' title='bbox 1207 3678 1342 3742; x_wconf 88' lang='lat' dir='ltr'>salutem</span> <span class='ocrx_word' id='word_1_363' title='bbox 1365 3679 1507 3760; x_wconf 91' lang='lat' dir='ltr'>intendo,</span> <span class='ocrx_word' id='word_1_364' title='bbox 1532 3689 1568 3742; x_wconf 91' lang='lat' dir='ltr'>ut</span> <span class='ocrx_word' id='word_1_365' title='bbox 1590 3679 1801 3744; x_wconf 89' lang='lat' dir='ltr'>recordentur</span> <span class='ocrx_word' id='word_1_366' title='bbox 1823 3681 1903 3745; x_wconf 93' lang='lat' dir='ltr'>illud</span> <span class='ocrx_word' id='word_1_367' title='bbox 1920 3682 2116 3748; x_wconf 85' lang='lat' dir='ltr'>Salomonis:</span> <span class='ocrx_word' id='word_1_368' title='bbox 2137 3713 2163 3752; x_wconf 82' lang='lat' dir='ltr'>ao</span> 
     </span>
     <span class='ocr_line' id='line_1_32' title="bbox 317 3788 2118 3876; baseline -0.001 -21"><span class='ocrx_word' id='word_1_369' title='bbox 317 3816 453 3864; x_wconf 61' lang='lat' dir='ltr'>raama</span> <span class='ocrx_word' id='word_1_370' title='bbox 474 3791 612 3854; x_wconf 82' lang='lat' dir='ltr'>Meliora</span> <span class='ocrx_word' id='word_1_371' title='bbox 634 3789 727 3853; x_wconf 56' lang='lat' dir='ltr'>aaut*</span> <span class='ocrx_word' id='word_1_372' title='bbox 742 3790 913 3876; x_wconf 66' lang='lat' dir='ltr'>niamfesta</span> <span class='ocrx_word' id='word_1_373' title='bbox 931 3789 1093 3875; x_wconf 77' lang='lat' dir='ltr'>diliqentis</span> <span class='ocrx_word' id='word_1_374' title='bbox 1116 3789 1246 3850; x_wconf 72' lang='lat' dir='ltr'>riulnsra</span> <span class='ocrx_word' id='word_1_375' title='bbox 1263 3812 1356 3871; x_wconf 86' lang='lat' dir='ltr'>quam</span> <span class='ocrx_word' id='word_1_376' title='bbox 1364 3788 1579 3875; x_wconf 86' lang='lat' dir='ltr'>fraudulenta</span> <span class='ocrx_word' id='word_1_377' title='bbox 1597 3789 1702 3852; x_wconf 82' lang='lat' dir='ltr'>oscula</span> <span class='ocrx_word' id='word_1_378' title='bbox 1726 3789 1871 3870; x_wconf 88' lang='lat' dir='ltr'>odientis,</span> <span class='ocrx_word' id='word_1_379' title='bbox 1896 3801 1927 3852; x_wconf 87' lang='lat' dir='ltr'>ct</span> <span class='ocrx_word' id='word_1_380' title='bbox 1950 3813 2016 3852; x_wconf 89' lang='lat' dir='ltr'>non</span> <span class='ocrx_word' id='word_1_381' title='bbox 2038 3790 2118 3854; x_wconf 90' lang='lat' dir='ltr'>mihi</span> 
     </span>
     <span class='ocr_line' id='line_1_33' title="bbox 474 3892 2116 3982; baseline 0.002 -24"><span class='ocrx_word' id='word_1_382' title='bbox 474 3908 697 3978; x_wconf 84' lang='lat' dir='ltr'>succenseant,</span> <span class='ocrx_word' id='word_1_383' title='bbox 728 3895 755 3958; x_wconf 93' lang='lat' dir='ltr'>si</span> <span class='ocrx_word' id='word_1_384' title='bbox 779 3917 843 3980; x_wconf 89' lang='lat' dir='ltr'>qua</span> <span class='ocrx_word' id='word_1_385' title='bbox 867 3905 980 3958; x_wconf 88' lang='lat' dir='ltr'>contra</span> <span class='ocrx_word' id='word_1_386' title='bbox 1003 3917 1068 3974; x_wconf 90' lang='lat' dir='ltr'>eos,</span> <span class='ocrx_word' id='word_1_387' title='bbox 1101 3903 1150 3956; x_wconf 88' lang='lat' dir='ltr'>set</span> <span class='ocrx_word' id='word_1_388' title='bbox 1178 3915 1237 3978; x_wconf 83' lang='lat' dir='ltr'>pro</span> <span class='ocrx_word' id='word_1_389' title='bbox 1268 3892 1333 3955; x_wconf 88' lang='lat' dir='ltr'>ois¹</span> <span class='ocrx_word' id='word_1_390' title='bbox 1361 3893 1506 3956; x_wconf 84' lang='lat' dir='ltr'>severius</span> <span class='ocrx_word' id='word_1_391' title='bbox 1530 3905 1563 3956; x_wconf 91' lang='lat' dir='ltr'>et</span> <span class='ocrx_word' id='word_1_392' title='bbox 1584 3893 1769 3957; x_wconf 86' lang='lat' dir='ltr'>mordacius</span> <span class='ocrx_word' id='word_1_393' title='bbox 1793 3895 1863 3958; x_wconf 90' lang='lat' dir='ltr'>dixi</span> <span class='ocrx_word' id='word_1_394' title='bbox 1886 3919 1982 3982; x_wconf 89' lang='lat' dir='ltr'>quam</span> <span class='ocrx_word' id='word_1_395' title='bbox 2007 3897 2116 3960; x_wconf 89' lang='lat' dir='ltr'>debui.</span> 
     </span>
     <span class='ocr_line' id='line_1_34' title="bbox 474 3998 2118 4088; baseline 0 -22"><span class='ocrx_word' id='word_1_396' title='bbox 474 4003 510 4067; x_wconf 83' lang='lat' dir='ltr'>Si</span> <span class='ocrx_word' id='word_1_397' title='bbox 533 4002 666 4066; x_wconf 91' lang='lat' dir='ltr'>mortuis</span> <span class='ocrx_word' id='word_1_398' title='bbox 697 4000 866 4065; x_wconf 89' lang='lat' dir='ltr'>animabus</span> <span class='ocrx_word' id='word_1_399' title='bbox 897 4023 1009 4064; x_wconf 88' lang='lat' dir='ltr'>amara</span> <span class='ocrx_word' id='word_1_400' title='bbox 1032 3998 1205 4063; x_wconf 88' lang='lat' dir='ltr'>verborum</span> <span class='ocrx_word' id='word_1_401' title='bbox 1236 3999 1473 4062; x_wconf 89' lang='lat' dir='ltr'>medicamenta</span> <span class='ocrx_word' id='word_1_402' title='bbox 1503 3998 1647 4081; x_wconf 89' lang='lat' dir='ltr'>adhibui,</span> <span class='ocrx_word' id='word_1_403' title='bbox 1679 4000 1847 4064; x_wconf 90' lang='lat' dir='ltr'>attendant</span> <span class='ocrx_word' id='word_1_404' title='bbox 1877 4003 2058 4088; x_wconf 85' lang='lat' dir='ltr'>diligenter,</span> <span class='ocrx_word' id='word_1_405' title='bbox 2090 4006 2118 4066; x_wconf 91' lang='lat' dir='ltr'>si</span> 
     </span>
     <span class='ocr_line' id='line_1_35' title="bbox 474 4106 2118 4194; baseline 0.001 -22"><span class='ocrx_word' id='word_1_406' title='bbox 474 4131 609 4194; x_wconf 89' lang='lat' dir='ltr'>corpore</span> <span class='ocrx_word' id='word_1_407' title='bbox 634 4118 827 4193; x_wconf 84' lang='lat' dir='ltr'>egrotarent,</span> <span class='ocrx_word' id='word_1_408' title='bbox 852 4130 950 4193; x_wconf 93' lang='lat' dir='ltr'>quam</span> <span class='ocrx_word' id='word_1_409' title='bbox 966 4107 1063 4170; x_wconf 89' lang='lat' dir='ltr'>duras</span> <span class='ocrx_word' id='word_1_410' title='bbox 1087 4107 1256 4186; x_wconf 88' lang='lat' dir='ltr'>sectiones,</span> <span class='ocrx_word' id='word_1_411' title='bbox 1281 4106 1434 4186; x_wconf 88' lang='lat' dir='ltr'>ustiones,</span> <span class='ocrx_word' id='word_1_412' title='bbox 1459 4129 1557 4191; x_wconf 89' lang='lat' dir='ltr'>quam</span> <span class='ocrx_word' id='word_1_413' title='bbox 1581 4129 1707 4170; x_wconf 88' lang='lat' dir='ltr'>amaras</span> <span class='ocrx_word' id='word_1_414' title='bbox 1731 4109 1879 4193; x_wconf 87' lang='lat' dir='ltr'>potiones</span> <span class='ocrx_word' id='word_1_415' title='bbox 1904 4111 2118 4194; x_wconf 87' lang='lat' dir='ltr'>equanimiter</span> 
     </span>
     <span class='ocr_line' id='line_1_36' title="bbox 473 4211 2163 4299; baseline 0.002 -21"><span class='ocrx_word' id='word_1_416' title='bbox 473 4238 493 4278; x_wconf 89' lang='lat' dir='ltr'>a</span> <span class='ocrx_word' id='word_1_417' title='bbox 515 4214 651 4279; x_wconf 89' lang='lat' dir='ltr'>medicis</span> <span class='ocrx_word' id='word_1_418' title='bbox 681 4215 790 4278; x_wconf 91' lang='lat' dir='ltr'>forsan</span> <span class='ocrx_word' id='word_1_419' title='bbox 818 4215 945 4299; x_wconf 84' lang='lat' dir='ltr'>magnis</span> <span class='ocrx_word' id='word_1_420' title='bbox 970 4211 1150 4298; x_wconf 87' lang='lat' dir='ltr'>sumptibus</span> <span class='ocrx_word' id='word_1_421' title='bbox 1175 4223 1379 4298; x_wconf 88' lang='lat' dir='ltr'>comparatas</span> <span class='ocrx_word' id='word_1_422' title='bbox 1403 4213 1637 4294; x_wconf 71' lang='lat' dir='ltr'>sustinerentm,</span> <span class='ocrx_word' id='word_1_423' title='bbox 1668 4224 1704 4277; x_wconf 88' lang='lat' dir='ltr'>ut</span> <span class='ocrx_word' id='word_1_424' title='bbox 1733 4214 1888 4278; x_wconf 84' lang='lat' dir='ltr'>incertam</span> <span class='ocrx_word' id='word_1_425' title='bbox 1921 4228 1953 4279; x_wconf 90' lang='lat' dir='ltr'>et</span> <span class='ocrx_word' id='word_1_426' title='bbox 1982 4215 2116 4280; x_wconf 83' lang='lat' dir='ltr'>brevem</span> <span class='ocrx_word' id='word_1_427' title='bbox 2137 4245 2163 4284; x_wconf 83' lang='lat' dir='ltr'>ss</span> 
     </span>
     <span class='ocr_line' id='line_1_37' title="bbox 473 4319 2117 4408; baseline 0.002 -23"><span class='ocrx_word' id='word_1_428' title='bbox 473 4323 617 4408; x_wconf 88' lang='lat' dir='ltr'>corporis</span> <span class='ocrx_word' id='word_1_429' title='bbox 648 4323 820 4385; x_wconf 89' lang='lat' dir='ltr'>sanitatem</span> <span class='ocrx_word' id='word_1_430' title='bbox 850 4331 1091 4407; x_wconf 88' lang='lat' dir='ltr'>recuperarent,</span> <span class='ocrx_word' id='word_1_431' title='bbox 1123 4330 1155 4383; x_wconf 93' lang='lat' dir='ltr'>et</span> <span class='ocrx_word' id='word_1_432' title='bbox 1186 4319 1300 4383; x_wconf 90' lang='lat' dir='ltr'>saltem</span> <span class='ocrx_word' id='word_1_433' title='bbox 1329 4341 1393 4382; x_wconf 93' lang='lat' dir='ltr'>non</span> <span class='ocrx_word' id='word_1_434' title='bbox 1424 4320 1570 4384; x_wconf 84' lang='lat' dir='ltr'>minore¹¹</span> <span class='ocrx_word' id='word_1_435' title='bbox 1594 4321 1758 4405; x_wconf 88' lang='lat' dir='ltr'>pacientia</span> <span class='ocrx_word' id='word_1_436' title='bbox 1782 4331 1815 4384; x_wconf 93' lang='lat' dir='ltr'>et</span> <span class='ocrx_word' id='word_1_437' title='bbox 1837 4323 2023 4386; x_wconf 90' lang='lat' dir='ltr'>morositate</span> <span class='ocrx_word' id='word_1_438' title='bbox 2048 4325 2117 4388; x_wconf 88' lang='lat' dir='ltr'>ani·</span> 
     </span>
     <span class='ocr_line' id='line_1_38' title="bbox 473 4424 2116 4512; baseline 0.001 -20"><span class='ocrx_word' id='word_1_439' title='bbox 473 4451 597 4492; x_wconf 89' lang='lat' dir='ltr'>marum</span> <span class='ocrx_word' id='word_1_440' title='bbox 621 4451 752 4492; x_wconf 86' lang='lat' dir='ltr'>suarum</span> <span class='ocrx_word' id='word_1_441' title='bbox 776 4429 974 4492; x_wconf 89' lang='lat' dir='ltr'>curationem</span> <span class='ocrx_word' id='word_1_442' title='bbox 1000 4427 1100 4512; x_wconf 86' lang='lat' dir='ltr'>gratis</span> <span class='ocrx_word' id='word_1_443' title='bbox 1125 4424 1187 4489; x_wconf 93' lang='lat' dir='ltr'>sibi</span> <span class='ocrx_word' id='word_1_444' title='bbox 1212 4424 1373 4489; x_wconf 89' lang='lat' dir='ltr'>oblatam⁰</span> <span class='ocrx_word' id='word_1_445' title='bbox 1398 4427 1585 4511; x_wconf 89' lang='lat' dir='ltr'>suscipiant,</span> <span class='ocrx_word' id='word_1_446' title='bbox 1610 4438 1645 4490; x_wconf 92' lang='lat' dir='ltr'>ut</span> <span class='ocrx_word' id='word_1_447' title='bbox 1667 4429 1700 4491; x_wconf 94' lang='lat' dir='ltr'>in</span> <span class='ocrx_word' id='word_1_448' title='bbox 1721 4438 1867 4492; x_wconf 90' lang='lat' dir='ltr'>eternum</span> <span class='ocrx_word' id='word_1_449' title='bbox 1891 4427 1986 4493; x_wconf 91' lang='lat' dir='ltr'>beate</span> <span class='ocrx_word' id='word_1_450' title='bbox 2004 4431 2116 4494; x_wconf 87' lang='lat' dir='ltr'>vivere</span> 
     </span>
     <span class='ocr_line' id='line_1_39' title="bbox 472 4534 796 4599; baseline -0.003 -1"><span class='ocrx_word' id='word_1_451' title='bbox 472 4534 611 4599; x_wconf 85' lang='lat' dir='ltr'>valeant.</span> <span class='ocrx_word' id='word_1_452' title='bbox 658 4535 796 4597; x_wconf 65' lang='lat' dir='ltr'>Amans.</span> 
     </span>
    </p>
   </div>
   <div class='ocr_carea' id='block_1_3' title="bbox 471 4731 2163 5156">
    <p class='ocr_par' dir='ltr' id='par_1_3' title="bbox 471 4731 2163 5156">
     <span class='ocr_line' id='line_1_40' title="bbox 579 4731 2117 4801; baseline 0.002 -16"><span class='ocrx_word' id='word_1_453' title='bbox 579 4731 605 4796; x_wconf 91' lang='lat' dir='ltr'>a)</span> <span class='ocrx_word' id='word_1_454' title='bbox 626 4751 673 4800; x_wconf 81' lang='lat' dir='ltr'>seq.</span> <span class='ocrx_word' id='word_1_455' title='bbox 694 4735 952 4784; x_wconf 88' lang='lat' dir='ltr'>communicantium</span> <span class='ocrx_word' id='word_1_456' title='bbox 971 4733 1018 4782; x_wconf 74' lang='lat' dir='ltr'>del.</span> <span class='ocrx_word' id='word_1_457' title='bbox 1038 4751 1057 4782; x_wconf 89' lang='lat' dir='ltr'>c.</span> <span class='ocrx_word' id='word_1_458' title='bbox 1122 4731 1150 4794; x_wconf 92' lang='lat' dir='ltr'>b)</span> <span class='ocrx_word' id='word_1_459' title='bbox 1173 4733 1321 4783; x_wconf 83' lang='lat' dir='ltr'>efficaciter</span> <span class='ocrx_word' id='word_1_460' title='bbox 1339 4735 1538 4798; x_wconf 63' lang='lat' dir='ltr'>superscribenda</span> <span class='ocrx_word' id='word_1_461' title='bbox 1557 4752 1619 4784; x_wconf 74' lang='lat' dir='ltr'>corr.</span> <span class='ocrx_word' id='word_1_462' title='bbox 1639 4735 1711 4785; x_wconf 82' lang='lat' dir='ltr'>iucif.</span> <span class='ocrx_word' id='word_1_463' title='bbox 1730 4754 1750 4785; x_wconf 90' lang='lat' dir='ltr'>c.</span> <span class='ocrx_word' id='word_1_464' title='bbox 1813 4733 1839 4799; x_wconf 86' lang='lat' dir='ltr'>c)</span> <span class='ocrx_word' id='word_1_465' title='bbox 1858 4737 1923 4786; x_wconf 79' lang='lat' dir='ltr'>deest</span> <span class='ocrx_word' id='word_1_466' title='bbox 1941 4755 1961 4786; x_wconf 86' lang='lat' dir='ltr'>c.</span> <span class='ocrx_word' id='word_1_467' title='bbox 2023 4733 2052 4801; x_wconf 77' lang='lat' dir='ltr'>d)</span> <span class='ocrx_word' id='word_1_468' title='bbox 2072 4755 2117 4789; x_wconf 90' lang='lat' dir='ltr'>ea-</span> 
     </span>
     <span class='ocr_line' id='line_1_41' title="bbox 472 4819 2163 4891; baseline 0.002 -17"><span class='ocrx_word' id='word_1_469' title='bbox 472 4825 533 4874; x_wconf 87' lang='lat' dir='ltr'>dam</span> <span class='ocrx_word' id='word_1_470' title='bbox 559 4842 622 4874; x_wconf 82' lang='lat' dir='ltr'>corr.</span> <span class='ocrx_word' id='word_1_471' title='bbox 643 4824 756 4874; x_wconf 82' lang='lat' dir='ltr'>earrdem</span> <span class='ocrx_word' id='word_1_472' title='bbox 775 4841 795 4872; x_wconf 87' lang='lat' dir='ltr'>c.</span> <span class='ocrx_word' id='word_1_473' title='bbox 905 4819 930 4884; x_wconf 81' lang='lat' dir='ltr'>c)</span> <span class='ocrx_word' id='word_1_474' title='bbox 959 4823 1162 4888; x_wconf 87' lang='lat' dir='ltr'>rependendum</span> <span class='ocrx_word' id='word_1_475' title='bbox 1185 4839 1247 4871; x_wconf 85' lang='lat' dir='ltr'>corr·</span> <span class='ocrx_word' id='word_1_476' title='bbox 1268 4824 1485 4888; x_wconf 87' lang='lat' dir='ltr'>respondendum</span> <span class='ocrx_word' id='word_1_477' title='bbox 1505 4841 1524 4873; x_wconf 87' lang='lat' dir='ltr'>c.</span> <span class='ocrx_word' id='word_1_478' title='bbox 1632 4825 1654 4884; x_wconf 90' lang='lat' dir='ltr'>f)</span> <span class='ocrx_word' id='word_1_479' title='bbox 1683 4827 1797 4875; x_wconf 76' lang='lat' dir='ltr'>Surena</span> <span class='ocrx_word' id='word_1_480' title='bbox 1813 4827 1947 4891; x_wconf 83' lang='lat' dir='ltr'>posteriore</span> <span class='ocrx_word' id='word_1_481' title='bbox 1965 4844 2028 4876; x_wconf 79' lang='lat' dir='ltr'>corr.</span> <span class='ocrx_word' id='word_1_482' title='bbox 2048 4827 2077 4877; x_wconf 83' lang='lat' dir='ltr'>Si</span> <span class='ocrx_word' id='word_1_483' title='bbox 2096 4845 2117 4876; x_wconf 86' lang='lat' dir='ltr'>c.</span> <span class='ocrx_word' id='word_1_484' title='bbox 2136 4847 2163 4884; x_wconf 70' lang='lat' dir='ltr'>so</span> 
     </span>
     <span class='ocr_line' id='line_1_42' title="bbox 471 4909 2116 4981; baseline 0.002 -19"><span class='ocrx_word' id='word_1_485' title='bbox 471 4909 500 4978; x_wconf 79' lang='lat' dir='ltr'>g)</span> <span class='ocrx_word' id='word_1_486' title='bbox 521 4915 707 4963; x_wconf 88' lang='lat' dir='ltr'>comeantibus</span> <span class='ocrx_word' id='word_1_487' title='bbox 726 4930 746 4962; x_wconf 84' lang='lat' dir='ltr'>c.</span> <span class='ocrx_word' id='word_1_488' title='bbox 828 4909 856 4975; x_wconf 92' lang='lat' dir='ltr'>h)</span> <span class='ocrx_word' id='word_1_489' title='bbox 876 4929 923 4978; x_wconf 83' lang='lat' dir='ltr'>seq.</span> <span class='ocrx_word' id='word_1_490' title='bbox 943 4913 961 4962; x_wconf 86' lang='lat' dir='ltr'>S</span> <span class='ocrx_word' id='word_1_491' title='bbox 980 4912 1028 4961; x_wconf 83' lang='lat' dir='ltr'>del.</span> <span class='ocrx_word' id='word_1_492' title='bbox 1048 4929 1068 4960; x_wconf 85' lang='lat' dir='ltr'>a.</span> <span class='ocrx_word' id='word_1_493' title='bbox 1151 4910 1171 4972; x_wconf 80' lang='lat' dir='ltr'>i)</span> <span class='ocrx_word' id='word_1_494' title='bbox 1191 4912 1228 4960; x_wconf 84' lang='lat' dir='ltr'>ita</span> <span class='ocrx_word' id='word_1_495' title='bbox 1246 4930 1266 4960; x_wconf 90' lang='lat' dir='ltr'>c.</span> <span class='ocrx_word' id='word_1_496' title='bbox 1350 4909 1377 4974; x_wconf 83' lang='lat' dir='ltr'>k)</span> <span class='ocrx_word' id='word_1_497' title='bbox 1396 4920 1410 4962; x_wconf 77' lang='grc'>1</span> <span class='ocrx_word' id='word_1_498' title='bbox 1429 4913 1519 4962; x_wconf 76' lang='lat' dir='ltr'>iterum</span> <span class='ocrx_word' id='word_1_499' title='bbox 1537 4913 1605 4974; x_wconf 70' lang='lat' dir='ltr'>odd,</span> <span class='ocrx_word' id='word_1_500' title='bbox 1624 4914 1667 4963; x_wconf 85' lang='lat' dir='ltr'>sed</span> <span class='ocrx_word' id='word_1_501' title='bbox 1684 4915 1733 4964; x_wconf 81' lang='lat' dir='ltr'>del.</span> <span class='ocrx_word' id='word_1_502' title='bbox 1752 4932 1772 4964; x_wconf 85' lang='lat' dir='ltr'>c.</span> <span class='ocrx_word' id='word_1_503' title='bbox 1863 4911 1882 4978; x_wconf 90' lang='lat' dir='ltr'>l)</span> <span class='ocrx_word' id='word_1_504' title='bbox 1903 4917 1962 4967; x_wconf 90' lang='lat' dir='ltr'>eius</span> <span class='ocrx_word' id='word_1_505' title='bbox 1977 4925 2036 4981; x_wconf 82' lang='lat' dir='ltr'>post</span> <span class='ocrx_word' id='word_1_506' title='bbox 2053 4933 2116 4966; x_wconf 79' lang='lat' dir='ltr'>corr.</span> 
     </span>
     <span class='ocr_line' id='line_1_43' title="bbox 472 4995 2118 5070; baseline 0.002 -19"><span class='ocrx_word' id='word_1_507' title='bbox 472 5004 512 5052; x_wconf 87' lang='lat' dir='ltr'>eis</span> <span class='ocrx_word' id='word_1_508' title='bbox 531 5019 551 5051; x_wconf 86' lang='lat' dir='ltr'>c.</span> <span class='ocrx_word' id='word_1_509' title='bbox 642 4999 679 5064; x_wconf 92' lang='lat' dir='ltr'>m)</span> <span class='ocrx_word' id='word_1_510' title='bbox 699 5003 846 5051; x_wconf 88' lang='lat' dir='ltr'>sustineret</span> <span class='ocrx_word' id='word_1_511' title='bbox 864 5002 942 5050; x_wconf 87' lang='lat' dir='ltr'>multo</span> <span class='ocrx_word' id='word_1_512' title='bbox 958 5010 1014 5066; x_wconf 82' lang='lat' dir='ltr'>post</span> <span class='ocrx_word' id='word_1_513' title='bbox 1031 5019 1094 5050; x_wconf 82' lang='lat' dir='ltr'>corr.</span> <span class='ocrx_word' id='word_1_514' title='bbox 1115 5003 1279 5051; x_wconf 87' lang='lat' dir='ltr'>sustinerent</span> <span class='ocrx_word' id='word_1_515' title='bbox 1297 5019 1317 5050; x_wconf 85' lang='lat' dir='ltr'>c.</span> <span class='ocrx_word' id='word_1_516' title='bbox 1417 4995 1446 5063; x_wconf 83' lang='lat' dir='ltr'>u)</span> <span class='ocrx_word' id='word_1_517' title='bbox 1471 5003 1567 5052; x_wconf 87' lang='lat' dir='ltr'>minori</span> <span class='ocrx_word' id='word_1_518' title='bbox 1586 5020 1606 5051; x_wconf 89' lang='lat' dir='ltr'>c.</span> <span class='ocrx_word' id='word_1_519' title='bbox 1697 4999 1725 5066; x_wconf 92' lang='lat' dir='ltr'>o)</span> <span class='ocrx_word' id='word_1_520' title='bbox 1746 5003 1868 5056; x_wconf 79' lang='lat' dir='ltr'>oblatior&#39;r</span> <span class='ocrx_word' id='word_1_521' title='bbox 1886 5005 1964 5054; x_wconf 67' lang='lat' dir='ltr'>meiito</span> <span class='ocrx_word' id='word_1_522' title='bbox 1978 5013 2037 5070; x_wconf 84' lang='lat' dir='ltr'>post</span> <span class='ocrx_word' id='word_1_523' title='bbox 2053 5022 2118 5055; x_wconf 82' lang='lat' dir='ltr'>corr.</span> 
     </span>
     <span class='ocr_line' id='line_1_44' title="bbox 473 5087 1101 5156; baseline -0.005 -15"><span class='ocrx_word' id='word_1_524' title='bbox 473 5090 591 5142; x_wconf 88' lang='lat' dir='ltr'>oblatam</span> <span class='ocrx_word' id='word_1_525' title='bbox 610 5108 630 5140; x_wconf 85' lang='lat' dir='ltr'>c.</span> <span class='ocrx_word' id='word_1_526' title='bbox 703 5087 732 5156; x_wconf 82' lang='lat' dir='ltr'>p)</span> <span class='ocrx_word' id='word_1_527' title='bbox 753 5090 840 5140; x_wconf 79' lang='lat' dir='ltr'>litteris</span> <span class='ocrx_word' id='word_1_528' title='bbox 858 5090 998 5139; x_wconf 67' lang='lat' dir='ltr'>crucialibus</span> <span class='ocrx_word' id='word_1_529' title='bbox 1016 5107 1062 5138; x_wconf 84' lang='lat' dir='ltr'>scr.</span> <span class='ocrx_word' id='word_1_530' title='bbox 1081 5109 1101 5139; x_wconf 89' lang='lat' dir='ltr'>a.</span> 
     </span>
    </p>
   </div>
   <div class='ocr_carea' id='block_1_4' title="bbox 474 5268 2163 5452">
    <p class='ocr_par' dir='ltr' id='par_1_4' title="bbox 474 5268 2163 5452">
     <span class='ocr_line' id='line_1_45' title="bbox 582 5268 2116 5360; baseline 0.003 -35"><span class='ocrx_word' id='word_1_531' title='bbox 582 5271 610 5343; x_wconf 94' lang='lat'>1)</span> <span class='ocrx_word' id='word_1_532' title='bbox 636 5269 721 5329; x_wconf 79' lang='lat' dir='ltr'>Grai.</span> <span class='ocrx_word' id='word_1_533' title='bbox 746 5271 833 5326; x_wconf 88' lang='lat' dir='ltr'>Decr.</span> <span class='ocrx_word' id='word_1_534' title='bbox 866 5291 911 5346; x_wconf 87' lang='lat' dir='ltr'>qu.</span> <span class='ocrx_word' id='word_1_535' title='bbox 939 5271 966 5338; x_wconf 89' lang='lat'>3,</span> <span class='ocrx_word' id='word_1_536' title='bbox 994 5268 1024 5360; x_wconf 78' lang='lat' dir='ltr'>G.</span> <span class='ocrx_word' id='word_1_537' title='bbox 1051 5271 1101 5339; x_wconf 82' lang='lat'>24,</span> <span class='ocrx_word' id='word_1_538' title='bbox 1133 5290 1155 5325; x_wconf 84' lang='lat' dir='ltr'>c.</span> <span class='ocrx_word' id='word_1_539' title='bbox 1182 5269 1231 5338; x_wconf 81' lang='lat'>37,</span> <span class='ocrx_word' id='word_1_540' title='bbox 1258 5270 1361 5344; x_wconf 85' lang='lat' dir='ltr'>paucis</span> <span class='ocrx_word' id='word_1_541' title='bbox 1392 5271 1519 5340; x_wconf 56' lang='lat' dir='ltr'>utstatim</span> <span class='ocrx_word' id='word_1_542' title='bbox 1554 5270 1732 5328; x_wconf 74' lang='lat' dir='ltr'>dedderatnr</span> <span class='ocrx_word' id='word_1_543' title='bbox 1761 5273 1790 5329; x_wconf 89' lang='lat' dir='ltr'>in</span> <span class='ocrx_word' id='word_1_544' title='bbox 1819 5273 1915 5345; x_wconf 86' lang='lat' dir='ltr'>Jaffei</span> <span class='ocrx_word' id='word_1_545' title='bbox 1936 5274 2008 5350; x_wconf 76' lang='lat' dir='ltr'>liep.</span> <span class='ocrx_word' id='word_1_546' title='bbox 2034 5275 2116 5331; x_wconf 88' lang='lat' dir='ltr'>Pont.</span> 
     </span>
     <span class='ocr_line' id='line_1_46' title="bbox 474 5372 2163 5452; baseline -0.001 -20"><span class='ocrx_word' id='word_1_547' title='bbox 474 5377 503 5448; x_wconf 85' lang='lat'>2)</span> <span class='ocrx_word' id='word_1_548' title='bbox 530 5375 578 5450; x_wconf 84' lang='lat' dir='ltr'>Cf.</span> <span class='ocrx_word' id='word_1_549' title='bbox 606 5376 713 5435; x_wconf 84' lang='lat' dir='ltr'>Contra</span> <span class='ocrx_word' id='word_1_550' title='bbox 736 5376 814 5452; x_wconf 85' lang='lat' dir='ltr'>epist.</span> <span class='ocrx_word' id='word_1_551' title='bbox 839 5376 1028 5433; x_wconf 82' lang='lat' dir='ltr'>Pamncniaui</span> <span class='ocrx_word' id='word_1_552' title='bbox 1049 5379 1067 5432; x_wconf 90' lang='lat' dir='ltr'>l.</span> <span class='ocrx_word' id='word_1_553' title='bbox 1093 5375 1149 5446; x_wconf 87' lang='lat' dir='ltr'>III,</span> <span class='ocrx_word' id='word_1_554' title='bbox 1174 5372 1247 5448; x_wconf 72' lang='lat'>§11</span> <span class='ocrx_word' id='word_1_555' title='bbox 1260 5397 1269 5444; x_wconf 91' lang='lat'><em>;</em></span> <span class='ocrx_word' id='word_1_556' title='bbox 1295 5373 1368 5450; x_wconf 88' lang='lat' dir='ltr'>Opp.</span> <span class='ocrx_word' id='word_1_557' title='bbox 1394 5376 1448 5446; x_wconf 85' lang='lat' dir='ltr'>IX,</span> <span class='ocrx_word' id='word_1_558' title='bbox 1474 5378 1523 5434; x_wconf 89' lang='lat' dir='ltr'>col.</span> <span class='ocrx_word' id='word_1_559' title='bbox 1551 5377 1602 5432; x_wconf 82' lang='lat'>62.</span> <span class='ocrx_word' id='word_1_560' title='bbox 2136 5400 2163 5438; x_wconf 71' lang='lat'>45</span> 
     </span>
    </p>
   </div>
   <div class='ocr_carea' id='block_1_5' title="bbox 0 0 2277 6420">
    <p class='ocr_par' dir='ltr' id='par_1_5' title="bbox 0 0 2277 6420">
     <span class='ocr_line' id='line_1_47' title="bbox 0 0 2277 6420; baseline 0 0"><span class='ocrx_word' id='word_1_561' title='bbox 0 0 2277 6420; x_wconf 95' lang='lat' dir='ltr'> </span> 
     </span>
    </p>
   </div>
  </div>
 </body>
</html>
