4410 6406
450 357 514 420 334
743 362 923 420 GERHOHI
945 363 1178 420 PRAEPOSITI
1200 362 1608 420 BEIOHERSBERGENSIS
1632 363 1799 426 manu.

447 561 529 632 rent,
546 551 640 637 quasi
663 550 729 615 iam
751 549 994 615 interficiendos
1017 551 1080 614 nisi
1100 551 1362 616 consensissent·
1378 548 1552 616 Charadus
1567 550 1761 618 Iuvavensis
1785 551 2091 638 archiepiscopusl·l

447 657 546 722 etiam
569 668 668 744 caput
690 651 819 744 potius⁶
837 657 1071 744 amputandum
1087 658 1244 744 porrexit,
1268 679 1366 744 quam
1389 667 1425 721 ut
1448 656 1491 721 ad
1514 679 1564 740 ea,
1588 679 1652 745 que
1675 657 1882 744 petebantur,
1907 680 2093 724 consensum
2187 654 2188 657 '

445 761 607 849 preberet.
653 763 697 828 Et
726 763 803 828 dum
828 764 950 829 clamor
978 763 1055 829 hinc
1080 764 1157 829 inde
1181 763 1335 828 confusus
1361 762 1551 850 aliquandiu
1573 762 1842 850 percrebruisset,
1873 787 1934 840 rex
1958 787 2031 830 cum
2052 767 2095 830 in-

445 868 632 954 dignatione
656 881 689 936 et
711 881 801 936 motu
824 871 923 935 animi
947 893 1084 957 surgens
1108 869 1198 935 abire
1223 871 1320 957 cepit.
1356 869 1423 936 Sed
1446 881 1478 934 et
1501 870 1638 935 domnus
1661 893 1749 958 papa
1773 893 1816 936 ex
1839 882 1997 964 precepto
2020 871 2096 935 mili·

445 985 514 1041 tum
538 999 612 1042 cum
635 999 713 1063 rege
737 987 770 1042 et
792 988 866 1064 post
888 999 1000 1063 regem
1022 976 1114 1042 abire
1138 977 1323 1064 compulsus
1347 987 1404 1042 est.
1451 976 1539 1041 Hinc
1568 976 1672 1063 preda
1696 987 1870 1058 crassatur,
1901 978 1980 1052 binc
2004 977 2123 1044 cedess

446 1082 567 1147 civium
591 1082 810 1148 Romanorum
833 1106 892 1170 pro
916 1095 1045 1170 pastore
1074 1106 1143 1166 suo,
1172 1106 1268 1171 quem
1296 1082 1435 1148 liberare
1466 1081 1690 1170 recupiebant,
1722 1085 1948 1168 morientium3
1980 1085 2099 1172 captivi

348 1212 426 1264 ηιιι.
445 1211 575 1275 quoque
599 1189 709 1254 domni
733 1188 917 1255 cardinales
940 1190 1111 1256 trahuntur
1133 1189 1281 1277 aliusque
1306 1189 1412 1255 clerus
1435 1191 1521 1254 intra
1545 1189 1716 1256 'ambitum
1740 1190 1879 1256 ecclesie
1902 1190 1995 1262 beati
2013 1191 2101 1264 Petri

445 1296 607 1360 inventus.
654 1297 774 1362 Omnia
803 1296 965 1384 siquidem
994 1298 1078 1362 ostia
1107 1297 1246 1362 ecclesie
1277 1295 1451 1361 observata
1479 1297 1618 1378 firerant,
1649 1319 1690 1362 ne
1717 1299 1790 1384 quis
1820 1283 1924 1362 libere
1957 1297 2101 1388 effligere

445 1403 612 1488 potuisset.
658 1403 816 1490 Episcopi
839 1403 989 1469 videntes
1013 1426 1077 1491 que
1099 1403 1222 1469 fiebant
1244 1425 1375 1490 gemere
1399 1426 1438 1468 ac
1462 1402 1589 1468 facinus
1613 1403 1778 1486 detestari,
1803 1404 2015 1491 sacrilegium
2039 1404 2102 1478 cla·

445 1509 570 1574 mitare.
617 1508 720 1575 Multa
743 1532 822 1575 vero
846 1521 878 1574 et
900 1509 1111 1575 inenarrabili
1135 1510 1216 1577 cede
1240 1511 1275 1575 in
1298 1512 1387 1575 cives
1411 1521 1597 1597 perpetrata
1620 1532 1681 1576 rex
1703 1509 1772 1575 abit
1795 1521 1828 1576 et
1851 1510 1992 1575 domnus
2016 1533 2104 1602 papa
2122 1540 2144 1580 n

444 1614 590 1681 Pascalis
620 1638 695 1680 cum
724 1639 773 1698 eo,
805 1617 864 1682 sed
895 1618 1020 1682 cinctus
1051 1616 1092 1682 ab
1124 1616 1187 1682 alio
1218 1627 1251 1682 ct
1280 1603 1396 1682 ductus
1427 1637 1492 1705 quo
1522 1616 1663 1683 nolebat.
1710 1617 1791 1682 Erat
1814 1616 1929 1682 videre
1958 1618 2103 1686 miseria

445 1720 637 1787 Oardinales
661 1721 781 1820 aliique
805 1723 916 1790 clerici
938 1734 1051 1788 tenere
1075 1723 1205 1789 educati
1228 1723 1359 1789 funibus
1383 1722 1595 1790 trahebantur
1618 1722 1660 1788 ab
1684 1723 1857 1810 equitibus,
1877 1747 1962 1811 quos
1985 1723 2046 1806 illi,
2070 1735 2106 1792 ut

444 1839 604 1916 poterant,
635 1829 856 1916 sequebantur
885 1853 945 1917 per
967 1829 1092 1916 plateas
1123 1830 1188 1896 luto
1218 1830 1380 1918 profundo
1407 1853 1446 1895 ac
1469 1833 1578 1896 tenaci
1600 1833 1657 1896 vix
1681 1841 1896 1918 emergentes.
1944 1831 2105 1918 Dumque

444 1935 571 2022 pedites
588 1936 751 2024 equitibus
767 1937 975 2003 coambulare
990 1961 1057 2004 non
1071 1948 1214 2025 possent,
1239 1939 1317 2003 astis
1341 1939 1536 2003 transversis
1552 1961 1664 2003 eorum
1680 1937 1811 2003 dorsum
1835 1949 1868 2004 et
1890 1938 1997 2004 latera
2022 1961 2105 2025 pun·

444 2052 557 2128 gentes
581 2042 624 2108 ad
647 2044 842 2109 currendum
866 2043 1038 2131 cogebant,
1069 2045 1114 2109 ita
1136 2056 1173 2110 ut
1196 2045 1296 2132 aliqui
1325 2045 1410 2110 inter
1432 2067 1547 2110 manus
1570 2045 1767 2110 trahentium
1791 2047 1892 2110 vitam
1916 2045 2105 2110 exalarent.
2125 2072 2149 2111 ιι

445 2149 511 2230 Qui
533 2172 612 2216 vero
637 2152 896 2237 supervixissent
924 2152 984 2216 hos
1014 2173 1074 2238 per
1095 2163 1254 2216 nocturna
1276 2163 1424 2238 tempora
1446 2151 1500 2216 vel
1524 2153 1628 2216 saccis
1651 2151 1793 2218 inclusos
1816 2152 1869 2217 vel
1893 2153 2023 2218 catenis
2048 2163 2106 2216 aut

444 2255 516 2320 aliis
540 2255 689 2339 vinculis,
717 2279 759 2322 ne
783 2257 862 2344 fuga
883 2257 1080 2340 laberentur,
1110 2259 1258 2324 astrictos
1282 2256 1468 2340 servabant,
1493 2257 1597 2323 donec
1621 2258 1703 2324 forte
1728 2259 1798 2323 eisd
1821 2260 1993 2345 pecunias,
2019 2281 2106 2344 quas

443 2362 498 2427 vel
520 2385 580 2450 per
602 2386 637 2428 se
660 2363 714 2428 vel
737 2365 881 2430 amicos⁰
902 2363 1023 2430 habere
1044 2375 1203 2452 poterant,
1227 2365 1448 2430 extorsissent.
1496 2364 1565 2430 Nec
1588 2365 1707 2429 mirum
1729 2364 1790 2429 hoc
1813 2364 1854 2429 de
1877 2366 1976 2446 vivis,
2001 2366 2105 2451 siqui-

444 2468 519 2534 dem
547 2479 579 2534 et
606 2470 770 2535 cadavera
795 2471 891 2536 victis
922 2470 1049 2536 civibus
1079 2481 1206 2536 mortus
1235 2494 1294 2558 pro
1326 2471 1463 2558 captivis
1494 2470 1691 2536 redimendis
1722 2470 1877 2559 pleraque
1908 2473 2008 2536 etiam
2042 2494 2105 2557 pro

444 2577 602 2664 pecuniae
625 2577 737 2663 precio
760 2576 1019 2642 venditaverant.
1066 2577 1110 2643 Et
1131 2600 1218 2665 papa
1241 2577 1374 2665 quidem
1398 2576 1578 2643 ducebatur
1600 2599 1638 2642 ac
1663 2577 1855 2644 servabatur
1877 2580 1912 2643 in
1936 2577 2104 2658 custodia,
2124 2607 2150 2644 ae

444 2681 647 2750 honorabant
661 2705 740 2748 vero
764 2705 837 2748 eum
861 2683 1089 2750 nichilominus
1113 2685 1259 2771 episcopi
1282 2683 1402 2771 aliique
1422 2685 1571 2750 timentes
1587 2685 1706 2750 Deum.
1741 2685 1792 2750 Ea
1815 2707 1893 2750 sane
1916 2687 2104 2750 intentione

444 2811 464 2853 a
486 2811 563 2875 rege
587 2788 769 2855 ducebatur
792 2791 952 2877 captivus,
976 2800 1136 2878 quatenus
1160 2792 1358 2878 captivitatis
1381 2791 1458 2856 fune
1474 2790 1736 2856 benedictionem
1760 2793 1790 2857 ei
1813 2792 2019 2880 imperialem
2046 2815 2104 2856 ex-

442 2904 609 2982 torqueret
631 2897 744 2984 sicque
767 2919 834 2962 una
856 2919 931 2962 cum
953 2896 1181 2963 benedictione
1205 2897 1257 2962 vel
1284 2898 1493 2962 investituras
1516 2899 1763 2984 episcopatuum
1786 2897 1948 2964 obtineret
1971 2898 2026 2963 vel
2052 2921 2104 2964 re·

326 3003 424 3104 ,pffssj
442 3001 530 3088 galia
553 3004 663 3068 omnia
692 3003 735 3068 ad
761 3005 936 3092 imperium
958 3004 1138 3069 retraheret
1148 3010 1168 3068 ².
1214 3004 1289 3069 Non
1319 3003 1479 3069 dimittam
1507 3015 1550 3085 te,
1580 3005 1742 3091 inquiens,
1772 3005 1835 3070 nisi
1865 3005 1976 3070 taliter
1998 3003 2103 3070 bene-

266 3133 424 3184 eaosanae.
443 3107 566 3174 dixeris
589 3109 684 3194 mihi3
709 3110 767 3176 sed
789 3110 925 3176 multum
942 3109 1108 3175 dissimilis
1132 3110 1173 3176 ab
1190 3111 1255 3191 illc,
1279 3111 1335 3198 qui
1358 3110 1419 3175 hec
1435 3113 1524 3197 prior
1538 3109 1680 3177 dicebat.
1719 3111 1803 3177 Nam
1825 3111 1879 3177 ille
1903 3112 2148 3194 humilitatate

441 3214 520 3280 fletu
542 3237 582 3282 ac
605 3215 759 3304 precibus
782 3216 824 3282 ab
848 3217 965 3304 angelo
988 3215 1248 3283 benedictionem
1272 3217 1421 3298 obtinuit,
1446 3219 1531 3282 sicut
1553 3218 1594 3283 de
1618 3241 1657 3284 eo
1681 3220 1916 3305 scriptumest,
1941 3221 2102 3307 quoniam

442 3322 688 3388 infortitudine
712 3345 771 3388 sua
794 3323 937 3388 directus
962 3333 1011 3388 est
1034 3347 1109 3389 cum
1132 3324 1258 3410 angelo,
1282 3324 1421 3389 invaluit
1444 3323 1486 3388 ad
1507 3324 1668 3410 angelum,
1692 3323 1783 3390 flevit
1804 3334 1836 3390 et
1854 3327 1986 3412 rogavit
2006 3347 2100 3406 eum,

442 3430 502 3494 iste
526 3452 604 3495 vero
629 3431 828 3517 captivitate,
859 3431 955 3495 minis
979 3452 1018 3495 ac
1042 3428 1218 3495 terroribus
1246 3430 1420 3518 multisque
1449 3431 1629 3517 sacrilegiis
1653 3453 1771 3496 corone
1795 3431 1973 3518 imperialis
1997 3431 2100 3496 bene-

443 3535 619 3601 dictionem
642 3536 749 3602 dicam
772 3559 815 3601 an
838 3536 1111 3619 maledictionem,
1142 3537 1281 3624 qualiter
1304 3535 1522 3616 desiderabat,
1547 3539 1692 3602 extorsit.
1739 3537 1783 3601 Et
1805 3537 1858 3602 ille
1882 3537 2015 3625 quidem
2040 3561 2099 3625 pa·

311 3643 593 3726 n.rs,a1.t1·iarcha,
617 3643 772 3708 videlicet
794 3642 905 3725 Iacob,
930 3643 971 3709 ab
995 3644 1112 3730 angelo
1135 3643 1327 3708 benedictus
1350 3643 1495 3708 marcido
1519 3643 1650 3708 femoris
1673 3667 1775 3708 nervo
1798 3667 1863 3709 uno
1887 3644 2099 3710 claudicabat
2117 3673 2145 3712 ao

441 3748 537 3836 pede,
561 3751 664 3814 maior
679 3748 832 3814 videlicet
855 3751 889 3814 in
905 3749 1138 3836 spiritualibus,
1162 3748 1330 3837 inquibus
1350 3773 1409 3836 per
1423 3749 1685 3816 benedictionem
1701 3761 1903 3834 excreverat,
1928 3774 1967 3817 ac
1991 3754 2099 3817 minor

441 3857 474 3920 in
490 3854 724 3942 temporalibus
740 3857 895 3938 existens,
917 3857 1004 3943 quod
1025 3858 1191 3944 proprium
1208 3867 1258 3920 est
1278 3855 1502 3938 claudicantis,
1527 3866 1563 3922 ut
1582 3880 1646 3922 uno
1666 3857 1750 3944 pedc
1774 3857 1897 3939 fortior,
1921 3857 2023 3922 altero
2049 3860 2095 3922 in·

440 3963 562 4027 firmior
585 3962 727 4027 incedat.
773 3962 839 4027 Iste
862 3985 940 4028 vero
971 3965 1035 4028 iam
1066 3964 1275 4050 imperatoria
1297 3961 1524 4028 benedictione
1548 3973 1705 4050 percepta
1727 3963 1877 4050 equalem
1899 3974 2096 4051 potestatem

441 4068 504 4133 sibi
527 4070 562 4133 in
577 4067 800 4155 spiritualibus
823 4091 862 4133 ac
885 4068 1118 4156 temporalibus
1133 4068 1341 4135 vendicabat.
1377 4070 1460 4134 Nam
1486 4071 1602 4156 spretis
1626 4069 1839 4135 electionibus
1862 4071 1890 4134 is
1915 4071 2004 4158 apud
2021 4095 2094 4136 eum

441 4174 570 4262 dignior
593 4176 710 4240 ceteris
734 4177 940 4262 episcopatus
964 4175 1085 4240 honore
1109 4174 1238 4241 habitus
1262 4187 1320 4258 est,
1345 4177 1401 4262 qui
1425 4178 1455 4240 ei
1478 4176 1531 4241 vel
1554 4176 1745 4241 familiarior
1761 4179 1922 4242 extitisset
1945 4178 1999 4243 vel
2022 4178 2094 4265 plus
2113 4207 2140 4246 ss

441 4281 589 4369 obsequii
613 4293 669 4346 aut
691 4283 830 4369 pecunie
854 4280 1032 4346 obtulisset.
1078 4281 1122 4346 Et
1145 4282 1328 4347 obtinuerat
1352 4283 1483 4369 quidem
1506 4283 1540 4347 in
1564 4283 1642 4370 ipsis
1666 4285 1812 4348 tentoriis
1828 4284 2035 4371 privilegium
2054 4285 2093 4350 de

440 4389 645 4454 retrahendis
676 4388 825 4454 omnibus
855 4387 1020 4474 regalibus
1050 4387 1093 4452 ad
1123 4389 1308 4475 imperium,
1338 4389 1434 4476 quale
1457 4388 1560 4454 voluit
1589 4388 1631 4454 ab
1663 4391 1743 4477 ipso,
1772 4413 1870 4477 quem
1900 4391 2094 4457 mirantibus

342 4521 421 4573 aaa.
442 4495 560 4560 seculis
589 4507 621 4560 et
648 4493 894 4581 indignantibus
924 4517 1034 4560 secum
1064 4494 1215 4578 ducebat,
1245 4519 1342 4583 papa,
1366 4497 1459 4582 quasi
1483 4497 1598 4560 suumt
1624 4499 1800 4584 captivum,
1831 4499 1902 4584 ipsc
1928 4499 2093 4564 ‘nimirum

441 4602 559 4668 domno
582 4625 670 4689 papa
692 4603 812 4688 optime
837 4601 953 4666 callido
977 4624 1016 4666 ac
1041 4603 1163 4697 sciente
1186 4602 1403 4689 privilegium,
1428 4601 1516 4689 quod
1539 4604 1573 4666 in
1589 4604 1734 4668 tentoriis
1759 4627 1778 4668 a
1802 4605 1932 4690 captivo
1949 4604 2092 4687 daretur,

440 4709 544 4773 nullas
560 4709 646 4774 vires
671 4707 866 4774 habiturum.
910 4709 975 4773 Pro
1000 4731 1064 4795 qua
1087 4731 1123 4772 re
1146 4710 1290 4774 universi
1314 4731 1397 4796 pene
1414 4709 1442 4772 F
1443 4710 1553 4773 rancie
1577 4710 1723 4796 episcopi
1747 4710 1918 4775 consilium
1941 4712 2092 4795 inierant,
2109 4741 2138 4778 ιιι

440 4827 599 4903 quatenus
623 4817 944 4880 excommunicarent
972 4815 1080 4902 ipsum
1107 4837 1226 4901 papam
1248 4815 1429 4898 Pascalem,
1459 4825 1625 4902 tamquam
1649 4817 1807 4881 ecclesiae
1831 4817 1956 4882 hostem
1981 4829 2014 4883 et
2037 4818 2091 4883 de·

440 4932 631 4987 structorem
661 4922 725 4985 nisi
755 4920 961 5008 privilegium
991 4921 1079 4986 idem
1109 4923 1180 5008 ipse
1208 4923 1264 5008 qui
1292 4920 1382 4986 dedit
1409 4921 1630 4987 damnavisset
1640 4927 1660 4986 ³.
1708 4923 1806 5004 Quod
1829 4933 1861 4988 et
1883 4924 2007 4990 factum
2032 4937 2090 4990 est.

545 5121 572 5186 a)
588 5124 771 5173 consensisset
783 5139 804 5172 c.
860 5119 887 5184 b)
904 5124 983 5188 quasi
996 5123 1111 5188 signifer
1123 5124 1194 5172 inter
1207 5122 1360 5187 episcopos,
1375 5129 1471 5187 utpote
1484 5122 1604 5175 nobilior
1616 5131 1644 5174 et
1656 5125 1816 5176 honoratior
1829 5127 1927 5176 ceteris
1944 5125 2005 5176 add.
2019 5127 2089 5177 Aren.

439 5212 577 5262 Beicleersb.
632 5207 658 5274 c)
679 5213 764 5261 totius
782 5229 803 5261 c.
859 5208 886 5272 d)
908 5211 1025 5262 intersis
1045 5219 1068 5262 et
1087 5212 1218 5277 pecunias
1237 5210 1281 5261 doc
1294 5211 1392 5276 asprum
1412 5223 1430 5273 p
1445 5221 1532 5276 postea
1549 5213 1643 5262 addc.
1700 5209 1725 5275 a)
1746 5215 1881 5265 amicare.
1935 5211 1957 5276 f)
1979 5232 2089 5266 suamc.

548 5391 577 5464 l)
609 5391 657 5466 Cf.
683 5390 747 5450 Otto
771 5393 848 5450 Fris.
875 5391 980 5451 Cdron.
1005 5395 1023 5449 l.
1039 5392 1103 5463 VII,
1129 5413 1151 5450 c.
1177 5394 1207 5465 4,
1236 5395 1290 5453 SS.
1316 5394 1384 5464 XX,
1403 5414 1438 5471 p.
1457 5393 1538 5464 255,·
1568 5395 1632 5453 Vita
1657 5395 1824 5454 Ohuonrudi
1852 5417 1875 5454 c.
1894 5398 1922 5466 9,
1954 5398 2008 5456 Sd.
2034 5399 2088 5470 XI,
2106 5415 2134 5456 ts

432 5521 467 5576 p.
485 5500 543 5570 68;
567 5501 608 5572 cs.
629 5499 672 5557 W.
690 5498 819 5569 Ribbeck,
838 5499 968 5556 ‘Forsch
991 5520 1016 5556 z.
1037 5499 1076 5555 D.
1093 5498 1205 5558 Gescd!
1221 5500 1336 5571 XXIV,
1354 5501 1454 5578 p.12,
1479 5522 1508 5560 n.
1524 5503 1551 5558 1.
1644 5502 1675 5573 2)
1699 5503 1792 5579 Jaffe'‚
1816 5504 1890 5562 Bibl.
1910 5506 1942 5576 V,
1961 5527 1994 5583 p.
2014 5505 2087 5564 276.

440 5603 471 5680 3)
496 5606 544 5678 Cf.
569 5607 611 5663 W.
637 5606 754 5677 sctum,
779 5606 846 5663 ‘Die
874 5605 977 5664 Politilc
1006 5605 1098 5683 Papst
1120 5606 1269 5664 Pascdalie
1292 5607 1332 5664 ΙΙ.
1361 5627 1450 5685 papea
1476 5608 1583 5667 Kaisar
1606 5610 1745 5668 Heinrich
1766 5612 1810 5668 V!
1841 5605 1967 5688 (msere
1991 5609 2087 5688 1877)

431 5733 465 5789 p.
484 5712 523 5770 26
539 5733 581 5790 sq.
