4410 6406
444 305 509 368 260
736 310 915 366 GERHOHI
937 308 1171 366 PRAEPOSITI
1193 308 1603 366 REICHERSBERGENSIS
1627 310 1794 365 LIBELLI.

445 500 630 565 huiuamodi
657 500 807 564 oratoriis
837 499 1012 584 applicent.
1067 495 1141 560 Hoc
1171 495 1318 560 ultimum
1350 495 1391 560 de
1422 495 1571 559 oratoriis
1602 517 1665 581 que
1696 494 1930 560 dedicaverant
1963 494 2101 558 heretici

445 606 568 670 dictum
591 605 667 668 inde
698 603 890 689 colligimus,
922 603 1010 690 quod
1039 602 1180 668 eundem
1202 602 1381 667 Iohannem
1411 600 1493 666 alias
1524 601 1564 666 de
1596 601 1763 667 catholicis
1794 602 1943 667 ecclesiis
1976 601 2100 665 dixisse

445 713 638 777 invenimus.
685 710 851 774 Ecclesiae
883 709 1058 774 catholicas
1089 710 1237 796 quamvis
1269 706 1310 772 ab
1340 707 1492 773 hereticis
1521 709 1637 773 invase
1667 709 1740 790 siut,
1771 720 1882 773 tamen
1905 709 2037 795 ingredi
2061 707 2103 771 ad

446 819 626 884 orationem
649 816 755 881 nullus
779 817 900 899 timeat,
918 817 1005 902 quia,
1022 817 1172 903 quamvis
1197 815 1367 880 camifices
1383 815 1529 880 membra
1545 814 1667 880 Christi
1682 815 1936 898 vulneraverint,
1955 825 1989 880 et
2004 815 2104 879 vesti-

446 935 558 990 menta
582 924 762 1005 diviserint,
787 933 894 987 tamen
919 923 1145 987 sanctissima·
1169 935 1395 986 remanserunt
1419 924 1453 986 in
1478 922 1671 1009 semetipsis.
2122 947 2135 984 s

555 1031 650 1095 Nunc
674 1030 717 1094 ad
740 1030 923 1094 intermissa
943 1029 1126 1111 redeamus,
1143 1041 1176 1093 et
1191 1039 1466 1094 sacramentorum
1482 1029 1616 1094 effectus
1632 1028 1797 1094 breviterb
1814 1053 1913 1116 supra
1929 1029 2104 1093 distinctos

448 1139 554 1204 adhuc
578 1137 706 1224 plenius
730 1136 977 1222 distinguamus.
1013 1135 1071 1200 Ille
1089 1135 1221 1222 quidem
1246 1147 1521 1200 sacramentorum
1546 1135 1691 1218 effectus,
1716 1157 1812 1222 quern
1829 1135 1975 1200 dlximus
1999 1136 2105 1222 passi-

448 1269 536 1327 vum,
556 1266 686 1330 semper
702 1253 751 1307 est
766 1242 945 1325 uniformis,
970 1253 1084 1306 ettam
1100 1254 1194 1306 extra
1210 1265 1308 1328 quam
1324 1243 1409 1306 intra
1425 1242 1597 1306 ecclesiam
1612 1244 1707 1306 unius
1728 1243 1939 1307 institutionis
1955 1242 2011 1306 vel
2027 1265 2106 1306 con-

449 1352 624 1416 stitutionis
640 1360 796 1437 quantum
812 1349 979 1434 adportes
995 1349 1219 1436 principaliter
1235 1349 1469 1430 constitutivas,
1486 1350 1611 1413 namin
1627 1349 1829 1414 secundariis
1847 1361 1880 1413 et
1895 1348 2106 1436 appendiciis

449 1456 596 1545 partibus
623 1455 737 1520 modus
766 1466 815 1520 est
845 1455 1007 1520 interdum
1033 1457 1143 1519 varius
1172 1467 1204 1519 et
1230 1455 1435 1537 multifarius,
1462 1467 1558 1542 prout
1585 1455 1784 1542 singularum
1812 1455 2027 1520 ecclesiarum
2056 1467 2107 1518 est
2126 1481 2150 1519 ro

345 1592 431 1633 nuos.
449 1587 537 1630 usus.
569 1563 646 1627 'At‘
664 1562 835 1649 principali
861 1573 1137 1626 sacramentorum
1161 1564 1388 1628 constitutione
1413 1585 1542 1649 semper
1564 1563 1678 1628 modus
1696 1575 1744 1626 est
1767 1587 1850 1626 unns
1875 1574 1907 1627 et
1930 1563 2106 1626 uniformis

450 1673 483 1736 in
507 1670 656 1735 omnibns
680 1669 837 1750 ecclesiis,
863 1667 979 1733 Grecis
1003 1679 1035 1733 et
1057 1669 1193 1733 Latinis.
1240 1669 1325 1733 Nam
1348 1671 1383 1732 in
1406 1691 1455 1750 eo,
1481 1669 1568 1756 quod
1593 1667 1693 1734 Greci
1722 1669 1950 1734 fermentatum
1982 1691 2106 1755 panem

450 1778 599 1860 offerunt,
630 1775 843 1864 principalem
868 1774 1011 1840 Christid
1034 1777 1296 1841 constitutionem
1326 1798 1391 1841 non
1421 1776 1581 1858 omittunt,
1610 1799 1707 1862 quam
1738 1787 1815 1840 tunc
1846 1777 2045 1858 omitterent,
2079 1776 2106 1839 si

450 1885 549 1966 aliud,
574 1907 671 1971 quam
694 1906 813 1969 panem
837 1882 1006 1947 offerrent:
1030 1881 1124 1946 verbi
1147 1884 1262 1969 gratia,
1287 1904 1418 1947 caseum
1437 1881 1490 1946 vel
1513 1881 1577 1946 tale
1601 1882 1734 1970 aliquid,
1759 1882 1847 1969 quod
1863 1880 2014 1948 Christus
2037 1905 2106 1946 non

450 1990 575 2057 obtulit.
621 1991 666 2054 Et
689 1989 763 2054 ideo
787 1990 936 2076 quamvis
966 1987 1189 2054 rationabilius
1219 1990 1376 2072 facerent,
1408 1990 1435 2053 si
1466 1990 1607 2054 azimum
1635 2011 1751 2076 panem
1777 1988 1943 2054 offerendo
1967 2001 2105 2054 sanctae
2125 2013 2149 2052 n

451 2099 617 2163 Romanae
649 2096 808 2162 ecclesiae
834 2095 1084 2160 concordarent:
1117 2119 1228 2160 eorum
1259 2107 1368 2160 tamen
1391 2096 1620 2161 fermentatum
1650 2096 1846 2161 sacrificium
1870 2096 1926 2160 diu
1949 2096 2105 2160 toleravit

450 2204 605 2286 ecclesia,
641 2227 707 2268 non
745 2225 818 2268 cum
848 2202 1061 2288 negligentia,
1100 2202 1158 2266 sed
1188 2201 1335 2268 adhibita
1364 2225 1423 2289 per
1452 2202 1569 2266 multos
1600 2202 1700 2266 multa
1730 2202 1909 2288 diligentia,
1938 2212 1974 2266 ut
2003 2201 2103 2267 Greci

451 2310 687 2376 concordarent
718 2333 791 2374 cum
822 2310 969 2374 Romana
1007 2309 1155 2374 ecclesia.
1202 2309 1283 2374 Inde
1312 2309 1382 2373 Leo
1405 2309 1514 2374 Vina
1545 2309 1640 2373 huius
1670 2311 1809 2373 nominis
1840 2332 1927 2396 papa
1956 2333 1977 2374 a
2005 2309 2104 2374 beato

450 2419 547 2483 Petro
572 2417 756 2482 CXLVIII.
782 2428 895 2481 contra
918 2415 1149 2480 Michahelem‘
1174 2414 1567 2502 Constantinopolitanum
1590 2416 1808 2502 patriarcham
1833 2417 2001 2503 egregiam
2025 2439 2101 2480 con·

451 2526 581 2611 scripsit
604 2523 784 2610 epistolam,
809 2522 988 2587 defendens
1012 2521 1279 2586 consuetudinem
1303 2522 1483 2586 Romanam
1507 2523 1667 2586 sinceram
1699 2533 1731 2586 et
1762 2523 1955 2587 institutioni
1978 2522 2145 2587 Christian

451 2633 554 2717 magis
579 2653 764 2696 consonam.
805 2627 871 2694 Sed
894 2639 1002 2692 tamen
1020 2627 1118 2693 Greci
1142 2639 1355 2714 perseverant
1378 2630 1411 2692 in
1435 2653 1494 2693 sua
1517 2629 1761 2711 consuetudine,
1786 2653 1851 2694 non
1874 2629 2101 2695 discordantes

452 2736 587 2802 anobis
618 2738 652 2800 in
675 2734 848 2823 principali
874 2746 1148 2799 sacramentorum
1172 2736 1411 2800 constitutione.
1459 2735 1615 2801 Similiter
1636 2737 1722 2801 inter
1744 2738 1832 2822 ipsos
1855 2737 2002 2820 Latinos,
2027 2760 2101 2801 cum

452 2844 552 2931 aliqui
577 2843 763 2929 discrepent
786 2843 819 2905 in
844 2863 892 2923 ec,
924 2841 1108 2927 quodcum
1133 2864 1217 2927 pene
1242 2843 1345 2906 omnis
1376 2842 1516 2907 ecclesia
1539 2853 1649 2908 teneat
1673 2841 1911 2928 Gregorianum
1943 2844 2100 2926 ordinem,

451 2951 514 3036 ipsi
538 2949 645 3014 adhuc
669 2958 781 3013 tenent
798 2946 1050 3012 Ambrosianam
1073 2949 1316 3031 institutionem,
1340 2950 1374 3013 in
1397 2949 1571 3037 principali
1593 2961 1702 3014 tamen
1726 2961 2001 3015 sacramentorum
2026 2974 2101 3015 con-

453 3058 617 3122 stitutione
641 3055 723 3120 adeo
748 3054 811 3118 sibi
835 3053 1035 3119 concordant
1058 3077 1168 3118 omnes
1193 3055 1362 3139 ecclesiae,
1393 3067 1428 3120 nt
1458 3057 1555 3120 etiam
1578 3057 1795 3122 hereticorum
1827 3055 1933 3122 nullus
1958 3057 2100 3122 audeatss
2119 3080 2143 3118 ss

452 3186 524 3227 eam
555 3175 691 3245 mutare,
722 3172 819 3249 atquc
844 3163 871 3225 si
895 3163 967 3247 quis
998 3184 1070 3226 eam
1095 3163 1338 3248 permutaverit,
1370 3163 1495 3228 scilicet
1518 3162 1592 3227 velh
1617 3163 1705 3228 aliud
1729 3164 1877 3246 offerens,
1903 3165 1955 3228 vel
1979 3166 2013 3228 in
2037 3164 2101 3228 alio

452 3270 576 3356 liquore
600 3267 805 3350 babtizansl,
836 3268 889 3332 vel
912 3267 1002 3332 aliud
1030 3269 1114 3332 inter
1138 3269 1338 3334 offerendum
1369 3280 1425 3335 aut
1451 3269 1683 3334 babtizandum
1706 3272 1857 3354 recitans,
1882 3293 1979 3358 quam
2003 3270 2103 3335 habet

452 3377 676 3441 ecclesiastica
699 3375 840 3457 traditio,
871 3374 1054 3439 nullatenus
1085 3374 1173 3462 quod
1202 3377 1270 3461 agit
1293 3387 1460 3463 reputetur
1482 3399 1541 3462 pro
1565 3388 1779 3442 sacramento.
1826 3377 1909 3443 Sunt
1931 3379 2032 3464 igitur
2054 3379 2101 3442 in-

343 3511 371 3551 ·.
419 3512 434 3550 ⁶.
452 3482 619 3548 violabilis
643 3493 857 3564 sacramenta,
882 3483 1035 3568 quoniam
1060 3481 1246 3568 ubicunque
1271 3492 1346 3547 sunt
1369 3483 1484 3547 eadem
1508 3495 1599 3566 sunt3
1632 3489 1679 3548 ‘ct
1707 3484 1806 3548 semel
1830 3485 1990 3570 imposita,
2021 3508 2101 3548 nun-

453 3613 551 3676 quam
574 3587 697 3655 aboleri
720 3599 865 3675 possunt.
900 3588 1015 3674 Neque
1040 3589 1126 3652 enim
1143 3611 1216 3652 cum
1234 3588 1372 3653 ordinati
1389 3589 1442 3654 vel
1464 3588 1622 3654 babtizati
1637 3592 1969 3671 excommunicantur,
1994 3614 2101 3655 sacra·
2120 3613 2144 3651 so

452 3699 579 3779 mentis,
611 3719 674 3783 que
705 3698 770 3760 ritu
800 3695 1021 3760 ecclesiastico
1046 3706 1269 3781 susceperunt,
1294 3695 1453 3761 ullatenus
1477 3699 1655 3783 privantur,
1687 3696 1744 3760 sed
1774 3709 1967 3782 permanent
1997 3700 2101 3762 ineis

453 3803 664 3868 ordinationis
695 3802 748 3866 vel
783 3800 936 3866 babtismi
971 3813 1189 3883 sacramenta,
1221 3804 1369 3888 quamvis
1404 3815 1545 3884 mortua,
1576 3805 1724 3890 quamvis
1761 3805 1919 3886 extincta,
1951 3806 2101 3890 quamvis

453 3911 554 3993 irrita,
585 3909 619 3974 id
643 3919 692 3974 cst
714 3908 833 3973 nullius
857 3909 986 3972 virtutis
1015 3919 1071 3972 aut
1101 3908 1211 3972 salutis
1238 3909 1398 3973 effectiva.
1446 3909 1597 3996 Speciem
1621 3933 1698 3996 ergo
1723 3910 1824 3975 solam
1847 3912 1978 3996 pietatis
2002 3934 2101 3997 quam

453 4015 576 4081 habent
598 4016 643 4079 hii
666 4014 747 4079 tales
771 4013 969 4078 babtizando
994 4014 1179 4098 conferunt3
1205 4015 1263 4079 sed
1279 4039 1377 4102 quam
1400 4040 1465 4080 non
1488 4016 1610 4081 habent
1624 4018 1776 4082 virtutem
1793 4017 1939 4081 eiusdem
1957 4019 2099 4104 pietatis,

454 4123 601 4188 conferre
626 4145 690 4186 non
714 4131 875 4207 poterunt,
906 4122 1048 4184 maxime
1072 4121 1121 4184 his
1142 4123 1197 4207 qui
1222 4124 1287 4186 suis
1311 4122 1474 4188 erroribus
1499 4125 1713 4206 consentiunt,
1745 4136 1778 4189 et
1807 4123 1849 4188 ab
1873 4124 2013 4190 ecclesia
2037 4124 2100 4188 dis·
2120 4145 2145 4185 ss

454 4230 606 4312 sentiunt,
630 4228 683 4292 vel
706 4230 739 4292 in
763 4251 802 4292 eo
826 4227 919 4313 ipsol
943 4227 1031 4313 quod
1055 4250 1165 4292 eorum
1187 4228 1361 4294 interdicta
1384 4242 1588 4295 sacramenta
1611 4231 1752 4295 scienter
1775 4231 1964 4317 suscipiunt.
2012 4231 2100 4311 Qua-

454 4345 587 4422 propter
617 4334 709 4417 talcs,
741 4335 797 4420 qui
820 4357 840 4397 a
863 4333 982 4398 talibus
1005 4331 1172 4416 babtizati,
1197 4336 1326 4421 quando
1358 4335 1401 4400 ad
1431 4337 1623 4401 catholicam
1654 4337 1826 4401 ecclesiam
1856 4336 2003 4418 redeunt,
2035 4361 2100 4402 non

455 4445 502 4506 eis
532 4443 688 4528 repetitur
717 4441 883 4505 lavacrum
913 4442 1037 4522 carnis3
1074 4440 1141 4522 sed,
1173 4453 1208 4504 ut
1237 4442 1425 4528 perficiatur
1454 4444 1542 4529 quod
1572 4443 1672 4526 deest,
1703 4445 1890 4508 inseruntur
1921 4444 2100 4508 catholicae

454 4550 560 4630 matri,
584 4559 620 4612 ut
642 4571 701 4633 per
724 4549 793 4612 eius
816 4547 1113 4612 reconciliationem
1139 4547 1277 4633 Spiritus
1302 4551 1405 4614 saneti
1428 4551 1565 4635 gratiam
1588 4552 1757 4637 percipere
1780 4560 1975 4614 mereantur.
2015 4551 2100 4615 Nam

455 4657 488 4720 in
512 4654 567 4719 illa
596 4654 665 4718 sola
689 4653 827 4739 Spiritus
851 4665 982 4719 sanctus
1006 4654 1110 4736 datur,
1136 4655 1213 4740 quia
1235 4655 1388 4720 videlicet
1416 4657 1451 4719 in
1479 4658 1620 4721 scissura
1650 4658 1805 4720 mentium
1829 4657 1921 4721 Deus
1951 4680 2016 4721 non
2041 4668 2099 4738 est,
2119 4679 2145 4718 to

456 4763 571 4827 sedin
594 4762 715 4824 unitate
740 4771 772 4824 et
795 4783 887 4846 pace,
912 4784 974 4846 que
998 4762 1206 4847 perfectionis
1222 4761 1387 4826 vinculum
1404 4775 1462 4826 est.
1497 4764 1541 4827 Et
1564 4763 1596 4826 hi
1621 4763 1751 4850 quidem
1775 4763 1867 4827 thoro
1891 4765 1997 4828 minus
2020 4764 2099 4849 legi-

455 4870 532 4934 timo
556 4868 727 4955 procreati,
758 4877 866 4930 tamen
897 4877 1088 4952 reputantur
1113 4869 1181 4949 filii,
1212 4892 1287 4933 nam
1312 4879 1344 4933 et
1367 4891 1409 4934 ex
1433 4871 1519 4934 omni
1542 4867 1630 4934 tribu
1652 4869 1791 4933 liliorum
1814 4870 1916 4934 Israel
1939 4872 2100 4935 numerati

456 4987 529 5039 sunt
552 4975 610 5039 filii
633 4974 706 5038 Deo
731 4975 841 5059 cognit
841 4975 861 5056 i,
828 4972 942 5037 tubi
966 4975 1135 5060 signantur
1155 4979 1243 5039 servi
1267 4976 1332 5040 Dei
1356 4978 1457 5040 nostri
1479 4977 1513 5040 in
1536 4975 1695 5040 frontibus
1719 4977 1795 5059 suis,
1820 4977 1945 5041 scilicet
1967 4987 2034 5041 tam
2058 5000 2101 5041 ex

299 5093 327 5132 f·
336 5092 386 5132 (³¹¹
329 5092 468 5184 numwt
455 5080 542 5146 tribu
566 5080 696 5146 Gadet
684 5081 812 5162 tAser,
838 5081 957 5167 quide
982 5081 1118 5146 ancilla¹
1144 5083 1213 5146 nati
1243 5093 1326 5164 sunt,
1359 5107 1457 5169 quam
1488 5095 1565 5148 ext
1552 5082 1640 5148 tribu
1662 5082 1801 5148 Iudaet
1788 5084 1952 5170 tIoseph,
1978 5085 2034 5169 qui
2058 5105 2100 5148 ex

279 5147 430 5299 2¹33th
343 5199 437 5248 ason.
455 5187 606 5273 legitimis
637 5187 829 5274 coniugibus
861 5190 922 5252 orti
952 5199 1035 5252 sunt.
1081 5189 1365 5253 Verumtamcn's1
1389 5201 1462 5254 ante
1486 5189 1630 5275 legitime
1660 5191 1772 5254 matris
1803 5189 2100 5254 reconciliationem
2119 5215 2146 5254 u

293 5254 306 5295 ’
353 5281 436 5363 sios.
456 5295 496 5359 dc
520 5295 581 5358 hac
604 5295 677 5358 luce
702 5295 991 5374 subtraherentur,
1017 5317 1089 5358 cum
1113 5294 1273 5359 Ismahele
1297 5295 1338 5358 de
1362 5296 1514 5361 domot
1482 5307 1514 5360 et
1537 5296 1716 5361 hereditate
1747 5307 1884 5383 patema
1908 5297 2013 5378 eiecti,
2045 5319 2100 5360 ue-

563 5495 590 5558 α)
611 5497 795 5547 sacratissima
814 5498 838 5545 2.
920 5492 948 5555 b)
970 5495 1036 5544 cheat
1055 5497 1079 5544 2.
1099 5497 1122 5544 3.
1204 5491 1259 5556 cl'
1252 5495 1358 5545 mudd.
1379 5497 1403 5545 2.
1485 5493 1513 5557 d)
1535 5497 1637 5545 domini
1655 5495 1715 5545 add.
1736 5499 1760 5547 2.
1834 5494 1860 5558 e)
1882 5497 1963 5547 VIII.
1983 5523 2015 5530 -
2037 5513 2101 5547 con·

456 5587 565 5651 scripsit
583 5585 742 5635 iniec-ormo
760 5593 783 5634 et
801 5585 919 5649 iosmary.
936 5586 957 5632 1.
1012 5581 1033 5644 f)
1052 5583 1213 5634 michaelem
1225 5582 1250 5634 2.
1305 5580 1333 5648 g)
1351 5601 1373 5634 e.
1388 5584 1449 5635 aud.
1465 5587 1488 5634 2.
1502 5587 1525 5634 3.
1582 5583 1608 5644 Ii)
1631 5590 1678 5634 aut
1697 5587 1721 5635 2.
1776 5583 1797 5646 i)
1820 5587 1972 5651 baptizatus
1989 5584 2061 5647 1(?).
2076 5588 2100 5635 3.

457 5672 486 5739 k)
507 5675 573 5724 decet
592 5676 614 5723 1.
689 5671 708 5734 Ι)
730 5672 778 5723 illa
798 5675 822 5723 3.
