<?xml version="1.0" encoding="UTF-8"?>
<!DOCTYPE html PUBLIC "-//W3C//DTD XHTML 1.0 Transitional//EN"
    "http://www.w3.org/TR/xhtml1/DTD/xhtml1-transitional.dtd">
<html xmlns="http://www.w3.org/1999/xhtml" xml:lang="en" lang="en">
 <head>
  <title>
</title>
<meta http-equiv="Content-Type" content="text/html;charset=utf-8" />
  <meta name='ocr-system' content='tesseract 3.04.00' />
  <meta name='ocr-capabilities' content='ocr_page ocr_carea ocr_par ocr_line ocrx_word'/>
</head>
<body>
  <div class='ocr_page' id='page_1' title='image "./monumentagerman00unkngoog_0573.png"; bbox 0 0 4426 6398; ppageno 0'>
   <div class='ocr_carea' id='block_1_1' title="bbox 783 363 1703 428">
    <p class='ocr_par' dir='ltr' id='par_1_1' title="bbox 783 363 1703 428">
     <span class='ocr_line' id='line_1_1' title="bbox 783 363 1703 428; baseline -0.004 -2"><span class='ocrx_word' id='word_1_1' title='bbox 783 367 966 426; x_wconf 73' lang='lat' dir='ltr'><strong>Mensem</strong></span> <span class='ocrx_word' id='word_1_2' title='bbox 988 365 1132 426; x_wconf 83' lang='lat' dir='ltr'>EXULIS</span> <span class='ocrx_word' id='word_1_3' title='bbox 1156 366 1186 423; x_wconf 88' lang='lat' dir='ltr'><strong>S.</strong></span> <span class='ocrx_word' id='word_1_4' title='bbox 1210 365 1427 424; x_wconf 81' lang='lat' dir='ltr'><strong>LAURENTII</strong></span> <span class='ocrx_word' id='word_1_5' title='bbox 1452 363 1703 428; x_wconf 80' lang='lat' dir='ltr'><strong>OPUSCULUM.</strong></span> 
     </span>
    </p>
   </div>
   <div class='ocr_carea' id='block_1_2' title="bbox 775 553 1434 4796">
    <p class='ocr_par' dir='ltr' id='par_1_2' title="bbox 775 553 1434 4796">
     <span class='ocr_line' id='line_1_2' title="bbox 895 553 1290 620; baseline -0.005 0"><span class='ocrx_word' id='word_1_6' title='bbox 895 553 1067 620; x_wconf 89' lang='lat' dir='ltr'><strong>Perhenne</strong></span> <span class='ocrx_word' id='word_1_7' title='bbox 1091 553 1290 619; x_wconf 86' lang='lat' dir='ltr'><strong>desiderium</strong></span> 
     </span>
     <span class='ocr_line' id='line_1_3' title="bbox 895 660 1297 748; baseline -0.002 -22"><span class='ocrx_word' id='word_1_8' title='bbox 895 663 1133 748; x_wconf 87' lang='lat' dir='ltr'><strong>Perpetuorum</strong></span> <span class='ocrx_word' id='word_1_9' title='bbox 1157 660 1297 726; x_wconf 88' lang='lat' dir='ltr'><strong>collium.</strong></span> 
     </span>
     <span class='ocr_line' id='line_1_4' title="bbox 844 766 1301 854; baseline -0.004 -20"><span class='ocrx_word' id='word_1_10' title='bbox 844 766 907 834; x_wconf 88' lang='lat' dir='ltr'><strong>Cui</strong></span> <span class='ocrx_word' id='word_1_11' title='bbox 930 767 1081 834; x_wconf 77' lang='lat' dir='ltr'><strong>debitor·</strong></span> <span class='ocrx_word' id='word_1_12' title='bbox 1104 777 1301 854; x_wconf 81' lang='lat' dir='ltr'><strong>spontaneus</strong></span> 
     </span>
     <span class='ocr_line' id='line_1_5' title="bbox 782 874 1323 940; baseline -0.004 0"><span class='ocrx_word' id='word_1_13' title='bbox 782 892 814 940; x_wconf 78' lang='grc' dir='ltr'><strong>ιο</strong></span> <span class='ocrx_word' id='word_1_14' title='bbox 895 875 940 940; x_wconf 86' lang='lat' dir='ltr'><strong>Et</strong></span> <span class='ocrx_word' id='word_1_15' title='bbox 962 874 1107 940; x_wconf 78' lang='lat' dir='ltr'><strong>redditor</strong></span> <span class='ocrx_word' id='word_1_16' title='bbox 1129 875 1323 940; x_wconf 86' lang='lat' dir='ltr'><strong>iustissimus</strong></span> 
     </span>
     <span class='ocr_line' id='line_1_6' title="bbox 894 979 1332 1064; baseline -0.002 -18"><span class='ocrx_word' id='word_1_17' title='bbox 894 981 988 1046; x_wconf 88' lang='lat' dir='ltr'><strong>Duas</strong></span> <span class='ocrx_word' id='word_1_18' title='bbox 1013 1001 1149 1047; x_wconf 88' lang='lat' dir='ltr'><strong>coronas</strong></span> <span class='ocrx_word' id='word_1_19' title='bbox 1173 979 1332 1064; x_wconf 80' lang='lat' dir='ltr'><strong>reddidit3</strong></span> 
     </span>
     <span class='ocr_line' id='line_1_7' title="bbox 894 1087 1308 1174; baseline 0 -22"><span class='ocrx_word' id='word_1_20' title='bbox 894 1087 988 1152; x_wconf 89' lang='lat' dir='ltr'><strong>Duas</strong></span> <span class='ocrx_word' id='word_1_21' title='bbox 1012 1089 1097 1153; x_wconf 91' lang='lat' dir='ltr'><strong>enim</strong></span> <span class='ocrx_word' id='word_1_22' title='bbox 1121 1089 1308 1174; x_wconf 87' lang='lat' dir='ltr'><strong>promeruit</strong></span> 
     </span>
     <span class='ocr_line' id='line_1_8' title="bbox 842 1193 1207 1282; baseline -0.005 -22"><span class='ocrx_word' id='word_1_23' title='bbox 842 1195 950 1260; x_wconf 90' lang='lat' dir='ltr'><strong>Unam</strong></span> <span class='ocrx_word' id='word_1_24' title='bbox 973 1193 1207 1282; x_wconf 76' lang='lat' dir='ltr'><strong>misericordie,</strong></span> 
     </span>
     <span class='ocr_line' id='line_1_9' title="bbox 895 1300 1401 1388; baseline 0 -22"><span class='ocrx_word' id='word_1_25' title='bbox 895 1301 1001 1381; x_wconf 78' lang='lat' dir='ltr'><strong>Quam</strong></span> <span class='ocrx_word' id='word_1_26' title='bbox 1025 1300 1150 1366; x_wconf 86' lang='lat' dir='ltr'><strong>fecerat</strong></span> <span class='ocrx_word' id='word_1_27' title='bbox 1172 1302 1205 1364; x_wconf 92' lang='lat' dir='ltr'><strong>in</strong></span> <span class='ocrx_word' id='word_1_28' title='bbox 1228 1323 1401 1388; x_wconf 77' lang='lat' dir='ltr'><strong>pauperes.</strong></span> 
     </span>
     <span class='ocr_line' id='line_1_10' title="bbox 781 1407 1267 1494; baseline -0.002 -22"><span class='ocrx_word' id='word_1_29' title='bbox 781 1423 813 1472; x_wconf 84' lang='lat'><strong>15</strong></span> <span class='ocrx_word' id='word_1_30' title='bbox 895 1407 939 1472; x_wconf 85' lang='lat' dir='ltr'><strong>Et</strong></span> <span class='ocrx_word' id='word_1_31' title='bbox 962 1407 1096 1472; x_wconf 85' lang='lat' dir='ltr'><strong>alteram</strong></span> <span class='ocrx_word' id='word_1_32' title='bbox 1120 1407 1267 1494; x_wconf 74' lang='lat' dir='ltr'><strong>victorie,</strong></span> 
     </span>
     <span class='ocr_line' id='line_1_11' title="bbox 896 1513 1429 1601; baseline 0 -23"><span class='ocrx_word' id='word_1_33' title='bbox 896 1513 971 1595; x_wconf 79' lang='lat' dir='ltr'><strong>Qua</strong></span> <span class='ocrx_word' id='word_1_34' title='bbox 993 1513 1074 1578; x_wconf 87' lang='lat' dir='ltr'><strong>vicit</strong></span> <span class='ocrx_word' id='word_1_35' title='bbox 1096 1514 1258 1601; x_wconf 88' lang='lat' dir='ltr'><strong>impurum</strong></span> <span class='ocrx_word' id='word_1_36' title='bbox 1282 1513 1429 1580; x_wconf 69' lang='lat' dir='ltr'><strong>lovemb.</strong></span> 
     </span>
     <span class='ocr_line' id='line_1_12' title="bbox 842 1620 1258 1704; baseline 0 -18"><span class='ocrx_word' id='word_1_37' title='bbox 842 1620 992 1686; x_wconf 82' lang='lat' dir='ltr'>Surrexit</span> <span class='ocrx_word' id='word_1_38' title='bbox 1014 1620 1068 1686; x_wconf 90' lang='lat' dir='ltr'><strong>hic</strong></span> <span class='ocrx_word' id='word_1_39' title='bbox 1092 1631 1124 1686; x_wconf 89' lang='lat' dir='ltr'><strong>et</strong></span> <span class='ocrx_word' id='word_1_40' title='bbox 1148 1620 1258 1704; x_wconf 88' lang='lat' dir='ltr'><strong>astitit,</strong></span> 
     </span>
     <span class='ocr_line' id='line_1_13' title="bbox 893 1726 1305 1815; baseline 0.002 -23"><span class='ocrx_word' id='word_1_41' title='bbox 893 1726 1047 1814; x_wconf 74' lang='lat' dir='ltr'><strong>Abigas</strong></span> <span class='ocrx_word' id='word_1_42' title='bbox 1071 1727 1175 1815; x_wconf 86' lang='lat' dir='ltr'><strong>qualis</strong></span> <span class='ocrx_word' id='word_1_43' title='bbox 1199 1728 1305 1812; x_wconf 89' lang='lat' dir='ltr'><strong>rediit,</strong></span> 
     </span>
     <span class='ocr_line' id='line_1_14' title="bbox 893 1832 1293 1920; baseline 0.003 -22"><span class='ocrx_word' id='word_1_44' title='bbox 893 1833 984 1899; x_wconf 87' lang='lat' dir='ltr'><strong>Auro</strong></span> <span class='ocrx_word' id='word_1_45' title='bbox 1007 1832 1145 1920; x_wconf 83' lang='lat' dir='ltr'><strong>probato</strong></span> <span class='ocrx_word' id='word_1_46' title='bbox 1169 1835 1293 1918; x_wconf 82' lang='lat' dir='ltr'><strong>similis,</strong></span> 
     </span>
     <span class='ocr_line' id='line_1_15' title="bbox 778 1939 1412 2027; baseline 0 -21"><span class='ocrx_word' id='word_1_47' title='bbox 778 1957 812 2007; x_wconf 81' lang='lat'><strong>20</strong></span> <span class='ocrx_word' id='word_1_48' title='bbox 895 1939 1035 2022; x_wconf 78' lang='lat' dir='ltr'><strong>Quando</strong></span> <span class='ocrx_word' id='word_1_49' title='bbox 1059 1941 1251 2027; x_wconf 81' lang='lat' dir='ltr'><strong>perignem</strong></span> <span class='ocrx_word' id='word_1_50' title='bbox 1274 1943 1412 2008; x_wconf 78' lang='lat' dir='ltr'><strong>transiit</strong></span> 
     </span>
     <span class='ocr_line' id='line_1_16' title="bbox 841 2045 1434 2135; baseline 0 -23"><span class='ocrx_word' id='word_1_51' title='bbox 841 2047 881 2112; x_wconf 81' lang='lat'><strong>‘0</strong></span> <span class='ocrx_word' id='word_1_52' title='bbox 906 2045 1057 2128; x_wconf 85' lang='lat' dir='ltr'><strong>Christe’,</strong></span> <span class='ocrx_word' id='word_1_53' title='bbox 1080 2048 1196 2135; x_wconf 86' lang='lat' dir='ltr'><strong>inquit,</strong></span> <span class='ocrx_word' id='word_1_54' title='bbox 1222 2052 1319 2113; x_wconf 88' lang='lat' dir='ltr'><strong>‘nunc</strong></span> <span class='ocrx_word' id='word_1_55' title='bbox 1343 2071 1434 2114; x_wconf 91' lang='lat' dir='ltr'><strong>meus</strong></span> 
     </span>
     <span class='ocr_line' id='line_1_17' title="bbox 894 2153 1312 2220; baseline 0.005 -2"><span class='ocrx_word' id='word_1_56' title='bbox 894 2153 1013 2219; x_wconf 89' lang='lat' dir='ltr'><strong>Tortor</strong></span> <span class='ocrx_word' id='word_1_57' title='bbox 1034 2155 1155 2219; x_wconf 84' lang='lat' dir='ltr'><strong>revixit</strong></span> <span class='ocrx_word' id='word_1_58' title='bbox 1177 2153 1312 2220; x_wconf 77' lang='lat' dir='ltr'><strong>Decius.</strong></span> 
     </span>
     <span class='ocr_line' id='line_1_18' title="bbox 894 2260 1349 2348; baseline 0.004 -24"><span class='ocrx_word' id='word_1_59' title='bbox 894 2260 1018 2326; x_wconf 78' lang='lat' dir='ltr'>Rursus</span> <span class='ocrx_word' id='word_1_60' title='bbox 1042 2271 1136 2348; x_wconf 89' lang='lat' dir='ltr'><strong>parat</strong></span> <span class='ocrx_word' id='word_1_61' title='bbox 1159 2261 1349 2327; x_wconf 77' lang='lat' dir='ltr'><strong>craticulam</strong></span> 
     </span>
     <span class='ocr_line' id='line_1_19' title="bbox 893 2367 1406 2455; baseline 0.002 -24"><span class='ocrx_word' id='word_1_62' title='bbox 893 2367 1082 2455; x_wconf 75' lang='lat' dir='ltr'><strong>Rursusque</strong></span> <span class='ocrx_word' id='word_1_63' title='bbox 1105 2368 1275 2434; x_wconf 82' lang='lat' dir='ltr'><strong>thesauros</strong></span> <span class='ocrx_word' id='word_1_64' title='bbox 1298 2379 1406 2434; x_wconf 77' lang='lat' dir='ltr'><strong>avet⁶.</strong></span> 
     </span>
     <span class='ocr_line' id='line_1_20' title="bbox 777 2473 1326 2561; baseline 0 -21"><span class='ocrx_word' id='word_1_65' title='bbox 777 2489 810 2540; x_wconf 78' lang='lat'><strong>25</strong></span> <span class='ocrx_word' id='word_1_66' title='bbox 840 2473 884 2538; x_wconf 82' lang='lat' dir='ltr'><strong>Et</strong></span> <span class='ocrx_word' id='word_1_67' title='bbox 907 2495 988 2560; x_wconf 89' lang='lat' dir='ltr'><strong>quos</strong></span> <span class='ocrx_word' id='word_1_68' title='bbox 1013 2496 1074 2560; x_wconf 86' lang='lat' dir='ltr'><strong>ego</strong></span> <span class='ocrx_word' id='word_1_69' title='bbox 1098 2495 1326 2561; x_wconf 77' lang='lat' dir='ltr'><strong>congesseram</strong></span> 
     </span>
     <span class='ocr_line' id='line_1_21' title="bbox 891 2580 1401 2668; baseline 0.004 -24"><span class='ocrx_word' id='word_1_70' title='bbox 891 2580 1029 2645; x_wconf 88' lang='lat' dir='ltr'><strong>Dandos</strong></span> <span class='ocrx_word' id='word_1_71' title='bbox 1052 2581 1087 2645; x_wconf 90' lang='lat' dir='ltr'><strong>in</strong></span> <span class='ocrx_word' id='word_1_72' title='bbox 1109 2602 1188 2646; x_wconf 90' lang='lat' dir='ltr'><strong>usus</strong></span> <span class='ocrx_word' id='word_1_73' title='bbox 1211 2603 1401 2668; x_wconf 88' lang='lat' dir='ltr'><strong>pauperum,</strong></span> 
     </span>
     <span class='ocr_line' id='line_1_22' title="bbox 890 2686 1356 2773; baseline -0.009 -23"><span class='ocrx_word' id='word_1_74' title='bbox 890 2686 1032 2751; x_wconf 85' lang='lat' dir='ltr'><strong>Furatus</strong></span> <span class='ocrx_word' id='word_1_75' title='bbox 1055 2687 1101 2752; x_wconf 90' lang='lat' dir='ltr'><strong>illi</strong></span> <span class='ocrx_word' id='word_1_76' title='bbox 1125 2686 1290 2773; x_wconf 72' lang='lat' dir='ltr'><strong>prodidit⁶</strong></span> <span class='ocrx_word' id='word_1_77' title='bbox 1351 2735 1356 2746; x_wconf 94' lang='lat'><em>.</em></span> 
     </span>
     <span class='ocr_line' id='line_1_23' title="bbox 892 2793 1404 2881; baseline 0.004 -24"><span class='ocrx_word' id='word_1_78' title='bbox 892 2793 1057 2858; x_wconf 79' lang='lat' dir='ltr'><strong>Mercator</strong></span> <span class='ocrx_word' id='word_1_79' title='bbox 1079 2794 1246 2879; x_wconf 83' lang='lat' dir='ltr'><strong>impurus⁰</strong></span> <span class='ocrx_word' id='word_1_80' title='bbox 1271 2793 1404 2881; x_wconf 80' lang='lat' dir='ltr'><strong>Symon.</strong></span> 
     </span>
     <span class='ocr_line' id='line_1_24' title="bbox 839 2898 1316 2986; baseline 0.002 -22"><span class='ocrx_word' id='word_1_81' title='bbox 839 2899 923 2964; x_wconf 87' lang='lat' dir='ltr'><strong>Nam</strong></span> <span class='ocrx_word' id='word_1_82' title='bbox 947 2899 1071 2986; x_wconf 90' lang='lat' dir='ltr'><strong>primus</strong></span> <span class='ocrx_word' id='word_1_83' title='bbox 1094 2898 1234 2964; x_wconf 92' lang='lat' dir='ltr'><strong>assultus</strong></span> <span class='ocrx_word' id='word_1_84' title='bbox 1257 2900 1316 2965; x_wconf 90' lang='lat' dir='ltr'><strong>tuli</strong></span> 
     </span>
     <span class='ocr_line' id='line_1_25' title="bbox 776 3005 1293 3092; baseline 0 -22"><span class='ocrx_word' id='word_1_85' title='bbox 776 3021 810 3071; x_wconf 86' lang='grc' dir='ltr'><strong>3ο</strong></span> <span class='ocrx_word' id='word_1_86' title='bbox 892 3005 1084 3070; x_wconf 88' lang='lat' dir='ltr'><strong>Leodiensis</strong></span> <span class='ocrx_word' id='word_1_87' title='bbox 1108 3005 1262 3092; x_wconf 87' lang='lat' dir='ltr'><strong>Symonis</strong></span> <span class='ocrx_word' id='word_1_88' title='bbox 1273 3011 1293 3070; x_wconf 86' lang='lat'><strong>¹.</strong></span> 
     </span>
     <span class='ocr_line' id='line_1_26' title="bbox 891 3112 1415 3199; baseline 0.004 -23"><span class='ocrx_word' id='word_1_89' title='bbox 891 3112 942 3176; x_wconf 84' lang='lat' dir='ltr'><strong>Tu</strong></span> <span class='ocrx_word' id='word_1_90' title='bbox 966 3113 1041 3196; x_wconf 86' lang='lat' dir='ltr'><strong>sois,</strong></span> <span class='ocrx_word' id='word_1_91' title='bbox 1064 3113 1164 3178; x_wconf 89' lang='lat' dir='ltr'><strong>michi</strong></span> <span class='ocrx_word' id='word_1_92' title='bbox 1188 3113 1267 3199; x_wconf 89' lang='lat' dir='ltr'><strong>quid</strong></span> <span class='ocrx_word' id='word_1_93' title='bbox 1290 3113 1415 3196; x_wconf 87' lang='lat' dir='ltr'><strong>fecerit,</strong></span> 
     </span>
     <span class='ocr_line' id='line_1_27' title="bbox 891 3218 1338 3306; baseline 0.004 -24"><span class='ocrx_word' id='word_1_94' title='bbox 891 3218 945 3283; x_wconf 90' lang='lat' dir='ltr'><strong>Me</strong></span> <span class='ocrx_word' id='word_1_95' title='bbox 970 3218 1132 3306; x_wconf 90' lang='lat' dir='ltr'><strong>quomodo</strong></span> <span class='ocrx_word' id='word_1_96' title='bbox 1155 3219 1338 3284; x_wconf 88' lang='lat' dir='ltr'><strong>nudaverit.</strong></span> 
     </span>
     <span class='ocr_line' id='line_1_28' title="bbox 838 3324 1300 3408; baseline 0 -18"><span class='ocrx_word' id='word_1_97' title='bbox 838 3324 894 3391; x_wconf 90' lang='lat' dir='ltr'><strong>Sic</strong></span> <span class='ocrx_word' id='word_1_98' title='bbox 918 3335 969 3390; x_wconf 89' lang='lat' dir='ltr'><strong>est</strong></span> <span class='ocrx_word' id='word_1_99' title='bbox 991 3325 1088 3408; x_wconf 88' lang='lat' dir='ltr'><strong>enim,</strong></span> <span class='ocrx_word' id='word_1_100' title='bbox 1112 3326 1197 3390; x_wconf 86' lang='lat' dir='ltr'><strong>sicut</strong></span> <span class='ocrx_word' id='word_1_101' title='bbox 1219 3324 1300 3390; x_wconf 75' lang='lat' dir='ltr'><strong>tibi‘</strong></span> 
     </span>
     <span class='ocr_line' id='line_1_29' title="bbox 892 3432 1308 3519; baseline 0.002 -24"><span class='ocrx_word' id='word_1_102' title='bbox 892 3432 994 3518; x_wconf 84' lang='lat' dir='ltr'><strong>Virgo</strong></span> <span class='ocrx_word' id='word_1_103' title='bbox 1018 3453 1137 3519; x_wconf 90' lang='lat' dir='ltr'><strong>parens</strong></span> <span class='ocrx_word' id='word_1_104' title='bbox 1161 3433 1308 3497; x_wconf 75' lang='lat' dir='ltr'><strong>innotuit</strong></span> 
     </span>
     <span class='ocr_line' id='line_1_30' title="bbox 777 3537 1407 3625; baseline -0.003 -21"><span class='ocrx_word' id='word_1_105' title='bbox 777 3554 810 3604; x_wconf 82' lang='lat'><strong>35</strong></span> <span class='ocrx_word' id='word_1_106' title='bbox 894 3537 1088 3620; x_wconf 64' lang='lat' dir='ltr'><strong>‘Mementa</strong></span> <span class='ocrx_word' id='word_1_107' title='bbox 1112 3539 1169 3625; x_wconf 91' lang='lat' dir='ltr'><strong>qui</strong></span> <span class='ocrx_word' id='word_1_108' title='bbox 1192 3537 1291 3603; x_wconf 86' lang='lat' dir='ltr'><strong>iudex</strong></span> <span class='ocrx_word' id='word_1_109' title='bbox 1315 3559 1407 3602; x_wconf 89' lang='lat' dir='ltr'><strong>meus</strong></span> 
     </span>
     <span class='ocr_line' id='line_1_31' title="bbox 892 3645 1350 3726; baseline -0.002 -17"><span class='ocrx_word' id='word_1_110' title='bbox 892 3645 936 3708; x_wconf 83' lang='lat' dir='ltr'><strong>Et</strong></span> <span class='ocrx_word' id='word_1_111' title='bbox 959 3647 1051 3709; x_wconf 88' lang='lat' dir='ltr'><strong>testis</strong></span> <span class='ocrx_word' id='word_1_112' title='bbox 1075 3667 1110 3708; x_wconf 89' lang='lat' dir='ltr'><strong>es</strong></span> <span class='ocrx_word' id='word_1_113' title='bbox 1135 3655 1167 3710; x_wconf 89' lang='lat' dir='ltr'><strong>et</strong></span> <span class='ocrx_word' id='word_1_114' title='bbox 1191 3645 1350 3726; x_wconf 87' lang='lat' dir='ltr'><strong>conscius,</strong></span> 
     </span>
     <span class='ocr_line' id='line_1_32' title="bbox 840 3750 1361 3838; baseline 0.002 -23"><span class='ocrx_word' id='word_1_115' title='bbox 840 3750 936 3833; x_wconf 83' lang='lat' dir='ltr'><strong>Quod</strong></span> <span class='ocrx_word' id='word_1_116' title='bbox 961 3773 1147 3816; x_wconf 90' lang='lat' dir='ltr'><strong>cormeum</strong></span> <span class='ocrx_word' id='word_1_117' title='bbox 1171 3750 1361 3838; x_wconf 82' lang='lat' dir='ltr'><strong>probaveris</strong></span> 
     </span>
     <span class='ocr_line' id='line_1_33' title="bbox 891 3858 1289 3940; baseline 0.003 -19"><span class='ocrx_word' id='word_1_118' title='bbox 891 3858 1094 3922; x_wconf 85' lang='lat' dir='ltr'><strong>Examinans</strong></span> <span class='ocrx_word' id='word_1_119' title='bbox 1117 3858 1289 3940; x_wconf 83' lang='lat' dir='ltr'><strong>incendiis,</strong></span> 
     </span>
     <span class='ocr_line' id='line_1_34' title="bbox 891 3963 1341 4030; baseline -0.002 -1"><span class='ocrx_word' id='word_1_120' title='bbox 891 3964 937 4029; x_wconf 78' lang='lat' dir='ltr'><strong>Et</strong></span> <span class='ocrx_word' id='word_1_121' title='bbox 959 3987 1024 4030; x_wconf 92' lang='lat' dir='ltr'><strong>non</strong></span> <span class='ocrx_word' id='word_1_122' title='bbox 1047 3965 1128 4028; x_wconf 86' lang='lat' dir='ltr'><strong>meis</strong></span> <span class='ocrx_word' id='word_1_123' title='bbox 1152 3965 1186 4028; x_wconf 94' lang='lat' dir='ltr'><strong>in</strong></span> <span class='ocrx_word' id='word_1_124' title='bbox 1209 3963 1341 4029; x_wconf 90' lang='lat' dir='ltr'><strong>renibus</strong></span> 
     </span>
     <span class='ocr_line' id='line_1_35' title="bbox 776 4070 1281 4159; baseline -0.002 -24"><span class='ocrx_word' id='word_1_125' title='bbox 776 4086 810 4136; x_wconf 80' lang='lat'><strong>40</strong></span> <span class='ocrx_word' id='word_1_126' title='bbox 892 4070 1051 4159; x_wconf 84' lang='lat' dir='ltr'><strong>iniquitas</strong></span> <span class='ocrx_word' id='word_1_127' title='bbox 1073 4072 1208 4136; x_wconf 85' lang='lat' dir='ltr'><strong>inventa</strong></span> <span class='ocrx_word' id='word_1_128' title='bbox 1231 4072 1281 4134; x_wconf 83' lang='lat' dir='ltr'><strong>sit</strong></span> 
     </span>
     <span class='ocr_line' id='line_1_36' title="bbox 839 4175 1421 4264; baseline 0 -22"><span class='ocrx_word' id='word_1_129' title='bbox 839 4175 891 4242; x_wconf 92' lang='lat' dir='ltr'><strong>Ob</strong></span> <span class='ocrx_word' id='word_1_130' title='bbox 915 4177 977 4242; x_wconf 91' lang='lat' dir='ltr'><strong>hoc</strong></span> <span class='ocrx_word' id='word_1_131' title='bbox 1000 4176 1122 4242; x_wconf 90' lang='lat' dir='ltr'><strong>munda</strong></span> <span class='ocrx_word' id='word_1_132' title='bbox 1144 4189 1283 4264; x_wconf 76' lang='lat' dir='ltr'><strong>precor⁸</strong></span> <span class='ocrx_word' id='word_1_133' title='bbox 1307 4200 1421 4264; x_wconf 88' lang='lat' dir='ltr'><strong>prece:</strong></span> 
     </span>
     <span class='ocr_line' id='line_1_37' title="bbox 889 4283 1318 4372; baseline -0.005 -23"><span class='ocrx_word' id='word_1_134' title='bbox 889 4284 997 4349; x_wconf 88' lang='lat' dir='ltr'><strong>Detur</strong></span> <span class='ocrx_word' id='word_1_135' title='bbox 1019 4283 1109 4348; x_wconf 92' lang='lat' dir='ltr'><strong>locus</strong></span> <span class='ocrx_word' id='word_1_136' title='bbox 1132 4285 1206 4348; x_wconf 90' lang='lat' dir='ltr'><strong>voci</strong></span> <span class='ocrx_word' id='word_1_137' title='bbox 1230 4284 1318 4372; x_wconf 71' lang='lat' dir='ltr'><strong>mee!</strong></span> 
     </span>
     <span class='ocr_line' id='line_1_38' title="bbox 890 4391 1349 4472; baseline 0.004 -18"><span class='ocrx_word' id='word_1_138' title='bbox 890 4391 961 4454; x_wconf 92' lang='lat' dir='ltr'><strong>Iam</strong></span> <span class='ocrx_word' id='word_1_139' title='bbox 984 4413 1037 4456; x_wconf 88' lang='lat' dir='ltr'><strong>res</strong></span> <span class='ocrx_word' id='word_1_140' title='bbox 1060 4391 1204 4455; x_wconf 88' lang='lat' dir='ltr'><strong>iacentes</strong></span> <span class='ocrx_word' id='word_1_141' title='bbox 1228 4391 1349 4472; x_wconf 86' lang='lat' dir='ltr'><strong>releva,</strong></span> 
     </span>
     <span class='ocr_line' id='line_1_39' title="bbox 890 4496 1413 4562; baseline 0 -1"><span class='ocrx_word' id='word_1_142' title='bbox 890 4497 1033 4562; x_wconf 84' lang='lat' dir='ltr'><strong>Causam</strong></span> <span class='ocrx_word' id='word_1_143' title='bbox 1055 4519 1162 4561; x_wconf 88' lang='lat' dir='ltr'><strong>msam</strong></span> <span class='ocrx_word' id='word_1_144' title='bbox 1184 4497 1250 4561; x_wconf 87' lang='lat' dir='ltr'><strong>iam</strong></span> <span class='ocrx_word' id='word_1_145' title='bbox 1273 4496 1413 4562; x_wconf 64' lang='lat' dir='ltr'><strong>iudicat</strong></span> 
     </span>
     <span class='ocr_line' id='line_1_40' title="bbox 775 4603 1410 4690; baseline -0.002 -22"><span class='ocrx_word' id='word_1_146' title='bbox 775 4619 808 4668; x_wconf 81' lang='lat'><strong>45</strong></span> <span class='ocrx_word' id='word_1_147' title='bbox 837 4603 930 4667; x_wconf 83' lang='lat' dir='ltr'><strong>Tunc</strong></span> <span class='ocrx_word' id='word_1_148' title='bbox 954 4603 1126 4685; x_wconf 84' lang='lat' dir='ltr'><strong>Dominus,</strong></span> <span class='ocrx_word' id='word_1_149' title='bbox 1151 4604 1207 4690; x_wconf 92' lang='lat' dir='ltr'><strong>qui</strong></span> <span class='ocrx_word' id='word_1_150' title='bbox 1231 4604 1410 4690; x_wconf 75' lang='lat' dir='ltr'><strong>simplicis¹²</strong></span> 
     </span>
     <span class='ocr_line' id='line_1_41' title="bbox 888 4709 1325 4796; baseline 0 -22"><span class='ocrx_word' id='word_1_151' title='bbox 888 4709 1047 4796; x_wconf 81' lang='lat' dir='ltr'><strong>Respexit</strong></span> <span class='ocrx_word' id='word_1_152' title='bbox 1068 4709 1154 4774; x_wconf 87' lang='lat' dir='ltr'><strong>Abel</strong></span> <span class='ocrx_word' id='word_1_153' title='bbox 1176 4709 1325 4792; x_wconf 89' lang='lat' dir='ltr'><strong>hostiam,</strong></span> 
     </span>
    </p>
   </div>
   <div class='ocr_carea' id='block_1_3' title="bbox 887 4815 1356 4902">
    <p class='ocr_par' dir='ltr' id='par_1_3' title="bbox 887 4815 1356 4902">
     <span class='ocr_line' id='line_1_42' title="bbox 887 4815 1356 4902; baseline 0 -22"><span class='ocrx_word' id='word_1_154' title='bbox 887 4815 1047 4902; x_wconf 86' lang='lat' dir='ltr'><strong>Respexit</strong></span> <span class='ocrx_word' id='word_1_155' title='bbox 1069 4816 1111 4880; x_wconf 88' lang='lat' dir='ltr'><strong>ad</strong></span> <span class='ocrx_word' id='word_1_156' title='bbox 1134 4817 1356 4898; x_wconf 87' lang='lat' dir='ltr'><strong>Laurentium,</strong></span> 
     </span>
    </p>
   </div>
   <div class='ocr_carea' id='block_1_4' title="bbox 407 5055 2117 5410">
    <p class='ocr_par' dir='ltr' id='par_1_4' title="bbox 407 5055 2117 5410">
     <span class='ocr_line' id='line_1_43' title="bbox 514 5055 2069 5137; baseline 0.003 -18"><span class='ocrx_word' id='word_1_157' title='bbox 514 5055 542 5128; x_wconf 70' lang='lat' dir='ltr'><strong>ai</strong></span> <span class='ocrx_word' id='word_1_158' title='bbox 563 5069 654 5121; x_wconf 86' lang='lat' dir='ltr'><strong>debite</strong></span> <span class='ocrx_word' id='word_1_159' title='bbox 672 5086 709 5130; x_wconf 86' lang='lat' dir='ltr'><strong>e.;</strong></span> <span class='ocrx_word' id='word_1_160' title='bbox 727 5086 791 5120; x_wconf 82' lang='lat' dir='ltr'><strong>corr.</strong></span> <span class='ocrx_word' id='word_1_161' title='bbox 804 5069 936 5120; x_wconf 72' lang='lat' dir='ltr'><strong>Haereses.</strong></span> <span class='ocrx_word' id='word_1_162' title='bbox 992 5065 1020 5130; x_wconf 90' lang='lat' dir='ltr'><strong>b)</strong></span> <span class='ocrx_word' id='word_1_163' title='bbox 1041 5088 1064 5120; x_wconf 87' lang='lat' dir='ltr'><strong>o.</strong></span> <span class='ocrx_word' id='word_1_164' title='bbox 1080 5071 1120 5120; x_wconf 81' lang='lat'><strong>15.</strong></span> <span class='ocrx_word' id='word_1_165' title='bbox 1140 5079 1163 5120; x_wconf 84' lang='lat' dir='ltr'><strong>ct</strong></span> <span class='ocrx_word' id='word_1_166' title='bbox 1183 5072 1223 5121; x_wconf 85' lang='grc'><strong>16.</strong></span> <span class='ocrx_word' id='word_1_167' title='bbox 1242 5070 1271 5121; x_wconf 83' lang='lat' dir='ltr'><strong>ia</strong></span> <span class='ocrx_word' id='word_1_168' title='bbox 1288 5071 1373 5121; x_wconf 78' lang='lat' dir='ltr'><strong>eadem</strong></span> <span class='ocrx_word' id='word_1_169' title='bbox 1391 5070 1459 5120; x_wconf 79' lang='lat' dir='ltr'><strong>liaeo</strong></span> <span class='ocrx_word' id='word_1_170' title='bbox 1475 5070 1556 5120; x_wconf 57' lang='lat' dir='ltr'><strong>samba</strong></span> <span class='ocrx_word' id='word_1_171' title='bbox 1573 5071 1694 5122; x_wconf 63' lang='lat' dir='ltr'><strong>muravit.</strong></span> <span class='ocrx_word' id='word_1_172' title='bbox 1748 5067 1774 5132; x_wconf 76' lang='lat' dir='ltr'><strong>c)</strong></span> <span class='ocrx_word' id='word_1_173' title='bbox 1796 5076 1880 5137; x_wconf 79' lang='lat' dir='ltr'><strong>auget</strong></span> <span class='ocrx_word' id='word_1_174' title='bbox 1898 5089 1963 5122; x_wconf 74' lang='lat' dir='ltr'><strong>corr,</strong></span> <span class='ocrx_word' id='word_1_175' title='bbox 1977 5089 2016 5124; x_wconf 85' lang='lat' dir='ltr'><strong>au</strong></span> <span class='ocrx_word' id='word_1_176' title='bbox 2031 5080 2069 5124; x_wconf 88' lang='lat' dir='ltr'><strong>et.</strong></span> 
     </span>
     <span class='ocr_line' id='line_1_44' title="bbox 407 5154 2069 5226; baseline 0.004 -20"><span class='ocrx_word' id='word_1_177' title='bbox 407 5154 435 5218; x_wconf 85' lang='lat' dir='ltr'><strong>d)</strong></span> <span class='ocrx_word' id='word_1_178' title='bbox 457 5158 574 5208; x_wconf 80' lang='lat' dir='ltr'><strong>Furatus</strong></span> <span class='ocrx_word' id='word_1_179' title='bbox 592 5156 633 5207; x_wconf 85' lang='lat' dir='ltr'><strong>iili</strong></span> <span class='ocrx_word' id='word_1_180' title='bbox 653 5158 731 5224; x_wconf 86' lang='lat' dir='ltr'><strong>prodi</strong></span> <span class='ocrx_word' id='word_1_181' title='bbox 750 5174 829 5207; x_wconf 79' lang='lat' dir='ltr'><strong>meaa</strong></span> <span class='ocrx_word' id='word_1_182' title='bbox 845 5159 979 5208; x_wconf 79' lang='lat' dir='ltr'><strong>recerttiore</strong></span> <span class='ocrx_word' id='word_1_183' title='bbox 995 5159 1025 5208; x_wconf 81' lang='lat' dir='ltr'><strong>ia</strong></span> <span class='ocrx_word' id='word_1_184' title='bbox 1043 5160 1093 5209; x_wconf 84' lang='lat' dir='ltr'><strong>loeo</strong></span> <span class='ocrx_word' id='word_1_185' title='bbox 1110 5175 1167 5209; x_wconf 83' lang='lat' dir='ltr'><strong>roeo</strong></span> <span class='ocrx_word' id='word_1_186' title='bbox 1185 5160 1291 5225; x_wconf 76' lang='lat' dir='ltr'><strong>supplet.</strong></span> <span class='ocrx_word' id='word_1_187' title='bbox 1373 5155 1400 5220; x_wconf 89' lang='lat' dir='ltr'><strong>e)</strong></span> <span class='ocrx_word' id='word_1_188' title='bbox 1420 5159 1558 5210; x_wconf 86' lang='lat' dir='ltr'><strong>Mercator</strong></span> <span class='ocrx_word' id='word_1_189' title='bbox 1576 5159 1666 5226; x_wconf 82' lang='lat' dir='ltr'><strong>impar</strong></span> <span class='ocrx_word' id='word_1_190' title='bbox 1683 5159 1768 5222; x_wconf 62' lang='lat' dir='ltr'><strong>Men</strong></span> <span class='ocrx_word' id='word_1_191' title='bbox 1785 5175 1864 5210; x_wconf 77' lang='lat' dir='ltr'><strong>mou</strong></span> <span class='ocrx_word' id='word_1_192' title='bbox 1882 5161 2021 5212; x_wconf 77' lang='lat' dir='ltr'><strong>recentiore</strong></span> <span class='ocrx_word' id='word_1_193' title='bbox 2039 5163 2069 5212; x_wconf 76' lang='lat' dir='ltr'><strong>in</strong></span> 
     </span>
     <span class='ocr_line' id='line_1_45' title="bbox 407 5245 2068 5316; baseline 0.004 -20"><span class='ocrx_word' id='word_1_194' title='bbox 407 5246 457 5296; x_wconf 85' lang='lat' dir='ltr'><strong>loeo</strong></span> <span class='ocrx_word' id='word_1_195' title='bbox 474 5262 531 5296; x_wconf 82' lang='lat' dir='ltr'><strong>roeo</strong></span> <span class='ocrx_word' id='word_1_196' title='bbox 548 5247 655 5312; x_wconf 79' lang='lat' dir='ltr'><strong>supplet.</strong></span> <span class='ocrx_word' id='word_1_197' title='bbox 718 5245 740 5308; x_wconf 81' lang='lat' dir='ltr'><strong>f)</strong></span> <span class='ocrx_word' id='word_1_198' title='bbox 762 5264 783 5297; x_wconf 86' lang='lat' dir='ltr'><strong>a.</strong></span> <span class='ocrx_word' id='word_1_199' title='bbox 798 5247 841 5297; x_wconf 74' lang='lat'><strong>³4.</strong></span> <span class='ocrx_word' id='word_1_200' title='bbox 854 5254 878 5297; x_wconf 86' lang='lat' dir='ltr'><strong>et</strong></span> <span class='ocrx_word' id='word_1_201' title='bbox 890 5248 931 5297; x_wconf 79' lang='grc'><strong>35.</strong></span> <span class='ocrx_word' id='word_1_202' title='bbox 950 5246 979 5297; x_wconf 84' lang='lat' dir='ltr'><strong>in</strong></span> <span class='ocrx_word' id='word_1_203' title='bbox 995 5247 1082 5306; x_wconf 75' lang='lat' dir='ltr'><strong>eadem</strong></span> <span class='ocrx_word' id='word_1_204' title='bbox 1100 5248 1174 5298; x_wconf 83' lang='lat' dir='ltr'><strong>liaeo.</strong></span> <span class='ocrx_word' id='word_1_205' title='bbox 1238 5245 1267 5313; x_wconf 87' lang='lat' dir='ltr'><strong>g)</strong></span> <span class='ocrx_word' id='word_1_206' title='bbox 1288 5263 1387 5313; x_wconf 86' lang='lat' dir='ltr'><strong>precor</strong></span> <span class='ocrx_word' id='word_1_207' title='bbox 1405 5248 1505 5298; x_wconf 84' lang='lat' dir='ltr'><strong>munda</strong></span> <span class='ocrx_word' id='word_1_208' title='bbox 1523 5248 1600 5314; x_wconf 69' lang='lat' dir='ltr'><strong>ripaeis</strong></span> <span class='ocrx_word' id='word_1_209' title='bbox 1615 5249 1705 5314; x_wconf 74' lang='lat' dir='ltr'><strong>positia</strong></span> <span class='ocrx_word' id='word_1_210' title='bbox 1721 5265 1785 5300; x_wconf 66' lang='lat' dir='ltr'><strong>eon.</strong></span> <span class='ocrx_word' id='word_1_211' title='bbox 1804 5248 1906 5299; x_wconf 84' lang='lat' dir='ltr'><strong>munda</strong></span> <span class='ocrx_word' id='word_1_212' title='bbox 1925 5266 2028 5316; x_wconf 84' lang='lat' dir='ltr'><strong>precor</strong></span> <span class='ocrx_word' id='word_1_213' title='bbox 2045 5269 2068 5301; x_wconf 86' lang='lat' dir='ltr'><strong>c.</strong></span> 
     </span>
     <span class='ocr_line' id='line_1_46' title="bbox 407 5330 2117 5410; baseline 0.004 -26"><span class='ocrx_word' id='word_1_214' title='bbox 407 5330 435 5392; x_wconf 89' lang='lat' dir='ltr'><strong>h)</strong></span> <span class='ocrx_word' id='word_1_215' title='bbox 456 5335 480 5386; x_wconf 82' lang='lat' dir='ltr'><strong>is</strong></span> <span class='ocrx_word' id='word_1_216' title='bbox 498 5335 551 5386; x_wconf 77' lang='lat' dir='ltr'><strong>alia</strong></span> <span class='ocrx_word' id='word_1_217' title='bbox 569 5352 647 5410; x_wconf 79' lang='lat' dir='ltr'><strong>mana</strong></span> <span class='ocrx_word' id='word_1_218' title='bbox 665 5335 777 5400; x_wconf 76' lang='lat' dir='ltr'><strong>rescript.</strong></span> <span class='ocrx_word' id='word_1_219' title='bbox 2087 5339 2117 5378; x_wconf 59' lang='grc' dir='ltr'><strong>(ὅ</strong></span> 
     </span>
    </p>
   </div>
   <div class='ocr_carea' id='block_1_5' title="bbox 518 5563 1230 5650">
    <p class='ocr_par' dir='ltr' id='par_1_5' title="bbox 518 5563 1230 5650">
     <span class='ocr_line' id='line_1_47' title="bbox 518 5563 1230 5650; baseline 0.004 -23"><span class='ocrx_word' id='word_1_220' title='bbox 518 5563 545 5644; x_wconf 76' lang='lat' dir='ltr'><strong>i)</strong></span> <span class='ocrx_word' id='word_1_221' title='bbox 568 5570 635 5628; x_wconf 80' lang='lat' dir='ltr'><strong>Le.</strong></span> <span class='ocrx_word' id='word_1_222' title='bbox 653 5569 776 5643; x_wconf 51' lang='lat' dir='ltr'><strong>Other&amp;</strong></span> <span class='ocrx_word' id='word_1_223' title='bbox 800 5573 841 5644; x_wconf 86' lang='lat' dir='ltr'><strong>cf.</strong></span> <span class='ocrx_word' id='word_1_224' title='bbox 861 5571 983 5631; x_wconf 72' lang='lat' dir='ltr'><strong>Cauchis</strong></span> <span class='ocrx_word' id='word_1_225' title='bbox 1005 5575 1024 5630; x_wconf 81' lang='lat' dir='ltr'><strong>l.</strong></span> <span class='ocrx_word' id='word_1_226' title='bbox 1042 5575 1059 5630; x_wconf 89' lang='lat' dir='ltr'><strong>l.</strong></span> <span class='ocrx_word' id='word_1_227' title='bbox 1074 5593 1112 5650; x_wconf 82' lang='lat' dir='ltr'><strong>p.</strong></span> <span class='ocrx_word' id='word_1_228' title='bbox 1133 5573 1171 5629; x_wconf 90' lang='grc'><strong>12</strong></span> <span class='ocrx_word' id='word_1_229' title='bbox 1189 5594 1230 5650; x_wconf 81' lang='lat' dir='ltr'><strong>sq.</strong></span> 
     </span>
    </p>
   </div>
   <div class='ocr_carea' id='block_1_6' title="bbox 0 0 2218 6390">
    <p class='ocr_par' dir='ltr' id='par_1_6' title="bbox 0 0 2218 6390">
     <span class='ocr_line' id='line_1_48' title="bbox 0 0 2218 6390; baseline 0 0"><span class='ocrx_word' id='word_1_230' title='bbox 0 0 2218 6390; x_wconf 95' lang='lat' dir='ltr'><strong> </strong></span> 
     </span>
    </p>
   </div>
  </div>
 </body>
</html>
