4478 6396
436 361 497 422 154
725 367 903 422 GERHOHI
928 368 1158 424 PRAEPOSITI
1183 367 1590 424 REICHERSBERGENSIS
1614 367 1779 422 LIBELLI.

433 555 587 639 ipsorum.
624 553 712 634 Quid
735 565 843 617 autem
867 553 1000 638 prodest
1018 555 1218 640 MogontinO,
1244 556 1332 641 qnod
1355 567 1429 619 arne
1454 577 1528 618 eum
1551 552 1643 618 sedet
1665 554 1803 640 populus
1828 553 2028 618 manducare
2054 565 2089 616 et

435 659 557 740 bibere,
582 669 614 723 et
638 673 752 746 postea
775 661 877 745 surgit
901 659 1039 724 ludere?
1074 661 1211 726 Multum
1227 685 1305 726 vero
1322 662 1444 748 profuit
1459 661 1599 724 Martino
1624 661 1658 723 in
1682 683 1716 724 sc
1740 662 1810 746 ipso
1836 663 1968 748 suisque
1989 661 2088 725 disci-

434 767 517 852 pulis
541 767 740 853 parsimonia
763 790 837 830 eum
861 767 1067 848 discretione,
1099 769 1131 831 iu
1162 769 1351 854 peregrinos
1383 767 1583 854 hospitalitas
1612 769 1680 831 sine
1704 791 1878 848 murmure,
1910 770 1944 832 in
1968 769 2088 832 viduas

434 897 472 938 ac
497 896 658 960 pauperes
683 895 793 937 omnes
819 896 876 960 pro
901 874 1036 938 caritate
1060 875 1276 939 miserationis
1301 875 1447 956 affectus,
1472 897 1530 960 pro
1554 873 1707 938 facultate
1732 873 1913 960 largitionis
1938 875 2087 938 effeetus,

434 980 642 1065 Mogontinus
667 1003 740 1044 cnm
764 978 900 1043 militum
924 989 1035 1044 turma
1056 981 1136 1044 solet
1160 981 1201 1044 ad
1226 983 1348 1045 curiam
1372 983 1501 1062 venire3
1526 981 1695 1062 Martinus
1721 1004 1784 1066 quo
1808 982 1996 1068 metropolis
2016 981 2122 1044 llio-s

433 1089 544 1172 gontia
574 1100 710 1173 patrono
742 1086 907 1172 gloriatur,
939 1111 1003 1150 non
1032 1089 1077 1152 ita
1102 1087 1226 1152 solebat
1249 1111 1358 1174 agere.
1406 1087 1471 1154 Sed
1495 1087 1625 1174 quando
1650 1087 1702 1152 vel
1726 1088 1768 1151 ad
1792 1111 1902 1174 regem
1926 1088 1978 1152 vel
2003 1088 2088 1152 alias

409 1197 495 1258 ¹iter
525 1195 633 1258 facere
665 1195 843 1257 necessitas
874 1193 1098 1274 incumbebat,
1131 1195 1197 1259 solo
1226 1217 1405 1281 pauperum
1437 1195 1734 1280 discipulorumque
1767 1218 1897 1259 suorum
1928 1197 2088 1260 comitatu

435 1311 605 1365 contentus
629 1313 708 1382 erat,
733 1322 793 1364 nec
819 1299 1043 1386 spumantibus
1069 1303 1160 1387 equis
1177 1301 1229 1364 vel
1249 1303 1318 1388 ipse
1335 1301 1388 1365 vel
1405 1303 1454 1365 sui
1471 1300 1690 1384 vehebantur3
1716 1303 1773 1366 sed
1790 1301 1908 1365 vilibus
1932 1303 2088 1366 iumentis

435 1408 477 1471 ad
500 1407 602 1472 solam
626 1409 750 1470 itineris
773 1408 1002 1471 necessitatem
1019 1405 1209 1490 utebantur,
1235 1410 1261 1470 si
1286 1421 1394 1472 tamen
1418 1419 1483 1472 tarn
1509 1408 1603 1493 longe
1628 1408 1689 1472 fuit
1705 1409 1857 1488 eundum,
1882 1417 1916 1472 ut
1940 1433 1998 1494 pro
2016 1433 2087 1474 cor-

434 1516 521 1600 poris
552 1514 737 1578 infirmitate
769 1515 988 1578 necessarium
1021 1527 1107 1578 essct
1136 1516 1324 1579 iumentum.
1372 1515 1514 1579 Facilius
1544 1538 1622 1600 ergo
1645 1515 1785 1579 Martino
1810 1515 2086 1600 Mogontiensium
2108 1539 2133 1576 ιο

434 1633 580 1706 patrono,
606 1644 703 1706 cluam
727 1622 790 1706 ipsi
814 1621 944 1685 domino
961 1621 1150 1706 Mogontino
1175 1633 1307 1707 possent
1324 1645 1435 1686 omnes
1460 1623 1605 1708 episcopi
1626 1623 1830 1700 conformari,
1856 1623 1884 1686 si
1907 1623 2085 1687 adiuvante

434 1729 539 1813 gratia
562 1727 684 1790 vellent
714 1751 771 1814 pro
803 1751 897 1813 posse
929 1729 1050 1791 conari.
1098 1729 1141 1792 Et
1165 1729 1243 1814 quid
1267 1728 1374 1792 (licam
1398 1728 1438 1792 de
1463 1729 1629 1793 Martius?
1676 1727 1772 1793 Certe
1797 1730 1830 1792 in
1855 1727 1984 1794 Christo
2009 1730 2085 1794 lesu

343 1861 415 1901 *aaa
434 1845 566 1921 possent
590 1856 701 1897 omnes
726 1833 813 1920 quod
837 1835 941 1920 potuit
956 1834 1083 1914 Petrus,
1108 1836 1206 1898 immo
1228 1835 1315 1920 quod
1334 1837 1451 1921 'potuit
1474 1837 1543 1921 ipse
1561 1835 1719 1916 Christus,
1744 1837 1841 1921 pauci
1864 1849 2000 1922 possunt
2023 1837 2085 1900 hoc

434 1953 578 2027 ternpore
610 1953 778 2026 argentum
804 1953 836 2004 et
860 1963 972 2004 auium
1005 1941 1205 2004 sufficienter
1234 1941 1355 2006 habere
1380 1955 1412 2006 et
1435 1942 1590 2006 militibus
1614 1944 1736 2006 victum
1765 1942 1980 2006 sufficientem
2012 1967 2084 2029 pre-

433 2046 521 2111 bcrc.
570 2047 651 2128 Quis
676 2058 783 2111 autem
808 2070 872 2110 non
897 2059 1002 2132 potest
1026 2071 1099 2111 cum
1123 2049 1220 2111 Petro
1245 2073 1358 2113 aurum
1384 2061 1416 2113 et
1439 2063 1607 2135 argentum
1632 2072 1696 2112 non
1721 2049 1867 2114 habere?
1915 2050 1996 2130 Quis
2020 2073 2085 2114 non
2105 2072 2129 2109 rs

433 2166 539 2240 potest
563 2178 637 2218 cum
661 2152 790 2218 Christo
814 2153 969 2217 militibus
993 2156 1148 2218 ministris
1173 2178 1295 2236 carere,
1325 2179 1405 2242 quos
1430 2159 1499 2242 ipse
1524 2158 1557 2219 in
1581 2157 1642 2220 hoc
1666 2157 1786 2221 mundo
1811 2157 1913 2221 noluit
1935 2155 2083 2220 habere?

434 2261 530 2325 Corte
556 2263 658 2324 onmis
683 2262 856 2347 episcopus
881 2271 996 2346 potest,
1029 2262 1126 2324 immo
1151 2263 1278 2347 cogitur
1300 2274 1470 2349 argentum
1496 2276 1528 2327 et
1552 2287 1665 2328 aurum
1697 2287 1759 2327 non
1785 2263 1917 2344 habere,
1949 2264 1976 2326 si
2000 2266 2085 2327 inter

434 2380 480 2432 tot
511 2369 606 2448 farne,
639 2369 700 2450 siti,
732 2368 877 2431 nuditate
909 2367 1098 2431 deficientes
1130 2369 1231 2433 solam
1255 2371 1422 2434 caritatem
1448 2370 1586 2434 voluerit
1616 2370 1794 2456 possidere.
1841 2369 1943 2434 Multo
1974 2381 2083 2435 autem

434 2476 561 2539 facilins
591 2477 709 2560 poterit
738 2474 893 2538 militibus
925 2497 1046 2556 carere,
1082 2477 1109 2538 si
1140 2476 1209 2561 ipse
1239 2475 1394 2540 miliciam
1426 2476 1488 2540 sibi
1519 2501 1538 2540 a
1568 2477 1640 2540 Deo
1672 2477 1913 2562 preordinatum
1945 2477 2084 2541 voluerit

434 2605 598 2646 exercere.
646 2581 728 2645 Nam
754 2580 905 2645 attalem
929 2581 1083 2645 miliciam
1106 2582 1224 2646 milites
1248 2595 1361 2668 sponte
1386 2583 1529 2668 fugiunt3
1555 2596 1587 2646 et
1611 2583 1653 2647 ad
1677 2607 1748 2646 eam
1773 2597 1924 2648 strennue
1949 2583 1991 2646 ab
2015 2585 2082 2670 epi·
2103 2606 2129 2644 ao

434 2691 540 2775 scopis
565 2712 637 2753 cum
663 2689 822 2774 religiosis
846 2688 999 2752 fratribus
1025 2689 1242 2753 exercendam
1266 2692 1395 2776 penitus
1418 2692 1595 2754 necessarii
1619 2714 1683 2754 non
1708 2701 1790 2753 sunt.
1827 2691 1898 2754 Non
1924 2703 1973 2754 est
1997 2693 2083 2754 enirn

434 2795 526 2860 nobis
552 2795 734 2859 colluctatio
759 2795 915 2858 adversus
940 2817 1069 2858 carnem
1095 2807 1127 2860 et
1151 2798 1341 2882 sanguinem
1371 2797 1479 2882 gladio
1510 2796 1669 2860 materiali
1700 2797 1904 2882 peragenda3
1938 2797 1996 2860 sed
2028 2797 2082 2860 ad-

435 2925 547 2966 versus
572 2902 745 2988 principes,
777 2901 889 2964 mundi
914 2913 1056 2965 rectores
1080 2902 1202 2965 milicia
1225 2903 1400 2988 spiritualis
1425 2905 1544 2988 iugiter
1567 2903 1762 2967 exercenda.
1809 2903 1847 2966 In
1872 2927 1937 2990 qua
1962 2903 2084 2968 milicia

435 3035 521 3073 isarno
551 3011 693 3072 ncils'tans
726 3010 869 3094 iniplicat
897 3033 928 3072 se
959 3012 1090 3094 nepotiis
1121 3012 1347 3089 sacciularilnrs,
1379 3032 1473 3073 nemo
1503 3009 1643 3074 libenter
1674 3020 1852 3096 occupatur
1882 3011 1915 3072 in
1946 3010 2082 3074 admini-

435 3115 574 3180 strandis
599 3114 779 3200 regalibus:
805 3115 863 3178 sed
887 3115 1018 3196 ducatu,
1044 3116 1208 3196 comitatu,
1234 3116 1385 3179 thelonea
1409 3118 1590 3202 ceterisque
1615 3116 1754 3202 publicis
1778 3116 1999 3181 functionibus
2017 3141 2082 3182 om-
2103 3139 2129 3177 ss

434 3224 509 3287 nino
538 3223 725 3308 postpositis
755 3223 802 3286 sic
826 3231 959 3307 pugnat,
992 3245 1055 3285 non
1087 3223 1180 3307 quasi
1211 3245 1320 3286 aerem
1344 3222 1539 3304 verberans3
1572 3225 1674 3286 etsie
1700 3224 1809 3304 currit,
1841 3247 1906 3288 non
1931 3226 2024 3311 quasi
2048 3225 2084 3288 in¹

434 3331 610 3410 incertum;
635 3351 695 3392 nec
719 3327 957 3410 modernorum,
983 3328 1041 3392 sed
1065 3331 1270 3415 antiquorum
1295 3331 1441 3415 sequitur
1463 3329 1626 3394 ducatum.

541 3457 593 3517 25.
629 3453 722 3534 Quae
754 3475 827 3517 cum
858 3454 902 3516 ita
933 3476 967 3516 se
995 3452 1147 3532 habeant,
1178 3464 1269 3539 patet
1300 3453 1532 3518 aecclesiarum
1563 3454 1732 3519 facultates
1757 3455 1914 3518 trifariam
1940 3478 2010 3518 esse
2036 3455 2082 3519 di-

435 3563 584 3625 stinctas:
616 3562 650 3623 in
681 3560 880 3624 decimarum
904 3559 1058 3624 videlicet
1088 3559 1278 3640 oblationes
1306 3572 1338 3623 et
1362 3583 1513 3646 agrorum
1537 3563 1769 3646 possessiones
1798 3584 1924 3626 necnon
1955 3562 2082 3646 regales

434 3691 472 3732 ac
496 3666 643 3754 publicas
668 3667 860 3731 functiones.
908 3667 951 3729 Et
974 3666 1014 3730 de
1040 3667 1174 3731 decimis
1199 3666 1331 3753 quidem
1362 3667 1450 3730 nulla
1478 3678 1527 3730 cst
1556 3667 1779 3748 contradictiO,
1810 3670 1889 3755 quin
1920 3691 1975 3731 eas
2006 3668 2082 3733 laici
2103 3690 2128 3728 so

434 3773 623 3860 possideant
653 3797 726 3838 curn
758 3773 940 3858 sacrilegio.
987 3773 1093 3857 Agros
1124 3787 1232 3838 autem
1257 3773 1356 3837 semel
1387 3775 1419 3836 in
1444 3797 1520 3837 usus
1544 3797 1723 3860 pauperum
1749 3774 1873 3838 oblatos
1898 3774 2007 3840 docuit
2031 3800 2082 3840 su-

435 3882 543 3966 perior
566 3882 701 3944 assertio
725 3879 767 3942 ab
793 3879 954 3943 aecclesia
978 3879 1037 3943 sub
1063 3881 1206 3944 caritatis
1226 3882 1426 3965 operimento
1442 3880 1584 3960 defendi,
1610 3903 1650 3944 ne
1675 3880 1716 3944 ab
1741 3881 1849 3966 aliquo
1872 3894 2082 3967 persecutore

434 3989 517 4051 iuste
543 3989 666 4073 possint
690 3987 819 4050 auferri.
867 3985 1021 4049 Publicae
1039 3999 1145 4050 autem
1162 3969 1345 4050 functiones
1362 4010 1426 4051 non
1444 4010 1541 4050 curae
1558 3987 1720 4051 aecclesia
1735 3987 1870 4051 multum
1887 3988 2081 4072 defendere;

256 4118 416 4166 senessia.
435 4117 499 4158 non
524 4106 616 4158 curat
638 4093 760 4156 Rachel
784 4105 908 4156 vestem
940 4115 1031 4155 suam
1062 4093 1104 4156 ad
1135 4115 1190 4156 eas
1222 4093 1378 4178 tegendas
1410 4093 1597 4175 extendere,
1629 4095 1782 4180 quoniam
1813 4095 1996 4180 spirituales
2020 4097 2082 4159 viri

436 4200 559 4264 malunt
583 4222 695 4263 carere
721 4198 849 4280 talibus,
876 4223 973 4284 quam
997 4222 1039 4262 ex
1064 4221 1174 4263 eorum
1199 4202 1370 4263 occasione
1394 4201 1554 4286 implicari
1578 4201 1717 4286 negotiis
1742 4201 1973 4266 saecularibus.
2103 4223 2129 4260 ss

543 4327 595 4387 26.
631 4323 694 4387 Hic
712 4323 919 4386 adiciendum
936 4335 1012 4408 puto
1030 4323 1070 4386 de
1088 4323 1218 4386 familiis
1243 4324 1485 4404 aecclesiarum,
1510 4348 1590 4411 quas
1615 4325 1710 4410 longe
1735 4325 1829 4389 aliter
1843 4328 1975 4390 tractari
1992 4327 2081 4392 vide-

339 4456 416 4495 ·sas.
435 4453 516 4511 mus,
539 4437 649 4516 “quam
673 4441 881 4514 paternarum
912 4429 1121 4493 traditionum
1145 4431 1352 4494 venerandus
1383 4432 1557 4518 prescribit
1588 4434 1753 4497 terminus.
1800 4434 1970 4497 Primitiva
1995 4435 2081 4497 eninr

357 4616 414 4656 aas.
541 4601 574 4653 ln
591 4600 714 4655 decretis
731 4599 836 4653 Gelasii
860 4617 952 4670 papae
977 4618 1039 4669 cap.
1058 4600 1187 4652 XXXXI
1199 4595 1225 4653 ¹:
1252 4598 1383 4656 Gelasins
1400 4601 1549 4656 Romanae
1564 4602 1715 4658 aecclesiae
1725 4604 1847 4676 praesui
1868 4602 2006 4659 niricersis
2025 4603 2082 4677 epi-

434 4707 541 4780 scopis:
574 4705 704 4769 Qualiter
727 4713 782 4760 ram
808 4706 841 4760 de
865 4705 955 4760 reaia
979 4735 1022 4743 -
1046 4735 1088 4742 -
1105 4705 1231 4776 fabricis
1254 4707 1438 4781 applicanda.
1485 4709 1518 4761 In
1549 4711 1672 4763 decretis
1697 4709 1826 4780 Gregorii
1857 4729 1919 4781 cap.
1944 4710 1973 4764 1:
2007 4707 2080 4767 Gre-

432 4813 529 4888 porics
547 4832 631 4888 papa
655 4812 801 4867 Rorrranus
825 4811 979 4886 Aapnstino
1005 4809 1224 4868 Carrnrariormn
1249 4811 1407 4887 episcopo'2.
1457 4814 1522 4870 Mos
1545 4814 1715 4888 apostolicae
1744 4815 1818 4871 sedis
1848 4846 1890 4855 —
1914 4846 1957 4855 —
1986 4815 2082 4873 omnia
2101 4827 2129 4865 ⁴0

435 4918 534 4976 inania
557 4928 622 4976 sarit
645 4917 726 4974 sotis.
773 4919 905 4973 Nicolaus
929 4938 1004 4990 papa
1027 4938 1088 4990 cap.
1103 4915 1222 4972 Vlllll:
1255 4918 1392 4975 Nicolaus
1415 4920 1560 4994 episcopas
1583 4921 1718 4996 episcrpris
1745 4922 1885 4979 onerabas:
1918 4923 1963 4978 De
1985 4923 2081 4979 rediti-

434 5025 483 5082 bus
500 5025 693 5100 prirrritiarnnr
717 5056 760 5063 —
783 5056 825 5063 —
851 5025 1065 5081 ‹torionanionern
1084 5025 1244 5100 priventur.
1291 5028 1333 5080 Ex
1357 5029 1486 5098 passione
1512 5027 1672 5084 Sebastiani
1695 5025 1852 5084 martiris⁴z
1885 5029 2081 5104 Interropatnr

437 5131 614 5190 Chromatius
635 5131 660 5188 si
684 5133 816 5200 crederet,
842 5131 923 5200 elisit,
949 5132 1040 5187 eredo.
1065 5162 1109 5170 ——
1132 5163 1175 5169 -
1198 5133 1273 5188 serni
1296 5134 1421 5204 bortrinis,
1446 5154 1502 5190 non
1528 5136 1603 5190 (lecet
1627 5154 1692 5191 csse.

351 5255 414 5293 east
540 5240 582 5293 Ex
606 5240 729 5294 decretis
754 5239 900 5294 Melciadis
924 5256 1015 5318 papae
1048 5257 1110 5310 cap.
1135 5235 1213 5292 111⁵:
1246 5237 1376 5315 Denique
1406 5259 1486 5315 repes
1517 5249 1543 5296 et
1558 5241 1689 5316 presides
1712 5250 1738 5297 et
1760 5241 1941 5318 mapistratus
1972 5274 2012 5281 -
2038 5274 2081 5280 —

433 5345 537 5420 absque
559 5345 720 5401 necessitate
743 5344 905 5400 tribuerant.
974 5331 982 5344 '
2101 5362 2127 5400 ss

543 5503 571 5571 l)
601 5505 689 5580 Epist.
709 5503 760 5559 27.
785 5506 827 5560 ad
841 5504 910 5560 Lne.
936 5505 1018 5579 episc.
1036 5501 1055 5577 ξ
1073 5505 1123 5574 27,
1148 5505 1226 5561 Tla'et
1248 5505 1271 5574 I,
1292 5526 1324 5580 p.
1344 5507 1424 5566 375:
1449 5507 1601 5562 Hinsclrics
1619 5527 1652 5581 p.
1672 5508 1744 5564 654.
1816 5505 1847 5582 2)
1864 5508 1921 5583 Ep.
1940 5509 1993 5580 XI,
2012 5509 2079 5579 ὅθ’,

435 5610 507 5668 MG.
527 5612 594 5666 EE.
621 5612 660 5680 II,
680 5631 712 5686 p.
732 5611 804 5665 333.
876 5611 905 5674 3)
933 5609 980 5681 Os.
1001 5611 1069 5684 Spa.
1089 5611 1168 5667 Iloirr.
1187 5632 1214 5668 a.
1234 5613 1307 5682 853,
1332 5613 1402 5668 Dec.
1421 5634 1468 5688 ap.
1487 5613 1669 5684 Holeeninra,
1697 5613 1765 5672 Coti.
1783 5615 1865 5672 Rom.
1891 5616 1931 5685 II,
1951 5617 2081 5690 p.133,·

433 5719 473 5789 (ψ.
499 5719 606 5775 Deusd.
633 5718 693 5774 Lib.
720 5717 775 5786 III,
801 5715 819 5790 ,ξ
846 5718 873 5786 2,
899 5719 916 5772 l.
935 5719 952 5773 l.
973 5739 1005 5792 p.
1026 5718 1097 5772 313.
1180 5719 1210 5787 4)
1235 5719 1306 5775 Acta
1332 5719 1361 5775 S.
1388 5719 1548 5775 Sebastiani
1571 5739 1593 5775 c.
1614 5721 1663 5790 lt,
1688 5717 1707 5794 ξ
1732 5721 1783 5790 61,
1809 5722 1843 5777 Α.
1870 5721 1923 5779 SS.
1949 5722 2012 5779 Ian.
2039 5723 2079 5792 II,

427 5845 459 5899 p.
487 5825 558 5882 214.
652 5825 682 5888 bl
709 5824 801 5899 Epist.
827 5825 866 5893 II,
893 5845 915 5880 c.
937 5825 985 5894 ll,
1010 5824 1164 5880 Hinscltius
1183 5845 1215 5900 p.
1239 5825 1310 5880 248.
