4568 6428
823 430 874 483 DE
901 426 1189 483 orreuluouno
1790 419 1828 478 51

178 612 333 692 celorum.
382 613 479 693 Quod
509 613 692 700 ligaverint,
724 615 859 700 ligatum
883 616 961 697 erit;
993 613 1080 700 quod
1105 613 1270 693 solverint,
1302 612 1439 676 solutum
1464 613 1556 675 erit1.
1602 610 1833 698 Apostolicus²

178 729 289 783 autem
314 741 426 783 omnes
451 731 605 784 uxoratos
636 720 845 807 presbyteros
875 721 1203 786 excommunicavitl.
1251 718 1318 784 Sed
1348 720 1410 804 ipsi
1441 720 1569 783 uxorati
1600 729 1683 782 sunt.
1730 719 1833 802 Igitur

179 827 456 890 excommunicati
480 838 563 891 sunt.
599 828 728 892 Primus
745 851 886 915 namque
895 830 909 866 l
929 827 1108 913 Gregorius
1119 832 1140 908 ⁸,
1165 827 1216 890 tir
1238 827 1422 912 peremnia
1445 825 1652 911 apostolicus,
1677 826 1832 910 scriptum

180 932 313 1018 reliquit
336 935 369 996 in
394 933 460 996 suis
485 933 625 998 decretis
650 933 878 1021 synodalibus:
911 936 1086 1022 Presbyter,
1117 937 1176 1020 qui
1197 958 1324 998 tamarem
1348 934 1483 1012 disserti,
1507 934 1672 997 aaatlwma
1694 935 1743 997 sit.
1791 933 1836 998 la

144 1064 158 1102 s
181 1041 331 1104 (lamentat
354 1067 457 1104 enarres
481 1044 624 1128 episcopi
652 1069 750 1106 (turrea.
800 1041 835 1106 Si
860 1041 1039 1127 Gregorius
1067 1063 1155 1126 papa
1184 1039 1305 1104 iudicio
1337 1040 1479 1104 omnium
1504 1040 1730 1126 episcoporum
1754 1061 1833 1102 uxo-

180 1158 268 1210 ratos
300 1145 507 1232 presbyteros
538 1147 667 1212 viuculo
702 1148 918 1212 anathematis
950 1147 1110 1233 alligavit,
1142 1169 1220 1231 ergo
1251 1169 1362 1210 onmes
1391 1144 1585 1232 presbyteri,
1617 1147 1673 1231 qui
1702 1144 1833 1231 publice

181 1277 256 1317 cum
287 1251 456 1328 uxoribus,
487 1255 585 1318 immo
617 1278 691 1318 cum
720 1253 947 1319 meretricibus
979 1254 1110 1340 degunt,
1143 1253 1407 1318 anathematizati
1437 1266 1520 1316 sunt.
1569 1251 1636 1316 Sed
1666 1252 1748 1316 dicis
1779 1251 1833 1315 de-

181 1370 307 1423 cretum
331 1360 603 1446 apostolicorum⁰
628 1371 753 1426 tantum
778 1361 888 1426 valere
913 1363 946 1424 in
970 1363 1038 1425 vita
1062 1360 1198 1438 illorum,
1232 1371 1304 1446 post
1333 1369 1470 1424 mortem
1494 1370 1602 1422 autem
1626 1381 1738 1422 eorum
1762 1380 1833 1423 esse

179 1467 317 1530 irritum.
364 1465 493 1530 Audil:
523 1465 558 1532 Si
583 1467 725 1532 edictum
750 1468 1014 1554 'apostolicorum
1039 1477 1271 1554 postmortem
1295 1466 1422 1530 illorum
1446 1467 1512 1530 vim
1537 1465 1732 1546 nonhabet,
1757 1477 1833 1528 tunc
1931 1511 1936 1522 .

131 1598 160 1636 ro
179 1573 270 1636 Petri
289 1583 321 1636 et
336 1573 430 1637 Pauli
455 1585 487 1637 et
510 1574 645 1638 aliorum
664 1587 849 1640 sanctorum
874 1577 1021 1640 instituta
1044 1586 1117 1660 post
1134 1572 1326 1638 solutionem
1344 1574 1473 1637 cantis⁰
1498 1595 1608 1636 eouun
1633 1595 1697 1636 non
1713 1572 1833 1636 valent.

178 1678 285 1743 Immo
310 1681 344 1743 in
367 1691 471 1744 morte
496 1680 645 1745 illorrm1⁰
671 1683 752 1746 scita
777 1705 890 1746 conum
906 1681 1105 1762 flmantur‘,
1130 1681 1206 1745 dum
1232 1680 1292 1766 ipsi
1311 1677 1439 1744 Christo
1464 1691 1496 1744 et
1520 1679 1632 1769 celesti
1655 1679 1834 1743 aecclesiae

180 1788 394 1851 associantur.

847 1899 900 1960 38.
943 1896 1001 1959 Do
1033 1895 1169 1960 laicis.

289 2017 382 2082 Dicis
400 2041 495 2104 ergo:
521 2020 572 2084 ‘Si
595 2019 780 2106 presbyteri
803 2021 1017 2084 fornicatores
1041 2020 1316 2084 excommunicati
1332 2029 1417 2100 sunt,
1441 2041 1518 2104 ergo
1544 2029 1576 2082 et
1599 2017 1673 2082 laici
1697 2017 1834 2081 semica-

133 2149 162 2189 ιιι
179 2136 269 2188 tores
293 2125 558 2190 anathematizati
581 2126 682 2190 sunt'.
729 2125 835 2191 Audi:
862 2127 1026 2207 Quantum
1051 2126 1160 2190 differt
1182 2126 1239 2190 lux
1263 2149 1282 2190 a
1306 2124 1459 2205 tenebris,
1484 2135 1609 2190 tantum
1626 2124 1733 2188 differt
1756 2123 1834 2188 ordo

181 2229 389 2296 sacerdotum
420 2255 440 2295 a
470 2231 571 2296 laicis.
627 2231 662 2298 Si
697 2233 773 2298 laici
803 2233 1005 2298 fornicantur
1035 2245 1091 2298 aut
1121 2231 1211 2297 aliud
1241 2233 1320 2318 quid
1351 2242 1464 2296 contra
1494 2231 1639 2317 regulam
1670 2229 1835 2316 religionis

182 2349 293 2424 agrmt,
317 2362 384 2403 non
407 2339 482 2404 ideo
506 2339 667 2404 aecclesia
690 2362 746 2404 eos
771 2341 997 2404 communione
1022 2342 1138 2426 privat,
1163 2340 1223 2403 sed
1246 2341 1408 2426 patienter
1430 2337 1546 2402 tolerat
1569 2348 1602 2401 et
1624 2336 1666 2401 ad
1690 2338 1835 2424 peniten-

182 2447 261 2508 tiam
291 2457 458 2531 prorocat‚
491 2447 554 2510 nisi
584 2447 667 2512 forte
698 2446 837 2511 rebelles
868 2449 1034 2512 extiterint
1064 2458 1097 2511 et
1127 2445 1351 2512 sacerdotibus
1382 2468 1448 2510 non
1471 2443 1663 2509 obedirent⁸
1687 2453 1719 2507 et
1744 2466 1834 2507 suam

182 2553 387 2638 iniquitatem
412 2553 633 2634 defenderint3
663 2563 739 2618 tunc
764 2552 806 2618 ab
831 2555 917 2618 omni
942 2555 1168 2618 communione
1193 2576 1249 2617 eos
1273 2553 1431 2616 canonica
1455 2574 1593 2615 censura
1617 2548 1803 2636 segregabit
1812 2554 1834 2612 ⁴.

137 2757 165 2796 ao
771 2735 823 2796 39.
866 2731 925 2796 De
956 2730 1235 2819 presbyteris.

290 2853 479 2941 Presbyteri
502 2867 621 2937 autem,
646 2857 702 2942 qui
727 2855 895 2942 speculum
914 2855 1034 2920 debent
1051 2878 1122 2920 esse
1139 2855 1295 2918 laicorum
1320 2866 1353 2918 et
1376 2877 1435 2940 per
1449 2853 1535 2918 bona
1560 2853 1711 2939 exempla
1734 2853 1835 2917 duces

186 2984 346 3046 cecorum,
370 2963 562 3026 nominatim
586 2961 651 3026 ab¹¹
676 2962 856 3049 apostolica
880 2963 1163 3027 animadversione
1187 2962 1461 3025 excommunicati
1485 2971 1569 3041 sunt,
1598 2962 1624 3024 si
1649 2957 1778 3045 publice
1802 2960 1835 3022 in

183 3069 398 3133 fornicatione
431 3069 559 3151 vivunt,
592 3071 669 3155 quia
699 3091 759 3156 per
788 3069 909 3134 malum
940 3068 1126 3156 exemplum
1157 3066 1340 3132 homicidae
1372 3066 1564 3154 populorum
1593 3067 1746 3131 existunt.
1793 3066 1836 3130 Et

183 3176 268 3239 sicut
290 3174 393 3240 laicus
417 3186 583 3258 uxoratus,
609 3177 635 3239 si
653 3199 728 3240 cum
744 3175 875 3240 alterius
899 3199 1002 3240 uxore
1018 3175 1196 3258 mechatur,
1221 3173 1406 3239 nullomodo
1431 3173 1550 3238 salvari
1574 3196 1680 3260 posse,
1704 3174 1767 3237 nisi
1786 3195 1835 3236 re-

136 3310 163 3349 as
183 3283 328 3369 sipiscat‚
353 3281 613 3368 comprobatur-⁵,
645 3284 691 3346 ita
713 3282 802 3348 nulla
826 3284 950 3348 ratione
975 3281 1147 3370 presbyter
1170 3280 1360 3364 salvabitur,
1385 3283 1414 3344 si
1438 3305 1511 3346 curn
1534 3303 1637 3344 uxore
1660 3280 1834 3344 invenitur.

668 3464 720 3526 40.
763 3461 822 3524 De
853 3461 1042 3546 indignis
1073 3459 1351 3546 presbyteris.

290 3583 405 3670 Itaque
436 3583 619 3672 presbyteri
652 3587 838 3650 contraius
863 3585 978 3671 fasque
1002 3587 1141 3666 uxorati,
1173 3586 1250 3671 quia
1272 3583 1402 3670 probati
1426 3594 1501 3647 sunt
1525 3593 1618 3646 extra
1642 3581 1834 3646 aecclesiam

183 3692 281 3777 positi
313 3701 345 3754 et
376 3693 659 3774 excommunicati,
690 3692 839 3756 missami
874 3690 915 3756 ab
947 3693 994 3756 cis
1025 3691 1138 3756 audire
1162 3690 1215 3754 vel
1240 3690 1302 3754 alia
1327 3699 1530 3754 sacramenta
1561 3690 1730 3775 percipere
1756 3692 1833 3751 *non
1938 3734 1944 3747 .

185 3797 289 3862 solum
312 3797 393 3862 nihil
415 3797 558 3884 prodest,
583 3799 642 3862 sed
660 3798 796 3863 multum
812 3797 916 3879 obest,
941 3809 973 3863 et
996 3799 1070 3863 ideo
1094 3797 1221 3862 illorum
1245 3797 1363 3860 missac
1388 3806 1420 3860 et
1443 3807 1647 3860 sacramenta
1670 3793 1712 3859 ab
1732 3795 1833 3858 onmi-

136 3933 163 3972 ιο
183 3903 246 3969 bus
271 3904 454 3968 christianis
479 3915 554 3969 sunt
577 3904 754 3970 devitanda
764 3911 785 3969 ⁶.

750 4087 802 4148 41.
845 4084 905 4148 De
934 4085 1062 4147 missa
1093 4087 1263 4147 eorum⁶.

291 4206 526 4293 Quaecumque
550 4209 637 4272 anim
660 4209 742 4273 liunt
766 4219 879 4273 contra
901 4208 966 4273 Dei
997 4207 1176 4290 institutal,
1207 4229 1271 4270 non
1295 4206 1360 4269 Dei
1392 4204 1484 4269 sunt¹
1512 4205 1655 4285 servitia,
1688 4215 1719 4268 et
1750 4226 1833 4289 quae

182 4314 265 4377 liunt
288 4325 401 4378 contra
424 4314 604 4379 aecclesiae
629 4315 761 4380 decreta
770 4327 801 4398 ¹¹¹,
832 4339 898 4380 non
929 4326 1003 4380 sunt
1033 4325 1247 4379 sacramenta.
1295 4312 1362 4377 Sed
1392 4313 1454 4398 ipsi
1486 4322 1598 4376 contra
1621 4311 1685 4374 Dei
1714 4321 1834 4374 statuta

183 4421 307 4500 vivunt,
335 4431 448 4485 contra
471 4420 652 4486 aecclesiae
676 4421 808 4486 decreta
832 4433 949 4508 agunt:
981 4422 1055 4487 ideo
1079 4422 1284 4485 saeveritas
1308 4421 1342 4483 in
1366 4419 1472 4482 missis
1497 4441 1607 4482 corum
1632 4419 1748 4502 agitur,
1773 4439 1833 4480 nee

137 4557 164 4595 ts
184 4528 285 4590 virtus
317 4529 513 4592 sacramenti
543 4550 602 4613 per
626 4551 681 4592 eos
705 4529 907 4593 conficitur¹¹.
955 4527 1052 4609 Quod
1075 4539 1184 4592 autem
1208 4525 1382 4590 simulacra
1405 4527 1576 4589 missarum
1600 4546 1698 4609 agere
1722 4547 1832 4609 presu-

290 4725 316 4788 ιι)
340 4731 559 4779 excommunicat
580 4729 606 4779 Ο.
689 4726 717 4790 bl
740 4737 831 4781 autem
853 4729 880 4780 C.
953 4726 979 4790 c)
1002 4729 1189 4796 apostolorum
1209 4731 1242 4779 A.
1323 4727 1351 4788 d)
1372 4728 1437 4778 deest
1455 4727 1512 4777 B„
1562 4723 1588 4786 el
1611 4727 1700 4776 carnis
1720 4743 1743 4776 e.
1763 4743 1788 4774 n.
1810 4743 1833 4774 v.

184 4817 208 4865 l.
226 4817 254 4866 in
274 4834 308 4866 m.
327 4817 437 4867 illorum
455 4817 548 4868 deaO.
657 4818 678 4880 f)
704 4819 874 4870 infirmantur
892 4837 955 4870 corr.
974 4819 1115 4869 firmantur
1134 4819 1167 4868 A.
1275 4815 1303 4882 g)
1326 4818 1362 4866 ita
1380 4834 1462 4867 omnes
1480 4816 1550 4867 codd.
1659 4813 1687 4874 h)
1708 4814 1745 4863 ita
1763 4813 1833 4862 ruald.

183 4907 203 4962 i)
225 4908 321 4956 missas
340 4905 374 4956 B.
447 4903 476 4966 k)
498 4913 601 4958 statuta
620 4908 653 4958 B.
728 4907 748 4970 l)
769 4916 834 4959 sunt
851 4909 904 4958 Dei
924 4908 956 4958 B.
969 4907 996 4959 C.
1069 4905 1105 4968 m)
1127 4908 1155 4958 r'a
1174 4909 1224 4957 lom
1242 4924 1298 4957 raso
1317 4907 1350 4956 B.
1418 4903 1446 4966 n)
1469 4903 1608 4967 calcare)
1629 4903 1690 4953 add.
1709 4903 1736 4952 ia
1756 4921 1833 4968 mary.

183 5012 250 5044 ulau.
269 4996 388 5046 retractior
408 4997 435 5046 U.

139 5163 166 5200 to
293 5141 321 5209 l)
350 5141 451 5198 atauo.
473 5141 576 5211 16,19
594 5163 635 5218 sq.
751 5143 781 5212 2)
808 5141 931 5201 otei-teos
953 5151 1090 5199 asarotos
1113 5142 1361 5199 acorrttaaaicauit
1384 5140 1513 5198 Collatus
1536 5140 1576 5196 ΙΙ.
1596 5159 1680 5214 papa
1704 5139 1732 5194 la
1757 5157 1833 5194 corta.

186 5247 318 5304 aemma
339 5268 367 5304 a.
389 5247 482 5303 1119.
506 5257 569 5305 acto
593 5244 628 5323 (c.
647 5249 684 5318 5,·
710 5249 809 5306 Marcei
831 5250 915 5320 XXI,
942 5244 1027 5323 236),
1052 5258 1193 5306 auctores
1216 5257 1324 5306 secretus
1341 5249 1589 5323 praedecessorem
1612 5266 1691 5302 suoru
1708 5244 1835 5302 Pascha-

184 5355 235 5408 lem
259 5353 299 5422 ΙΙ,
330 5354 379 5430 qai
408 5354 478 5411 idem
503 5355 579 5426 fecit
607 5355 636 5413 ia
668 5356 764 5413 concil.
788 5355 920 5413 Trecenti
948 5376 1025 5412 uarro
1052 5356 1144 5412 1107.
1177 5364 1239 5412 acto
1271 5350 1306 5429 (c.
1332 5355 1369 5420 4,·
1405 5355 1445 5426 os.
1471 5354 1534 5409 LL.
1562 5351 1656 5410 Christ,
1681 5348 1783 5426 tirum.
1808 5351 1833 5420 Ι,

186 5460 267 5529 567;
302 5460 414 5532 Hesela
440 5460 697 5540 ‘Gorrcllieapescla'
721 5464 751 5533 V,
778 5459 863 5538 289).
990 5462 1020 5531 3)
1047 5461 1120 5538 Opp.
1147 5457 1202 5536 (od.
1229 5457 1341 5536 Maur.)
1366 5461 1422 5528 ΙΙΙ,
1443 5460 1536 5515 1293.
1655 5459 1686 5529 4)
1712 5457 1833 5515 Siorilcm

185 5567 403 5624 rotat-mationem
427 5567 466 5638 cs.
491 5568 520 5625 iu
545 5589 622 5626 coac.
648 5569 816 5627 Eliberitaa.
842 5591 865 5626 c.
892 5569 909 5626 8
936 5564 1050 5644 (silensi
1072 5569 1112 5639 ΙΙ,
1131 5564 1173 5644 l).
1303 5569 1333 5636 5)
1359 5568 1433 5624 leid.
1460 5587 1482 5623 c.
1502 5566 1540 5622 to
1567 5561 1682 5639 (allarici
1703 5565 1743 5633 ΙΙ,
1763 5559 1834 5638 17),-

140 5695 166 5733 ao
185 5693 261 5730 coac.
283 5673 409 5748 Aacyrit.
434 5695 462 5730 a.
482 5675 555 5731 314.
581 5696 603 5732 c.
624 5676 664 5731 20
690 5672 804 5750 (Mami
826 5677 866 5746 ΙΙ,
893 5671 979 5750 519).
1051 5677 1081 5746 6)
1109 5674 1157 5747 Os.
1183 5695 1255 5751 quac
1277 5695 1368 5750 supra
1385 5695 1418 5749 p.
1438 5673 1488 5742 50,
1506 5693 1534 5729 a.
1550 5673 1578 5729 5.
1604 5673 1638 5728 de
1660 5671 1745 5728 atissa
1770 5691 1834 5727 coa·

185 5779 343 5856 [apulorum
363 5781 589 5855 presbyterorum
613 5783 818 5840 annotavimus.

1587 5901 1618 5951 7*
