4426 6398
787 385 971 443 nouacffl
992 385 1136 444 EXULIS
1160 385 1191 442 S.
1215 385 1432 443 LAURENTII
1457 384 1706 442 OPUSCULUM.

847 571 1033 660 Compages
1056 572 1216 637 laterum¹
1239 593 1323 658 pene
1347 570 1541 636 resolverat:

899 678 982 744 Pars
1005 677 1100 768 turbe
1123 679 1251 767 trepide
1274 678 1331 742 fui.

848 784 948 850 Venti
971 795 1146 872 quattuor*
1169 784 1244 850 hinc
1268 785 1413 871 undique
1437 796 1607 866 corruunt3

847 891 923 956 Huc
945 891 1087 956 Arctosb
1110 891 1251 974 Borean,
1275 891 1429 956 Meridies
1454 891 1596 956 Notbum

787 1009 821 1062 15
849 996 1027 1084 Torquent,
1052 1009 1085 1063 et
1107 998 1248 1084 Zepbiro
1273 999 1447 1084 perstrepit
1471 996 1644 1062 Occidens

900 1103 1009 1169 Eurus
1033 1103 1119 1170 solua
1142 1105 1236 1170 adest
1258 1105 1364 1169 domo.

849 1209 1047 1276 Coneertant
1069 1211 1187 1276 validis
1210 1211 1355 1298 undique
1378 1208 1503 1275 viribus
1514 1215 1535 1293 ⁹,

849 1315 931 1398 Quia
955 1317 995 1382 de
1020 1317 1172 1383 navicula
1195 1317 1266 1404 plna
1290 1316 1353 1382 sibi
1375 1317 1529 1382 vindicet

848 1423 946 1488 Vinci
968 1446 1035 1490 non
1057 1426 1186 1512 patiens
1209 1424 1292 1489 alter
1314 1423 1356 1489 ab
1380 1425 1491 1506 altero,

785 1541 821 1594 20
901 1529 998 1596 Nunc
1020 1532 1133 1614 vincit,
1157 1529 1252 1596 modo
1276 1531 1429 1596 vincitur.

849 1635 933 1702 Tum
957 1637 1004 1701 sie
1028 1660 1123 1702 omne
1147 1637 1230 1702 latus
1254 1637 1412 1703 combibit
1435 1660 1567 1724 equora,

850 1741 947 1824 Quod
971 1765 1113 1808 summas
1136 1742 1264 1809 tabulas
1288 1745 1353 1809 iarn
1376 1767 1466 1810 mare
1490 1745 1623 1810 vicerat.

848 1849 940 1915 Intus
963 1861 1082 1938 pontus
1106 1861 1186 1932 erat,
1211 1862 1329 1938 pontus
1353 1861 1423 1916 erat
1444 1851 1539 1934 foris3

901 1957 993 2024 Intus
1017 1955 1123 2041 turba,
1147 1958 1226 2022 ioris
1250 1957 1379 2024 cbaos³.

785 2075 821 2128 25
850 2061 950 2153 Cetus
974 2073 1124 2152 preterea
1147 2066 1289 2130 cernitur
1311 2065 1456 2153 insequi:

850 2169 918 2236 Nos
942 2163 1074 2236 sorbere
1098 2170 1211 2236 volens
1235 2193 1292 2236 ore
1315 2171 1427 2236 minax
1450 2169 1538 2257 hyat.

850 2275 964 2366 Gaude
986 2275 1179 2342 verberibus
1203 2287 1271 2354 tum
1295 2299 1384 2342 mare
1407 2275 1561 2358 turbidat,

902 2383 1073 2448 Undarum
1097 2383 1242 2450 cumulos
1265 2385 1343 2470 agit

848 2489 941 2556 Heul
965 2489 1045 2556 beul
1071 2501 1211 2577 quantus
1236 2500 1305 2554 erat
1326 2489 1510 2554 Leviatban
1532 2512 1648 2569 vorax,

788 2613 822 2662 ³0
852 2596 918 2678 Qui
942 2596 1077 2661 sorbens
1100 2596 1218 2662 leviter
1239 2597 1378 2684 grandia
1400 2595 1535 2662 flumina

850 2701 1002 2784 confidit,
1027 2701 1113 2790 quod
1136 2705 1171 2768 in
1194 2725 1230 2769 os
1253 2704 1356 2791 ipsius
1379 2703 1494 2768 influat

901 2807 1052 2874 Iordanis
1060 2814 1083 2892 ⁴,
1107 2809 1296 2876 lavachrum
1321 2810 1396 2875 Dei.

849 2915 918 2981 Nos
942 2914 1082 2981 clamare
1106 2916 1231 2982 Deum:
1258 2917 1365 2981 ‘Mitte
1390 2917 1465 2997 cito,
1488 2914 1591 3000 Deus,

847 3022 1001 3105 Remum,
1026 3045 1123 3110 quem
1146 3023 1238 3088 timet
1259 3021 1342 3088 baec
1366 3023 1472 3088 sautia
1494 3020 1608 3086 belua!

788 3145 821 3194 35
849 3129 986 3194 Nostrae
1009 3128 1085 3194 huie
1108 3130 1234 3194 animas
1256 3129 1385 3194 tradere
1409 3151 1450 3194 ne
1472 3127 1571 3194 velis!

902 3235 1006 3318 Assia,
1031 3257 1050 3300 o
1073 3237 1216 3322 genitrix
1239 3235 1339 3300 Deil'
1364 3275 1408 3282 —

850 3341 933 3407 Cum
957 3343 1061 3428 virgo,
1085 3342 1220 3408 Domini
1243 3352 1349 3407 mater
1371 3340 1530 3424 amabilis,
1655 3349 1659 3358 '

849 3449 936 3514 Vere
961 3447 1055 3514 stella
1076 3449 1185 3530 maris,
1209 3459 1321 3535 portus
1345 3458 1379 3513 et
1401 3448 1553 3530 anchora,

849 3555 902 3621 Ad
925 3554 1000 3620 litns
1023 3555 1159 3620 veniens
1182 3555 1254 3618 risa
1276 3554 1390 3642 procul
1412 3555 1483 3620 fuit.

787 3681 821 3726 40
901 3662 972 3727 Iam
996 3683 1071 3749 spes
1094 3671 1162 3726 tota
1185 3661 1360 3748 refugerat.

849 3768 952 3834 Nobis
976 3769 1032 3834 illa
1054 3791 1187 3834 manum
1210 3769 1357 3855 porrigit,
1382 3778 1414 3833 et
1437 3791 1527 3832 suam

849 3874 1018 3940 Prendens
1041 3873 1226 3940 naviculam
1249 3873 1401 3940 fluctibus
1425 3876 1518 3955 eruit,

848 3983 893 4048 Et
914 3992 983 4046 tuto
1006 3981 1177 4046 tremulam
1201 3981 1307 4047 littore
1332 3980 1479 4046 collocat.

904 4088 1066 4174 Cognosci
1091 4111 1220 4175 quoque
1245 4109 1279 4152 se
1304 4086 1403 4152 dedit.

1211 4372 1273 4436 111.

850 4495 978 4562 Certior
1000 4498 1107 4561 statim
1132 4496 1243 4562 docuit
1264 4496 1379 4583 figura,

849 4602 910 4668 Illa
933 4625 996 4690 que
1019 4605 1113 4668 navis
1136 4603 1198 4668 fuit
1219 4605 1304 4667 inter
1325 4601 1441 4667 undae.

850 4709 983 4776 Scilicet
1006 4710 1093 4796 cepit
1114 4709 1232 4774 mulier
1253 4709 1359 4774 videri

902 4816 973 4881 Iam
996 4818 1106 4902 gravis
1130 4839 1201 4905 erc.

807 4940 821 4988 o
852 4922 948 5010 Cepit
971 4924 1104 5008 agnosci
1129 4922 1219 5010 Syon
1241 4922 1297 4988 illa
1319 4933 1433 5006 mater,

850 5028 951 5095 (iuius
975 5051 1136 5116 anguores
1159 5029 1299 5115 vigilans
1322 5028 1485 5112 dolebam,

531 5279 559 5344 a)
580 5283 714 5333 11110r0.
787 5277 816 5343 b)
837 5283 940 5334 Arcton
958 5300 993 5344 c.;
1023 5291 1113 5334 arctos
1132 5283 1195 5334 coni.
1215 5279 1345 5333 Brlclteler.

533 5511 563 5589 1)
585 5515 668 5592 Verp.
692 5515 763 5573 Aen.
787 5515 910 5586 1,122:
935 5517 1004 5572 laxis
1027 5519 1149 5573 laterum
1172 5517 1357 5590 conpagibus.
1449 5517 1480 5586 2)
1505 5517 1582 5574 ibid.
1607 5517 1646 5588 ΙΙ,
1673 5516 1730 5588 5οῑ
1761 5517 1791 5588 V,
1816 5515 1896 5574 500:
1920 5518 2025 5574 validis
2043 5559 2078 5575 ..

420 5623 538 5677 viribus.
623 5621 654 5691 3)
681 5619 729 5693 Os.
747 5621 777 5678 2.
793 5619 858 5680 Cor.
873 5623 902 5691 i,
920 5623 956 5680 5:
980 5624 1048 5679 soria
1070 5643 1195 5696 pugnae,
1219 5625 1296 5679 intus
1319 5625 1444 5680 timores.
1530 5621 1562 5697 4)
1584 5625 1634 5681 Iob
1650 5623 1701 5697 40,
1717 5624 1775 5680 18:
1799 5625 1886 5696 Eece,
1909 5627 2079 5684 absorbebit

422 5728 539 5783 fluvium
565 5757 599 5768 -
630 5735 660 5784 et
682 5728 771 5784 babet
793 5726 934 5798 fiduciam,
960 5733 1035 5802 quod
1057 5731 1157 5787 influat
1180 5732 1307 5787 Iordanis
1331 5731 1359 5785 in
1382 5748 1413 5785 oa
1437 5731 1508 5786 eius.
2098 5747 2127 5786 so
