4386 6390
584 346 652 401 DE
676 346 766 402 FINE
791 344 1021 402 SCHJSMA'I'IS
1045 347 1292 410 VATlClNIUM.
1713 345 1778 408 569

125 541 200 596 ante
224 543 297 596 erat
318 533 352 596 in
376 531 503 598 duobus
526 531 740 620 papantibus3
772 535 866 620 quasi
894 534 998 600 dicat:
1029 535 1068 598 In
1091 558 1158 600 una
1181 534 1233 600 die
1258 533 1397 601 dualitas
1420 535 1476 601 illa
1497 559 1656 623 paparum
1680 537 1779 624 depo-

126 649 221 702 netur
251 650 293 722 et,
322 639 422 704 velud
451 639 515 706 duo
546 651 633 706 serta
662 651 695 706 et
724 640 788 706 due
819 642 993 728 dignitates
1024 641 1224 725 occidentur,
1256 643 1333 729 quia
1360 642 1464 708 altera
1487 642 1624 726 sublata,
1655 644 1780 710 seilicet

126 745 275 830 Rolandi,
300 745 482 812 remanebit
505 746 617 831 altera,
642 747 768 813 scilicet
790 747 922 814 Calixti.
970 748 1067 830 Quod
1089 770 1168 814 vero
1192 747 1338 814 additur:

385 853 509 920 Celsa
532 864 672 938 ruunt,
696 854 842 919 humili
865 855 1022 942 pendet
1043 867 1220 942 uterque
1243 855 1412 942 gradus,

94 959 249 1043 edicunt,
281 960 368 1048 quod
397 960 485 1026 celsa
508 960 563 1025 illa
587 971 674 1027 serta
695 984 855 1049 paparum
878 961 921 1026 ad
943 985 1097 1048 magnam
1119 961 1334 1028 humilitatem
1358 962 1534 1028 devenient
1562 973 1595 1030 et
1617 975 1714 1030 ruent
1736 963 1777 1030 ab

125 1088 174 1148 ao,
199 1066 287 1153 quod
309 1068 399 1154 prius
423 1067 487 1133 duo
511 1077 599 1132 serta
622 1078 655 1148 et
677 1068 741 1133 due
772 1069 947 1155 dignitates
977 1091 1049 1134 esse
1072 1067 1278 1134 videbantur.
1324 1069 1369 1134 Et
1390 1080 1528 1157 uterque
1555 1071 1686 1157 gradus,
1717 1073 1777 1136 sci·

124 1171 200 1237 licet
224 1173 416 1238 elericorum
439 1184 473 1239 et
495 1173 672 1262 laycorum,
697 1176 754 1262 qui
775 1184 902 1261 partem
918 1175 1057 1240 Rolaudi
1073 1174 1239 1259 fovebant,
1263 1176 1395 1263 pendet,
1419 1177 1454 1241 id
1471 1186 1521 1241 est
1535 1200 1670 1264 magnas
1686 1177 1778 1243 dabit

123 1301 227 1364 penas
247 1291 279 1346 et
296 1280 429 1346 honoris
450 1292 482 1346 et
500 1304 620 1364 rerum,
646 1283 724 1368 quia
743 1281 785 1346 de
804 1283 931 1347 clericis
950 1282 1081 1368 plurimi
1100 1281 1305 1368 deponentur
1328 1292 1361 1347 et
1383 1306 1403 1347 a
1425 1285 1565 1370 propriis
1590 1283 1722 1350 sedibus
1738 1307 1777 1350 ac

124 1384 246 1452 honore
268 1386 439 1473 pellentur,
462 1388 548 1475 layci
571 1410 650 1453 vero
670 1389 727 1475 qui
749 1388 936 1475 specialiter
950 1387 1161 1474 Langobardi
1178 1388 1429 1476 *intelliguntur,
1453 1388 1551 1456 rebus
1567 1401 1600 1457 et
1614 1393 1683 1457 vita
1698 1415 1776 1457 non·
1797 1413 1954 1459 nocemur.

81 1517 107 1555 ro
123 1492 204 1556 nulli
227 1494 406 1580 privantur.
453 1493 550 1559 Unde
573 1506 663 1559 recte
686 1494 876 1560 adiunctum
900 1505 965 1560 est:

380 1602 558 1666 Interit¹¹
582 1613 706 1689 atque
729 1603 857 1688 perit,
882 1601 989 1689 quod
1013 1611 1217 1668 consonat
1239 1602 1466 1689 euphonia,

124 1705 232 1772 idest
256 1707 395 1794 populus
417 1707 535 1791 Ytalie,
567 1709 623 1796 qui
653 1719 811 1774 consonat
840 1709 1001 1795 euphonia
1024 1718 1122 1796 atque
1147 1709 1320 1774 concordie
1343 1709 1535 1792 Rolandine,
1566 1711 1620 1776 ille
1644 1712 1777 1776 interit¹

124 1814 275 1878 veniente
305 1816 500 1901 imperatore
531 1825 564 1880 et
594 1817 679 1902 perit
708 1814 750 1880 ab
781 1816 869 1881 omni
893 1864 1066 1881 ......
1080 1816 1105 1898 ¹²,
1137 1838 1202 1902 qua
1233 1821 1360 1880 contra'
1376 1817 1548 1902 imperium
1579 1828 1775 1884 crassantur.

230 1920 303 1984 Hiis
333 1922 380 1985 ita
407 1923 549 2008 peractis
583 1925 758 1988 revertitur
794 1924 925 2010 spiritus
956 1922 997 1987 ad
1031 1923 1259 1987 narracionem
1293 1945 1400 2005 suam,
1436 1932 1469 1987 et
1502 1924 1711 2010 imperatori⁰
1743 1936 1775 1990 at

83 2052 106 2090 u
123 2027 230 2114 paped
255 2026 395 2112 Calixto,
420 2039 455 2093 ut
477 2030 541 2116 ipsi
563 2029 685 2113 volunt,
710 2031 887 2117 sequencia
910 2029 1005 2114 dicit,
1031 2031 1227 2116 ⁸†sequitur
1250 2038 1383 2094 octavus
1406 2051 1538 2095 versus:

379 2135 591 2201 Montibus
616 2137 828 2202 excedunt
851 2159 1007 2222 onager
1028 2147 1153 2223 atque
1177 2135 1251 2201 leo.

124 2242 302 2327 Onagrum,
332 2242 367 2307 id
389 2251 439 2306 est
461 2253 621 2330 agrestem
647 2244 784 2326 asinum,
816 2245 872 2331 qui
895 2255 988 2330 aptus
1012 2253 1062 2308 est
1084 2242 1220 2329 phasci¹¹
1244 2252 1277 2307 et
1299 2240 1452 2308 oneribus
1480 2241 1632 2326 ferendis,
1664 2242 1776 2308 dicunt

124 2349 263 2413 eundem
291 2349 495 2433 Pascbalem‚
526 2351 582 2438 qui
610 2351 707 2416 modo
738 2359 856 2416 cuncta
884 2351 1053 2436 pacienter
1082 2348 1208 2433 tolerat,
1240 2347 1344 2414 donec
1374 2349 1550 2433 Rolandus,
1582 2350 1638 2436 qui
1668 2351 1774 2436 ipsum

123 2466 218 2542 urget
240 2466 273 2521 et
294 2456 455 2539 verberat,
480 2456 521 2523 de
544 2457 652 2522 medio
676 2457 741 2523 fiat.
780 2458 845 2522 Per
867 2457 994 2522 leonem
1017 2457 1245 2542 imperatorem
1270 2456 1447 2542 significari
1470 2466 1648 2521 antumant.
1683 2455 1775 2522 Dicit

80 2589 106 2628 so
123 2585 211 2649 ergo,
236 2563 324 2650 quod
339 2587 471 2650 onager,
495 2564 594 2630 idest
613 2587 701 2652 papa
715 2565 872 2648 Pascalis,
897 2574 994 2652 atque
1010 2563 1071 2646 leo,
1088 2562 1123 2627 id
1139 2572 1189 2628 est
1204 2563 1380 2649 imperator
1394 2562 1593 2646 Fridericus,
1611 2562 1775 2628 excedunt

122 2669 222 2734 idest
245 2673 486 2758 supereminent
509 2670 658 2736 omnibus
682 2671 856 2754 montibus,
880 2671 983 2737 idest
1006 2668 1155 2735 omnibus
1180 2668 1403 2756 dignitatibus,
1428 2668 1577 2734 omnibus
1593 2669 1725 2756 regibus
1742 2680 1775 2735 et

123 2775 324 2863 principibus
347 2777 486 2842 Romani
514 2779 644 2865 imperii
667 2778 927 2865 ⁴*super-vadunt,
959 2780 1053 2864 quasi
1083 2777 1186 2843 dicat:
1217 2777 1256 2841 In
1286 2776 1349 2841 illis
1379 2774 1506 2842 duobus
1537 2778 1641 2842 omnis
1672 2787 1773 2842 status
1793 2801 1951 2843 necemus.

122 2882 261 2956 ecclesie
284 2885 453 2971 omnisque
477 2885 699 2972 dispositionis
723 2885 962 2972 concordiaque
985 2895 1253 2971 temptamentum
1277 2882 1439 2948 constabit
1463 2893 1495 2948 et
1517 2892 1609 2949 tanta
1632 2885 1693 2949 erit
1709 2884 1773 2949 cla-

122 2990 201 3053 ritas
224 2991 358 3055 istorum
381 2991 519 3056 duorum
542 3001 675 3079 totaque
699 2991 863 3075 fortitudo,
887 3003 924 3056 ut
943 2994 1016 3078 ipsa
1029 2992 1156 3056 Romar
1172 2993 1349 3078 imperator
1365 2991 1476 3056 extat¹
1492 2991 1659 3077 patricius.
1700 2990 1772 3072 Qua

78 3094 286 3182 sequendam
310 3095 479 3163 Castorem
502 3109 534 3164 et
555 3098 722 3164 Pollucem
745 3099 872 3181 iratres,
897 3105 1034 3186 q'uorum
1057 3099 1181 3185 primus
1203 3097 1393 3180 inmortalia,
1422 3096 1504 3162 alter
1526 3096 1561 3162 id
1585 3107 1634 3162 est
1657 3096 1775 3163 Castor

121 3202 267 3267 mortalis
291 3215 370 3286 erat,
394 3204 623 3288 venerabatur,
648 3204 709 3269 sub
733 3204 874 3292 quadam
898 3204 1111 3292 methaphora
1134 3227 1153 3268 a
1177 3227 1234 3268 suo
1258 3204 1357 3268 fratre
1381 3203 1488 3268 idest
1512 3202 1553 3268 ab
1577 3205 1772 3291 imperatore

76 3367 78 3374 ,
123 3321 287 3395 tamquam
316 3309 432 3376 Castor
454 3334 474 3376 a
495 3311 629 3377 Polluce
660 3311 846 3377 destruatur
876 3323 908 3377 et
938 3321 1076 3377 corruat.
1122 3311 1167 3376 Et
1196 3311 1257 3375 hoe
1288 3321 1337 3374 est
1367 3310 1453 3397 quod
1484 3312 1530 3374 ait
1560 3309 1619 3375 sub
1649 3310 1772 3376 metha·

122 3415 226 3502 phora
248 3416 392 3500 fratrum,
417 3428 451 3483 et
473 3418 584 3483 subdit
606 3441 727 3484 nonum
750 3441 898 3483 versum:

381 3524 539 3613 Sydere
562 3526 752 3591 Pollucis
776 3526 1008 3590 fraternum
1032 3533 1202 3590 corruet
1224 3533 1385 3589 astrum.

77 3655 105 3695 ao
123 3629 248 3716 Sydere
270 3631 412 3696 Pollucis
442 3630 478 3696 id
507 3642 557 3697 est
586 3633 695 3718 gladio
725 3633 939 3718 imperatoris,
971 3632 1026 3719 qui
1055 3641 1125 3695 erat
1152 3630 1350 3695 fulminans¹¹
1374 3640 1473 3717 atque
1502 3631 1650 3694 micans¹¹
1672 3629 1772 3696 velud

121 3736 231 3801 radius
255 3736 381 3824 syderis
404 3739 594 3823 inmortalis,
618 3739 797 3804 fraternum
820 3751 952 3822 astrum,
976 3739 1012 3802 id
1028 3749 1077 3802 est
1091 3738 1239 3802 Romana
1254 3737 1359 3822 gloria
1382 3747 1415 3802 et
1438 3736 1591 3824 splendor
1613 3735 1769 3802 nobilium

121 3843 349 3926 Romanorum,
374 3847 487 3932 quise
511 3845 699 3932 imperatori
723 3847 884 3933 opposuit,
909 3857 1075 3932 tamquam
1098 3844 1282 3910 mortalium
1306 3855 1338 3908 et
1361 3845 1416 3930 qui
1440 3845 1524 3908 tueri
1543 3867 1609 3908 non
1624 3854 1769 3931 possunt,

121 3961 249 4015 corruet
273 3960 305 4015 et
327 3953 484 4038 sanguine
508 3952 685 4039 prodente¹
715 3954 765 4018 sui
795 3953 915 4018 federis
943 3963 976 4017 et
998 3952 1159 4035 factionis,
1184 3974 1282 4039 quam
1305 3949 1452 4016 Rolando
1482 3951 1634 4029 inierimt
1660 3950 1770 4016 ‘luent
1788 3975 1947 4018 neonem.

120 4056 229 4142 gladio
252 4057 356 4122 ultore
379 4060 573 4144 promeritas
596 4082 709 4146 penas,
741 4069 774 4124 et
796 4070 888 4124 tanta
910 4059 975 4124 illic
1000 4060 1063 4123 erit
1092 4059 1217 4123 cruoris
1247 4057 1503 4145 sanguinisque¹¹
1526 4057 1651 4140 effusio,
1683 4057 1769 4143 quod

73 4189 103 4230 ss
120 4186 185 4229 non
209 4164 313 4230 solum
337 4187 474 4252 corpora
496 4167 689 4249 occisorum,
714 4166 772 4231 sed
796 4169 893 4232 etiam
917 4168 990 4254 ipsa
1004 4167 1153 4231 Romana
1177 4166 1292 4230 civitas
1315 4163 1488 4251 profluenti
1505 4165 1663 4252 sanguine
1680 4147 1769 4229 tabo-

120 4293 183 4357 que
206 4270 361 4336 madebit.
407 4273 452 4337 Et
473 4272 535 4337 hoe
559 4282 619 4355 est,
644 4273 732 4360 quod
755 4275 801 4338 ait
824 4273 969 4339 decimus
992 4295 1123 4338 versus:

377 4378 427 4444 Et
449 4378 580 4444 Babel
603 4379 814 4446 Archadia
837 4380 1009 4468 perfusa
1032 4401 1179 4444 cruore
1202 4376 1382 4443 rubebit.

119 4481 223 4549 Babel
247 4485 392 4550 confusio
417 4485 535 4551 dicitur
545 4490 566 4569 ¹,
596 4486 765 4551 Archadia
791 4487 953 4573 pascualis
983 4487 1052 4550 sive
1083 4486 1224 4573 sapiens.
1270 4485 1361 4550 Bene
1392 4487 1469 4570 ergo
1499 4506 1560 4571 per
1581 4483 1686 4550 Babel
1708 4483 1769 4548 Ar-

120 4589 236 4656 chadia
259 4592 363 4656 Roma
391 4593 426 4656 in
454 4615 488 4657 se
520 4593 626 4658 divisa
650 4603 682 4658 et
705 4594 841 4658 confusa
863 4593 1062 4680 intelligitur,
1094 4616 1156 4680 que
1186 4614 1290 4679 usque
1321 4591 1403 4666 adeo
1428 4591 1564 4657 confusa
1587 4591 1767 4678 sapientia¹

70 4724 102 4763 ao
119 4698 189 4779 fuit,
220 4707 255 4763 ut
283 4709 393 4784 partes
421 4701 454 4763 in
486 4700 625 4764 ecclesia
647 4700 715 4765 Dei
740 4749 880 4765 .....
890 4711 912 4740 ¹¹
942 4709 975 4764 et
1004 4711 1140 4785 accepta
1169 4698 1310 4785 pecunia
1339 4698 1435 4763 modo
1466 4697 1553 4780 hinc,
1582 4697 1678 4763 modo
1707 4707 1769 4762 ter-

119 4805 339 4890 giversaretur
361 4805 482 4889 illinc¹¹,
505 4829 592 4871 nunc
616 4830 690 4872 cum
713 4806 859 4873 Rolando
883 4807 1105 4872 consisteret0.
1131 4854 1139 4869 .
1165 4855 1171 4869 .
1198 4854 1206 4868 .
1252 4803 1344 4868 Dicit
1367 4826 1444 4890 ergo
1469 4805 1600 4890 spiritus
1624 4805 1769 4887 Domini,

119 4911 207 4997 quod
229 4910 333 4977 Babel
347 4911 513 4977 Archadia
536 4913 571 4978 id
594 4923 644 4978 est
658 4914 762 4978 Roma
785 4914 993 5000 omnigenum
1015 4923 1138 4999 pecus1¹
1162 4910 1263 4975 multa
1287 4922 1336 4976 est
1358 4911 1539 4998 sapientia¹
1558 4911 1670 4994 Rome,
1694 4910 1769 4976 ideo

119 5018 233 5083 merito
256 5029 393 5083 vocatur
411 5018 586 5084 Archadia.
620 5020 726 5084 Roma
748 5020 854 5106 inquit
876 5029 1008 5106 propter
1029 5028 1165 5106 partem,
1191 5028 1278 5104 qua¹¹
1302 5017 1476 5082 ecelesiam
1499 5016 1635 5082 Domini
1659 5016 1770 5081 divisit

225 5251 253 5317 a)
268 5255 410 5306 Interiitc.
465 5252 493 5318 b)
509 5255 790 5307 uommudsmatimuu
801 5255 1035 5321 mpplerioportet5
1052 5255 1269 5307 conconcordia?
1323 5249 1350 5314 c)
1366 5255 1530 5319 imperatore
1543 5271 1564 5304 e.
1621 5251 1649 5316 d)
1665 5270 1736 5320 papa
1748 5271 1769 5303 c.

68 5356 101 5396 et
120 5339 145 5404 e)
167 5343 300 5410 phascec.
355 5343 467 5405 slituc.
521 5342 550 5410 g)
572 5345 749 5395 fluminansc.
810 5340 839 5406 h)
863 5345 964 5395 micant
976 5361 1039 5394 corr.
1053 5345 1155 5395 micans
1168 5359 1189 5394 c.
1249 5338 1270 5404 i)
1291 5343 1375 5404 itac.,·
1392 5359 1428 5392 an
1443 5343 1599 5408 proflunte‘?
1657 5339 1686 5405 k)
1707 5358 1768 5392 san-

119 5425 233 5498 guisque
252 5451 273 5483 c.
347 5429 366 5494 1)
388 5427 502 5500 sapiae.
569 5429 606 5496 m)
627 5433 727 5484 undum
743 5433 817 5494 deest,
831 5433 941 5498 fortusse
959 5433 1071 5484 laceret.
1141 5429 1170 5495 n)
1191 5430 1250 5482 illio
1268 5431 1380 5482 rodendo
1398 5449 1462 5483 corr.
1481 5429 1548 5482 illic.
1616 5427 1643 5492 o)
1664 5433 1769 5482 alaram

118 5521 243 5572 muntiuts'
256 5530 357 5588 purtem
374 5523 489 5573 manaem
506 5539 555 5574 esee
568 5531 648 5588 putet.
717 5519 746 5590 p)
766 5522 807 5573 bia
824 5538 918 5588 quoqrae
935 5521 1057 5588 quaedam
1075 5521 1164 5572 οπιὲεεα
1179 5537 1228 5572 casa
1243 5520 1368 5572 videntum
1441 5516 1468 5585 q)
1489 5520 1600 5586 sequitur
1618 5537 1644 5570 m
1662 5536 1769 5571 aarum

229 5701 258 5779 1)
281 5703 320 5762 Is.
346 5704 440 5779 Etym.
465 5705 532 5776 XV,
552 5705 580 5776 1,
599 5704 627 5776 4,
654 5703 728 5781 opp.
753 5706 795 5763 ed.
820 5704 960 5763 Areoalus
983 5705 1037 5776 IV,
1057 5726 1090 5781 p.
1112 5704 1183 5762 194.

188 5823 291 5876 Libelli
309 5825 343 5877 de
363 5825 418 5877 lite.
450 5827 505 5878 111.
1523 5827 1556 5877 72
