4544 6420
692 385 929 440 OPUSCULUM
953 386 1004 439 DE
1030 385 1202 440 EDIFICIO
1228 385 1304 439 DEI.
1763 379 1824 440 153

280 572 384 657 Igitur
419 571 588 658 presidens
624 573 850 657 episcoporum
882 573 1070 652 conventui,
1103 569 1251 635 omnibus
1282 573 1338 656 qui
1369 571 1505 635 aderant
1535 570 1823 652 consentientibus,

169 678 317 763 generali
342 677 474 742 decreto
498 679 611 742 statuit
634 677 674 742 dc
698 677 833 742 decimis
858 678 1040 763 ceterisque
1065 676 1282 741 oblationibus
1307 690 1445 764 quatuor
1459 677 1531 741 fieri
1547 679 1720 764 portiones,
1746 701 1822 764 qua·

169 808 243 849 rum
267 785 388 849 nullam
413 785 587 849 destinavit
611 784 655 848 ad
677 784 840 870 stipendia
862 784 1008 865 militum,
1034 785 1111 869 quia
1133 805 1198 848 non
1223 795 1292 847 erat
1315 783 1361 847 illi
1385 783 1530 865 militiae,
1560 785 1617 848 scd
1642 784 1822 849 aecclesiae

170 913 267 974 cura,
298 893 469 978 magisque
500 913 678 977 pauperum
709 890 805 955 turba
836 914 932 976 quarn
963 889 1099 954 militum
1130 901 1236 954 turma
1264 890 1374 976 stipari
1402 892 1556 976 ‘optavit3
1588 913 1648 954 nec
1675 892 1823 955 dominus
1843 909 1914 950 111.

128 1023 144 1061 s
170 998 308 1062 rnilitum
325 998 412 1062 facto
437 997 499 1062 sibi
523 998 664 1062 hominio
682 997 849 1083 appellari,
875 997 933 1060 sed
949 1020 1128 1083 pauperum
1145 996 1266 1061 Christi
1291 1019 1404 1060 servus
1429 1009 1460 1061 et
1484 997 1549 1060 dici
1574 1009 1606 1060 et
1630 1021 1701 1060 esse
1726 997 1822 1061 affec·

170 1106 263 1168 tavit.
310 1105 426 1168 Sciens
453 1104 540 1168 11111
564 1106 719 1190 scriptum
744 1127 815 1167 esse
846 1105 932 1190 quod
964 1108 1065 1168 oannis
1092 1107 1241 1190 pontisas
1271 1130 1309 1168 en
1338 1106 1516 1169 horninibus
1546 1120 1734 1190 assumptus,
1758 1129 1822 1191 pro
1842 1131 1937 1180 111111,
1947 1134 1965 1172 1.

170 1213 350 1276 1111111111
373 1215 569 1276 constitutam
593 1215 627 1275 a'n
650 1213 709 1290 ln'a,
734 1237 814 1298 qauz-c
837 1212 975 1276 11111(ιῖ
998 1212 1109 1291 Deum,
1138 1211 1187 1273 his
1212 1233 1295 1296 quae
1320 1210 1362 1273 ad
1386 1210 1552 1274 saeculum
1577 1221 1668 1274 erant
1693 1211 1822 1274 omnino

170 1321 295 1404 positis,
326 1318 368 1382 de
399 1318 448 1382 his
478 1317 701 1382 tantummodo
727 1341 761 1382 se
786 1320 966 1398 intromisit,
998 1339 1082 1403 quac
1107 1327 1200 1380 crant
1223 1317 1266 1380 ad
1289 1317 1408 1381 Deum.
1455 1317 1613 1398 Ducatus,
1640 1319 1821 1398 comitatus,

169 1424 337 1506 thelonea,
369 1436 498 1488 moneta
528 1426 692 1510 pertinent
722 1425 763 1488 ad
795 1424 969 1488 saeculunr.
1023 1424 1192 1505 Decimae,
1224 1424 1385 1510 primitiae
1418 1436 1610 1509 ceteraeque
1642 1423 1822 1488 oblationes

125 1557 151 1594 ιο
170 1534 335 1616 pertinent
358 1531 401 1595 ad
416 1530 534 1595 Deum.
581 1531 642 1594 Illa
664 1555 723 1617 per
747 1531 858 1595 mundi
882 1533 1057 1616 principes,
1082 1533 1146 1594 ista
1168 1554 1227 1616 per
1242 1530 1412 1616 pontifices
1436 1532 1613 1616 antiquitus
1637 1530 1822 1595 tractaban-

170 1651 233 1716 tur,
259 1661 298 1702 ea
321 1638 475 1702 videlicet
505 1639 654 1702 cautione
686 1661 724 1703 ac
755 1638 973 1718 distinctions,
1004 1648 1040 1702 ut
1070 1661 1174 1723 neque
1206 1637 1354 1723 pontifex
1384 1638 1417 1700 in
1448 1637 1507 1720 his,
1540 1660 1624 1722 quae
1656 1650 1749 1702 erant
1780 1639 1821 1701 ed

170 1745 348 1826 saeculum,
373 1768 479 1830 neque
503 1746 654 1830 princeps
677 1746 712 1808 in
735 1745 795 1826 his,
821 1768 903 1830 quae
929 1755 1020 1808 crant
1044 1743 1087 1808 ad
1111 1744 1218 1808 Deum
1242 1755 1403 1829 preesset,
1430 1743 1487 1807 sed
1510 1755 1645 1830 uterquc
1670 1767 1727 1808 suo
1752 1747 1820 1809 iuro

170 1863 352 1934 contentus,
377 1852 507 1916 modurn
532 1851 687 1915 divinitus
711 1851 895 1914 ordinatum
918 1875 982 1915 non
1007 1851 1192 1915 excederet.

280 1979 331 2040 23.
367 1975 541 2062 Apostolus
567 1976 655 2057 dicit,
686 1978 839 2061 quoniam
870 1992 1044 2041 testamento
1072 1979 1208 2041 hominis
1231 1991 1326 2040 morte
1351 1980 1504 2040 sesmaria
1528 1979 1709 2064 confirmo-to
1733 2003 1821 2042 neam
1840 2002 1938 2050 (1111.

125 2109 151 2147 n
171 2085 267 2147 alind
287 2109 382 2170 snper
405 2084 549 2165 ordinat,
581 2093 613 2146 et
636 2093 864 2147 testamentum
888 2085 1047 2169 sanguine
1071 2082 1191 2146 Christi
1216 2082 1440 2146 continuatum
1464 2093 1530 2146 tarn
1555 2083 1651 2147 facile
1676 2083 1820 2148 annichi-

171 2190 304 2253 landum
328 2203 361 2252 et
384 2189 641 2253 conculcandum
672 2189 788 2275 aliquis
813 2201 914 2276 putat,
939 2201 974 2253 ut
998 2201 1110 2254 contra
1134 2188 1350 2274 euangelium,
1383 2189 1470 2274 quod
1494 2201 1543 2253 cst
1573 2191 1675 2276 ipsius
1700 2189 1821 2254 Christi

172 2319 292 2360 novum
324 2307 562 2376 testamentum,
594 2295 739 2381 gladium
762 2297 858 2360 Petro
890 2296 1098 2360 interdictum
1127 2294 1276 2358 manibus
1301 2296 1528 2381 episcoporum
1553 2296 1659 2360 denuo
1684 2296 1820 2360 redden-

173 2404 250 2466 dum
275 2402 473 2467 arbitretur?
498 2415 530 2466 et
553 2402 740 2466 Mathaeum
765 2403 805 2466 de
830 2403 978 2467 theloneo
1002 2415 1164 2482 vocatum,
1189 2425 1315 2465 rursum
1340 2403 1373 2465 iu
1398 2404 1550 2488 episcopo
1575 2403 1617 2466 ad
1641 2402 1727 2467 idern
1753 2403 1819 2468 offi-

173 2512 258 2573 cium
282 2509 425 2574 residere
451 2521 555 2594 cogat,
580 2509 622 2572 ad
646 2509 733 2595 quod
757 2509 927 2573 Mathaeus
951 2510 1111 2573 resedisse
1135 2531 1200 2572 non
1225 2509 1367 2594 legitur?

124 2643 152 2680 11
279 2617 350 2681 Η11
375 2616 487 2681 dicens
511 2639 575 2680 non
599 2615 678 2680 illud
702 2616 834 2680 intendo
858 2617 1066 2702 persuadere,
1089 2627 1123 2680 nt
1148 2617 1320 2702 episcopus
1344 2615 1552 2680 theloneum·
1570 2639 1608 2681 ec
1626 2628 1735 2681 cetera
1751 2619 1819 2681 sine

173 2723 272 2786 dubio
303 2723 345 2787 ad
376 2746 485 2809 regern
516 2724 711 2808 pertinentia
742 2725 788 2786 sic
813 2722 944 2804 abnuat,
973 2734 1009 2788 ut
1032 2723 1093 2786 illis
1119 2722 1349 2786 offendiculum
1380 2733 1495 2808 ponat,
1528 2725 1583 2809 qui
1613 2723 1691 2787 talia
1721 2724 1820 2788 semel

173 2829 340 2894 aecclesiis
358 2829 477 2894 donata
493 2853 686 2916 quacunque
704 2831 875 2894 occasione
900 2829 941 2892 ab
966 2828 1028 2893 illis
1053 2829 1236 2893 auferentes
1258 2829 1369 2893 dicunt
1386 2829 1591 2914 sacrilegium
1609 2832 1819 2912 committere,

173 2938 325 3022 quoniam
350 2936 511 3000 aecclesia
534 2959 603 3000 rem
627 2937 726 3000 semel
757 2947 926 3022 acceptam
952 2949 983 2999 et
1005 2935 1132 3000 diutina
1155 2937 1359 3021 possessione
1383 2937 1602 3021 mancipatam
1626 2961 1691 3000 uon
1715 2949 1821 3023 potest

171 3045 330 3108 amittere.
378 3043 504 3124 Quibus
529 3066 589 3128 ego
614 3043 655 3106 ad
678 3065 813 3128 presens
836 3066 901 3105 non
925 3043 1123 3128 respondeo,
1156 3042 1212 3106 scd
1243 3042 1323 3106 illud
1347 3043 1536 3128 simpliciter
1559 3043 1701 3107 affirmo:
1734 3044 1820 3130 quod

124 3151 255 3214 1111111
279 3150 352 3215 laici
376 3149 464 3214 nullo
488 3151 635 3213 iusticias
652 3149 705 3213 vel
729 3149 810 3213 falso
835 3149 941 3213 colore
959 3150 1157 3214 decimarum
1175 3150 1413 3234 possessionem
1438 3148 1499 3213 sibi
1524 3161 1676 3236 poterunt
1699 3151 1820 3214 licitam

171 3257 344 3338 affirmare,
369 3258 521 3343 quoniam
545 3257 672 3320 decima
700 3257 943 3320 aecclesiastica
973 3280 1026 3320 res
1057 3280 1128 3320 esse
1152 3279 1215 3320 non
1242 3255 1416 3337 dubitatur,
1449 3258 1495 3320 sic
1525 3256 1600 3320 illae
1631 3257 1757 3342 regales
1789 3269 1821 3322 et

172 3363 327 3427 militares
358 3363 652 3427 administrationes
683 3363 724 3426 ab
749 3365 911 3450 episcopis
943 3365 1012 3427 sinc
1037 3374 1126 3427 certa
1149 3365 1198 3426 sui
1223 3363 1344 3426 ordinis
1369 3365 1533 3449 apostasia
1556 3363 1731 3448 gubernari
1756 3387 1820 3428 non

171 3483 316 3555 possunt.
365 3471 451 3551 Quia
475 3471 501 3533 si
525 3469 695 3534 Mathacus
719 3470 762 3534 ad
785 3470 963 3534 thelonium
986 3470 1171 3549 resedisset,
1202 3492 1409 3556 nequaquam
1440 3471 1473 3533 in
1502 3470 1730 3555 apostolorum,
1763 3471 1820 3536 sed

174 3589 393 3664 apostatarum
408 3599 543 3640 numero
560 3579 684 3640 censeri
702 3579 881 3641 meruisset.
919 3577 1000 3657 Quis
1018 3599 1095 3641 vero
1120 3578 1238 3662 poterit
1255 3576 1396 3661 culpare,
1421 3577 1518 3640 immo
1544 3580 1616 3662 quis
1641 3601 1705 3641 non
1725 3601 1819 3663 coge-

127 3709 153 3747 m
172 3699 224 3747 tur
253 3683 397 3766 laudare,
429 3685 455 3747 si
487 3685 657 3769 episcopus
688 3683 833 3747 decimes
865 3684 955 3747 laicis
986 3683 1046 3747 sub
1078 3683 1283 3747 anathemate
1314 3683 1488 3746 interdicat
1519 3695 1551 3746 ct
1579 3707 1613 3747 sc
1638 3707 1657 3746 a
1680 3683 1819 3768 publicis

174 3790 374 3854 'militarium
390 3791 592 3875 negotiorum
609 3790 724 3854 officiis
748 3791 793 3854 ite
808 3793 936 3876 penitus
961 3791 1102 3854 alienum
1125 3790 1234 3871 faciat,
1259 3800 1295 3852 11
1317 3790 1420 3874 magis
1438 3812 1512 3853 cum
1529 3792 1661 3876 antiquo
1678 3791 1818 3854 Mertino
1838 3816 1867 3857 ⁸.
1910 3847 1916 3858 .

174 3920 343 3984 pauperes,
369 3921 465 3984 quam
490 3921 563 3961 cum
579 3920 664 3961 novo
681 3897 893 3982 Mogontinol
916 3897 1033 3960 milites
1058 3896 1210 3980 colligere
1236 3919 1273 3960 ac
1298 3919 1473 3981 procurare
1498 3896 1651 3960 studeat?
1691 3897 1818 3962 Scimus

174 4028 236 4089 quo
259 4004 447 4090 pervenerit
469 4004 628 4067 Martinus
652 4027 725 4068 curn
750 4005 816 4067 suis
841 3988 1056 4090 pauperihus:
1086 4004 1248 4067 nescimus
1273 4002 1380 4066 adhuc
1405 4026 1467 4088 quo
1492 4005 1662 4088 perveniat
1685 4005 1818 4089 Mogon-

172 4113 279 4175 tinus¹
303 4135 376 4176 cum
401 4112 466 4174 suis
490 4109 655 4175 militibus.
701 4111 860 4174 Martinus
884 4134 1008 4196 pauper
1032 4123 1063 4174 ct
1086 4110 1233 4173 modicus
1258 4109 1383 4172 caelum
1409 4109 1499 4172 dives
1523 4111 1721 4194 ingreditum
1750 4112 1817 4174 111-

130 4243 155 4281 11
173 4220 323 4300 guntinus
346 4241 409 4283 non
435 4240 568 4304 pauper,
592 4241 657 4280 non
680 4217 826 4281 modicus
851 4217 957 4281 adhuc
982 4228 1220 4304 superterram
1244 4216 1400 4300 graditur.

279 4345 331 4406 24.
368 4341 441 4406 Non
465 4364 575 4406 omnes
600 4343 744 4428 episcopi
773 4354 907 4427 possunt
938 4342 1025 4428 quod
1055 4353 1162 4427 potest
1184 4341 1409 4427 mogontinus,
1441 4354 1473 4404 ct
1503 4365 1562 4426 per
1584 4342 1649 4406 Dei
1680 4345 1818 4428 gratiam

174 4461 313 4534 possent,
338 4451 365 4513 si
389 4447 518 4531 1111111,
543 4448 630 4534 quod
645 4450 749 4534 potuit
765 4449 935 4512 Martinus.
970 4450 1073 4512 Pauci
1089 4473 1162 4512 cum
1179 4448 1368 4532 Mogontino
1392 4459 1527 4534 possunt
1549 4461 1616 4512 tarn
1632 4461 1819 4535 sumptuosa

176 4557 325 4620 11111111
356 4555 488 4620 cottidie
520 4556 702 4642 disponere,
734 4555 851 4642 quibus
874 4555 1003 4619 valeant
1028 4578 1066 4619 ec
1091 4555 1192 4620 velint
1221 4557 1386 4641 principes
1411 4569 1442 4618 11
1466 4555 1583 4620 milites
1607 4556 1698 4620 multi
1723 4558 1818 4621 inter-

174 4685 254 4726 esse.
303 4663 424 4727 Omnes
448 4675 565 4744 autem,
589 4686 649 4749 per
671 4663 736 4727 Dei
760 4663 908 4748 gratiam,
934 4664 960 4725 si
984 4663 1106 4744 volunt,
1131 4674 1266 4748 possunt
1290 4685 1362 4726 cum
1387 4662 1527 4726 Martino
1552 4663 1745 4727 cottidianas
1769 4664 1817 4740 sui

130 4795 156 4833 1ο
175 4791 368 4854 suorumque
400 4769 631 4856 discipulorum
661 4771 854 4833 refectiones
886 4793 959 4833 curn
987 4779 1076 4833 tanta
1098 4768 1284 4854 frugalitate
1309 4768 1491 4854 disponere,
1516 4782 1551 4832 ut
1573 4769 1690 4833 milites
1714 4772 1818 4854 magis

174 4875 298 4956 abesse,
323 4899 421 4962 quam
445 4876 558 4940 adesse
582 4875 682 4940 libeat
704 4877 824 4940 mensis
849 4899 969 4957 eorum,
995 4875 1211 4961 glorificantes
1236 4898 1333 4961 super
1357 4875 1417 4939 hoc
1433 4877 1585 4939 virtutem
1602 4878 1818 4962 parsimoniae

279 5045 416 5116 Sulpitius
440 5048 468 5100 iu
487 5047 554 5100 Vita
576 5047 667 5101 sancti
689 5043 841 5101 Martini²z
869 5044 983 5120 Strmpto
1008 5045 1168 5119 episcopata
1191 5045 1299 5118 qualem
1323 5063 1353 5099 se
1376 5053 1563 5118 1111111111
1590 5044 1732 5100 Martia-us·
1750 5065 1819 5119 pre·
1839 5066 1895 5109 111,

173 5152 280 5220 stiterit,
305 5171 361 5207 non
386 5160 425 5207 est
447 5160 560 5208 nostrae
570 5151 723 5223 feracitatis
746 5153 879 5208 11111111.
917 5151 992 5206 Idem
1017 5183 1060 5192 —-
1076 5183 1118 5190 —
1142 5151 1322 5225 virtutemqnc
1346 5151 1492 5207 (lesere-rat.
1542 5152 1576 5204 Et
1603 5160 1665 5222 post
1689 5148 1817 5222 pariesi:

175 5257 313 5333 Discipuli
336 5278 401 5314 nero
423 5259 561 5334 octoginta
586 5289 629 5298 -—
652 5289 695 5298 ——
718 5258 887 5315 (1111111111
911 5267 1023 5332 cuperet
1045 5259 1204 5313 sacerdrrtes
1228 5256 1351 5312 tritara?

127 5399 156 5437 ⁴5
280 5397 306 5458 a)
328 5398 482 5449 theloneum
502 5417 521 5448 c.

283 5528 310 5596 l)
336 5526 487 5584 Arbaldcrto
503 5527 543 5584 ΙΙ.
569 5521 842 5602 (1138—1141);
865 5525 956 5582 tainus
979 5534 1053 5582 recte.
1076 5524 1315 5594 Boelmzer-Will,
1340 5526 1461 5601 Repesta
1485 5527 1611 5601 archiep.
1639 5527 1768 5603 Mapaat.
1794 5526 1817 5596 I,

168 5655 200 5709 p.
216 5639 303 5690 LXV.
329 5635 363 5691 dc
387 5633 538 5691 Arialbcrto
562 5635 585 5690 I.
611 5635 728 5710 copitat;
752 5635 792 5706 cf.
817 5633 901 5705 infra
926 5633 1014 5688 171.
1089 5631 1119 5700 2)
1144 5632 1174 5686 V.
1201 5631 1230 5686 S.
1251 5631 1373 5687 Martini
1396 5652 1418 5687 c.
1439 5631 1488 5702 10,
1513 5629 1532 5706 ξ
1556 5635 1582 5688 1.
1609 5632 1637 5688 2.
1663 5635 1705 5688 ed.
1732 5634 1817 5690 Halm

168 5763 199 5816 p.
220 5741 292 5798 119.
386 5741 416 5810 3)
441 5739 485 5795 It.
510 5736 529 5811 ξ
554 5739 662 5810 5-9,
683 5762 715 5815 p.
736 5741 806 5796 120.

243 5862 395 5914 Libellide
417 5861 472 5912 1111.
506 5862 558 5910 111.
1571 5863 1604 5910 20
