4478 6396
631 367 825 422 EPISTULA
849 368 903 420 AD
927 366 1201 423 lxut'rcsu'rlurt
1228 369 1370 422 Parasi.
1544 357 1546 362 ’
1769 365 1830 425 221

179 555 324 618 strictius
340 553 559 618 interdictum.
595 554 660 617 Iste
676 575 817 640 namque
835 554 903 638 agit
919 552 959 617 de
976 552 1158 617 iacentibus
1182 555 1214 617 in
1231 554 1462 637 fornicatione;
1487 564 1520 618 at
1536 555 1589 619 ille
1607 557 1783 638 constituit,
1801 569 1835 621 ut

180 662 281 724 etiam
305 663 377 747 quis
401 661 512 749 lapsus
535 670 608 746 post
624 671 795 746 acceptum
813 683 941 723 sacrum
957 660 1104 724 ordinem
1121 671 1231 725 eareat
1247 660 1371 724 ordine.
1408 660 1562 727 Scribens
1579 664 1665 726 enirn
1681 663 1833 728 ianuario

180 765 372 832 Calaritano
402 769 487 831 inter
511 779 620 831 cetera
649 766 766 830 dicit¹:
802 767 867 844 Qui
887 783 964 853 post
991 783 1150 853 {irreptum
1180 793 1304 832 suerum
1336 768 1478 832 ordinem
1510 771 1619 855 lapsus
1650 773 1682 834 iu
1705 786 1834 857 perroto

181 879 291 939 curaris
307 877 417 962 fuerit
439 900 529 939 serre
553 876 665 938 aretine
688 877 735 938 st'c
758 889 873 954 (terent,
900 888 931 936 ut
953 875 998 938 ud
1020 877 1134 938 trituris
1158 877 1365 939 rut'uthteriuru
1391 878 1522 940 litterius
1545 901 1607 940 uera
1630 879 1765 941 accedat.

147 1007 161 1045 s
292 981 325 1046 S.
361 981 434 1044 Hoc
458 1004 518 1065 ego
543 982 589 1044 sie
614 979 769 1060 intellexi,
794 980 881 1066 quod
904 981 958 1043 hie
982 980 1054 1044 talis
1079 981 1143 1044 iarn
1168 1003 1209 1044 ex
1233 983 1347 1045 merito
1372 980 1584 1068 deponendus
1607 982 1725 1068 dignus
1750 997 1834 1048 esset

182 1087 292 1152 officio
317 1111 446 1170 carere,
471 1111 535 1152 non
559 1087 735 1174 quodiam
761 1086 926 1172 depositus
952 1109 989 1150 eo
1016 1086 1148 1150 'debeat
1171 1110 1293 1151 carere.
1853 1115 1923 1155 aar

291 1195 329 1258 R.
364 1196 416 1258 Tu
440 1195 480 1258 de
506 1195 600 1258 dictis
624 1194 813 1280 pontificum
838 1215 935 1258 sensu
959 1204 1013 1257 tuo
1038 1193 1163 1258 iudicas
1180 1217 1235 1257 eos
1252 1194 1473 1280 deponendos,
1495 1218 1575 1281 quos
1592 1195 1638 1260 illi
1663 1220 1720 1260 suo
1737 1221 1835 1262 sensu

181 1304 248 1365 iam
273 1301 419 1365 iudicant
442 1324 512 1365 esse
538 1301 712 1387 depositos.
759 1301 843 1364 Nam
866 1323 953 1386 papa
976 1301 1145 1382 Martinus,
1170 1324 1227 1364 vas
1252 1301 1397 1365 eiusdem
1421 1301 1571 1388 Spiritus,
1597 1304 1688 1367 cuius
1712 1305 1834 1390 primus

182 1421 216 1472 ct
242 1409 335 1472 ΥΠῑιε
362 1407 541 1495 Gregorius
571 1410 605 1471 in
634 1409 700 1471 suis
731 1407 987 1471 decretalibus2:
1022 1409 1094 1488 Qud,
1126 1409 1239 1494 inquit,
1271 1411 1366 1472 semel
1387 1425 1462 1495 post
1491 1436 1580 1474 strom
1605 1412 1834 1475 ordinationem

135 1542 162 1580 ro
183 1518 278 1602 laps-u
302 1517 424 1597 cecidit,
454 1517 600 1603 ‹ieiureps
631 1519 696 1580 r'uur
721 1516 879 1602 (leprositas
903 1518 963 1580 erit
991 1516 1173 1600 attilamque
1193 1516 1331 1600 pru-dura
1354 1517 1528 1580 sacerdotii
1540 1520 1661 1602 poterit
1683 1519 1832 1604 crispiaci.

181 1623 265 1686 Item
290 1621 482 1686 Alexander
504 1645 590 1709 papa
613 1622 656 1685 Π.
681 1622 855 1685 Dominico
880 1620 1044 1684 Gradensi
1075 1622 1279 1706 patriarchae
1305 1621 1426 1703 scribit,
1458 1621 1608 1687 dicenst:
1640 1625 1836 1689 Errrhescaut

184 1733 282 1816 irupiz‘
303 1745 330 1793 et
353 1745 459 1816 reperte
483 1731 661 1817 intelliyant
683 1755 738 1792 tros
764 1729 883 1794 iudicio
907 1732 1011 1793 serrati
1032 1728 1174 1814 Spei-itus
1198 1754 1248 1792 eos
1271 1732 1329 1814 ptri
1352 1732 1384 1793 iu
1407 1732 1507 1793 tridua
1527 1731 1693 1816 paulibus,
1716 1733 1836 1796 srr'lr'eet

175 1839 409 1924 presbyteratu,
434 1837 613 1916 druco-natu,
636 1836 864 1900 subdiaconatu.
876 1839 986 1921 positi,
1012 1837 1214 1900 mulierculae
1230 1860 1290 1899 nort
1307 1837 1487 1915 adiecerint,
1512 1852 1539 1901 et
1562 1852 1642 1902 ruste
1666 1863 1727 1902 riori
1750 1842 1834 1903 etue-

181 1947 258 2024 rr'ut,
283 1945 448 2008 excludere
472 1945 511 2006 ab
534 1943 701 2007 eorundem
722 1943 880 2030 prodimur
902 1943 1064 2028 diyrtr'tnte.
1111 1943 1161 2007 De
1182 1945 1365 2031 murificatis
1388 1944 1514 2029 quidem
1539 1945 1698 2030 loquimur
1705 1971 1715 2025 ,·
1737 1971 1834 2010 seere-

137 2075 164 2114 ts
183 2066 285 2115 torum
308 2066 410 2115 erite-m
435 2053 573 2137 capacite-r
597 2064 625 2114 et
646 2049 744 2114 *iudea
758 2049 854 2113 Deus.
901 2049 1018 2112 Nonne
1042 2051 1097 2134 qui
1110 2059 1183 2134 post
1206 2047 1288 2112 haec
1312 2049 1434 2112 indicia
1450 2062 1641 2135 presumunt
1663 2051 1835 2115 interdicta

183 2155 245 2219 sibi
271 2156 391 2238 officia,
423 2158 528 2220 securi
560 2156 599 2220 de
630 2155 861 2219 modernorum
889 2156 1116 2241 episcoporum
1139 2156 1287 2242 pigricia,
1313 2178 1449 2240 quorum
1473 2165 1648 2241 expectant
1672 2168 1834 2221 ettamen

184 2263 350 2328 declinant
373 2263 496 2326 iudicia
519 2262 559 2326 de
584 2285 684 2326 causa
706 2263 772 2325 iam
795 2261 950 2342 iudicata,
981 2284 1098 2352 norme,
1124 2263 1267 2347 inquam,
1292 2261 1372 2325 tales
1397 2273 1524 2348 patrum
1549 2263 1677 2327 iudiciis
1701 2264 1835 2328 recalci-

184 2381 318 2451 trantes,
347 2371 511 2434 Romanae
543 2369 629 2433 sedis
660 2368 815 2432 mandata
839 2368 1012 2450 calcantes,
1042 2392 1116 2432 eum
1139 2368 1286 2450 Nicolao,
1312 2368 1471 2450 Hebione,
1496 2369 1598 2433 Paulo
1623 2369 1835 2436 Samosateno

185 2477 394 2559 fornicantes,
420 2488 452 2540 et
474 2489 584 2540 tamen
607 2475 700 2540 altari
717 2477 947 2558 ministrantes,
973 2485 1060 2539 recte
1078 2486 1251 2539 censentur
1266 2499 1375 2539 eorum
1393 2478 1569 2561 participes
1587 2487 1619 2540 et
1635 2477 1835 2563 complices?

140 2599 166 2638 to
185 2585 358 2640 Hebioncrn⁴
379 2605 495 2653 nemque
516 2589 697 2639 eresiareham
716 2595 812 2638 sancta
832 2587 968 2637 {aeeclesia
988 2604 1048 2636 curn
1068 2589 1125 2638 suis
1143 2589 1308 2651 seqrraeihus
1328 2589 1493 2653 reprobavit,
1513 2591 1559 2653 qui
1579 2591 1746 2654 temporibus
1766 2590 1835 2640 chri-
1856 2601 2007 2651 transpose.

184 2681 281 2728 stirmis
295 2679 433 2728 iudaicam
446 2679 671 2728 incontinentiam
685 2678 801 2727 induxit.
831 2676 935 2726 Paulus
949 2677 1150 2735 t's'anrosutenus
1170 2685 1199 2726 ut
1217 2676 1424 2727 aecclesiastica
1437 2678 1521 2727 tradit
1540 2679 1669 2742 hystoria,
1689 2696 1750 2728 errnr
1764 2682 1836 2744 turpi

185 2768 347 2817 ferninarum
373 2769 490 2818 servicio
514 2768 668 2818 adhinniret
689 2765 754 2832 'quo
775 2769 863 2816 minus
881 2768 939 2831 ipse
959 2765 1089 2816 notabilis
1109 2767 1246 2825 existeret,
1273 2766 1344 2815 idom
1365 2764 1516 2832 voluptatis
1536 2766 1709 2818 volutabrum
1730 2768 1836 2818 clericis
1856 2779 1934 2820 *tatu

185 2859 243 2906 suis
264 2859 400 2907 concessit
419 2863 500 2921 atque
520 2858 653 2906 femineae
674 2857 873 2905 commixtionis
893 2854 1037 2905 illecebras
1058 2854 1146 2903 licitas
1167 2853 1221 2904 illis
1241 2857 1422 2904 intercutem
1443 2857 1560 2906 vomitus
1579 2858 1621 2905 sui
1640 2873 1745 2906 venena
1765 2873 1836 2907 usse·

185 2963 245 2996 rere
272 2963 326 2996 nou
354 2947 472 3012 expiavit.
511 2947 572 3007 Qua
594 2947 627 2994 de
649 2961 685 3004 re,
706 2946 770 3008 quia
790 2950 882 2994 tantae
907 2945 1029 2993 feditatis
1057 2953 1153 2994 auctor
1180 2946 1277 3003 extitit,
1305 2947 1400 2994 meritur
1426 2943 1503 2994 illum
1530 2945 1667 2996 aecclesia
1693 2962 1753 2996 cunr
1780 2948 1836 2996 suis

140 3053 166 3092 ss
185 3045 369 3094 sectatoribus
390 3044 556 3109 dampnavit.
594 3029 778 3094 Sectatores
799 3039 908 3092 autern
924 3027 1008 3091 illius
1033 3051 1104 3091 esse
1129 3030 1366 3092 convincuntur
1389 3030 1444 3115 qui
1468 3031 1500 3092 in
1517 3031 1619 3114 ipsius
1636 3030 1835 3116 turpitudine

185 3139 372 3223 pertinaces
395 3137 613 3200 inveniuntur.

295 3244 329 3309 S.
365 3243 451 3308 Satis
476 3254 508 3306 et
531 3265 629 3328 super
652 3243 730 3306 satis
755 3241 867 3306 dixisti
891 3241 931 3305 de
956 3243 1035 3322 istis,
1060 3253 1096 3305 ut
1119 3265 1179 3327 ego
1196 3244 1309 3324 sentio,
1335 3244 1444 3328 pravis
1462 3243 1640 3325 catholicis,
1658 3245 1713 3329 qui
1729 3255 1837 3308 utrum

186 3350 323 3415 heretici
355 3353 418 3414 sint
444 3373 506 3414 nec
529 3373 582 3430 ne,
613 3361 796 3414 reservetur
819 3348 940 3412 iudicio
964 3349 1102 3412 Romani
1126 3349 1297 3434 pontilicis.
1345 3349 1396 3412 Tu
1420 3372 1505 3413 nunc
1530 3349 1678 3434 persolve
1702 3352 1836 3436 promis-

187 3481 259 3520 sum
282 3469 370 3521 tuum
397 3456 437 3520 de
462 3456 629 3521 cassandis
654 3458 848 3520 ereticorum
872 3457 1093 3519 sacramentis.

141 3586 168 3626 aa
294 3565 332 3627 ll.
367 3564 529 3628 Iudicium
561 3586 665 3650 papae
689 3564 871 3626 innocentii
902 3561 1051 3626 desidero
1083 3585 1181 3647 super
1210 3563 1271 3626 hoe
1303 3562 1426 3644 audire,
1459 3564 1510 3626 cui
1541 3574 1574 3626 et
1603 3573 1735 3648 paratus
1766 3587 1837 3628 sum

187 3671 332 3735 obedire.
378 3672 473 3735 Prius
504 3682 622 3752 autem,
653 3693 749 3756 quarn
778 3670 818 3733 de
843 3671 1054 3734 sacramentis
1083 3670 1276 3732 ereticorum
1307 3692 1452 3753 agamus,
1484 3671 1555 3755 ipsa
1586 3692 1697 3733 eorum
1728 3691 1835 3734 sacra-

186 3791 297 3842 menta
320 3777 567 3864 distinguamus,
591 3779 688 3841 immo
713 3787 787 3840 ante
811 3800 869 3840 nos
894 3777 1047 3840 distincta
1070 3775 1287 3839 ostendamus.
1324 3775 1477 3840 Nicolaus
1494 3777 1613 3840 etenim
1629 3799 1716 3862 papa
1732 3777 1836 3862 rigide

187 3897 301 3950 eontra
318 3907 372 3948 eos
388 3884 570 3966 intendens,
588 3885 645 3971 qui
661 3884 852 3948 ordinantur
875 3907 895 3947 a
918 3884 1114 3969 symoniacis
1131 3884 1329 3968 symoniace,
1354 3884 1573 3946 austerissime
1598 3906 1637 3948 ac
1661 3885 1835 3947 iustissime

187 3994 221 4055 in
245 3994 311 4055 suis
334 3990 551 4056 decretalibus
575 3991 692 4054 diuiti:
717 3992 807 4079 Erpa
830 3994 1026 4078 syrrronr'aeos
1041 3992 1163 4054 uultum
1178 3991 1431 4056 narserr'cordium
1456 3995 1490 4054 iu
1506 3992 1658 4078 depretiata
1680 3991 1837 4056 seruanda

142 4129 168 4168 as
187 4099 362 4164 dedendam
385 4124 449 4163 asse
473 4099 677 4163 deceruimus.
725 4097 824 4162 Item:
852 4099 899 4161 De
923 4113 1030 4177 cetero,
1054 4100 1087 4160 si
1107 4101 1179 4182 quis
1205 4101 1409 4183 inposterum
1435 4100 1474 4161 ub
1499 4123 1542 4178 ee,
1567 4123 1656 4184 quem
1679 4102 1836 4184 symonia-

187 4231 257 4270 cum
281 4231 344 4270 asse
367 4231 429 4270 uon
453 4206 584 4285 dudr'urt,
615 4231 647 4270 se
671 4208 852 4269 ‹eorrseerari
865 4206 1060 4290 permittent,
1092 4219 1120 4268 et
1142 4219 1337 4268 coraserrator
1363 4219 1392 4267 et
1418 4219 1613 4269 corraseratus
1642 4230 1703 4268 nou
1728 4206 1835 4292 tttspa-
1883 4211 1887 4216 ’

186 4338 253 4376 rem
277 4313 513 4399 darupnutiour's
535 4315 717 4377 serite-utiam
740 4314 878 4392 subeunt,
908 4312 965 4374 sed
991 4326 1117 4395 reterpue
1141 4311 1300 4397 (leprositas
1317 4314 1524 4398 patritam-iam
1547 4326 1622 4398 apat
1644 4326 1672 4376 et
1687 4315 1838 4398 priuatus

187 4447 208 4484 a
224 4423 366 4506 propria
390 4420 542 4507 diyuitute
558 4422 719 4506 persistat.
767 4417 859 4481 idem
878 4417 1033 4481 Nicolaus
1057 4416 1138 4480 alias
1163 4416 1352 4480 clementius
1377 4440 1488 4502 agens,
1513 4417 1701 4482 triformiter
1724 4418 1837 4483 distin-

188 4527 267 4610 guit,
287 4525 380 4589 ‘alios
397 4525 562 4588 ordinatos
586 4547 606 4588 a
629 4525 825 4610 symoniacis
850 4525 1047 4610 symoniace,
1073 4523 1153 4588 alios
1177 4547 1197 4587 a
1220 4547 1284 4587 non
1299 4525 1495 4609 symoniacis
1516 4525 1713 4610 symoniace,
1738 4535 1835 4612 atque
1855 4549 1926 4590 uss.

144 4663 171 4701 ro
189 4632 269 4696 alios
293 4655 313 4695 a
336 4633 532 4718 symoniacis
556 4654 621 4695 non
645 4633 843 4716 symoniace,
867 4629 1061 4715 ultimosque
1085 4630 1157 4695 illos
1180 4630 1365 4694 tolerandos
1396 4633 1512 4694 asserit
1541 4654 1600 4717 pro
1629 4633 1834 4696 necessitate.

191 4739 301 4820 Quare
325 4738 396 4820 hoo,
424 4740 487 4802 nisi
511 4740 589 4825 quia
612 4738 808 4822 suffragatur
831 4738 877 4800 eis
900 4759 983 4822 pura
1006 4747 1039 4800 et
1062 4737 1201 4822 simplex
1225 4738 1434 4819 conscientia,
1459 4761 1524 4824 qua
1547 4737 1590 4801 ad
1614 4741 1836 4824 symoniacum

190 4846 408 4910 ordinatorem
433 4856 641 4909 accesserunt
664 4853 771 4907 mente
796 4843 980 4907 catholica?
1016 4843 1089 4907 Tali
1113 4845 1233 4930 quippe
1257 4843 1515 4908 consideratione
1539 4845 1606 4908 Leo
1630 4867 1717 4930 papa
1727 4850 1739 4886 ‘⁵
1763 4867 1836 4908 cum

190 4954 382 5016 asseruisset
404 4951 492 5015 nulla
514 4954 639 5015 ratione
663 4952 748 5014 inter
764 4952 934 5036 episcopos
951 4949 1128 5032 habendos,
1146 4974 1226 5036 quos
1242 4973 1348 5036 neque
1365 4950 1471 5014 clerus
1488 4951 1594 5036 elegit,
1619 4973 1679 5015 nee
1700 4951 1836 5037 populus

190 5060 358 5146 expetivit,
389 5081 451 5122 nec
482 5081 558 5122 suus
588 5057 855 5143 metropolitanus
883 5057 1056 5140 ordinavit,
1088 5056 1273 5121 subintulit:
1306 5058 1347 5122 Si
1367 5061 1427 5143 qui
1447 5073 1548 5122 utitem
1572 5060 1684 5122 clerici
1704 5061 1743 5123 ud
1769 5062 1837 5122 istis·

144 5322 171 5360 ts
299 5298 328 5369 l)
354 5298 447 5374 bilaist.
472 5297 526 5368 lV,
552 5297 603 5368 26,
628 5299 645 5354 l.
664 5299 681 5353 l.
701 5318 734 5372 p.
753 5297 825 5352 261.
941 5294 972 5370 2)
997 5295 1081 5354 ἂναὶ.
1108 5297 1181 5353 Dist.
1208 5297 1242 5366 L,
1267 5318 1289 5353 e.
1316 5297 1345 5352 2.
1465 5297 1494 5366 3)
1522 5298 1639 5374 Frapru.
1665 5317 1712 5373 ap.
1741 5299 1839 5354 alfunsi

191 5405 274 5476 XIX,
299 5408 349 5462 ool.
368 5405 449 5476 977;
475 5404 544 5463 Coti.
562 5405 636 5461 Brit.
655 5405 698 5460 At.
717 5404 794 5478 epist.
814 5404 871 5470 33‚·
897 5403 1075 5474 Ldurcuscld,
1101 5404 1193 5478 Epist.
1206 5425 1239 5479 p.
1259 5404 1317 5473 51,·
1339 5404 1428 5478 Jaffe'
1448 5425 1492 5462 ur.
1508 5405 1602 5461 4575.
1673 5404 1704 5476 4)
1728 5406 1836 5461 Hebio-

189 5532 254 5568 nem
277 5545 320 5551 —
344 5514 506 5584 dampnavit
531 5531 566 5568 ex
591 5511 757 5587 illarreyoldi
779 5510 867 5567 libello
891 5530 913 5565 c.
932 5509 983 5579 76,
1006 5531 1097 5584 supra
1121 5511 1180 5578 tl,
1201 5532 1233 5586 p.
1252 5512 1325 5568 429.
1352 5512 1515 5587 exscripsiu
1542 5512 1582 5583 rs.
1607 5512 1692 5583 infra
1712 5533 1744 5586 p.
1763 5511 1836 5567 232.

192 5619 221 5690 5)
248 5619 353 5678 teneti.
380 5620 518 5676 Luterau.
545 5627 619 5693 post.
645 5637 667 5674 e.
693 5618 719 5673 l.
746 5619 774 5688 3,
805 5615 920 5674 C'onstt't.
945 5617 1042 5691 isuper.
1068 5617 1091 5686 I,
1119 5638 1151 5692 p.
1177 5617 1250 5674 550.
1366 5619 1396 5688 6)
1425 5618 1515 5693 Epist.
1537 5619 1607 5675 167.
1632 5620 1674 5675 ad
1695 5619 1837 5675 Brut-irum

191 5727 319 5784 Narbon.
344 5727 445 5802 inquis.
466 5728 493 5796 l,
518 5728 560 5783 cd.
585 5726 662 5782 Ball.
687 5726 711 5796 I,
737 5727 787 5782 col.
808 5725 902 5781 1420.
