4544 6420
689 367 924 424 rnncrnnus
948 370 1001 423 nr.
1026 368 1274 425 sorsuurrcrs.
1473 345 1474 348 ‘
1751 362 1811 424 129

269 556 416 622 Pascalis
439 559 636 643 episcopus⁸,
659 581 767 620 servus
790 581 950 620 savarum
969 555 1043 636 Dei,
1066 555 1251 636 Udalricob,
1273 555 1505 621 t'omnnriemi
1525 557 1703 642 episcopo&
1727 558 1812 620 salru-

160 677 219 726 tem
244 679 273 728 et
295 665 499 750 apostolicam
524 663 765 727 benedictionem
773 661 796 726 ἀ.

271 770 421 834 Fratrrrm
451 784 626 834 nostromsm
654 771 878 834 communicato
902 771 1034 834 consilio
1059 769 1175 855 diuque
1199 770 1527 834 eccammunicationie
1550 772 1707 856 questione
1732 785 1811 834 trac-

161 890 237 956 tata,
267 880 370 941 sancti
383 877 619 963 predecessoris
642 879 744 941 nostri
766 876 909 940 Urbani‘³
933 878 1121 940 sentenciam
1151 879 1378 963 confirmantes,
1409 879 1454 940 ita
1485 901 1562 956 eam,
1595 877 1732 940 Domino
1763 879 1811 942 in.-

127 987 313 1068 sspirantc,
348 983 643 1048 detcmrznavimus:
670 986 780 1069 prirua
815 983 973 1068 siqnidem
1005 984 1110 1070 prada
1145 983 1358 1048 Ravennatem
1393 985 1634 1064 heresiarcham,
1670 983 1811 1048 Romane

162 1091 288 1154 ecclesie
313 1093 498 1170 invasorem,
522 1115 592 1154 cvm
609 1088 769 1154 Hearicos
794 1114 864 1176 repe
887 1100 936 1154 etg
959 1090 1098 1154 eiusdem
1109 1093 1329 1176 perversitatis
1345 1092 1447 1176 capite
1470 1093 1509 1156 ab
1527 1092 1668 1154 omnibus
1685 1091 1811 1154 ecclesie

162 1198 312 1261 catholice
335 1198 482 1261 membris
505 1197 644 1260 alienum
668 1211 696 1260 et
718 1197 1037 1260 incommunicatumh
1062 1221 1125 1261 esse
1149 1221 1314 1262 censemus.
1362 1195 1504 1262 Secundo
1526 1196 1651 1284 pradu¹
1670 1221 1730 1277 eos,
1755 1201 1814 1282 qui

162 1307 273 1382 arara,
290 1305 440 1389 pec-ania,
464 1302 628 1384 comr'ttok,
654 1303 835 1367 obediencia
859 1302 903 1367 et¹
924 1304 1147 1368 ecclesiasticos
1163 1307 1298 1368 maninus
1322 1303 1449 1368 ordines
1472 1317 1527 1368 aut
1548 1305 1678 1368 honores
1702 1305 1741 1368 ab
1765 1307 1811 1367 eis

161 1425 217 1474 aut
239 1435 344 1474 eorum
353 1411 542 1499 fautoribus
559 1410 758 1496 ‘accipiendo
783 1435 887 1474 eorum
911 1412 1053 1495 nequicie
1076 1412 1315 1474 amminiculum
1337 1411 1583 1474 subministrant.
1620 1410 1689 1474 Hos
1712 1413 1810 1498 ipitvr
1828 1433 1910 1478 nur.

117 1539 144 1578 ιο
159 1517 386 1603 principaliter
408 1517 614 1581 ana-thematis
637 1518 762 1580 uinculo
786 1520 998 1604 astrinpentes,
1024 1520 1057 1580 in
1074 1519 1167 1580 tercio
1181 1517 1287 1605 prada
1311 1519 1569 1581 communicantes
1593 1520 1638 1580 eis
1661 1541 1717 1580 nos
1740 1520 1808 1602 qui·

162 1624 232 1687 dem
266 1648 327 1686 non
362 1626 677 1702 encomnsnnicamus,
712 1638 757 1688 set
786 1622 882 1708 qnia¹
916 1625 984 1710 ipsi
991 1622 999 1660 ¹
1032 1649 1064 1688 se
1095 1625 1306 1688 cornmrraivnc
1337 1634 1471 1688 eoramm
1503 1625 1739 1703 commaculant,
1776 1627 1809 1688 in
1895 1663 1896 1668 κ

162 1745 299 1794 rrasrrrau
333 1733 508 1794 societatem
542 1741 762 1816 nequaquam¹¹
793 1729 860 1794 ccs¹
894 1732 983 1794 sinc⁰
1015 1730 1136 1794 ulcione
1167 1745 1195 1794 et
1223 1731 1421 1794 absolucione
1455 1732 1635 1816 recepimus.
1684 1727 1810 1794 Sanctis

162 1839 280 1922 quispe
296 1838 467 1900 canon-ibus
482 1847 627 1900 carettump
644 1851 770 1917 constat,
795 1852 828 1901 ut
850 1839 909 1922 qui
922 1839 1195 1901 eucommnnicatis
1211 1838 1495 1916 communicaverit,
1519 1839 1808 1901 eaeeommunicetur.

165 1943 270 2028 [posius
293 1958 393 2006 tamen
411 1946 588 2030 penitencie
618 1959 709 2030 atque
733 1945 967 2008 alsrvlucionisq
990 1943 1098 2007 modos
1122 1968 1158 2008 ea
1181 1943 1398 2007 moderacioae
1429 1943 1645 2023 discrevimus,
1676 1957 1710 2007 ut
1740 1947 1808 2028 qui·

117 2073 142 2112 ιι
161 2075 290 2134 cremone
320 2075 374 2115 seu
404 2053 584 2138 ipnorantia
614 2075 667 2114 seu
695 2053 804 2114 timore
827 2075 881 2114 seu
904 2053 1081 2114 necessitate
1105 2052 1229 2137 nepocii
1250 2053 1455 2135 crriusqnumr
1480 2053 1616 2114 manime
1638 2053 1813 2114 necessarii

161 2181 267 2220 earum
290 2182 322 2221 se
346 2160 496 2236 convictu,
519 2159 721 2238 salutacione,
746 2160 892 2221 oracione
916 2158 1076 2220 osculove·
1102 2159 1369 2236 comaminaverit,
1394 2182 1463 2220 cum
1479 2159 1613 2221 minoris
1622 2159 1809 2242 penitencie,

161 2265 432 2349 ahsolucivnisque
463 2265 619 2328 rrscdicinu
650 2267 807 2340 societatis
836 2266 957 2328 nostret
979 2266 1190 2349 participium
1220 2265 1384 2327 sorciatur.
1439 2263 1505 2328 Eos
1535 2288 1616 2343 vero,
1648 2267 1707 2349 qui
1734 2263 1805 2328 aut¹

161 2385 327 2456 spontanee
357 2385 411 2434 aut
440 2372 627 2458 neplipenter
655 2385 774 2434 reatum
805 2373 1051 2434 communionisu
1084 2365 1258 2451 inciduntv,
1289 2359 1344 2434 sith
1375 2395 1411 2434 ea
1442 2371 1610 2434 uotummw
1640 2370 1809 2456 dsscv'plme

162 2480 342 2540 cae-reione¹
365 2480 497 2563 suscipi,
522 2493 555 2541 ut
577 2480 685 2542 ceteris
708 2481 801 2540 timor
825 2480 1009 2542 incuciatur.

116 2607 143 2646 so
270 2583 351 2646 Item
377 2582 527 2647 Gelasius
551 2583 594 2665 II,
626 2605 795 2648 successor
817 2583 973 2664 Pascalis,
1005 2582 1090 2647 idem
1123 2585 1241 2647 scisma
1270 2585 1304 2646 in
1335 2582 1449 2648 eodem
1480 2583 1646 2647 Henneof
1677 2596 1710 2647 et
1741 2584 1809 2646 eius

163 2688 366 2775 conplicibus
397 2690 733 2754 excommunicandoy
763 2689 962 2775 dampnavit.
1016 2690 1065 2753 Its
1096 2691 1148 2753 isti
1178 2689 1299 2753 HII⁰¹¹
1324 2690 1493 2776 apostolici
1523 2691 1586 2753 viri
1616 2713 1681 2753 una
1712 2701 1809 2776 atque

163 2797 278 2860 eadem
302 2798 470 2860 sentencia
489 2796 560 2860 illos
578 2797 778 2860 scismaticos
796 2796 1071 2882 dampnaverunt3
1097 2819 1160 2882 que
1177 2796 1379 2882 dampnaciO,
1404 2797 1533 2862 tametsi
1555 2796 1628 2878 illis,
1654 2798 1710 2883 qui
1733 2807 1809 2860 tunc

163 2903 282 2967 scisma
304 2903 461 2986 fecerunt,
487 2903 671 2989 specialiter
694 2926 733 2967 ac
749 2903 963 2989 personaliter
985 2904 1114 2988 ingesta
1137 2904 1186 2984 sit,
1211 2925 1322 2967 omnes
1345 2915 1456 2968 tamen
1479 2902 1597 2968 modo⁸
1622 2913 1654 2967 et
1676 2904 1710 2966 in
1726 2903 1808 2967 futu-

163 3033 234 3072 rnm
258 3009 371 3073 eodem
396 3010 481 3074 malo
506 3009 700 3096 depravatos
725 3011 939 3075 communiter
962 3010 1120 3094 astringit.
1168 3009 1262 3073 Unde
1288 3008 1439 3074 Gelenius
1455 3010 1498 3073 Π.
1524 3008 1670 3073 scribens
1695 3009 1809 3074 Orien-

117 3139 144 3178 ιι
163 3115 281 3179 talibus
306 3117 467 3202 episcopis
480 3121 506 3179 ¹:
542 3117 664 3198 timaee,
694 3116 818 3202 inquid,
844 3119 1009 3204 conplices,
1032 3131 1205 3197 sectatores,
1229 3121 1504 3182 corrrmunicatores
1527 3117 1694 3203 dampnate
1717 3119 1812 3182 sernel

158 3227 332 3308 prauitatis
348 3228 433 3310 pari
452 3240 533 3289 sorte
556 3239 723 3289 censentur.
761 3224 852 3288 Idem
868 3246 954 3309 papa
970 3221 1119 3287 omnibus
1136 3223 1298 3309 episcopis
1314 3222 1518 3287 Dardanie2:
1543 3223 1684 3288 Maiores
1700 3227 1809 3304 nostri,

162 3345 287 3394 erectore
311 3333 475 3396 cv'inslibet
499 3334 621 3396 insanie
644 3357 681 3396 ae
698 3335 826 3418 pariter
849 3331 989 3396 errorisb
1006 3331 1176 3416 dumpnato
1191 3332 1341 3418 sufficere
1357 3332 1585 3409 iudicauerunt,
1609 3345 1642 3394 ut
1664 3333 1809 3415 quiesquis

163 3438 338 3522 aliquanda
369 3439 462 3502 turus
493 3441 612 3502 erro-ris
642 3441 874 3502 connuunicator
897 3440 1048 3516 cassaret,
1072 3438 1260 3523 principali
1286 3440 1441 3502 sentencia
1472 3437 1713 3522 dampnacionis
1743 3440 1809 3500 eius

163 3559 240 3608 essct
269 3547 439 3609 obstrictus.
487 3543 578 3608 ldem
610 3544 653 3607 ad
683 3543 852 3608 eosdem³t
887 3544 982 3624 Quid,
1014 3542 1137 3628 inquid,
1169 3558 1339 3628 queruntur
1362 3543 1509 3608 Acatium
1540 3570 1559 3607 a
1590 3545 1681 3607 nolis
1700 3545 1809 3631 fuisse

119 3649 368 3736 indempnatum
392 3676 460 3714 cam
484 3667 606 3738 recepta
628 3654 841 3715 canimunione
872 3654 1052 3738 iungantur,
1083 3653 1141 3735 qui
1166 3651 1205 3714 ab
1230 3651 1319 3714 illius
1342 3653 1555 3714 communione
1582 3674 1644 3714 reon
1666 3664 1737 3713 svnt
1760 3649 1807 3713 di-

167 3759 251 3821 visi?
286 3756 322 3821 Si
345 3767 433 3820 tante
458 3758 679 3821 auctoritatisc
705 3758 756 3820 vir
772 3756 812 3820 de
830 3755 1157 3821 communicatoribus
1174 3757 1481 3819 communicantium
1499 3755 1808 3819 errcommunicatisd

272 3969 298 4036 n)
316 3974 382 4024 deest
399 3993 419 4023 c.
517 3971 545 4037 b)
565 3993 585 4024 s.
604 3993 624 4023 c.
723 3971 749 4038 c)
768 3992 814 4038 pro
835 3976 876 4034 U.,
897 3974 927 4024 O.
946 3991 998 4040 ep„
1017 3991 1063 4024 scr.
1083 3976 1220 4040 episcopis
1239 3974 1400 4024 Gemnsniac
1421 3975 1448 4023 in
1469 3976 1572 4024 unitate
1593 3973 1726 4024 ecclesiae
1747 3989 1809 4023 con-

165 4064 266 4114 stitutis
289 4063 347 4114 oon.
364 4064 450 4113 Udaln
551 4060 579 4126 d)
600 4081 623 4114 a.
643 4065 669 4114 b.
688 4081 708 4112 c.
809 4059 835 4124 e)
857 4064 889 4114 U.
908 4081 943 4124 c.;
971 4064 1096 4129 Gregorii
1118 4063 1177 4114 coa.
1194 4063 1279 4113 ntuetr.
1379 4060 1400 4123 f)
1422 4064 1457 4112 Η.
1476 4081 1496 4112 c.
1592 4059 1621 4127 g)
1644 4063 1678 4112 Η.
1699 4079 1762 4128 rege
1783 4069 1809 4112 et

164 4153 213 4202 des.
236 4153 295 4202 ooo.
312 4153 398 4202 illalr.
498 4150 526 4212 h)
555 4154 785 4202 communicatum
812 4153 888 4202 murita
909 4152 1044 4217 posteriore
1068 4170 1147 4202 manu
1171 4169 1234 4202 corr.
1261 4169 1364 4202 excom.
1390 4170 1411 4202 c.
1512 4150 1533 4213 i)
1560 4152 1626 4203 deest
1647 4151 1705 4202 Ood.
1723 4152 1809 4202 Udalr.

120 4253 146 4293 so
167 4241 194 4302 k)
215 4259 262 4307 req.
283 4248 330 4291 aut
351 4241 409 4292 Ood.
427 4241 513 4292 enarr.
605 4238 625 4304 Ι)
645 4243 691 4306 qui
712 4241 804 4290 titana.
904 4237 940 4303 m)
961 4258 1053 4291 eornm
1075 4243 1264 4292 communione
1287 4241 1346 4291 coe.
1364 4241 1449 4292 Udalr.
1539 4237 1569 4305 ιι)
1589 4257 1761 4306 nequaquam
1781 4241 1809 4289 in

166 4337 284 4381 nomam
304 4333 463 4382 societatem
480 4329 544 4380 coa.
561 4331 647 4380 Urlalr.
727 4327 755 4390 ο)
775 4330 836 4379 att.
855 4331 1005 4396 penitentie
1028 4331 1087 4382 voa.
1104 4331 1190 4381 Udalr.
1272 4327 1300 4396 p)
1322 4330 1640 4381 circinnatores.
1714 4326 1809 4395 q)ob·

165 4419 313 4470 solucionis
333 4437 353 4469 c.
439 4415 463 4482 ι)
484 4420 624 4484 cuiusque,
643 4419 704 4468 add.
723 4419 833 4470 maximi
854 4425 881 4468 et
902 4418 960 4469 ooo.
978 4419 1064 4469 tutan.
1149 4415 1174 4483 s)
1194 4419 1237 4469 vel
1258 4418 1353 4471 osculo
1376 4419 1434 4469 Cori.
1452 4419 1538 4469 Udalr.
1620 4419 1641 4482 t)
1661 4437 1687 4469 ιι.
1706 4436 1727 4469 s.
1750 4419 1809 4469 Ood.

171 4509 257 4558 lealr.
321 4505 350 4571 n)
371 4517 474 4558 reatum
495 4511 693 4559 communionis
712 4509 762 4557 den.
778 4509 836 4558 Ood.
854 4509 940 4558 Udalr.
1002 4505 1030 4570 v)
1051 4509 1198 4558 inciderint
1219 4508 1276 4558 Oet.
1294 4509 1380 4558 lllalr.
1443 4504 1476 4567 w)
1498 4507 1625 4558 nolumus
1647 4508 1705 4558 de.
1723 4508 1809 4558 Udalr.

165 4593 192 4656 ιι)
213 4598 248 4646 ita
261 4615 282 4646 e.
301 4605 324 4646 et
339 4597 397 4648 de.
415 4598 501 4647 Udalr.
516 4615 566 4661 pro
586 4598 761 4648 coercitione.
816 4594 845 4661 y)
865 4599 1091 4648 communicando
1110 4614 1173 4647 corr.
1188 4613 1291 4647 excom.
1304 4615 1324 4646 c.
1379 4595 1404 4658 a)
1427 4598 1497 4646 1111.
1512 4605 1650 4662 postcom.
1671 4598 1772 4646 1111.0r
1789 4615 1809 4647 c.

119 4699 147 4736 so
165 4683 192 4750 a)
211 4685 295 4736 eadem
313 4687 351 4736 vel
367 4703 455 4736 maara
473 4703 550 4735 *marra
569 4703 689 4750 separer.
709 4705 728 4734 c.
803 4682 831 4746 b)
852 4701 942 4735 errore
962 4704 982 4736 c.
1057 4682 1082 4746 c)
1105 4687 1269 4736 auctoritate
1288 4703 1351 4736 corr.
1371 4687 1541 4736 auctoritatis
1560 4704 1580 4735 c.
1654 4681 1682 4749 d)
1703 4701 1808 4735 excom·

166 4777 305 4825 municnns
324 4777 402 4826 resulto
416 4775 552 4840 posteriore
570 4793 646 4824 uranu
665 4793 727 4824 corr.
749 4776 829 4825 -cntis
849 4794 869 4824 c.
1516 4781 1520 4790 ²

165 4974 281 5031 canonis
304 4974 333 5029 in
357 4973 520 5029 llicbertum
544 4974 740 5030 Ravennatem
763 4975 851 5030 latam
874 4973 1025 5042 iteraverit,
1050 4995 1088 5030 an
1111 4973 1260 5030 Udalriars
1283 4973 1408 5030 Balenb.
1426 4975 1509 5045 salso
1532 4973 1608 5028 illam
1631 4971 1745 5029 Urbano
1769 4973 1808 5028 ΙΙ.

165 5080 360 5155 assiynaverit,
386 5079 495 5135 dubim
520 5080 658 5136 lichenas.
708 5079 740 5136 si
763 5089 862 5137 contra
885 5081 1045 5137 Burdinnm
1068 5081 1245 5156 antipapam,
1277 5088 1307 5135 at
1329 5089 1465 5137 mactatus
1488 5079 1597 5148 usserit,
1630 5079 1713 5135 missa
1738 5089 1807 5148 erat,

166 5186 275 5242 arianae
297 5205 315 5240 a
334 5185 472 5242 Pusclale
495 5195 560 5242 ante
575 5187 701 5243 Burdini
723 5187 877 5244 electionem
895 5187 1028 5258 defuncto
1044 5188 1113 5243 data
1132 5206 1189 5242 esse
1200 5195 1299 5260 petest.
1348 5187 1406 5242 Sea
1426 5187 1454 5242 in
1479 5187 1541 5262 ipsa
1564 5186 1639 5242 bulla
1660 5185 1810 5241 ll'icbertus

119 5311 146 5348 ιι
165 5293 321 5350 Ηα-ιιειιιιαι
344 5291 426 5368 attasi
449 5293 525 5350 vivens
549 5303 728 5364 rrrcnroratur,
753 5293 879 5350 Burdini
900 5302 990 5349 autem
1015 5295 1120 5348 nullam
1143 5293 1305 5349 mentionem
1329 5291 1506 5365 offendimus.
1543 5293 1593 5348 Sin
1618 5301 1718 5348 cantra
1737 5291 1809 5348 Wis-

165 5399 268 5456 bcrtum
294 5400 487 5456 Ravennatem
510 5399 699 5456 ann01100.
732 5401 894 5471 defunctum
925 5399 1032 5456 directa
1063 5408 1109 5468 est,
1141 5399 1232 5455 littera
1255 5399 1299 5468 U„
1330 5419 1387 5474 qun
1411 5399 1489 5454 lrarrd
1510 5397 1589 5454 ciffis
1611 5399 1760 5454 Udalriars
1785 5398 1808 5467 I,

165 5506 309 5582 episcopus
327 5505 555 5574 (costantiensis,
580 5526 658 5563 anno
674 5508 781 5562 dunum
801 5505 892 5561 1110.
919 5508 1017 5562 electris
1032 5505 1217 5583 sipiificatur,
1242 5505 1418 5562 inst-rumenti
1439 5524 1561 5561 misturae
1576 5507 1649 5560 rurale
1672 5505 1807 5581 corryruit.

82 5613 85 5618 “
168 5612 196 5682 1)
224 5613 279 5688 Ep.
306 5612 356 5668 27.
381 5614 422 5668 od
444 5612 585 5686 episcopos
610 5611 767 5669 orientales
790 5609 854 5685 ξ,
881 5613 922 5667 erl.
948 5612 1025 5668 'l'lriel
1048 5612 1070 5678 Ι,
1097 5611 1177 5672 424;
1202 5613 1241 5683 cs.
1268 5611 1327 5686 Frp.
1347 5611 1394 5666 12.
1421 5612 1462 5667 ael
1482 5611 1663 5668 Anastasium
1687 5612 1809 5685 impera·

165 5727 249 5774 tarem
273 5717 346 5792 §U
370 5718 434 5775 ibid.
456 5740 487 5794 p.
507 5719 578 5774 354.
650 5717 679 5786 2)
708 5719 764 5792 Ep.
784 5719 834 5774 26.
859 5721 899 5775 ad
922 5719 1004 5793 episc.
1025 5717 1179 5774 Dardanio
1200 5714 1220 5788 ,δ
1238 5717 1273 5778 2.-
1305 5718 1382 5773 Tln'el
1404 5720 1422 5772 l.
1440 5737 1462 5773 c.
1485 5738 1515 5792 p.
1535 5717 1606 5773 394.
1678 5716 1707 5786 3)
1733 5717 1807 5776 Ibin.

237 5839 336 5891 labelli
355 5841 388 5890 de
408 5839 463 5890 lite.
496 5840 550 5889 Ill.
1563 5839 1592 5886 17
