4478 6396
467 397 532 457 244
761 401 940 457 GERHOHI
963 399 1197 456 PRAEPOSITI
1220 397 1630 454 REICHERSBERGENSIS
1655 397 1819 452 LIBELLI.

467 612 579 654 omnes
602 585 751 653 homiues
775 611 847 652 esse
871 589 1005 669 amicos,
1036 588 1134 652 etiam
1158 589 1246 673 ipsos
1271 585 1467 651 christianae
1491 584 1657 671 religionis
1681 585 1840 666 inimicos,
1866 583 2044 648 dummodo
2070 605 2129 646 vos

467 706 593 761 constet
623 717 734 760 eorum
764 694 980 781 pravitatibus
1011 694 1173 758 inimicari
1205 703 1236 759 et
1264 693 1444 774 adversari,
1473 689 1713 779 quantumlibet
1743 692 1888 756 sentiatis
1913 714 1972 755 vos
2004 689 2048 754 ab
2082 690 2129 753 eis

467 803 580 866 amari.
628 801 695 868 Sed
718 801 853 866 multum
877 823 1081 888 peromnem
1103 800 1235 865 modum
1259 800 1306 864 illi
1329 822 1388 863 nos
1412 799 1604 881 exhilarant,
1629 799 1686 885 qui
1709 821 1782 863 cum
1799 797 1909 886 Helya
1931 821 1998 862 non
2021 796 2128 862 solum

466 909 605 992 latitare,
637 907 696 972 sed
727 919 759 972 et
790 931 863 973 cum
894 908 1010 973 eodem
1040 907 1145 973 solent
1174 909 1208 972 in
1231 907 1293 972 hoc
1317 929 1351 970 se
1376 905 1596 988 manifestare,
1620 913 1657 971 ut
1680 905 1841 970 sacrificia
1870 904 2027 970 falsorum
2052 925 2129 990 pro·

466 1015 638 1102 phetarum
669 1015 869 1080 annichilent
892 1025 924 1079 et
947 1014 1080 1079 eosdem
1104 1015 1236 1101 spiritus
1265 1013 1375 1099 gladio
1399 1012 1557 1099 iugulent.
1605 1011 1695 1093 Quid
1718 1022 1827 1076 autem
1851 1011 1892 1076 de
1916 1011 1980 1076 illis
2005 1011 2160 1093 dicam,s

467 1122 524 1208 qui
546 1145 712 1208 nunquam
735 1120 864 1185 latitant
879 1144 954 1186 cum
970 1121 1089 1208 Helya,
1113 1121 1172 1185 sed
1188 1143 1318 1207 semper
1333 1122 1368 1184 in
1383 1118 1519 1184 urbibus
1536 1129 1704 1184 morantur
1720 1143 1794 1183 cum
1810 1119 1933 1206 Ysaya,
1950 1118 2128 1198 Zacharia,

467 1229 608 1293 leremia
632 1228 814 1314 ceterisque
838 1227 1015 1314 prophetis,
1033 1229 1089 1314 qui
1104 1226 1209 1292 nullos
1225 1227 1280 1292 vel
1294 1249 1416 1314 paucos
1433 1225 1577 1292 habuere
1601 1225 1795 1312 discipulos:
1821 1237 1853 1290 et
1875 1236 1987 1290 tamen
2011 1247 2069 1289 eos
2094 1226 2129 1288 in

467 1335 586 1400 faciem
602 1336 789 1399 resistentes
805 1335 925 1420 iniquis
942 1333 1126 1399 hominibus
1143 1333 1205 1399 hoc
1218 1334 1325 1398 solum
1340 1333 1449 1399 reddit
1465 1356 1575 1398 coram
1591 1333 1665 1397 Deo
1682 1332 1851 1419 gloriosos,
1871 1332 1958 1420 quod
1979 1334 2128 1398 ludibria

468 1457 497 1508 et
519 1445 649 1508 verbero
672 1445 803 1528 experti,
827 1445 957 1528 insuper
980 1456 1009 1506 et
1031 1443 1157 1507 vincalo
1182 1455 1210 1507 et
1232 1467 1383 1523 carceres,
1408 1441 1552 1528 lapidati
1571 1454 1653 1522 sunt,
1676 1444 1754 1505 secti
1773 1455 1854 1521 snat,
1878 1442 2022 1527 ternptoti
2042 1454 2127 1521 aaut,

370 1573 399 1612 ·.
434 1575 448 1613 ⁴.
468 1553 503 1614 ia
527 1553 688 1614 occasione
708 1549 819 1636 piadii
840 1551 972 1614 *mmtui
992 1550 1086 1613 suat?
1130 1548 1314 1613 Imitatores
1337 1547 1452 1612 talium
1472 1548 1585 1612 sitiens
1602 1548 1712 1611 anima
1727 1569 1801 1611 mea
1816 1569 1978 1633 nusquam
1996 1545 2127 1610 dulcius
2147 1573 2172 1612 ro

467 1655 620 1738 reficitur,
652 1678 751 1741 quam
781 1677 856 1719 cum
885 1655 1033 1741 presides
1064 1655 1261 1740 apostolieae
1293 1655 1380 1720 sedis
1411 1656 1564 1719 intuetur.
1611 1655 1676 1719 Per
1698 1653 1756 1718 hos
1781 1655 1867 1718 enim
1891 1654 2050 1718 contritus
2076 1663 2128 1717 est

468 1761 592 1848 Symon
615 1785 740 1848 magus,
771 1784 830 1848 per
852 1761 911 1826 hos
935 1784 955 1825 a
978 1763 1063 1826 sacri
1087 1761 1198 1826 altaris
1221 1763 1401 1826 ministerio
1427 1761 1628 1847 repelluntur
1651 1783 1768 1847 greges
1796 1760 1965 1842 sodalium,
1999 1759 2128 1825 scilicet

466 1869 520 1933 vel
543 1891 617 1933 cum
641 1868 821 1955 Nycolao³,
845 1867 973 1934 Ebione
998 1879 1030 1934 et
1052 1868 1155 1934 Paulo
1179 1868 1393 1934 Samosateno
1425 1868 1667 1950 fornicantium,
1695 1866 1749 1931 vel
1777 1890 1852 1932 curn
1881 1868 1953 1953 ipso
1978 1866 2125 1953 Symone

467 1997 563 2061 mago
588 1985 621 2040 et
643 1975 726 2040 luda
748 1987 928 2040 mercatore
951 1977 1094 2063 pessimo
1118 1976 1152 2039 in
1175 1976 1270 2041 domo
1293 1976 1368 2040 Dei.
1383 1975 1635 2060 negociandum.

575 2082 620 2147 Ut
635 2083 721 2147 enirn
739 2082 779 2146 de
797 2083 914 2147 ceteris
930 2104 1017 2147 nunc
1032 2092 1170 2164 taceam,
1193 2083 1229 2146 in
1245 2082 1363 2169 quibus
1379 2083 1533 2169 prinecps
1549 2081 1662 2146 mundi
1686 2081 1781 2145 huius
1801 2082 1867 2145 iam
1882 2081 2046 2146 iudicatus
2064 2091 2123 2164 est,
2144 2107 2168 2146 11

467 2190 539 2275 quis
563 2191 697 2276 impium
715 2189 892 2276 Symonem
915 2212 990 2254 cum
1013 2190 1080 2253 suis
1103 2188 1300 2276 sequacibus
1316 2189 1434 2254 totiens
1451 2188 1639 2253 damnatum
1656 2187 1763 2253 denuo
1788 2199 1921 2254 censeat
1936 2188 2126 2254 vocandum

434 2351 437 2358 ,
467 2297 500 2359 in
524 2295 681 2361 iudicium
699 2306 855 2383 tanquam
878 2295 986 2360 adhuc
1008 2295 1230 2378 iudicandum,
1256 2319 1329 2360 cum
1353 2295 1387 2359 in
1406 2318 1444 2361 eo
1469 2297 1621 2382 princeps
1645 2294 1779 2360 mundii‘
1803 2295 1899 2359 huius
1922 2296 1989 2360 iam
2012 2296 2059 2360 ita
2084 2296 2125 2360 sit

467 2402 639 2484 iudicatus,
663 2413 699 2467 ut
723 2401 763 2468 de
786 2403 873 2467 illius
895 2402 1123 2468 toleratoribus
1135 2403 1262 2468 Victori
1286 2404 1440 2490 episcopo
1465 2401 1612 2467 scribens
1636 2401 1725 2467 dieat
1748 2411 1880 2467 sanctus
1902 2400 2122 2488 Gregorius1:

470 2510 622 2596 Quisquis
638 2511 684 2574 ad
698 2512 900 2600 iterfaciens
915 2550 959 2558 —
975 2509 1129 2575 videlicet
1144 2511 1332 2597 symoniace
1350 2521 1406 2574 aut
1420 2509 1650 2596 neophitorum
1666 2508 1878 2574 hereseos-
1894 2510 2122 2574 emendandum

468 2619 578 2706 officii
597 2620 652 2682 ani
665 2619 914 2684 consideratione
931 2619 1120 2683 vehementer
1134 2642 1194 2682 oon
1212 2619 1337 2699 arserit,
1362 2643 1430 2682 cum
1457 2618 1512 2681 iiio
1536 2641 1568 2682 sc
1591 2641 1653 2682 non
1670 2616 1788 2682 dubitet
1809 2617 1922 2682 debere
1930 2619 2123 2703 portionem,
2141 2643 2167 2681 so

468 2750 486 2789 a
504 2749 564 2810 qao
573 2727 673 2811 prius
688 2725 744 2789 boc
753 2726 924 2812 piaculare
932 2727 1097 2814 flapitiara
1113 2728 1247 2812 sumpsit
1261 2724 1435 2790 exordium.
1473 2723 1560 2788 Sane
1577 2722 1638 2788 hoc
1655 2723 1761 2787 notari
1777 2723 1936 2809 cupimus,
1955 2721 2044 2810 quod
2058 2746 2122 2787 non

468 2831 502 2893 in
518 2830 626 2893 causis
643 2829 750 2894 dubiis
766 2830 820 2894 vel
835 2832 982 2917 personis
999 2832 1155 2916 ignoratis
1172 2830 1310 2894 dicimus
1327 2829 1463 2895 mundib
1488 2830 1583 2895 huius
1604 2830 1785 2917 principem
1802 2829 2024 2910 damnatum0,
2049 2853 2122 2895 cum

377 2959 448 2998 ass.
467 2935 580 3001 talium
602 2957 814 3024 personarum
838 2937 918 3002 tales
943 2959 1061 3002 causae
1086 2937 1232 3001 divinum
1250 2939 1402 3002 'extremi
1420 2938 1581 3002 examinis
1598 2947 1773 3023 expectent
1795 2936 1961 3001 iudicium.
1999 2936 2067 3003 Sed
2090 2939 2122 3000 in

467 3043 518 3106 his
541 3053 666 3107 tantum
690 3045 797 3107 causis
818 3044 870 3108 vel
893 3045 1041 3130 personis
1066 3043 1204 3109 dicimus
1228 3044 1341 3109 mundi
1364 3045 1459 3108 huius
1483 3041 1666 3131 principem
1690 3043 1880 3108 damnatum
1888 3055 1912 3126 ⁰,
1937 3044 1980 3108 de
2004 3043 2122 3132 quibus

468 3149 637 3214 evidenter
659 3171 679 3214 a
703 3150 780 3215 sede
801 3151 979 3237 apostolica
994 3153 1178 3216 invenimus
1195 3151 1384 3215 iudicatum.
1419 3151 1493 3216 Hec
1510 3151 1596 3215 enim
1614 3150 1708 3214 sedes
1726 3151 1829 3215 cautis
1846 3148 1967 3215 utendo
1985 3152 2121 3216 circum·
2139 3177 2165 3216 ss

307 3280 448 3330 uouisse.
468 3255 707 3342 scriptionibus,
738 3280 803 3322 non
828 3258 950 3344 perdit
972 3260 1091 3323 iustum
1122 3281 1196 3322 cum
1226 3260 1343 3345 impio:
1375 3257 1462 3322 unde
1493 3256 1535 3321 ab
1558 3256 1644 3322 illius
1668 3256 1855 3344 presulibus
1878 3279 1944 3322 non
1968 3259 2023 3322 alii
2048 3281 2120 3323 cum

467 3362 613 3450 Nycolao
629 3362 682 3428 vel
699 3363 841 3450 Symone
861 3387 957 3451 mago
973 3364 1169 3447 iudicantur,
1186 3365 1239 3429 vel
1255 3364 1450 3450 Nycolaited
1467 3375 1523 3428 aut
1539 3365 1719 3451 symoniaci
1742 3364 1879 3429 heretici
1901 3367 2119 3448 nominantur,

466 3470 529 3534 nisi
553 3471 608 3556 qui
631 3471 666 3534 in
689 3473 806 3535 erroris
830 3472 880 3536 sui
904 3483 994 3537 secta
1017 3472 1158 3536 indurati
1183 3471 1418 3558 synodalibus⁰
1442 3481 1628 3536 sanctorum
1658 3482 1787 3558 patrum
1816 3471 2065 3537 diffinitionibus
2089 3483 2121 3536 et

429 3593 431 3598 ’
467 3575 685 3642 decretalibus
710 3601 821 3642 eorum
845 3581 973 3644 statutis
997 3579 1159 3644 scienter‘
1184 3590 1217 3644 et
1239 3579 1410 3643 manifeste
1438 3578 1674 3660 inobedientes,
1705 3588 1992 3666 apostatarumque
2022 3580 2119 3666 perti·

466 3684 563 3748 nacia
586 3685 632 3748 eis
656 3685 908 3768 recalcitrantes,
934 3685 1040 3750 studio
1065 3697 1097 3750 et
1112 3686 1279 3750 voluntate
1303 3685 1519 3771 refragantur.
1554 3685 1594 3749 In
1617 3684 1699 3750 tales
1723 3684 1845 3749 dudum
1870 3685 1947 3749 data
1971 3697 2020 3750 est
2044 3709 2119 3751 aua·
2138 3713 2163 3752 so

467 3789 617 3854 thematis
641 3793 811 3875 sententia,
837 3814 1012 3879 eorumque
1031 3794 1161 3879 penitus
1185 3791 1358 3857 interdieta
1382 3804 1458 3857 sunt
1480 3791 1599 3874 officia,
1625 3793 1774 3878 quamvis
1799 3793 1832 3856 in
1849 3794 2011 3876 convictu,
2037 3793 2119 3858 salu-

465 3897 588 3960 tatione
619 3920 658 3962 ac
689 3900 806 3962 ceteris
835 3899 1021 3966 huiusmodi
1052 3899 1182 3964 adhucs
1208 3901 1254 3963 eis
1280 3899 1521 3963 communicare
1549 3900 1756 3985 permittatur
1778 3898 1948 3981 aecclesia,
1974 3901 2061 3986 quia,
2093 3902 2120 3964 si

468 4004 566 4066 etiam
588 4005 622 4067 in
645 4004 763 4070 talibus
787 4006 1067 4090 interdicerentur,
1092 4017 1279 4093 oportuerat
1301 4029 1359 4070 nos
1384 4007 1474 4070 exire
1492 4005 1532 4069 de
1549 4005 1747 4070 boemundo
1765 4006 1934 4071 Nicolaitis
1958 4017 1992 4071 et
2014 4029 2121 4093 aymo-s

456 4095 569 4174 ¹niacis
600 4110 707 4196 pleno.
757 4111 843 4192 ‘Quis
874 4115 959 4177 enim
996 4112 1132 4178 clericos
1168 4113 1390 4177 conducticios
1427 4135 1604 4198 eorumque
1640 4113 1855 4178 conductores
1890 4112 2018 4178 dubitet
2047 4136 2118 4179 esse

467 4217 672 4302 symoniacos
697 4228 729 4282 et
750 4218 912 4283 hereticos
935 4220 1186 4305 negociatores?
1233 4219 1314 4300 Quis
1344 4219 1456 4284 altaris
1481 4221 1644 4284 ministros
1667 4219 1866 4285 fornicantes
1890 4231 1923 4284 et
1943 4220 2120 4286 interdicta
2137 4247 2162 4286 ss

467 4321 531 4386 sibi
560 4323 669 4388 officia
698 4336 907 4412 usurpantes,
944 4325 1106 4413 talemque
1136 4327 1414 4413 presumptionem
1446 4337 1559 4390 contra
1589 4326 1677 4391 sedis
1707 4326 1907 4413 apostolicae
1938 4328 2119 4393 doctrinam

466 4431 676 4515 pertinaciter
704 4431 910 4497 defensantes
939 4432 1065 4498 dubitet
1094 4433 1265 4514 hereticos,
1291 4442 1401 4519 utpote
1426 4455 1446 4497 a
1469 4433 1617 4497 Romana
1647 4432 1808 4498 aecclesia
1832 4433 1999 4499 discordes
2023 4437 2118 4520 eique

369 4562 398 4602 ·.
433 4562 447 4602 ⁴.
468 4534 645 4600 ‘rebelles‘i
692 4539 824 4622 Verum,
849 4541 926 4627 quia
948 4540 1030 4604 tales
1054 4541 1256 4604 incestuosos
1281 4551 1312 4604 et
1336 4550 1601 4626 presumptuosos
1633 4540 1765 4605 difficile
1795 4542 1892 4606 nimis
1917 4552 1967 4605 est
1997 4543 2118 4607 exami-

466 4665 555 4725 nare,
580 4645 658 4730 quid
680 4645 835 4710 videlicet
858 4648 922 4711 sint
944 4647 1039 4711 huius
1055 4648 1306 4734 presumptionis
1331 4657 1363 4710 et
1386 4645 1638 4729 inobedientiae,
1664 4669 1761 4733 quam
1785 4649 1819 4711 in
1842 4648 2025 4712 interdictis
2049 4649 2119 4713 offi-

466 4750 525 4813 ciis
549 4752 761 4836 committunt,
785 4755 970 4839 pertinaces
987 4753 1186 4837 defensores,
1203 4764 1235 4818 et
1251 4752 1292 4817 ob
1309 4753 1371 4817 hoc
1387 4753 1524 4818 heretici
1547 4753 1738 4818 nominandi
1757 4766 1819 4818 acg
1833 4753 1965 4841 publica
1981 4756 2117 4838 vitandi,
2136 4783 2162 4822 so

433 4907 434 4910 ,
465 4858 607 4930 maxime
631 4859 659 4921 si
683 4881 737 4923 eos
761 4860 912 4925 vitandos
943 4861 1062 4927 docent
1088 4861 1212 4948 proprii
1236 4860 1286 4924 sui
1310 4861 1466 4947 episcopi,
1492 4871 1524 4926 et
1547 4861 1692 4946 quinon
1715 4859 1845 4948 publice
1854 4861 1869 4900 ¹¹
1893 4862 1958 4926 siut
1980 4863 2116 4946 vitandi,

465 4957 524 5027 sed
554 4975 648 5028 caute
679 4965 880 5032 declinandi:
912 4969 1054 5032 maxime
1085 4969 1162 5053 quia
1188 4966 1243 5031 vel
1272 4990 1337 5031 nou
1368 4967 1548 5031 defendunt
1578 4978 1634 5032 aut
1665 4967 1783 5033 docent
1812 4969 1999 5034 faciendum
2028 4969 2118 5056 ‘quod

465 5070 598 5152 faciunt,
614 5070 668 5134 rel
684 5073 762 5157 quia
777 5095 844 5155 eos,
867 5073 944 5137 licet
961 5097 980 5137 a
996 5075 1143 5138 Romana
1167 5073 1243 5137 sede
1268 5074 1469 5156 interdictos,
1493 5076 1618 5161 proprii
1642 5077 1786 5162 episcopi
1811 5075 1918 5140 adhuc
1941 5077 2116 5141 sufferunt:

464 5178 584 5241 rectius
614 5177 751 5242 fortasse
782 5179 966 5244 huiusmodi
996 5181 1142 5245 homines
1173 5182 1258 5245 iuter
1281 5204 1399 5266 pravos
1425 5193 1456 5245 et
1480 5182 1671 5246 interdictos
1699 5182 1886 5265 catholicos,
1901 5205 2010 5269 ,quam
2032 5184 2118 5248 inter

465 5283 616 5348 exclusos
639 5285 799 5350 hereticos
823 5299 1057 5372 computamus.
1075 5357 1077 5360 ,
1095 5287 1252 5367 Quamvis
1276 5309 1361 5352 anno
1387 5287 1569 5352 dominicae
1594 5289 1826 5353 incarnationis
1843 5288 2008 5354 MLVIIII
2032 5290 2117 5355 cele·
2135 5318 2161 5358 aa

571 5482 598 5547 a)
620 5485 719 5536 nichol.
738 5504 832 5551 semper
851 5490 875 5536 2.
976 5485 1004 5550 b)
1025 5490 1051 5538 h.
1072 5505 1105 5538 m.
1125 5491 1149 5540 2.
1170 5491 1194 5539 3.
1285 5485 1311 5550 c)
1333 5489 1511 5555 dampnatum
1529 5505 1624 5554 seraper
1643 5492 1668 5540 2.
1760 5486 1787 5550 d)
1809 5489 1959 5541 nicholaite
1977 5508 2072 5556 seraper
2083 5447 2115 5542 ¹2.

464 5570 490 5634 e)
513 5574 599 5627 sinod'.
619 5578 643 5624 2.
679 5572 868 5636 ..1)1111113.
941 5575 970 5642 g)
992 5593 1076 5626 ac-
1097 5579 1465 5644 episcinrncrpsuppil.
1499 5575 1567 5638 ¹h)
1589 5577 1665 5644 publ.
1686 5601 1719 5612 -·
1739 5579 1830 5630 suffer.
1849 5579 1877 5642 ia
1895 5581 2116 5646 umpsnppil

539 5717 602 5826 fir)
630 5756 721 5831 apae.
741 5715 827 5827 Ι1111)
843 5758 871 5827 a,
896 5712 966 5813 'aa
992 5758 1031 5828 11,
1050 5711 1087 5833 ps
1104 5759 1176 5816 sss.
1248 5800 1271 5812 ..
1333 5803 1338 5814 ,
