4396 6390
650 378 961 434 COMMENTARIUS
985 378 1026 434 IN
1049 377 1238 435 PSALMUM
1262 379 1366 434 LXIV.
1773 373 1834 436 481

169 565 294 644 exivit,
326 565 403 652 quia
433 562 563 628 bestiali
593 587 693 651 regno
723 564 836 628 mundi
867 564 962 628 huius
993 563 1156 628 adulando
1188 564 1350 628 humanae
1379 565 1497 628 mentis
1520 563 1706 650 ignobilitas
1730 589 1836 653 reges,

167 683 327 736 terrenos
345 672 501 752 homines,
526 671 690 757 figmentis
706 673 842 758 poeticis
865 672 900 735 in
924 671 1002 735 deos
1027 683 1059 734 et
1081 672 1114 734 in
1139 668 1265 734 caelum
1289 670 1519 758 stellarumque
1544 670 1639 736 orbes
1663 672 1837 738 translatos

165 775 339 842 fabulosis
363 779 467 843 neniis
492 777 689 843 decantavit.
728 777 1019 864 Pseudopropheta
1042 777 1278 863 phylosophica
1302 799 1431 864 quoque
1454 779 1614 864 professio
1638 781 1755 862 extitit,
1774 801 1837 866 que

165 883 397 950 fanaticorum
429 886 607 971 spurcicias
633 884 776 966 deorum,
807 882 901 948 verbi
929 885 1035 970 gratia
1065 883 1225 948 adulteria
1248 883 1335 948 Iovis
1366 884 1536 971 zelumque
1560 885 1693 951 Iunonis
1718 888 1837 951 sororis

98 1021 128 1060 5
175 1001 212 1053 et
237 992 396 1076 coniugis,
422 1003 454 1056 et
476 993 662 1056 meretricia
685 992 824 1055 Veneris
849 1001 880 1054 et
903 1003 1014 1055 cetera
1043 990 1121 1054 talia
1151 989 1260 1054 retulit
1289 990 1331 1054 ad
1360 990 1521 1055 elementa
1548 991 1670 1074 mundi,
1702 995 1837 1079 cupiens

178 1119 230 1178 ea,
248 1121 312 1184 que
328 1098 392 1162 iam
410 1097 604 1162 erubescere
620 1109 769 1184 poterant
789 1097 946 1179 homines,
972 1097 1011 1160 de
1029 1097 1091 1161 diis
1115 1097 1180 1160 suis
1197 1098 1291 1182 quasi
1314 1097 1634 1183 interpretationibus
1658 1097 1837 1163 subornare

179 1202 376 1289 allegoricis.
424 1204 510 1267 Vere
541 1203 827 1290 pseudopropheta
856 1203 929 1268 talis
961 1205 1098 1290 quisque
1129 1205 1288 1288 interpres
1319 1205 1436 1284 extitit,
1475 1205 1553 1289 quia
1581 1203 1623 1268 de
1652 1204 1750 1269 corde
1779 1228 1837 1269 suo

181 1310 398 1396 prophetavit,
424 1320 456 1373 et
478 1333 562 1374 vane
591 1310 748 1396 pudorem
778 1310 953 1374 humanum
985 1309 1169 1374 consolatus
1201 1321 1250 1373 est
1279 1309 1440 1374 adulteria
1469 1309 1605 1374 deorum
1626 1311 1711 1374 fictis
1735 1322 1768 1376 et
1790 1313 1837 1375 in-

181 1415 315 1480 utilibus
346 1415 535 1480 adornando
567 1417 740 1503 mysteriis,
770 1429 802 1480 et
831 1417 864 1480 in
889 1440 928 1480 eo
952 1415 1150 1481 remanendo
1181 1416 1419 1498 nichilominus,
1444 1429 1479 1481 ut
1503 1419 1640 1482 serviret
1667 1428 1836 1483 creaturae
1856 1443 1992 1493 noane.

71 1553 155 1593 ιο
180 1525 289 1608 potius
314 1546 412 1608 quam
436 1525 584 1604 creatori,
610 1524 666 1609 qui
690 1522 953 1587 estbenedictus
977 1525 1010 1587 in
1035 1523 1154 1587 secula.
1200 1523 1317 1587 Amen.
1373 1525 1459 1604 Vidi,
1484 1525 1598 1610 inquit,
1624 1526 1662 1589 dc
1686 1550 1738 1590 ονε
1763 1526 1837 1590 dro—
1857 1549 2008 1600 sperans.

181 1635 270 1695 conis
293 1646 321 1694 et
342 1631 380 1695 de
404 1654 456 1694 ονε
480 1633 594 1695 bestiae
618 1645 646 1694 et
668 1631 706 1694 de
730 1655 782 1694 ore
799 1631 1071 1718 pseudoprophete
1094 1633 1180 1694 caira
1203 1633 1338 1716 spiritua
1365 1646 1426 1695 tres
1458 1632 1632 1696 inmundos.
1680 1631 1724 1695 Et
1747 1631 1839 1696 addit

182 1736 303 1801 adhuc:
323 1737 361 1801 Ia
377 1737 501 1801 modum
519 1762 681 1800 ranorum.
713 1736 873 1800 Nimirum
889 1759 989 1800 ranae
1006 1746 1039 1799 et
1053 1736 1228 1800 inmunda-e
1242 1747 1317 1800 sunt
1332 1748 1365 1800 et
1380 1747 1500 1822 turpes,
1514 1747 1547 1801 et
1563 1739 1682 1823 exigue
1699 1747 1732 1802 et
1744 1739 1838 1823 quasi

182 1843 347 1930 loquaces.
393 1843 432 1906 In
455 1842 522 1906 luto
545 1865 684 1928 nomque
709 1853 945 1906 commorantes
975 1844 1146 1929 inportune
1170 1853 1203 1906 et
1230 1844 1323 1928 quasi
1355 1867 1429 1907 cum
1452 1843 1640 1928 garrulitate
1666 1844 1837 1909 coaxando

185 1952 326 2036 quietem
343 1949 504 2013 auferunt.
536 1948 689 2034 Congma
706 1971 784 2035 ergo
801 1948 1002 2031 assimilatio,
1020 1948 1096 2013 dum
1113 1951 1201 2013 ranis
1226 1949 1431 2036 adaquantur
1450 1950 1502 2013 vel
1527 1950 1648 2014 similes
1665 1949 1837 2037 perhiben-

101 2069 233 2122 1atnr
255 2056 290 2120 hi
314 2056 370 2142 qui
394 2055 456 2119 sibi
479 2057 591 2140 magni
615 2067 647 2119 et
670 2056 858 2141 eloquentes
875 2056 1036 2138 videntur,
1054 2055 1145 2120 verbi
1170 2057 1278 2141 gratia
1293 2068 1397 2142 poete,
1415 2057 1471 2142 qui
1492 2055 1555 2120 sibi
1578 2080 1698 2142 magna
1721 2079 1837 2122 sonare

184 2163 350 2244 videntur,
376 2163 435 2226 sed
451 2164 554 2226 omnis
576 2185 687 2226 corum
711 2163 849 2226 materia
865 2160 1014 2228 fabulosa
1028 2162 1132 2226 lutum'
1148 2172 1206 2244 est,
1224 2173 1256 2226 et
1273 2163 1463 2248 magnitudo
1480 2185 1593 2227 eorum
1616 2163 1739 2227 inflatio
1758 2175 1806 2228 est
1816 2169 1837 2227 ¹.

290 2270 497 2355 Quapropter
513 2271 667 2355 quoniam
684 2270 821 2333 scientia
837 2268 974 2350 illorum,
992 2292 1066 2333 enm
1082 2268 1171 2332 nulla
1186 2270 1237 2351 sit,
1255 2267 1387 2332 inflatur
1403 2269 1559 2334 adversus
1579 2271 1749 2334 scientiam
1761 2270 1837 2352 Dei,
1857 2295 1921 2346 (aa).

179 2377 316 2463 pulchre
330 2378 407 2440 satis
421 2399 531 2440 eorum
544 2377 672 2462 spiritui
685 2377 835 2461 congruit
850 2375 929 2439 illud
946 2375 986 2439 de
999 2374 1119 2440 fabella
1130 2375 1232 2462 Esopi
1242 2382 1263 2457 ²,
1280 2375 1337 2440 ubi
1353 2398 1433 2439 rana
1450 2375 1611 2441 sufflando
1624 2387 1786 2462 temptans
1803 2399 1837 2440 se

180 2482 360 2547 extendere
385 2483 427 2547 ad
443 2483 701 2568 magnitudinem
717 2480 822 2563 bovis,
839 2481 916 2546 dum
933 2494 1069 2547 conatur
1085 2493 1118 2545 et
1132 2481 1250 2568 pellem
1274 2482 1394 2546 frustra
1417 2481 1582 2565 distendit,
1606 2482 1737 2547 tandem
1754 2484 1839 2549 ultra

119 2611 158 2650 ao
180 2591 267 2653 vires
286 2588 445 2653 sufflando
463 2591 598 2674 crepuit.
627 2589 780 2675 Denique
797 2588 853 2652 ubi
871 2612 956 2654 nunc
972 2589 1018 2653 illi
1035 2600 1109 2652 sunt
1125 2589 1341 2675 grandiloqui,
1356 2590 1411 2676 qni
1429 2611 1463 2653 sc
1480 2590 1666 2654 extulerunt
1682 2590 1838 2654 adversus

180 2719 294 2760 veram
311 2696 568 2782 magnitudinem
586 2697 741 2760 scientiae
756 2695 847 2759 Dei?
878 2697 981 2761 Perta
996 2700 1146 2761 mensorio
1163 2721 1269 2760 eornm
1285 2723 1352 2761 cum
1370 2701 1483 2776 sonita,
1496 2713 1524 2762 et
1540 2698 1697 2762 Domioas
1713 2701 1745 2763 iu
1763 2714 1838 2763 ειεν-
1859 2722 1954 2770 raas.

180 2829 255 2866 ηοοε
269 2819 440 2889 prostrasset.
476 2802 557 2882 Quis
574 2803 659 2867 enim
677 2802 864 2888 loquacitati
881 2802 1008 2866 illorum
1025 2802 1191 2867 hominum
1207 2803 1335 2866 credit?
1371 2803 1475 2867 Immo
1492 2805 1564 2889 quis
1589 2827 1699 2868 eornm
1717 2804 1838 2869 theolo-

181 2911 252 2995 gias
270 2921 380 2995 turpes
403 2909 515 2994 legens
531 2909 584 2973 vel
608 2909 744 2973 audiens
767 2932 832 2973 non
856 2908 994 2973 irridet?
1038 2909 1156 2974 *Porro
1180 2911 1278 2994 magi,
1308 2932 1444 2995 quorum
1468 2911 1633 2996 principes
1657 2913 1690 2974 in
1706 2911 1837 2998 Egypto
1858 2935 1937 2976 *aaa

181 3017 312 3080 Iamnes
337 3027 369 3078 et
391 3014 557 3092 Mambres
580 3039 640 3102 per
662 3017 899 3079 incantationes
924 3039 998 3079 suas
1023 3039 1132 3080 coram
1156 3015 1327 3079 Pharaone
1351 3016 1508 3079 adversus
1525 3017 1663 3102 Moysen
1680 3029 1712 3081 et
1726 3018 1838 3082 Aaron
1858 3039 1989 3090 aroana.

109 3141 162 3185 25
181 3145 280 3186 ranas
304 3122 486 3186 eduxerunt
510 3134 542 3186 et
564 3122 649 3186 ultra
670 3145 736 3185 non
752 3121 933 3202 valuerunt,
958 3121 1089 3186 modum
1113 3133 1200 3186 recte
1225 3122 1376 3186 dicuntur
1399 3121 1521 3186 habere
1545 3146 1708 3203 ranarum,
1732 3134 1768 3187 ut
1792 3125 1838 3188 eis

183 3230 305 3293 similes
336 3231 399 3292 sint
431 3252 510 3315 quas
542 3240 655 3293 contra
682 3229 792 3292 Deum
822 3229 979 3308 fecerunt,
1011 3229 1094 3293 ultra
1125 3252 1207 3314 quas
1238 3251 1348 3292 eorum
1380 3230 1536 3315 prestigia
1567 3253 1631 3293 non
1655 3229 1836 3294 valuerunt.

183 3335 339 3422 Apostolo
364 3349 472 3401 autem
502 3347 713 3417 contestante,
742 3334 1015 3421 quemadmodum
1039 3336 1168 3400 Iamnes
1193 3347 1225 3399 et
1248 3335 1412 3398 Mambres
1441 3337 1627 3400 restiterunt
1651 3337 1767 3423 Moysi,
1792 3339 1839 3400 ita

183 3453 215 3506 et
239 3466 324 3507 nunc
348 3443 494 3506 homines
518 3443 649 3529 reprobi
673 3454 780 3506 mente
806 3444 948 3528 corrupti
972 3444 1125 3506 resistunt
1147 3443 1293 3505 veritati:
1327 3441 1392 3506 Sed
1414 3444 1509 3521 altro,
1537 3444 1650 3528 inquit,
1681 3469 1741 3507 raon
1758 3469 1838 3530 pro·
1857 3469 1991 3516 animas.
2092 3495 2095 3500 -

176 3553 306 3636 finient:
330 3553 515 3637 irrsipt'entsit
539 3553 742 3615 cainaeorum
767 3552 971 3636 rnorzifestoto
989 3565 1041 3630 ast,
1065 3553 1146 3613 sicut
1167 3564 1195 3613 et
1218 3551 1439 3637 illorumfcr't.
1477 3548 1580 3630 Ultra,
1605 3550 1748 3635 inquam,
1773 3573 1838 3614 non

130 3681 165 3720 ao
183 3656 354 3742 proficient
378 3679 475 3743 quam
500 3667 532 3720 et
555 3656 601 3720 illi
624 3657 843 3742 profecerunt,
864 3657 919 3741 qui
936 3655 1090 3719 exhibitis
1114 3656 1202 3718 ranis
1225 3654 1310 3718 ultra
1333 3676 1398 3718 non
1415 3665 1588 3740 potuerunt
1611 3655 1720 3720 faeere
1745 3658 1839 3742 signa

184 3765 286 3848 signis
301 3763 408 3849 Moysi
433 3763 623 3826 consimilia.
672 3763 727 3827 Sic
751 3773 783 3826 et
806 3762 901 3826 huius
925 3763 1079 3848 temporis
1104 3762 1237 3848 quidam
1261 3761 1418 3825 causidici
1443 3775 1475 3825 et
1498 3761 1633 3847 legista-c
1656 3762 1708 3826 vel
1733 3763 1837 3849 sophi-

184 3881 263 3950 stae,
302 3893 358 3933 sen
398 3869 562 3934 dialectici
590 3869 642 3933 vel
673 3871 780 3955 potius
811 3868 945 3932 heretici
977 3869 1152 3955 sophistice
1183 3868 1352 3954 loquentes
1383 3868 1522 3955 ideoque
1554 3867 1692 3933 odibiles
1726 3879 1839 3933 contra

182 3974 289 4061 legem
313 3977 467 4058 divinam,
493 3977 587 4062 quasi
610 3987 723 4040 contra
746 3977 884 4061 Moysen
916 3987 948 4040 et
978 3988 1092 4040 contra
1120 3974 1342 4039 sacerdocium
1374 3974 1553 4060 legitimum
1578 3986 1610 4039 et
1633 3999 1710 4039 vere
1734 3975 1837 4040 leviti·

183 4105 272 4165 cum,
314 4085 408 4169 quasi
450 4082 624 4147 adversum
659 4083 771 4147 Aaron
810 4083 1002 4146 dimicantes
1038 4093 1070 4146 ct
1103 4104 1204 4167 regno
1239 4081 1420 4145 Pharaonis
1455 4092 1569 4146 contra
1602 4105 1739 4166 regnum
1773 4083 1838 4146 Dei

140 4215 165 4252 as
183 4189 341 4270 faventes,
366 4213 441 4254 cnm
464 4191 497 4253 in
522 4213 581 4254 sua
604 4190 792 4275 garrulitate
825 4191 912 4254 ranis
942 4187 1134 4276 loquacibus
1165 4199 1196 4251 et
1227 4190 1259 4252 in
1291 4187 1357 4252 luto
1382 4187 1596 4252 coaxantibus
1622 4187 1836 4274 aquabantur,

183 4295 267 4360 ultra
290 4319 355 4360 non
379 4296 559 4383 proficient.
606 4297 798 4382 Insipientia
829 4297 915 4359 enim
945 4296 1072 4360 illorum
1103 4296 1311 4358 manifestata
1335 4305 1367 4358 et
1390 4317 1449 4380 per
1472 4305 1618 4358 sanctam
1643 4296 1836 4382 scripturam

183 4403 349 4466 conhrtata
373 4403 507 4467 evidens
532 4405 601 4484 erit,
627 4402 715 4489 quod
738 4426 802 4467 non
827 4402 866 4466 de
885 4403 1007 4489 Spiritu
1031 4413 1143 4465 sancto
1168 4403 1334 4488 inspirata,
1360 4401 1416 4465 sed
1440 4424 1500 4487 per
1523 4402 1654 4487 spiritus
1678 4401 1837 4488 malignos

183 4519 215 4572 et
236 4509 410 4574 inmundos
427 4511 612 4596 conspirata
636 4512 677 4573 sit
699 4509 878 4596 loquacitas
903 4508 1086 4574 huiusmodi
1109 4509 1274 4572 hominum
1289 4510 1418 4572 veritati
1434 4509 1653 4572 resistentium
1677 4519 1710 4572 et
1732 4509 1837 4594 ipsam

182 4617 353 4680 veritatem
369 4615 435 4679 Dei
458 4617 492 4679 in
514 4618 679 4680 iniusticia
703 4616 925 4680 detinentium.
962 4616 1065 4696 Quasi
1089 4615 1176 4678 enirn
1193 4616 1356 4700 captivam
1373 4613 1519 4678 detinent
1542 4616 1714 4680 veritatem
1738 4637 1835 4679 sanae
1856 4640 2013 4688 sacoaras.

138 4747 165 4786 so
183 4721 349 4787 doctrinae
375 4723 630 4786 circumventam
653 4745 710 4786 sno
734 4722 915 4803 mendacio,
940 4744 999 4807 per
1023 4723 1154 4807 spiritus
1179 4720 1336 4806 malignos
1361 4723 1406 4784 ita
1429 4719 1577 4804 conflato,
1603 4733 1637 4785 ut
1660 4743 1780 4807 magna
1802 4723 1836 4784 in

183 4851 222 4893 eo
245 4830 431 4892 inveniatur
454 4830 523 4892 veri
548 4828 723 4893 similitudo
748 4840 780 4892 et
803 4828 956 4892 bonitatis
981 4830 1099 4912 imago.
1855 4890 1918 4938 (ΜΒ).

289 4934 384 4999 Unde
409 4935 567 5000 confutari
593 4958 658 4999 non
673 4947 808 5022 possunt
831 4934 1015 4998 huiusmodi
1039 4934 1211 4999 mendacia
1231 4937 1300 4998 sine
1316 4957 1435 5020 magno
1452 4934 1706 4998 conflictantium
1723 4934 1835 5021 preli0,
1857 4944 1910 5010 [De
1926 4946 2013 5014 prelio

183 5041 278 5128 quale
309 5041 492 5107 habuerunt
521 5043 670 5106 martires
702 5053 814 5106 contra
844 5043 989 5105 tirannos
1018 5041 1206 5127 ydolatrae*
1235 5064 1274 5106 ac
1303 5040 1494 5127 templorum
1523 5041 1708 5127 pontifices,
1740 5040 1836 5127 quale
1874 5014 1993 5084 ΜΨ]

182 5149 410 5214 nichilominus
434 5147 618 5214 habuerunt
641 5150 745 5213 sancti
762 5149 964 5213 confessores
988 5159 1100 5211 contra
1115 5149 1275 5213 hereticos
1300 5159 1332 5212 ct
1355 5170 1449 5232 reges
1473 5149 1506 5210 in
1530 5147 1615 5211 malo
1639 5147 1701 5212 illis
1724 5147 1836 5212 faven-

136 5279 164 5319 ιο
183 5265 241 5338 tes,
266 5279 304 5320 ac
328 5257 504 5320 novissime
528 5255 644 5320 diebus
668 5258 737 5320 istis
753 5257 816 5318 viri
832 5254 976 5340 religiosi
993 5266 1106 5317 contra
1125 5256 1340 5341 symoniacae,
1366 5253 1599 5336 conducticios,
1624 5255 1835 5337 incestuosos,

288 5453 315 5516 a)
336 5457 402 5508 idol.
423 5457 454 5506 B.

292 5617 321 5694 1)
344 5620 391 5676 De
409 5620 501 5695 poetis
525 5621 564 5692 cs.
589 5619 692 5678 Οοοιοι.
722 5621 750 5676 ia
774 5641 821 5695 ps.
845 5618 895 5689 21,
929 5617 1027 5694 Miprw
1051 5617 1161 5686 1193,
1187 5619 1237 5674 col.
1258 5617 1340 5674 1005
1358 5639 1418 5695 sqq.
1448 5613 1530 5693 (cod.
1557 5617 1769 5695 Reichersberp.
1794 5618 1834 5687 II,

177 5727 208 5798 f.
229 5720 383 5802 12'sqq.).
477 5725 507 5796 2)
535 5725 636 5784 Fabul.
654 5727 808 5802 Aesopicae
832 5728 892 5782 coll.
918 5727 960 5782 ed.
985 5725 1073 5781 Halm
1097 5743 1143 5780 nr.
1162 5723 1213 5778 84.

255 5847 356 5900 Libelli
376 5848 409 5899 de
430 5848 486 5899 lite.
519 5849 573 5898 III.
1588 5847 1620 5896 61
