4478 6396
670 341 908 399 OPUSCULUM
930 343 983 398 DE
1008 342 1180 398 EDIFICIO
1205 343 1282 398 DEI.
1740 336 1801 398 189

263 531 337 594 150.
372 529 433 593 His
458 529 603 594 decursis
627 541 726 614 patet,
751 530 904 616 quoniam
927 553 989 595 nec
1013 530 1143 594 divinae
1167 531 1256 616 leges
1281 530 1393 594 favent
1409 529 1576 594 monachis
1593 539 1717 616 partem
1735 530 1802 616 epi·

150 636 245 720 scopi
268 646 425 722 perpetuo
449 637 518 700 iure
543 635 784 722 possidentibus
815 659 875 700 nec
906 637 1027 701 saeculi
1058 636 1147 723 loges
1177 637 1290 700 favent
1318 635 1474 700 militibus
1498 634 1709 700 beneficiario
1732 638 1801 701 iure

151 741 299 806 decimas
323 753 355 806 et
377 743 621 807 aecclesiastica
644 742 759 828 predia
781 743 932 824 retinere,
964 765 1003 808 ac
1027 745 1163 830 posteris
1194 744 1260 806 suis
1287 742 1471 827 relinquere
1496 741 1696 826 volentibus3
1728 764 1803 808 cum

151 860 267 934 aperta
291 872 452 914 canonum
476 873 515 914 ac
539 848 753 915 saecularium
781 847 888 935 legum
913 852 1104 914 auctoritate
1129 860 1275 914 cassetur
1298 849 1455 935 quicquid
1478 871 1498 913 a
1521 847 1667 934 quolibet
1691 861 1804 914 contra

116 981 131 1019 s
152 977 296 1020 canones
326 956 472 1020 divinam
503 966 535 1019 et
564 956 732 1042 antiquam
761 956 923 1020 iusticiam
952 956 1164 1020 defendentes
1188 955 1241 1020 vel
1263 978 1349 1020 novo
1373 958 1493 1041 scripto
1517 955 1727 1020 confirmatur
1749 957 1803 1022 vel

152 1061 278 1148 absque
298 1063 422 1149 ,scripto
447 1085 505 1149 per
528 1063 680 1126 iniustam
704 1061 932 1135 modernarum
956 1063 1225 1128 consuetudinum
1254 1063 1417 1127 iusticiam
1447 1063 1565 1126 iniuste
1596 1065 1801 1149 presumitur.

151 1169 337 1255 Episcopus
361 1191 439 1254 ergo
464 1170 491 1232 si
515 1168 555 1232 de
580 1191 639 1232 sua
661 1169 809 1255 portione
834 1168 957 1255 aliquid
974 1169 1052 1233 dare
1069 1169 1121 1234 vel
1136 1180 1282 1256 prestare
1299 1167 1448 1250 voluerit,
1473 1168 1561 1233 datio
1578 1167 1630 1234 vel
1646 1171 1802 1255 prestatio

151 1275 249 1358 illius,
274 1299 313 1340 eo
329 1277 472 1357 vivente,
497 1275 676 1356 stabit,sive
694 1274 736 1338 ad
752 1274 889 1339 salutem
906 1277 975 1340 sive
992 1276 1034 1340 ad
1051 1276 1315 1362 dampnationem
1331 1276 1449 1361 ipsius3
1475 1286 1571 1362 prout
1594 1298 1629 1340 se
1652 1276 1804 1342 habuerit

152 1381 293 1446 dationis
310 1381 363 1446 vel
379 1383 585 1468 prestationis
601 1380 727 1445 modus.
761 1381 800 1444 In
818 1405 882 1468 qua
897 1394 1006 1446 tamen
1023 1383 1153 1447 datione
1170 1381 1223 1446 vel
1239 1383 1447 1468 prestatione,
1472 1383 1499 1445 si
1522 1382 1703 1468 periculum
1727 1397 1801 1449 ante

106 1517 134 1553 io
152 1501 289 1552 mortem
301 1499 468 1574 agnoscet,
481 1489 551 1574 ipse
565 1510 694 1574 quoque
707 1487 826 1551 divinis
843 1487 970 1572 legibus
986 1489 1087 1552 fretus
1101 1488 1277 1553 dissolvere
1291 1489 1410 1574 poterit
1425 1487 1547 1552 factum
1564 1512 1667 1572 suum,
1681 1513 1801 1556 caveus

152 1607 219 1658 tam
242 1619 337 1659 suum
361 1617 457 1681 quam
482 1595 673 1680 accipientis
696 1593 887 1680 periculum.
923 1595 984 1659 Est
1000 1595 1086 1659 enim
1103 1595 1237 1659 donanti
1261 1610 1293 1658 et
1315 1594 1398 1659 male
1423 1596 1598 1681 accipienti
1622 1596 1802 1682 periculum

152 1701 275 1766 dudum
293 1725 312 1765 a
328 1701 525 1788 Symmacho
541 1724 629 1787 papa
645 1723 704 1786 per
720 1699 831 1764 orbem
848 1700 1060 1786 divulgatum.
1095 1703 1288 1788 Quicunque,
1304 1703 1419 1788 inquit,
1437 1704 1550 1767 oblitus
1565 1704 1632 1768 Dei
1644 1718 1672 1768 ct
1687 1705 1806 1770 decreti

152 1810 246 1874 buius
269 1813 422 1874 irroremur
446 1812 614 1895 quicquam
643 1809 681 1872 cle
706 1812 774 1872 iure
797 1810 956 1873 titulorum
982 1811 1032 1873 ccl
1053 1810 1221 1873 aecclesiae
1238 1824 1392 1895 perpetuo
1416 1813 1485 1874 iure
1509 1811 1651 1874 alienare
1675 1825 1801 1898 tcmpta-

153 1919 241 1996 uerit,
273 1917 416 1997 donator,
444 1918 661 1980 alienatores
685 1915 827 1980 uenditor
850 1917 978 1980 honoris
1000 1919 1054 1980 sui
1074 1918 1243 1980 arausicae
1273 1917 1427 1980 multetur.
1475 1916 1564 1980 Ecce
1589 1915 1693 2002 qualis
1717 1939 1803 2002 pena

107 2049 132 2087 rs
153 2021 257 2086 datori
282 2033 315 2086 et
338 2022 507 2087 alienatori
531 2020 753 2108 prescribitur,
777 2022 850 2102 nisi,
875 2033 910 2086 ut
933 2021 1020 2086 idem
1043 2044 1130 2108 papa
1153 2023 1186 2084 in
1203 2020 1414 2107 sequentibus
1431 2021 1634 2106 determinat,
1659 2046 1727 2088 mos
1747 2023 1801 2088 ille

152 2130 184 2191 in
208 2128 441 2215 dampnatione
465 2139 627 2192 servetur:
653 2129 708 2214 qui
732 2127 910 2192 seeundum
934 2129 1116 2192 animarum
1140 2128 1432 2192 considerationem
1448 2131 1613 2215 proposito
1636 2129 1801 2216 religionis

153 2237 329 2300 convenire
345 2235 485 2300 videtur.
520 2235 715 2299 Audivimus
738 2257 856 2320 penam
874 2234 1038 2300 donatoris
1062 2236 1194 2317 incauti,
1220 2235 1390 2300 audiamus
1415 2258 1480 2322 qua
1502 2257 1589 2322 pena
1611 2236 1699 2301 idem
1715 2261 1802 2324 papa

152 2344 323 2429 petitorem
347 2342 400 2407 vel
423 2353 630 2428 acceptorem
653 2343 819 2406 incautum
842 2341 953 2406 iubeat
975 2341 1075 2406 feriri.
1119 2342 1191 2422 Qut,
1215 2343 1329 2428 inquit,
1348 2346 1479 2429 petierit
1501 2357 1555 2408 aut
1576 2348 1732 2431 acceperit
1753 2347 1804 2410 uel

152 2453 210 2535 qui
223 2453 481 2537 presbyterorum
504 2475 542 2514 uc
565 2450 770 2514 diaconorum
799 2475 853 2514 seu
884 2450 1085 2538 defensorum
1117 2449 1210 2514 danti
1236 2451 1467 2536 subscripserit,
1499 2475 1559 2535 quo
1587 2453 1689 2515 iratus
1713 2451 1800 2516 Deus

106 2584 133 2622 ao
151 2559 279 2620 animas
296 2561 444 2644 percutit,
469 2559 662 2621 anathemate
678 2558 834 2645 fertatur.

263 2666 336 2727 151.
373 2663 417 2728 Ut
440 2675 546 2727 autern
570 2664 603 2726 in
621 2662 766 2726 datorem
791 2673 823 2725 et
846 2673 1052 2748 acceptorem
1076 2664 1123 2726 sie
1138 2661 1319 2727 vindictam
1335 2662 1484 2744 dictaret,
1509 2674 1669 2748 quatenus
1693 2675 1801 2728 tamen

152 2769 192 2833 de
216 2771 290 2856 ipsa
305 2769 452 2834 vindicta
475 2771 599 2834 exitum
615 2779 647 2833 et
663 2769 850 2833 evasionem
866 2779 1076 2833 monstraret:
1102 2769 1162 2850 Sit,
1185 2769 1300 2855 inquit,
1325 2771 1504 2850 alienatori,
1529 2773 1707 2857 accipienti,
1731 2773 1801 2836 sub-

150 2879 312 2956 scribenti,
336 2903 430 2963 quam
439 2880 657 2964 pre-misimus,
681 2876 832 2956 vindicta,
855 2879 925 2940 nisi
933 2877 1020 2964 sorte
1044 2891 1072 2941 et
1093 2877 1249 2941 alienator
1263 2877 1337 2958 sibi,
1361 2877 1436 2940 dum
1450 2880 1571 2963 repetit,
1596 2893 1624 2942 ct
1645 2881 1704 2964 qui
1717 2904 1801 2944 acce-

149 2987 246 3070 perit,
271 2985 368 3048 celeri
387 2987 578 3049 restitutione
590 2985 798 3070 prospexerit.
837 2982 976 3060 Quodsi
989 2986 1109 3048 minori
1122 2986 1247 3048 animae
1262 3007 1337 3048 suae
1354 3009 1430 3047 cura
1446 2987 1613 3069 quisquam
1629 2986 1801 3050 remedium

105 3117 133 3156 ss
153 3092 291 3155 oblatum
299 3093 391 3180 forte
406 3093 585 3178 ncqleccrit,
609 3115 707 3176 supra
724 3115 761 3154 ea
770 3115 930 3176 penarum
943 3115 1069 3178 qenera,
1093 3115 1151 3175 que
1173 3093 1320 3176 superius
1335 3105 1473 3155 tenentur
1490 3094 1671 3178 ‘asscripta
1695 3108 1802 3157 contra
1821 3115 1849 3158 ⁸.
1886 3143 1892 3157 .

146 3199 220 3286 fas,
251 3201 284 3262 si
305 3199 390 3284 quod
411 3213 588 3284 conceptum
605 3199 714 3286 fucrit
744 3197 967 3276 documentum,
999 3200 1155 3261 uniuersis
1185 3199 1317 3278 viribus,
1348 3200 1493 3283 quamuis
1517 3189 1673 3263 ab'initio
1696 3201 1802 3264 nullas

153 3305 307 3383 babuerit,
331 3307 519 3392 effectetur⁸.
567 3303 632 3368 Sed
646 3307 738 3368 etiam
764 3305 856 3368 liccat
879 3306 1111 3390 quibuscunque
1134 3305 1376 3368 aecclesiasticis
1389 3307 1538 3391 personis
1562 3329 1665 3369 uocem
1681 3322 1801 3372 contra·

155 3411 304 3476 dictionis
320 3413 444 3498 afferre,
469 3426 497 3475 et
518 3412 751 3475 aecclesiastica
772 3412 954 3474 auctoritate
967 3411 1105 3497 fulciri:
1128 3413 1173 3474 ita
1196 3425 1230 3474 ut
1251 3435 1320 3474 eum
1329 3412 1495 3499 fructibus
1505 3415 1610 3497 possit
1624 3413 1731 3477 aliena
1754 3439 1801 3478 re-

147 3543 288 3605 poscere.
328 3519 396 3583 Nec
418 3520 528 3604 aliquo
551 3543 583 3582 se
606 3533 675 3582 ante
699 3519 841 3582 tribunal
859 3516 981 3581 Christi
997 3519 1153 3581 obstaculo
1176 3520 1307 3598 muniat,
1331 3519 1390 3602 qui
1410 3543 1429 3581 a
1453 3519 1614 3605 reliqiosis
1636 3522 1802 3584 animabus

108 3652 136 3690 so
155 3626 200 3690 ad
214 3627 419 3690 substantiam
428 3650 610 3712 parmarum
627 3624 776 3688 derelicta
797 3638 904 3688 canna
913 3625 976 3712 fas
999 3627 1066 3688 sine
1089 3626 1200 3709 aliqua
1210 3626 1342 3710 pietatis
1366 3625 1614 3690 cormideratione
1638 3626 1799 3714 disperqit.

265 3743 337 3805 152.
373 3740 486 3804 Tantis
511 3762 588 3825 ergo
612 3736 858 3803 auctoritatibus
882 3739 916 3802 in
939 3748 1090 3824 promptu
1114 3739 1237 3824 positis,
1262 3740 1334 3824 quis
1359 3739 1650 3825 estepiscoporum
1666 3742 1801 3826 quinon

154 3846 293 3911 libenter
322 3858 432 3910 utatur
455 3845 563 3910 oblato
593 3845 656 3910 sibi
686 3845 840 3928 remedio,
869 3845 956 3931 quod
979 3845 1063 3908 male
1088 3844 1178 3909 dedit
1200 3845 1253 3909 vel
1277 3846 1417 3931 prestitit
1446 3846 1673 3930 reposcendo?
1720 3847 1801 3928 Quis

156 3965 205 4018 est
227 3955 314 4018 enirn
337 3953 443 4035 horno,
469 3954 521 4017 cui
545 3976 609 4017 non
632 3954 734 4038 possit
757 3951 918 4034 accidere,
943 3965 978 4016 ut
1002 3953 1223 4038 pertimerem
1240 3951 1292 4016 vel
1308 3974 1367 4038 per
1382 3953 1598 4037 ignorantiam
1615 3975 1688 4017 eum
1704 3955 1801 4020 Petro

155 4060 295 4147 peccet?
343 4059 440 4140 Quod
462 4061 489 4124 si
514 4059 679 4142 acciderit,
703 4059 781 4146 quid
805 4070 906 4122 restat
928 4058 1027 4145 lapsis
1045 4081 1117 4122 cum
1135 4058 1242 4139 Petro,
1267 4059 1329 4122 nisi
1350 4068 1385 4123 ut
1401 4070 1573 4144 resurgant
1588 4082 1662 4124 cum
1678 4061 1800 4126 Petro‘l

111 4195 137 4234 ss
155 4168 270 4232 Petrus
302 4169 388 4231 enim
418 4189 477 4253 per
506 4167 722 4252 ignorantiam
753 4189 818 4230 non
848 4177 937 4230 recte
967 4165 1122 4229 incedens
1153 4163 1196 4228 ad
1219 4165 1381 4250 euangelii
1404 4167 1585 4248 veritatem,
1616 4169 1801 4252 quamcito

155 4297 297 4338 errorem
321 4297 414 4338 suum
439 4297 458 4337 a
481 4272 703 4358 condiscipulo
726 4274 913 4358 increpatus
937 4272 1080 4357 agnovit,
1111 4270 1152 4335 de
1183 4273 1387 4357 correptione
1417 4273 1451 4334 in
1481 4272 1599 4337 faciem
1623 4271 1686 4337 sibi
1716 4272 1802 4338 facta

153 4381 237 4445 letus
261 4381 391 4445 veritati
415 4380 596 4466 acquievit;
627 4402 779 4465 magnam
803 4378 1035 4465 preclarissimi
1059 4375 1200 4463 exempli
1223 4377 1363 4464 prebens
1387 4379 1611 4461 imitationem,
1642 4390 1678 4445 ut
1707 4403 1801 4446 nemo

154 4499 440 4574 quantumcunque
471 4486 554 4550 altus
577 4485 816 4550 verecundetur
845 4507 936 4548 suam
966 4494 1091 4548 mutare
1123 4486 1333 4568 sententiam3
1365 4486 1392 4548 si
1422 4484 1529 4568 modo,
1560 4486 1658 4550 etiam
1689 4485 1731 4551 ab
1754 4489 1801 4551 in-

154 4595 273 4659 feriore
303 4593 350 4657 illi
379 4593 477 4658 fuerit
506 4591 696 4674 revelatum,
729 4591 815 4678 quod
848 4602 962 4655 contra
991 4590 1156 4676 euangelii
1185 4591 1238 4654 vel
1269 4613 1429 4656 canonum
1459 4592 1630 4656 veritatem
1660 4593 1801 4659 incedat

109 4730 136 4767 ro
152 4701 274 4765 Paulus
299 4702 384 4764 enim
401 4699 576 4785 apostolus,
600 4698 677 4763 licet
699 4699 732 4762 in
756 4696 867 4762 labore
892 4698 1017 4761 cunctis
1041 4696 1196 4783 apostolis
1216 4697 1410 4783 preferatur,
1433 4708 1553 4781 tamen,
1578 4700 1655 4784 quia
1677 4700 1801 4765 aeccle-

153 4811 234 4873 siam
258 4817 449 4894 persecutus
474 4816 505 4870 et
528 4807 702 4870 novissime
726 4815 861 4869 vocatus
885 4815 943 4885 est,
976 4806 1045 4889 ipse
1070 4827 1104 4868 se
1129 4803 1312 4869 abortivum
1335 4806 1495 4869 nominat:
1528 4815 1692 4870 ettamen
1715 4809 1979 4893 prin-noenius.

154 4938 231 5001 ceps
256 4914 475 5000 apostolorum
499 4935 600 4999 usque
625 4911 708 4976 adeo
732 4910 911 4975 seeundum
927 4912 1097 4975 veritatem
1114 4911 1276 4997 euangelii
1297 4913 1534 4997 correptionem
1557 4911 1641 4976 illius
1665 4936 1730 4978 non
1753 4936 1801 4978 re-

154 5033 256 5103 cusat,
284 5031 319 5084 ut
349 5043 442 5084 suum
472 5019 739 5105 reprehensorem
771 5017 901 5081 sibimet
929 5018 994 5103 ipsi
1023 5019 1057 5081 in
1087 5020 1247 5104 sapientia
1277 5018 1454 5104 preferens,
1486 5018 1624 5082 eandem
1654 5019 1802 5085 laudaret

154 5128 334 5214 epistolam,
359 5128 392 5190 in
416 5149 482 5212 qua
505 5149 596 5190 suam
621 5125 858 5188 simulationem
881 5123 964 5187 vidit
988 5124 1228 5210 reprehensam.

109 5274 135 5312 u
265 5247 336 5308 153.
376 5243 420 5306 Et
450 5265 511 5328 ego
542 5243 651 5328 itaque
681 5240 722 5305 dc
747 5240 845 5306 Saule
877 5239 1057 5320 dumtaxat,
1087 5239 1232 5305 noudum
1255 5240 1368 5322 Paulo,
1400 5263 1511 5327 agens,
1542 5263 1581 5304 ac
1613 5240 1653 5305 de
1683 5263 1801 5326 magno

152 5362 373 5437 persecutore,
398 5372 462 5414 non
487 5349 527 5413 de
551 5371 669 5434 magno
693 5348 898 5434 predicatore
917 5346 1160 5411 similitudinem
1176 5346 1317 5429 trahens,
1342 5370 1393 5412 me
1411 5346 1594 5412 abortivmn
1611 5357 1644 5411 et
1659 5349 1801 5412 omnium

153 5458 404 5523 christianorum
433 5457 602 5520 minimum
631 5455 772 5538 nomino,
804 5455 881 5540 quia
905 5464 937 5517 et
961 5475 1021 5539 ego
1051 5452 1263 5539 promodulo
1294 5476 1377 5538 meo,
1408 5456 1506 5518 immo
1530 5453 1615 5518 ultra
1636 5453 1800 5518 modulum

153 5587 261 5629 meum
291 5563 484 5628 aecclesiam
508 5563 574 5626 Dei
603 5571 793 5648 persecutus
825 5584 905 5642 sum,
936 5582 1001 5623 non
1033 5560 1135 5624 solum
1166 5572 1336 5645 paternam
1359 5560 1573 5624 substantiam
1596 5562 1631 5624 iu
1655 5583 1706 5624 me
1730 5561 1801 5645 ipso
1821 5543 1979 5646 melion.

153 5670 342 5758 dissipando
367 5693 406 5735 ac
429 5691 546 5756 porcos
571 5668 626 5733 diu
655 5668 831 5755 pascendo,
863 5667 921 5732 sed
952 5677 994 5749 et,
1024 5665 1112 5752 quod
1142 5666 1277 5731 multum
1307 5666 1423 5731 horreo
1454 5677 1551 5753 atque
1575 5667 1699 5731 utinam
1723 5668 1801 5730 satis

109 5826 134 5864 ⁶⁰
260 5817 287 5879 a)
310 5818 435 5868 effetetur
452 5835 473 5868 c.
