4568 6428
506 443 699 500 EPISTULA
722 445 776 499 DE
799 443 1071 500 SACRAMENTIS
1094 443 1418 501 HAERETICORUM.
1747 440 1787 502 15

131 630 239 695 lsrael
269 630 376 694 littera
406 628 546 716 simplex
575 629 789 716 responderit,
820 629 882 694 hoc
913 629 953 693 de
985 628 1146 694 aecclesia
1175 641 1208 694 et
1230 629 1382 694 hereticis
1413 629 1509 695 simul
1539 641 1572 695 et
1595 631 1787 695 scismaticis
1819 716 1820 720 Ἰ

132 737 285 822 perfecta
313 736 378 801 fide
410 738 597 801 sentiamus.
653 736 738 801 Osee
769 735 938 821 propheta,
970 735 1163 800 fortissimus
1193 736 1360 822 religionis
1391 747 1423 800 et
1451 735 1527 800 fidei
1559 736 1690 819 zelotes,
1721 748 1789 802 tota

133 845 257 908 virtute
282 855 394 908 contm
417 843 450 906 X
474 843 577 907 tribus
610 842 742 906 effertur
764 841 817 905 vel
846 842 954 928 potius
979 842 1141 924 efferatur,
1170 842 1256 906 uude
1288 843 1385 907 etiam
1416 842 1573 929 quicquid
1596 854 1709 907 contra
1732 866 1787 908 eas

134 949 269 1030 dixerit,
298 950 359 1014 hoc
390 960 492 1014 totum
523 961 636 1013 contra
664 948 823 1012 hereticos
848 959 880 1011 et
909 949 1109 1012 scismaticos
1139 948 1318 1013 intonuisse
1349 948 1510 1013 credatur.
1555 949 1633 1013 Fuit
1656 949 1788 1036 quidem

97 1055 336 1120 sIsraeliticus
365 1055 418 1120 ille
448 1054 588 1142 populus
612 1055 784 1136 hereticus,
817 1055 895 1141 quia
917 1053 1006 1118 cultu
1029 1054 1094 1118 Dei
1118 1054 1274 1119 derelicto
1299 1067 1330 1119 et
1353 1054 1463 1119 vitulis
1487 1057 1594 1120 aureis
1618 1055 1787 1120 immolans

134 1185 292 1248 perverse
317 1165 416 1226 sensit
440 1175 473 1225 et
497 1159 674 1242 obstinate3
700 1160 760 1224 fuit
784 1161 997 1243 scismaticus,
1023 1161 1100 1246 quia
1122 1161 1164 1225 ab
1189 1163 1311 1225 unitate
1334 1160 1449 1226 domus
1465 1161 1576 1225 David
1599 1184 1634 1225 se
1658 1185 1787 1248 separa-

134 1280 240 1332 verat.
287 1268 433 1332 Heretici
463 1269 532 1331 sive
557 1267 744 1331 'scismatici
776 1289 892 1330 aureos
921 1267 1015 1352 pravi
1047 1277 1078 1330 et
1108 1269 1254 1353 perversi
1285 1290 1399 1332 seusus
1423 1267 1541 1332 vitulos
1571 1269 1604 1332 in
1636 1268 1788 1334 cordibus
1807 1286 1878 1327 'tta

135 1376 206 1438 suis
230 1385 401 1461 sequentes
425 1376 533 1460 potius
558 1396 655 1460 quam
680 1373 788 1436 Deum
812 1386 1050 1459 consequenter
1073 1396 1107 1438 se
1131 1373 1172 1437 ab
1196 1375 1319 1438 unitate
1343 1385 1476 1438 sauctae
1500 1374 1680 1438 aecclesiae
1704 1376 1787 1440 scin·

135 1481 228 1545 dunt.
260 1480 356 1546 Unde
381 1481 480 1544 etiam
504 1491 618 1544 sancta
641 1479 803 1544 aecclesia
825 1480 925 1565 ipsos,
950 1481 1006 1564 qui
1029 1481 1118 1566 prius
1142 1502 1202 1566 per
1217 1501 1360 1543 errorem
1384 1502 1419 1544 se
1442 1479 1666 1546 alienaverant
1690 1505 1787 1546 euan-

87 1611 117 1650 1o
135 1587 245 1673 gelica
274 1586 357 1651 falce
374 1585 537 1650 ‘adhibita
566 1609 586 1649 a
616 1587 843 1650 communione
877 1586 1050 1650 manifesta
1084 1585 1366 1650 animadversione
1401 1596 1529 1651 resecat
1561 1587 1614 1652 vel
1647 1589 1701 1674 pie
1733 1611 1788 1653 eos

136 1693 245 1758 redire
269 1691 312 1756 ad
334 1694 493 1757 unitatem
517 1694 563 1756 sic
588 1714 708 1777 cogens
732 1691 785 1756 vel
808 1690 974 1778 publicato
999 1714 1118 1774 errore,
1142 1701 1178 1755 nt
1201 1703 1388 1775 caveantur,
1413 1714 1612 1757 ammonens.

246 1799 397 1885 Separati
413 1821 490 1884 ergo
507 1798 587 1885 quid
602 1797 724 1862 hahent
739 1798 793 1862 vel
808 1797 887 1884 quid
903 1798 1029 1884 agunt?
1067 1797 1235 1884 Numquid
1250 1797 1372 1863 habent
1392 1798 1634 1864 sacerdotium?
1674 1800 1788 1865 Sacra-

137 1917 283 1969 mentum
313 1903 487 1969 sacerdotii
518 1906 603 1969 intus
635 1905 762 1991 accepti
793 1903 923 1984 habeut,
955 1903 1013 1968 sed
1042 1904 1120 1968 foris
1150 1915 1344 1990 potestatem
1374 1916 1406 1969 et
1433 1907 1586 1970 virtutem
1616 1907 1789 1972 sacerdotii

138 2013 326 2075 amiserunt.
378 2010 474 2076 Unde
507 2011 592 2076 Osee
624 2010 666 2074 ad
694 2010 798 2074 Israel
830 2023 1015 2097 separatum
1046 2032 1065 2074 a
1094 2011 1179 2092 Deo,
1210 2010 1383 2098 atemplo‚
1414 2034 1434 2074 a
1463 2010 1551 2076 tribu
1579 2012 1662 2077 Iuda
1692 2012 1787 2078 dicit:

92 2141 118 2180 rs
141 2118 226 2196 Quia
249 2119 399 2204 repulisti
419 2120 592 2199 seientiam,
617 2119 769 2204 repellam
792 2131 829 2197 te,
853 2143 890 2182 ae
907 2119 1065 2204 fuuqoria
1087 2118 1271 2196 sacerdotio.
1303 2118 1420 2182 Frater
1435 2117 1564 2201 dilecte,
1588 2121 1666 2205 quia
1682 2141 1787 2184 sacer·
1807 2145 1902 2194 onae.

139 2223 218 2288 dodi
235 2225 387 2287 virtutem
404 2224 592 2304 amiserunt,
616 2223 689 2287 luce
707 2222 825 2287 clarius
843 2234 901 2304 cst,
926 2246 1024 2309 quarn
1041 2233 1278 2309 consequenter
1293 2245 1354 2287 nec
1371 2246 1488 2309 corpus
1512 2247 1573 2290 nec
1597 2227 1787 2312 sanguinem

138 2328 260 2395 Christi
286 2329 468 2394 conficiant.
502 2330 748 2395 Sacramentum
772 2330 905 2393 unitatis
928 2352 994 2394 non
1016 2331 1080 2393 nisi
1104 2331 1138 2393 in
1160 2331 1284 2394 unitate
1309 2331 1378 2394 sive
1403 2329 1445 2394 ab
1461 2331 1584 2395 unitate
1608 2331 1787 2396 conficitur.

138 2437 184 2502 Ut
208 2437 294 2500 enim
325 2437 370 2500 ait
400 2436 581 2522 apostolus:
620 2436 706 2500 Unus
721 2439 833 2524 paura,
864 2461 959 2500 uuum
990 2461 1104 2523 corpus
1131 2439 1225 2502 multi
1251 2462 1366 2501 sumac.
1415 2435 1504 2517 Quid
1533 2437 1576 2501 ad
1605 2437 1667 2503 hoc
1695 2437 1787 2522 dicis,
1806 2465 1965 2508 neonium.

139 2542 252 2608 Osee?
291 2543 465 2621 Custodem,
489 2544 603 2628 inquit,
628 2557 657 2606 et
678 2567 739 2607 uon
761 2544 994 2608 saturabantur.
1041 2542 1163 2628 Utique
1188 2543 1265 2628 quia
1294 2565 1359 2606 non
1390 2553 1439 2607 cst
1468 2544 1684 2609 essentialiter
1712 2567 1787 2609 caro
1806 2571 1916 2620 osuio.

92 2674 118 2712 so
138 2662 171 2714 et
195 2650 328 2734 sanguis
352 2647 483 2728 Christi,
515 2648 603 2735 quod
632 2671 652 2712 a
680 2647 800 2712 talibus
831 2659 864 2713 et
893 2649 970 2712 foris
995 2647 1174 2714 conficitur.
1220 2649 1294 2712 Non
1319 2647 1559 2732 saturabuntur,
1591 2651 1649 2714 sed
1672 2650 1787 2716 fraude

137 2779 225 2821 vana
249 2755 350 2820 eludit
373 2756 561 2820 commeatio
586 2765 618 2819 et
642 2753 743 2820 corda
765 2756 950 2819 vorantium
973 2777 1080 2819 vacua
1103 2753 1265 2841 relinquit.
1297 2755 1350 2819 De
1374 2757 1497 2820 unitate
1513 2779 1592 2821 vero
1617 2757 1786 2840 ecclesiae,

139 2887 202 2951 que
227 2861 392 2926 cotidiana
407 2872 484 2926 vota
506 2863 577 2925 veri
601 2863 745 2946 corporis
770 2873 802 2925 et
826 2862 992 2946 sanguinis
1010 2859 1131 2925 Christi
1155 2860 1249 2925 offert
1264 2861 1348 2942 Deo,
1372 2861 1453 2925 dicit
1475 2862 1658 2949 psalmista:
1683 2865 1789 2929 Edeut
1805 2890 1926 2938 rasum

132 2994 293 3058 pauperes
316 2983 345 3032 at
365 2970 589 3033 saturabuntur
612 2983 640 3033 et
663 2969 855 3033 inridebunt*
875 2969 1047 3032 Dominum
1071 2971 1130 3054 qui
1142 2971 1308 3054 requirunt
1329 2993 1412 3033 eum:
1436 2971 1539 3034 uiuent
1561 2971 1658 3035 corda
1681 2995 1786 3036 eorum

140 3081 172 3142 in
196 3077 351 3142 succidam
375 3076 502 3140 saeculi.
551 3073 617 3139 Sed
640 3097 681 3138 ne
713 3076 785 3160 quis
809 3097 868 3138 nos
893 3072 1131 3158 calumpnietur
1159 3072 1199 3136 de
1223 3095 1272 3154 eo,
1304 3073 1392 3160 quod
1420 3076 1453 3138 in
1483 3074 1694 3161 sequentibus
1718 3076 1786 3140 adi-

93 3185 238 3248 ascitur:
263 3181 537 3246 Manducaveruut
560 3195 587 3245 et
609 3181 821 3245 adorauerunt
843 3206 947 3245 omues
963 3182 1101 3267 pinques
1116 3195 1236 3261 'terrea
1264 3179 1299 3244 id
1321 3180 1362 3245 de
1386 3180 1488 3263 malis,
1520 3182 1575 3268 qui
1606 3206 1672 3248 non
1695 3206 1787 3270 sepa·
1806 3210 1878 3249 mco.

138 3290 200 3353 rati
223 3289 309 3352 intus
333 3285 503 3351 nobiscum
535 3288 784 3369 communicant,
816 3286 944 3351 dicitur.
992 3285 1043 3349 De
1067 3285 1220 3350 hisvero
1251 3287 1306 3372 qui
1336 3287 1415 3351 foris
1444 3299 1528 3370 suut,
1559 3289 1691 3354 minime
1722 3289 1787 3354 dici

137 3405 257 3482 posset.
296 3393 381 3457 Nam
403 3414 465 3457 nec
489 3394 576 3457 intus
601 3403 685 3475 sunt,
709 3405 745 3458 ut
767 3391 938 3457 nobiscum
961 3393 1169 3474 manducent,
1193 3414 1254 3456 nec
1278 3392 1356 3456 foris
1380 3391 1502 3458 habent
1524 3405 1560 3459 ut
1580 3396 1786 3460 manducent.

138 3501 235 3566 Unde
265 3500 425 3564 Dominus
456 3498 498 3562 ad
529 3498 682 3585 Moysen:
720 3500 788 3565 Hec
818 3515 862 3564 eat
888 3500 1001 3587 reiipio
1024 3501 1157 3587 phacae.
1215 3499 1325 3564 Omnis
1354 3501 1534 3588 alieuiqcaa
1562 3527 1624 3566 aon
1654 3503 1790 3568 comedet
1806 3525 1878 3568 uxot.
1888 3530 1919 3577 12,
1930 3531 1964 3568 sa

139 3633 177 3673 ae
199 3632 243 3687 ec,
274 3607 395 3671 advena
426 3621 455 3670 et
482 3609 696 3670 mercenarius
725 3631 786 3670 uou
817 3607 906 3671 edent
932 3631 971 3670 ea
999 3631 1051 3687 e0,·
1086 3609 1120 3670 iu
1151 3631 1214 3669 uno
1244 3606 1335 3670 domo
1365 3607 1539 3672 comedetur
1569 3633 1623 3673 aec
1653 3611 1788 3696 efferetis

96 3734 122 3774 so
140 3714 177 3779 da
209 3715 358 3778 carnibus
390 3715 458 3777 eius
487 3714 595 3800 foras.
628 3711 758 3798 Itaque,
796 3711 898 3776 frater
929 3711 1062 3794 dilecte,
1101 3712 1130 3775 si
1161 3733 1222 3776 nec
1246 3712 1333 3775 intus
1366 3712 1554 3796 comedunt,
1592 3715 1670 3800 quia
1700 3715 1786 3778 intus

140 3843 206 3884 non
235 3830 323 3899 suut,
359 3819 386 3881 si
419 3818 497 3881 foris
527 3840 592 3882 uon
626 3817 813 3899 comeduut,
847 3818 924 3904 quia
955 3819 1034 3882 foris
1066 3841 1131 3882 non
1163 3819 1336 3898 invenitur,
1370 3815 1483 3901 restat,
1516 3831 1552 3883 ut
1582 3843 1715 3907 prorsus
1748 3843 1786 3886 eo

141 3935 286 4006 careant,
320 3923 408 4010 qnod
439 3946 500 3988 nec
533 3924 611 3988 foris
643 3946 706 3988 nec
737 3926 824 3988 intus
856 3922 987 3988 habent.
1041 3924 1136 3989 Unde
1169 3924 1271 3989 Osee:
1310 3923 1413 4011 Super
1447 3928 1585 3990 triticum
1622 3941 1650 3991 et
1680 3930 1787 3992 usuum
1805 3952 1915 4004 ouen.

82 4061 89 4074 ·
141 4034 350 4097 ruminabant.
396 4029 616 4094 leronimus¹:
642 4030 746 4118 Super
761 4032 868 4119 falsis
891 4034 1042 4096 misteriis
1079 4034 1223 4117 corporis
1245 4046 1274 4095 et
1294 4033 1458 4116 conquiris
1485 4030 1608 4098 Curua·
1627 4036 1789 4098 ruminant
1805 4058 1881 4100 uam

142 4154 169 4203 et
197 4138 349 4202 mediocri
377 4139 537 4202 simulam.
594 4135 666 4217 Quo
700 4158 777 4221 ergo
810 4146 860 4200 est
892 4159 991 4200 causa
1022 4137 1074 4202 vel
1106 4138 1188 4200 ratio
1220 4159 1286 4200 non
1317 4159 1395 4201 vere
1428 4139 1695 4220 consecrationis,
1729 4138 1788 4204 sed

99 4265 124 4304 u
141 4266 245 4308 vanae
268 4243 520 4308 ruminationis?
558 4241 651 4307 Idem
676 4242 761 4307 Osee
785 4244 819 4306 iu
847 4265 987 4329 persona
1010 4243 1144 4307 Domini
1174 4242 1272 4306 infert
1301 4242 1430 4307 dicens:
1461 4245 1666 4310 Recesseruut
1687 4271 1707 4310 a
1730 4271 1787 4312 me.
1807 4270 1916 4321 otuu.

142 4350 230 4414 Ecce
261 4371 374 4431 causa,
406 4371 484 4413 ecce
514 4351 611 4432 ratio,
642 4351 720 4436 quia
743 4347 907 4414 Christum
939 4348 1180 4436 dereliquerunt
1210 4361 1242 4412 et
1271 4349 1451 4414 aecclesiae
1478 4351 1646 4415 unitatem.
1700 4351 1789 4432 Quid

142 4455 264 4542 igitur?
294 4455 471 4542 Numquid,
497 4456 524 4519 si
548 4477 665 4542 corpus
683 4466 715 4520 et
730 4456 922 4541 sanguinem
939 4453 1060 4520 Christi
1083 4478 1149 4520 uon
1172 4455 1357 4538 conficiunt,
1381 4454 1456 4520 ideo
1472 4455 1571 4520 nichil
1588 4457 1788 4522 conficiunt?

143 4561 231 4642 Quid
253 4563 353 4648 igitur
376 4561 577 4626 conficiunt?
617 4562 703 4627 Osee
728 4560 823 4625 dicit:
856 4561 1059 4649 Sacrificium
1090 4586 1195 4626 eoram
1225 4565 1321 4648 quasi
1341 4587 1445 4649 pones
1475 4563 1654 4650 lugentium,
1686 4588 1789 4629 omues
1807 4588 1903 4640 caan

143 4672 201 4754 qui
221 4668 383 4734 concedunt
405 4693 473 4732 eum
504 4670 807 4748 contaminabuntur,
838 4671 914 4754 quia
937 4671 1040 4755 portia
1063 4692 1168 4748 eorum
1198 4671 1302 4734 anime
1333 4672 1472 4755 t'praorum
1504 4694 1565 4734 aon
1596 4672 1727 4735 intrabit
1755 4673 1789 4734 ia

98 4776 266 4839 rodomum
290 4774 432 4840 Domini.
480 4774 607 4861 Esayas
631 4795 760 4860 quoque
784 4773 960 4838 adventum
985 4772 1107 4839 Christi
1128 4773 1327 4860 prophetans
1350 4775 1435 4837 inter
1458 4785 1589 4839 caetera
1611 4775 1788 4860 gratiarum

142 4902 287 4962 munera,
316 4901 379 4966 que
409 4881 558 4966 promisit
586 4881 621 4944 in
644 4879 822 4944 adveutum
847 4878 968 4944 Christi
998 4879 1201 4967 complenda,
1233 4879 1267 4943 id
1297 4879 1417 4945 adiecit
1447 4879 1576 4945 dicens:
1607 4882 1734 4947 Iuravit
1755 4885 1789 4947 iu
1809 4909 1838 4948 ιι.
1847 4907 1880 4958 n,
1889 4909 1909 4949 s.

143 4987 270 5050 deutera
292 5011 351 5050 oua
374 5001 403 5052 et
425 4990 459 5051 ia
482 4988 610 5052 brachio
627 4987 838 5075 fortitudinis
860 5011 945 5067 suae,
969 4988 1129 5052 sidedera
1153 4990 1291 5051 triticum
1310 5001 1398 5050 tuum
1422 4989 1507 5052 ultra
1523 4991 1625 5054 eibum
1649 4991 1790 5054 inimicia

143 5095 205 5157 aare
234 5107 271 5173 et,
301 5095 333 5157 ai
358 5094 494 5158 biberint
522 5095 626 5158 alieni
652 5097 759 5158 uinum
783 5107 879 5174 mum,
911 5096 944 5156 iu
974 5117 1035 5178 quo
1066 5095 1227 5172 laborasti,
1258 5095 1335 5177 quia
1364 5095 1424 5178 qui
1450 5097 1677 5182 conprepaiuut
1706 5094 1793 5159 illud

143 5198 301 5263 comedent
322 5212 350 5263 et
372 5199 547 5263 laudabunt
569 5199 742 5264 Dominum
765 5214 794 5264 et
815 5201 874 5284 qui
894 5200 1119 5285 comportabunt
1141 5198 1227 5263 illud
1255 5200 1358 5263 bibent
1386 5201 1421 5264 iu
1444 5202 1539 5265 atriis
1561 5203 1679 5266 saneah
1701 5203 1787 5265 mem.

96 5327 124 5365 u
142 5303 361 5368 leronimus2:
402 5305 556 5370 Triticum
587 5321 615 5371 et
644 5308 766 5386 einum,
798 5307 885 5370 cibus
908 5304 1093 5386 Iudeorum,
1124 5329 1237 5392 corpas
1269 5303 1392 5370 Christi
1417 5308 1647 5394 sipaifleubaat.
1702 5307 1790 5374 Uada
1809 5333 1929 5382 rosam

250 5500 276 5566 a)
297 5502 395 5555 Abhinc
413 5504 484 5556 uerba
502 5505 640 5570 scripturae
657 5521 742 5556 merae
760 5504 849 5555 litteris
867 5512 965 5555 tautum
983 5505 1122 5578 initialidsu
1139 5505 1280 5571 siccantur.

254 5665 282 5736 l)
308 5663 510 5726 Commentis
536 5665 606 5726 Osee
628 5667 669 5739 11,
694 5687 716 5725 c.
735 5668 764 5738 l,
789 5667 831 5726 ed.
856 5667 1014 5725 Volturcius
1036 5667 1083 5738 VI,
1108 5669 1158 5725 eol.
1177 5667 1205 5724 8.
1327 5667 1358 5738 2)
1391 5666 1480 5733 Quem
1503 5668 1592 5726 hicum
1621 5669 1702 5746 apud
1721 5667 1790 5726 Hie-

145 5789 290 5844 rouymum
312 5793 369 5830 aaa
392 5773 514 5832 inveniri
537 5773 660 5834 Sdralelr
682 5773 796 5832 monuit.
