4478 6396
651 384 845 440 EPISTOLA
868 383 923 439 AD
947 384 1224 441 INNOCENTIUM
1248 385 1391 440 PAPAhl.
1791 377 1854 439 207

308 573 341 638 S.
377 571 482 636 Nimis
506 571 586 636 dure
611 594 662 634 me
687 573 804 657 tangis,
829 582 862 636 et
885 571 1131 658 supramodum
1148 583 1286 636 tuumte
1305 571 1465 636 extendis.
1501 571 1586 635 Nam
1610 572 1637 634 si
1661 572 1754 634 iuxta
1776 570 1856 635 illud

197 679 378 764 capitulum
401 700 509 765 papae
534 677 702 742 Paschalis
734 679 886 764 sacrilegi
917 689 991 742 sunt
1019 680 1075 764 qui
1099 678 1278 742 aecclesias
1305 677 1498 763 regulariter
1522 678 1663 742 ordinari
1695 700 1760 742 non
1783 701 1855 765 per·

197 786 340 866 mittunt,
365 785 433 867 sed,
458 797 494 848 nt
516 797 552 849 tu
575 786 685 866 sentis,
710 786 872 850 iusticiam
896 785 962 849 Dei
985 785 1019 848 in
1042 785 1207 848 iniusticia
1230 785 1386 866 detinent,
1412 784 1488 849 dum
1512 785 1673 848 iusticiam
1696 783 1855 869 regularis

198 893 268 957 site
292 891 471 979 procedere
495 891 679 978 prohibent,
707 892 805 978 plena
829 903 878 956 cst
901 892 1063 956 aecclesia
1086 891 1264 977 sacrilegis,
1297 893 1423 977 ipsique
1447 903 1557 977 patres
1580 891 1677 955 valde
1702 891 1855 979 culpandi

165 1021 181 1059 s
200 1011 276 1062 sunt
300 1001 357 1085 qui
381 1009 515 1068 actenus
540 1000 617 1064 talia
640 1001 867 1087 permiserunt.

308 1106 346 1170 R.
384 1106 460 1188 Qui,
485 1129 574 1191 rogo,
598 1107 735 1192 patres?
760 1106 892 1192 etquid
917 1105 1158 1193 permiserunt?

309 1212 342 1277 S.
378 1213 540 1299 Tempore
564 1213 734 1277 Ludewici
757 1215 843 1297 regis
869 1223 1091 1277 convenerunt
1115 1213 1261 1298 episcopi
1285 1223 1318 1275 et
1341 1212 1463 1292 clerici,
1492 1223 1525 1276 ct
1549 1211 1664 1276 eodem
1687 1235 1765 1297 rege
1789 1235 1854 1276 me·

199 1318 310 1383 diante
334 1319 465 1406 regulas
489 1319 700 1406 collegerunt,
724 1319 842 1406 quibus
867 1331 899 1384 et
921 1319 983 1384 hoc
1007 1321 1279 1406 interposuerunt,
1303 1318 1391 1404 quod
1414 1317 1529 1382 liceret
1552 1319 1718 1383 canonicis
1742 1319 1854 1382 vivere

199 1427 234 1489 in
258 1426 409 1491 domibus
433 1428 569 1514 privatis
594 1439 626 1492 et
649 1428 789 1514 propriis
801 1431 822 1490 ¹.

152 1556 180 1594 ιο
309 1533 365 1598 ⁴R.
406 1534 478 1598 Hoc
506 1543 564 1615 est,
594 1533 681 1620 quod
706 1535 915 1620 conqueritur
938 1534 1098 1598 Dominus
1129 1555 1188 1618 per
1218 1532 1427 1618 prophetam:
1459 1533 1543 1613 Duo,
1574 1533 1736 1618 inquiens,
1768 1535 1854 1597 ursaia
1873 1517 1988 1622 {gfff

198 1641 280 1726 fecit
287 1643 431 1728 pop-ulus
447 1665 550 1705 uaeas:
573 1667 620 1705 rae
637 1642 1027 1729 derelinque-ruat,plastem
1043 1665 1144 1727 aquae
1162 1644 1262 1721 aicae,
1286 1655 1315 1704 et
1322 1640 1481 1727 foderuut
1502 1641 1569 1704 sibi
1589 1642 1751 1720 occursus,
1775 1665 1854 1725 quaa

198 1750 357 1812 continere
380 1773 442 1812 aaa
467 1749 569 1812 aculem
591 1773 700 1833 aperus.
748 1747 865 1833 Neque
894 1748 981 1811 enim
1009 1747 1136 1811 suffecit
1160 1747 1207 1811 eis
1231 1745 1426 1832 apostolicas
1449 1745 1580 1831 reguilas
1604 1745 1690 1810 clero
1715 1745 1853 1830 auferre,

198 1855 263 1916 nisi
298 1866 523 1939 presumerent
558 1856 691 1940 insuper
725 1854 828 1918 malas
863 1853 993 1940 regulas
1028 1852 1205 1936 fabricare,
1237 1876 1321 1940 quae
1352 1853 1535 1938 comparari
1566 1864 1702 1938 possunt
1732 1874 1853 1938 pravae

199 1961 373 2025 cisternae.
412 1961 463 2024 Tu
486 1982 564 2024 vero
589 1963 667 2024 satis
692 1984 711 2024 a
734 1983 812 2025 vero
837 1961 960 2044 devias,
985 1962 1041 2047 qui
1065 1959 1199 2024 Urbano
1224 1983 1330 2047 papae
1355 1970 1388 2024 et
1410 1961 1555 2045 martyri,
1579 1959 1668 2023 Petri
1692 1959 1853 2046 apostolo·

154 2090 179 2128 rs
197 2090 271 2130 rum
301 2068 458 2153 principis
489 2067 633 2152 legitimo
662 2069 854 2146 successori,
880 2066 1079 2131 obviandum
1102 2077 1199 2154 putas
1224 2068 1415 2132 auctoritate
1439 2066 1608 2130 Ludewici
1632 2067 1702 2130 sive
1725 2065 1853 2130 illorum

199 2175 437 2260 episcoporum,
462 2176 518 2261 qui
542 2197 606 2238 una
630 2196 704 2239 cum
727 2173 781 2238 illo
806 2186 1016 2239 assenserunt
1039 2175 1151 2238 errori.
1198 2174 1313 2260 Neque
1345 2175 1430 2237 enim
1461 2175 1496 2237 in
1518 2173 1646 2237 illorum
1669 2173 1783 2260 regula
1805 2174 1852 2236 in·

198 2282 330 2344 venitur
359 2280 524 2345 distinctio
556 2280 666 2367 aliqua
695 2282 779 2344 inter
802 2281 888 2345 sacri
918 2280 1029 2344 altaris
1052 2281 1217 2345 ministros
1242 2292 1275 2344 et
1297 2280 1439 2366 reliquos
1464 2279 1611 2362 clericos,
1636 2279 1753 2366 quibus
1777 2301 1852 2344 cum

198 2387 396 2452 discretione
419 2399 548 2474 poterat
569 2387 774 2473 Gregoriana
797 2388 853 2452 illa
875 2388 1109 2453 condescensio
1125 2387 1306 2472 Anglorum
1331 2387 1458 2452 clericis
1481 2388 1642 2473 permissa
1665 2388 1851 2452 convenire.

196 2493 242 2557 At
264 2494 353 2558 istud
376 2496 462 2580 regis
487 2495 630 2558 edictum
654 2495 788 2559 confirse
814 2495 854 2560 de
879 2493 1029 2559 omnibus
1054 2495 1181 2559 clericis
1205 2495 1366 2580 prolatum
1390 2493 1437 2557 illi
1461 2493 1568 2558 edicto
1592 2504 1700 2580 potest
1723 2515 1851 2580 compa·

150 2624 177 2662 so
195 2602 271 2682 rari,
298 2624 362 2688 quo
386 2603 516 2688 scripsit
540 2624 599 2665 rex
622 2600 805 2666 Antiochus
837 2603 923 2666 omni
955 2625 1056 2687 regno
1085 2625 1154 2683 suo,
1178 2613 1214 2666 ut
1238 2611 1323 2665 esset
1346 2601 1450 2665 omnis
1481 2599 1621 2687 populus
1644 2624 1737 2664 unus.
1784 2599 1851 2664 Nos

196 2720 305 2774 autem
330 2732 404 2773 cum
427 2708 609 2773 Mathathia
630 2709 737 2795 legem
762 2711 869 2795 potius
895 2732 993 2795 qnam
1018 2731 1128 2795 regem
1152 2707 1309 2773 debemus
1334 2708 1458 2772 audire.

305 2814 338 2880 S.
375 2815 458 2880 Sunt
480 2815 587 2880 adhuc
611 2817 776 2880 autentica
800 2815 948 2899 concilia,
980 2817 1013 2879 in
1038 2815 1156 2902 quibus
1186 2814 1281 2880 nobis
1309 2815 1491 2901 proprietas
1517 2826 1566 2879 est
1589 2816 1759 2902 permissa,
1790 2837 1851 2880 nec

195 2931 305 2986 tamen
336 2923 580 2987 aecclesiastica
609 2922 793 3005 interdicta,
823 2924 901 3010 quin
929 2924 1028 2987 etiam
1051 2945 1071 2986 a
1095 2921 1318 2986 sacerdotibus
1343 2921 1476 2986 valeant
1504 2921 1666 3007 possideri
1688 2943 1754 2985 una
1778 2943 1852 2988 cum

194 3028 460 3115 proprietatibus.
495 3030 632 3114 Legitur
647 3031 682 3094 in
697 3027 928 3115 Cartagincnsi
944 3028 1082 3094 concilio
1100 3052 1172 3116 cap.
1186 3029 1380 3093 xxxma:
1405 3029 1483 3094 Item
1494 3031 1632 3116 placuit,
1652 3045 1686 3093 ut
1700 3031 1851 3115 episcopi,

149 3159 176 3198 ss
188 3138 380 3224 presbyteri,
405 3137 544 3219 draconi,
576 3139 626 3202 uel
647 3140 825 3223 quicunque
849 3139 969 3218 clerici,
1000 3139 1059 3224 qui
1079 3138 1165 3202 ailu'l
1185 3138 1329 3202 hufbcates
1353 3137 1553 3219 ordinantur,
1577 3151 1605 3201 et
1627 3151 1762 3222 tempore
1786 3138 1851 3222 epi-

194 3258 341 3329 scopatus
363 3247 418 3308 sui
438 3268 533 3332 apros
556 3246 606 3308 uel
627 3269 827 3330 quaecuuque
839 3244 962 3330 predia
984 3247 1108 3309 aomiae
1131 3269 1188 3308 suo
1211 3257 1405 3330 comparant,
1428 3258 1578 3329 tauquam
1594 3267 1699 3308 rerum
1715 3244 1851 3308 domiai-

195 3375 306 3413 oarura
331 3353 506 3416 iauasiouis
530 3353 662 3416 crimine
685 3365 855 3432 teneantur,
879 3353 948 3415 uisi
968 3351 1127 3416 admoniti
1147 3354 1182 3415 ia
1198 3352 1350 3416 aecedcsia
1375 3360 1434 3414 θα·
1458 3351 1651 3416 contulerint.
1690 3348 1731 3414 Si
1750 3364 1852 3414 autera

195 3458 278 3541 apsis
294 3459 431 3544 proprie
455 3457 615 3544 uliquidb,
640 3459 690 3522 uel
710 3461 903 3522 eueeau'oue
926 3461 1121 3546 aequatio-rtis
1145 3459 1311 3538 obuenerit,
1328 3459 1463 3545 faciant
1485 3457 1559 3521 rade
1582 3457 1668 3542 qaod
1690 3458 1794 3522 velint.

304 3562 341 3626 R.
378 3561 565 3649 Capitulum
588 3573 775 3650 corruptum
800 3575 832 3628 et
855 3564 940 3628 male
964 3573 1148 3628 truncatum
1163 3563 1337 3650 protulisti,
1361 3564 1447 3629 sicut
1468 3563 1549 3627 illud
1572 3563 1708 3628 forsitan
1731 3565 1764 3632 iu
1781 3564 1850 3649 qui-

149 3693 177 3731 so
194 3667 335 3732 busdam
359 3671 523 3756 excerptis
546 3671 710 3734 invenisti.
749 3670 888 3757 Perlege
904 3671 1067 3756 integrum
1083 3670 1325 3755 Kartaginense
1350 3669 1534 3752 concilium,
1559 3681 1591 3734 et
1613 3670 1761 3734 invenies
1784 3669 1850 3734 illic

195 3776 243 3840 ita
258 3753 471 3840 diffinitdmt:
497 3777 538 3842 Si
551 3793 654 3842 autam
674 3780 755 3864 apsis
763 3781 902 3865 proprie
926 3779 1056 3864 aliquid
1078 3779 1267 3842 liberalitate
1290 3778 1429 3842 alicuius
1453 3777 1504 3840 cel
1524 3780 1715 3842 suecauoue
1739 3802 1850 3865 coqua-

196 3886 293 3948 tiouis
316 3885 482 3964 abusae-rit,
505 3885 640 3971 fueraut
668 3885 743 3949 inde
774 3886 860 3970 quod
882 3910 987 3949 carrum
1004 3887 1171 3972 proposita
1200 3887 1350 3972 coagruit.
1401 3882 1495 3960 Quod
1515 3886 1548 3947 si
1568 3909 1588 3947 a
1611 3907 1667 3948 sao
1684 3887 1850 3971 proposito

197 4005 367 4054 retrorsum
390 3991 643 4072 acerbitaveriut,
674 3991 788 4056 doaore
811 3993 1042 4056 aecclesiastico
1066 4007 1216 4078 tauquam
1238 3994 1370 4078 reprobi
1390 3993 1521 4080 indigui
1542 3993 1729 4058 iudicentur.
1776 3991 1849 4056 Hoc

197 4106 305 4159 autem
321 4095 500 4184 capitulum
517 4119 591 4161 cum
608 4097 648 4161 de
665 4097 714 4161 his
739 4108 816 4183 agat
840 4099 896 4184 qui
919 4097 999 4162 nihil
1022 4097 1180 4163 habentes
1198 4097 1399 4182 ordinantur,
1424 4101 1552 4186 sintque
1577 4098 1657 4162 nihil
1679 4097 1849 4180 habentes,

150 4227 177 4266 aa
197 4225 278 4288 quos
301 4225 463 4291 pauperes
487 4203 565 4268 fecit
591 4215 648 4268 aut
670 4205 824 4267 nativitas
856 4215 911 4268 aut
934 4204 1094 4288 voluntas,
1125 4206 1246 4269 rectius
1277 4226 1375 4290 agere
1406 4205 1597 4291 intelligitur
1619 4205 1659 4270 de
1683 4204 1744 4286 his,
1769 4227 1850 4291 quos

196 4308 346 4373 voluntas
377 4321 433 4374 aut
462 4320 610 4375 sanctam
640 4312 843 4396 propositum
872 4310 951 4376 fecit
981 4334 1154 4398 pauperes,
1186 4335 1283 4398 quam
1314 4312 1356 4376 de
1386 4311 1452 4393 his,
1483 4335 1564 4398 quos
1595 4313 1773 4378 necessitas
1797 4311 1849 4376 vel

196 4417 350 4480 nativstm
373 4418 482 4504 posuit
504 4418 590 4482 inter
612 4416 693 4481 nihil
716 4416 883 4500 habentes,
908 4417 1031 4482 nullum
1055 4430 1163 4482 tamen
1179 4421 1380 4505 propositum
1403 4418 1485 4482 nihil
1507 4417 1651 4483 habendi
1674 4418 1848 4500 habentes;

195 4523 344 4608 precepit
368 4524 464 4605 enim,
495 4546 536 4588 ne
560 4523 602 4588 de
626 4523 689 4587 sibi
713 4523 946 4589 accedentibus
970 4523 1068 4589 rebus
1098 4525 1222 4612 aliquid
1252 4536 1352 4611 agant
1382 4536 1497 4590 contra
1520 4549 1614 4590 suum
1638 4526 1849 4613 propositum,

196 4628 285 4716 qnod
307 4630 366 4692 vix
388 4631 493 4716 aptari
516 4641 623 4716 potest
645 4653 711 4694 non
726 4629 922 4695 habentibus
946 4630 1079 4717 aliquod
1103 4633 1284 4696 sanctitatis
1308 4633 1519 4719 propositum.
1566 4632 1627 4696 Est
1650 4644 1758 4697 autem
1781 4631 1849 4696 lau-

150 4761 178 4800 so
196 4735 305 4800 dabile
336 4735 520 4824 presbyteri
552 4738 754 4823 propositum
784 4760 803 4802 a
833 4736 985 4824 prudenti
1015 4739 1086 4802 viro
1116 4739 1277 4824 Prospero
1312 4738 1362 4802 his
1393 4737 1504 4803 verbis
1540 4738 1847 4825 comprehensum⁴z

197 4843 363 4924 Sacerdos,
386 4845 502 4931 inquit,
527 4847 582 4910 cui
602 4845 848 4931 dispensationis
871 4870 948 4911 cura
972 4849 1137 4911 commissa
1162 4861 1214 4925 est,
1238 4871 1300 4910 aaa
1322 4848 1423 4910 sotum
1445 4849 1514 4912 siue
1538 4847 1720 4932 cupiditate,
1743 4846 1801 4910 sed
1822 4860 1850 4910 et

196 4953 262 5014 iam
285 4975 354 5014 cam
379 4951 473 5015 diade
489 4953 623 5038 pictatis
645 4954 764 5037 acepta
785 4979 804 5016 a
822 4954 945 5038 populo
974 4953 1190 5039 dispensanda
1214 4968 1243 5017 et
1257 4954 1401 5040 fideliter
1425 4953 1588 5039 dispensat
1611 4956 1761 5039 “accepta
1792 4955 1851 5038 qui
1868 4979 1927 5020 us.

197 5059 303 5121 oaruia
336 5082 395 5122 stra
428 5068 503 5122 aautc
538 5058 670 5143 reliquit
706 5073 761 5122 out
794 5060 963 5124 aecclesiae
997 5061 1089 5124 rebar
1123 5060 1288 5140 adiu-usit,
1323 5075 1352 5124 et
1383 5085 1415 5124 se
1450 5063 1484 5124 ia
1514 5083 1642 5124 raumara
1666 5084 1847 5146 pauperum

193 5167 392 5249 paupertatis
426 5189 532 5230 aurore
567 5168 737 5244 sustituit,
773 5168 818 5230 ita
849 5180 882 5229 ut
912 5166 993 5230 'raude
1018 5168 1217 5252 pauperibus
1247 5168 1466 5231 subministrat
1497 5167 1572 5233 iude
1601 5170 1670 5253 ipse
1700 5181 1849 5252 teruqruara
1885 5169 1890 5179 '

151 5295 177 5334 a
189 5295 318 5356 pauper
341 5271 538 5336 aot-auarus
562 5253 657 5336 uacat}
703 5271 899 5336 Huiusmodi
924 5295 1001 5357 ergo
1025 5271 1228 5358 presbytero,
1253 5296 1327 5336 cum
1352 5274 1393 5337 sit
1416 5271 1551 5336 inbono
1575 5273 1751 5359 proposito,
1776 5294 1848 5358 pre-

303 5466 329 5530 a)
351 5471 470 5520 demissa
487 5471 547 5521 add.
563 5473 635 5522 (buc.
709 5469 737 5534 b)
761 5471 927 5522 liberalitate
948 5471 1065 5522 alicuius
1083 5472 1144 5522 add.
1160 5474 1233 5524 thare.
1306 5471 1332 5536 c)
1354 5475 1516 5539 parentibus
1534 5473 1679 5524 uddPam.

306 5630 335 5708 l)
353 5631 402 5706 Os.
415 5635 462 5690 De
478 5634 586 5713 edificio
597 5634 655 5692 Dei
671 5655 692 5692 c.
708 5635 759 5706 50,
776 5655 866 5712 supra
877 5656 910 5711 p.
924 5636 996 5693 165.
1056 5635 1086 5706 2)
1106 5635 1190 5694 Cous.
1206 5635 1343 5714 Carthaq.
1361 5636 1419 5709 III,
1436 5657 1458 5694 c.
1474 5636 1525 5708 32,
1544 5637 1645 5695 Massi
1660 5637 1716 5708 III,
1734 5639 1784 5695 col.
1795 5635 1846 5693 72.

198 5739 228 5810 3)
239 5740 313 5798 laid.
374 5741 405 5812 4)
417 5741 477 5799 Iole.
489 5741 596 5800 Iuliani
607 5741 732 5800 Ponterii
743 5744 777 5800 de
788 5743 853 5800 Vita
865 5741 1018 5819 Contempl.
1031 5743 1071 5814 II,
1083 5763 1106 5800 c.
1116 5743 1128 5799 1
1138 5744 1166 5815 1,
1180 5744 1319 5820 Hesperi
1328 5742 1402 5821 Opp.
1414 5739 1523 5820 (Puris.
1533 5744 1591 5800 171
1601 5739 1641 5820 1),
1655 5763 1723 5820 app.
1735 5745 1785 5801 col.
1796 5743 1846 5799 33.
