4544 6420
336 658 364 697 *1.
373 658 419 697 136.

266 3539 424 3583 evacuata.

268 4465 425 4565 Bassidina.

440 441 482 504 98
785 447 959 503 ARNULFI
983 443 1177 501 SAGIENSIS
1202 417 1494 499 ARCHllllacoru
1517 446 1741 502 INVECTIVA.

440 636 585 699 favorem
609 633 786 720 probabilis
810 635 878 697 vita
902 632 1060 712 conciliet,
1086 632 1302 718 gerendorum
1328 631 1528 697 'facultatem
1553 635 1690 697 scientia
1714 634 1869 712 conferat,
1894 644 1927 696 et
1949 633 2088 696 nominis

440 739 628 805 celebritate
653 741 740 805 clara
764 753 970 826 comparetur
990 741 1174 804 auctoritas.
1212 738 1333 820 Quales
1358 763 1399 804 ex
1424 739 1484 804 hoc
1508 742 1579 826 ipso
1604 763 1737 804 numero
1762 751 1945 826 promptum
1970 752 2019 802 est
2041 741 2088 803 in·

440 849 554 912 veniri.
603 847 684 928 Quis
715 849 801 912 enim
833 871 894 933 ego
926 870 1006 928 sum,
1039 849 1094 933 qui
1124 869 1287 932 preponar
1317 847 1560 933 episcopis?⁸·1
1607 846 1689 927 Quis
1714 869 1774 931 ego
1799 869 1880 926 sum,
1913 845 1972 910 sub
1997 848 2088 910 citius

440 953 572 1018 arbitrio
596 977 704 1018 renim
729 977 854 1018 summa
874 954 1046 1018 versetur?
1095 953 1186 1033 Quis,
1210 955 1353 1040 inquam,
1379 976 1440 1038 ego
1465 976 1545 1030 sum,
1571 976 1667 1039 quem
1691 975 1811 1039 papam
1833 953 1937 1016 Roma
1961 953 2087 1032 salutet,

441 1063 495 1148 qui
519 1084 583 1124 non
608 1063 692 1125 inter
714 1063 835 1146 primos
860 1061 1039 1139 dumtaxat,
1065 1060 1122 1124 sed
1147 1061 1246 1124 etiam
1269 1061 1445 1146 primorum
1470 1061 1592 1146 primus
1616 1059 1788 1146 assigner?
1834 1060 2008 1145 Indignum
2034 1061 2120 1145 quis

440 1167 577 1253 preficit,
602 1168 704 1232 afficit
726 1169 845 1232 iniuria
869 1167 1081 1253 dignitatem'.

548 1275 641 1338 Talia
665 1275 827 1339 dicentem
852 1285 884 1338 et
908 1274 1013 1338 adhuc
1038 1274 1199 1338 dictamum
1214 1273 1364 1360 phirima,
1390 1275 1417 1338 si
1440 1273 1562 1354 liceret,
1587 1273 1648 1338 hoc
1666 1295 1813 1338 sermone
1831 1284 1921 1338 cetus
1938 1275 2089 1337 assisten-

440 1383 520 1446 tium
544 1381 734 1467 desperatus
759 1382 905 1466 excepit:
932 1381 1198 1444 ‘Excusationum
1215 1379 1387 1466 dispendia
1402 1380 1583 1467 perieulum
1606 1381 1777 1444 imminens
1802 1393 1833 1444 et
1857 1380 2010 1444 articulus
2034 1403 2089 1444 ne·

441 1489 601 1551 cessitatis
626 1487 779 1552 excludit.
817 1488 888 1554 Stat
912 1489 1054 1552 enimin
1079 1487 1205 1550 insidiis
1229 1486 1278 1551 leo
1303 1499 1435 1574 paratus
1460 1487 1501 1550 ad
1517 1487 1683 1573 praedam,
1709 1489 1925 1568 occasionem,
1951 1489 2034 1552 sicut
2058 1501 2089 1550 et

441 1595 510 1679 ipse
534 1594 628 1674 nosti,
660 1593 854 1680 prestolatus
878 1618 898 1658 a
920 1617 1031 1680 puero,
1061 1595 1152 1658 cuius
1177 1595 1203 1657 si
1227 1617 1291 1658 non
1316 1595 1525 1680 preveniatur
1549 1593 1699 1676 assultus,
1731 1595 1758 1657 si
1782 1617 1846 1658 non
1869 1595 2009 1679 impetus
2033 1591 2089 1656 ob·
2110 1619 2136 1657 ιο

442 1700 605 1780 tundatur,
630 1700 719 1765 nulla
742 1703 806 1765 iam
830 1700 988 1765 libertatis
1013 1724 1097 1787 spes,
1122 1700 1210 1765 nulla
1226 1723 1357 1786 prorsus
1374 1701 1551 1764 honestatis
1568 1700 1741 1786 disciplina
1756 1700 1957 1786 relinquitur.
1997 1699 2089 1764 Anti-

442 1829 506 1893 qua
529 1808 688 1872 ecclesiae
713 1808 879 1872 Romanae
905 1808 1045 1894 dignitas
1069 1807 1198 1888 occidit,
1223 1808 1324 1892 ipsius
1348 1806 1452 1892 gloria
1476 1818 1691 1871 commutatur
1714 1805 1899 1893 opprobrio,
1925 1817 1957 1870 et
1980 1806 2089 1870 fonni-

442 1913 519 1978 data
543 1916 696 1978 extremis
721 1914 885 1978 hominum
910 1930 1052 2000 potestas
1068 1916 1205 1978 vertitur
1227 1915 1262 1977 in
1286 1925 1514 1999 contemptum.
1563 1912 1598 1978 Si
1623 1915 1708 1977 enim
1733 1927 1781 1978 est
1805 1913 1868 1992 ille,
1893 1915 1976 1978 sicut
2000 1913 2089 1998 equi—

443 2019 516 2085 dem
541 2033 598 2102 est,
624 2023 692 2085 vita
716 2020 967 2106 contemptibilis
992 2033 1023 2085 et
1047 2020 1186 2107 pollutus
1211 2020 1355 2100 infamia,
1386 2030 1495 2100 restat,
1527 2021 1583 2084 utb
1609 2031 1827 2106 contemptum
1852 2031 1994 2106 potestas
2018 2022 2089 2106 ipsa

443 2128 613 2192 contrahat
636 2151 677 2192 cx
701 2150 850 2214 persona.
899 2127 980 2208 Quis
1004 2129 1090 2192 enim
1115 2126 1219 2192 bonus
1243 2126 1376 2191 subesse
1400 2150 1465 2190 non
1482 2139 1611 2191 recuset
1634 2127 1772 2191 infami?
1820 2127 1901 2207 Quis
1926 2127 1968 2191 ad
1990 2127 2088 2191 hone-
2111 2152 2136 2190 rs

443 2245 558 2298 statem
583 2235 722 2300 coartari
745 2235 974 2298 inhonestioris
999 2233 1132 2298 arbitrio
1157 2257 1221 2299 non
1244 2233 1388 2298 refutet?
1436 2234 1471 2298 Si
1496 2245 1603 2298 autem
1628 2234 1730 2298 honor
1755 2235 1832 2297 ‘istc
1856 2235 1916 2297 rite
1942 2233 2089 2298 deferen-

442 2341 501 2405 dus
533 2355 582 2405 est
612 2341 761 2427 digniori,
793 2341 938 2426 profecto
969 2341 1056 2427 apud
1086 2363 1197 2404 omnes
1228 2340 1425 2405 infinitorum
1457 2342 1627 2404 criminum
1650 2341 1740 2404 Petri
1770 2341 1907 2426 prelatio
1931 2364 1989 2404 nos
2014 2364 2088 2405 con·

442 2447 606 2534 dempnat.
653 2449 838 2534 Arguernur
868 2448 1019 2512 nimirum
1051 2447 1090 2511 de
1114 2446 1207 2511 nobis
1232 2448 1376 2534 turpiora
1400 2448 1550 2528 confessi,
1583 2469 1680 2533 quam
1707 2447 1747 2510 dc
1772 2449 1841 2532 ipso
1866 2447 1954 2510 fama
1978 2447 2088 2532 vulga-

442 2555 534 2636 verit,
566 2556 594 2618 si
617 2555 710 2619 vobis
734 2555 803 2641 ipse
828 2555 921 2642 quasi
946 2555 1074 2640 dignior
1097 2554 1285 2618 antefertur.
1331 2553 1545 2618 Estimabitur
1573 2555 1670 2618 etiam
1699 2577 1764 2617 non
1788 2552 1959 2639 displicere
1984 2553 2088 2634 nobie,

442 2661 529 2748 quod
552 2685 612 2726 nec
636 2663 670 2725 in
694 2661 793 2725 altero
817 2660 1130 2747 nondampnamus,
1162 2660 1220 2724 sed
1245 2673 1276 2724 et
1300 2662 1494 2725 sustinentes
1519 2662 1642 2724 crimen
1666 2683 1843 2724 consensus
1867 2661 2032 2726 incurrero
2057 2677 2089 2726 et
2109 2685 2136 2724 so

442 2769 489 2832 rei
516 2769 652 2832 veritate
684 2778 715 2831 et
746 2768 983 2832 existimatione
1014 2766 1145 2854 publica
1176 2769 1416 2832 convincemur.
1463 2767 1548 2846 Fuit,
1580 2767 1641 2830 fuit
1671 2767 1828 2830 hactenus
1859 2767 1918 2831 hec
1942 2767 2088 2831 Romana

443 2875 583 2939 ecclesia
606 2887 704 2960 caput
728 2873 824 2956 orbis,
855 2897 955 2960 penes
980 2897 1077 2961 quam
1102 2876 1363 2938 constantissima
1384 2875 1477 2956 fidos,
1509 2897 1660 2960 suprema
1684 2883 1838 2959 potestas,
1866 2873 2017 2938 honestas
2041 2877 2088 2938 in-

443 2980 681 3068 comparabilis,
713 2983 907 3046 inconcussa
937 2983 1103 3062 severitas,
1135 2982 1351 3067 gerendorum
1382 3005 1508 3046 summa
1538 2981 1689 3046 discretio
1722 2993 1753 3044 et
1781 2992 1857 3044 nota
1887 2983 1945 3044 toti
1969 2982 2089 3046 mundo

442 3091 546 3176 pietas
562 3090 730 3173 viguisset,
754 3088 824 3170 fuit,
848 3089 991 3174 inquam,
1016 3088 1076 3152 fuit
1099 3087 1159 3152 hec
1184 3088 1259 3152 olim
1279 3101 1383 3152 terror
1406 3087 1571 3174 improbis,
1595 3087 1689 3152 bonis
1712 3089 1747 3151 in
1763 3087 1993 3173 tranquillitate
2018 3112 2088 3174 pre-

444 3197 571 3276 sidium,
602 3197 635 3259 in
665 3197 859 3260 necessitate
889 3195 1051 3280 refugium
1082 3195 1256 3280 singulare,
1288 3197 1422 3259 acuius
1445 3196 1630 3281 integritate
1655 3196 1795 3258 minores
1819 3195 1978 3259 ecclesiae
2002 3197 2088 3259 vires
2109 3221 2135 3259 ss

444 3314 606 3367 sumerent
637 3312 669 3366 et
698 3302 787 3366 velut
818 3300 858 3365 ab
889 3301 981 3366 illeso
1013 3303 1119 3388 capite
1151 3301 1297 3366 membra
1328 3303 1439 3365 sarreia
1474 3325 1552 3365 suae
1583 3303 1771 3365 sortirentur
1806 3302 1901 3364 initia
1931 3303 2088 3366 sanitatis.

443 3411 538 3474 Nilne
570 3420 678 3473 autem
708 3410 807 3473 instat
837 3421 868 3472 et
891 3433 911 3472 a
933 3409 997 3472 fide
1029 3409 1185 3473 discessio
1217 3420 1270 3472 et⁰
1302 3409 1455 3494 antiquae
1487 3407 1642 3472 desolatio
1674 3409 1852 3494 potestatis,
1884 3421 1915 3472 et
1947 3411 2088 3473 omnium

443 3516 601 3580 bonorum
625 3517 694 3580 eius
719 3539 814 3580 casus
837 3516 1027 3580 manifestus
1051 3527 1196 3602 apparet,
1222 3515 1298 3580 dum
1323 3518 1410 3580 laonio
1428 3519 1563 3602 Isocrati,
1584 3516 1779 3602 perditionis
1795 3517 1900 3602 filiae,
1925 3519 2089 3593 rerelotar,

446 3640 477 3688 ut
506 3617 687 3688 edocuistis·
718 3638 746 3688 et
775 3625 901 3688 extollat
930 3649 961 3688 se
991 3648 1090 3709 supro
1122 3649 1219 3704 oritas,
1250 3624 1336 3709 quod
1365 3623 1483 3687 dt'citor
1507 3623 1607 3702 Iloua,
1639 3638 1694 3687 arat
1723 3623 1809 3707 quaid
1838 3624 1960 3692 coldra.
1994 3639 2027 3686 ut
2058 3627 2090 3688 ia

444 3732 556 3816 templo
586 3730 652 3794 Da·
679 3730 784 3794 sedeat
813 3731 973 3794 osteadens
1002 3755 1048 3810 sc,
1080 3733 1176 3815 quasi
1204 3734 1271 3817 ipse
1300 3733 1342 3794 sit
1369 3730 1463 3794 Deos.
1512 3727 1669 3814 Apostolo
1700 3729 1809 3813 itaque
1840 3729 2011 3792 manifeste
2043 3730 2089 3794 di·
2110 3755 2136 3794 aa

445 3847 549 3917 cente,
582 3837 817 3921 cognoscimus,
849 3837 1002 3922 quoniam
1025 3835 1077 3900 vel
1108 3837 1177 3922 ipse
1208 3837 1415 3900 antichristus
1447 3848 1504 3917 est,
1536 3836 1588 3899 vel
1620 3837 1653 3898 in
1683 3837 1753 3921 ipso
1785 3833 1878 3898 nobis
1910 3836 2090 3900 antichristi

445 3954 591 4028 tempora
614 3955 838 4028 preparantur,
865 3944 970 4007 ‘cuius
994 3943 1081 4006 idem
1105 3942 1313 4029 preambulas
1338 3955 1370 4006 ct
1393 3943 1540 4006 minister
1563 3943 1700 4026 emergit
1710 3948 1731 4005 2.
1777 3941 1866 4006 Ecce
1892 3944 1987 4018 enim,
2012 3945 2089 4006 iam-

445 4051 509 4114 iam
532 4050 719 4113 intrusionis
744 4071 821 4112 suae
846 4059 1013 4134 comparat
1035 4049 1209 4130 adiutoreS,
1235 4061 1267 4112 et
1291 4051 1475 4135 conspirata
1499 4051 1532 4113 in
1557 4048 1696 4113 ecclesia
1718 4048 1782 4112 Dei
1807 4049 1906 4112 factio
1931 4072 2090 4115 convoca-

445 4169 506 4236 tur,
538 4179 634 4240 quam
665 4155 712 4219 illi
742 4178 855 4240 genus,
885 4157 1040 4242 potentia,
1071 4155 1209 4241 largiti0,
1240 4157 1470 4242 promissiones
1495 4171 1527 4220 et
1551 4156 1709 4220 scelerata
1739 4155 1860 4218 dudum
1889 4158 2091 4221 coniuratio³

445 4262 615 4326 federavit.
661 4262 843 4326 Destitutas
867 4273 995 4347 pastore
1019 4262 1113 4348 lupus
1138 4285 1215 4326 oves
1240 4262 1428 4347 aggreditur
1451 4275 1483 4326 et
1507 4285 1643 4326 vacuam
1664 4262 1775 4326 sedem
1791 4264 1914 4348 primus
1938 4277 2091 4349 properat
2110 4289 2136 4327 as

445 4391 612 4455 usurpare,
644 4369 740 4455 quod,
772 4367 946 4454 subrogato
970 4379 1109 4454 pastore,
1140 4391 1327 4455 presumere
1352 4369 1486 4433 forsitan
1508 4368 1581 4433 'non
1605 4369 1749 4432 auderet.
1796 4369 1869 4434 Non
1901 4372 1996 4452 enim,
2027 4373 2090 4434 nisi

446 4500 519 4540 cum
536 4475 629 4540 abest
644 4476 785 4562 Moyses,
805 4475 925 4539 vitulus
949 4474 1106 4539 conflatur
1130 4498 1148 4539 a
1172 4475 1324 4561 populo‘l.
1360 4475 1413 4539 Ad
1437 4475 1524 4561 quod
1548 4489 1656 4539 tamen
1681 4477 1707 4538 si
1731 4477 1835 4561 ipsum
1854 4489 1968 4562 postea
1991 4492 2089 4541 teme-

446 4584 523 4646 ritas
547 4582 718 4646 ambitiosa
746 4582 962 4668 compelleret,
995 4581 1117 4661 saltem,
1149 4605 1246 4668 quem
1271 4593 1470 4668 sequeretur,
1501 4582 1605 4646 fidelis
1629 4581 1767 4668 populus
1791 4584 1961 4664 inveniret,
1994 4607 2091 4670 super

446 4712 508 4775 quo
533 4712 718 4776 supremum
747 4688 809 4752 sibi
838 4690 872 4752 in
895 4700 926 4752 te
952 4689 1117 4752 constituit
1147 4689 1286 4752 ecclesia
1317 4699 1429 4752 sancta
1455 4689 1640 4768 consilium,
1672 4699 1707 4752 ut
1737 4702 1792 4752 tua
1823 4701 1954 4775 regatur
1983 4693 2090 4776 provi-

446 4795 564 4878 dentia,
589 4809 643 4860 tuo
668 4797 833 4860 annitente
852 4794 968 4876 studio,
993 4793 1157 4860 liberetur.
1194 4794 1285 4859 Aluit
1308 4796 1388 4860 haec
1413 4806 1455 4876 te,
1480 4808 1513 4859 et
1536 4818 1610 4858 cum
1633 4798 1667 4859 in
1684 4795 1792 4881 aliquo
1817 4798 1863 4859 tui
1888 4821 1952 4860 non
1969 4809 2089 4881 egeret.
2110 4827 2136 4864 ao

447 4904 586 4989 excepit,
606 4915 642 4966 ut
665 4903 698 4965 in
714 4924 839 4965 summa
863 4901 1093 4988 tranquillitate
1119 4903 1184 4965 suis
1209 4902 1363 4966 educaret
1387 4901 1542 4966 uberibus
1568 4913 1600 4966 et
1622 4904 1753 4988 proprio
1778 4903 1904 4967 foveret
1927 4903 2089 4990 amplexu.

553 5099 578 5162 a)
602 5104 669 5164 Quis
690 5119 712 5152 e.
734 5118 784 5166 ego
803 5119 833 5160 s.,
854 5119 879 5167 q.
898 5120 924 5168 p.
945 5105 1101 5169 episcopis?
1120 5104 1170 5154 des.
1190 5104 1224 5153 D.
1244 5103 1275 5153 P.
1291 5103 1322 5153 G.
1339 5104 1374 5153 W.
1437 5101 1465 5164 bl
1487 5110 1514 5154 et
1534 5105 1567 5153 I).
1588 5103 1618 5153 P.
1636 5105 1671 5153 W.
1727 5101 1752 5166 c)
1775 5111 1805 5154 ut
1825 5105 1858 5154 D.
1914 5105 1942 5166 d)
1965 5104 2089 5172 apostolo

446 5209 508 5242 corr.
527 5209 594 5241 amat.
615 5194 638 5242 2.
659 5209 674 5241 a
694 5191 796 5257 populo
815 5209 836 5241 c.

558 5373 585 5441 1)
612 5371 812 5430 cardinalitas
834 5374 937 5430 scilicet
959 5374 1102 5449 episcopis.
1202 5373 1232 5442 2)
1260 5372 1308 5445 Cf
1333 5395 1423 5450 supra
1441 5395 1473 5449 p.
1492 5375 1543 5444 93,
1559 5375 1587 5430 7.
1692 5374 1721 5444 3)
1750 5373 1798 5446 Cf.
1825 5375 1981 5447 Mausredi
2006 5376 2090 5432 Mea

448 5479 527 5536 tuaai
550 5479 626 5554 epist.
652 5481 669 5535 l.
688 5501 728 5536 c:
752 5481 779 5534 A
795 5487 922 5552 tempore
947 5482 1021 5562 enim
1036 5482 1113 5536 beati
1131 5480 1243 5548 Csdixti,
1266 5489 1299 5536 ut
1323 5484 1421 5538 sedem
1444 5482 1627 5554 apostolicam
1651 5484 1817 5553 attingeret,
1841 5483 1917 5536 nisus
1938 5491 1982 5538 est
1999 5484 2089 5538 cardi-
2110 5502 2136 5540 rs

447 5591 541 5656 noles,
575 5589 721 5659 episcopos
755 5589 917 5644 mutieribus
947 5589 1093 5659 pollicitis,
1128 5589 1272 5644 blanditiis
1307 5591 1476 5644 circueundo
1513 5591 1600 5659 trprrcsd
1631 5609 1683 5660 per
1714 5591 1909 5660 mcrnetipsum
1941 5609 2089 5661 cognosco,

354 5767 357 5772 ,
447 5701 562 5766 rogatus
593 5695 666 5750 eninr
695 5696 731 5750 ab
761 5697 807 5749 illo
836 5702 866 5750 et
889 5713 906 5749 a
929 5694 1062 5749 fratribus
1093 5696 1152 5750 eius
1183 5713 1386 5766 saepenumero
1418 5694 1470 5764 fut)
1502 5705 1531 5750 et
1563 5696 1638 5751 cives
1662 5697 1801 5751 Romanos
1832 5698 2030 5751 (lunationibus
2061 5707 2090 5752 et

448 5803 628 5857 sacramentis
652 5803 843 5857 subvertendo
870 5798 931 5872 [sibi
956 5799 1139 5872 astringor·e];
1168 5800 1352 5858 dlttblbacber
1376 5804 1392 5857 l.
1411 5822 1433 5857 c.
1454 5823 1486 5876 p.
1506 5801 1557 5872 52,
1574 5803 1600 5858 3.
1621 5803 1670 5872 72,
1689 5803 1714 5858 l.
