4410 6406
429 301 493 363 306
721 307 900 363 enaflotfl
923 307 1155 362 PRAEPOSITI
1179 307 1587 364 REICHERSBERGENSIS
1611 307 1778 362 LIBELLI.

344 521 380 570 ψ.
389 519 409 558 1,
430 517 492 581 quc
517 505 592 558 sunt
615 495 648 558 in
671 494 812 576 homine,
837 495 899 557 nisi
924 494 1083 580 sapientia
1106 495 1186 576 eius,
1211 495 1266 580 qui
1290 496 1323 557 in
1347 495 1417 580 ipso
1442 494 1516 558 est?
1563 494 1717 580 Alioquin
1742 495 1856 560 timere
1873 503 1989 580 posset
2007 493 2087 554 ‘ani-

289 623 604 676 0111111110011100
629 602 791 688 ignoranti
815 602 977 688 seipsam
1003 603 1177 665 convenire
1207 601 1287 665 illud
1317 602 1351 664 in
1375 602 1510 666 canticis
1542 602 1758 665 canticorum:
1791 601 1986 688 1119111111
2011 615 2049 680 tc,
2074 624 2090 663 0

423 710 643 795 pulcherrimo
669 711 748 772 inter
764 710 921 788 insultores,
946 709 1090 796 egredere
1114 725 1141 774 et
1163 712 1597 797 (111001110111119119011
1621 724 1649 773 01
1664 733 1763 794 posce
1786 709 1882 773 hedos
1905 722 1975 774 tuos
2002 709 2091 770 irtam

430 817 631 879 hibernacula
649 830 824 901 pastorum.
872 813 916 879 At
942 813 1007 897 ille,
1032 825 1068 878 ut
1090 817 1174 879 nosti
1199 827 1230 879 et
1253 827 1288 880 ut
1311 817 1403 880 novit
1431 817 1487 902 ipa
1518 816 1587 879 eius
1618 815 1727 878 eninm
1750 813 1926 878 celestibus
1951 815 2091 894 intenta,

430 943 494 984 non
518 922 687 986 consuevit
710 920 811 985 hedos
835 944 981 1008 pascere,
1006 921 1064 986 sed
1088 945 1199 1008 agnos.
2111 943 2125 981 a

538 1027 613 1094 Scio
638 1040 670 1092 et
693 1027 793 1092 alium
824 1028 864 1092 de
890 1051 1024 1094 numero
1056 1029 1270 1110 sacerdotum,
1296 1030 1450 1116 quiante
1475 1051 1575 1094 annos
1606 1028 1706 1092 ferme
1732 1029 1850 1092 XXX·
1873 1029 1954 1096 item
1979 1025 2092 1090 adole-

431 1136 573 1198 scentior
603 1135 709 1200 adhuc
740 1147 813 1222 post
843 1147 1017 1200 nocturnas
1048 1135 1184 1200 fratrum
1208 1135 1336 1221 vigilias
1363 1134 1508 1200 crebrius
1539 1137 1572 1198 in
1596 1136 1740 1198 oratione
1771 1134 1956 1221 perdurans
1988 1135 2093 1196 etiam

432 1243 500 1327 ipse
526 1241 656 1306 divinae
688 1243 721 1306 in
746 1265 780 1306 se
805 1243 995 1306 clementiae
1027 1243 1111 1306 inter
1134 1255 1242 1308 cetera
1272 1243 1400 1328 signum
1428 1242 1492 1306 tale
1518 1243 1691 1328 acceperit.
1738 1242 1820 1306 Erat
1843 1253 1916 1327 post
1939 1239 2091 1305 laborem

432 1361 663 1413 nocturnarum
687 1349 871 1434 vigiliarum
896 1349 1012 1412 sedens
1043 1349 1085 1412 ad
1108 1349 1209 1436 pedes
1234 1349 1381 1413 cmcifixi
1413 1351 1446 1412 in
1470 1348 1611 1435 capitulo
1636 1348 1767 1412 claustri
1791 1348 1944 1434 dulcique
1970 1369 2092 1434 sopore

433 1465 611 1541 soporatus,
637 1454 725 1542 quali
750 1477 784 1519 se
808 1457 841 1518 in
865 1457 1000 1519 canticis
1025 1457 1224 1520 canticorum
1256 1479 1374 1544 sponsa
1398 1457 1555 1544 gloriatur
1578 1467 1779 1543 soporatam:
1811 1457 1891 1544 Epo,
1923 1455 2091 1542 inquiens,
2113 1479 2138 1518 10

433 1561 555 1626 dormio
579 1577 607 1626 01
629 1588 682 1626 cor
705 1587 805 1627 0101101
831 1565 951 1650 capitol,
982 1585 1056 1627 cum
1087 1586 1164 1627 ecce
1196 1563 1302 1627 subito
1332 1565 1438 1628 lactus
1469 1576 1518 1628 est
1548 1586 1645 1628 sonus
1676 1562 1716 1626 dc
1741 1563 1810 1627 celo
1840 1575 2001 1648 tanquam
2035 1560 2091 1624 ad-

432 1669 592 1732 venientis
617 1671 749 1756 spiritus
773 1693 830 1733 scu
846 1671 936 1733 venti
952 1669 1163 1752 vehementis,
1189 1671 1243 1756 qui
1268 1671 1385 1734 leniter
1401 1670 1533 1757 quidem
1556 1671 1716 1756 incipiens
1739 1671 1772 1734 in
1789 1670 1892 1733 maius
1917 1691 1956 1732 ac
1982 1670 2092 1732 maius

433 1775 602 1841 crescebat
626 1776 706 1856 loco,
738 1777 771 1840 in
796 1798 859 1862 quo
885 1787 954 1840 erat
978 1776 1104 1858 sedens,
1137 1777 1369 1864 adproximans
1399 1779 1498 1863 inque
1522 1779 1592 1863 ipso
1617 1799 1695 1841 sono
1718 1775 1921 1841 lucidissima
1944 1774 2091 1862 quedam

433 1882 613 1946 substantia
632 1885 725 1968 quasi
748 1883 906 1947 talentum
931 1885 1001 1946 auri
1025 1883 1177 1970 liquentis
1201 1884 1363 1948 fenestrae
1380 1885 1514 1964 sitreac,
1539 1907 1601 1970 que
1626 1885 1726 1970 capiti
1750 1882 1892 1947 sedentis
1917 1893 1988 1948 erat
2014 1905 2091 1946 con-

433 1990 532 2074 tigua,
557 1989 683 2054 fortiter
707 1991 848 2075 impacta
871 2000 920 2054 est
943 2012 1065 2077 perque
1089 1991 1194 2076 ipsam
1219 1991 1404 2072 fenestram,
1433 1992 1558 2076 integro
1583 2000 1793 2077 permanente
1818 1990 1912 2070 vitro,
1937 1990 2093 2074 ingressa
2113 2012 2138 2050 15

433 2098 584 2160 continuo
608 2096 698 2160 velut
728 2097 761 2159 in
791 2095 938 2160 athomos
969 2096 1111 2160 resoluta
1140 2097 1279 2182 replevit
1309 2109 1409 2161 totam
1434 2097 1574 2178 domum,
1599 2095 1655 2160 ubi
1680 2107 1749 2160 erat
1779 2095 1906 2160 sedens.
1954 2095 2092 2159 Deinde

434 2225 491 2288 per
514 2226 609 2288 poros
634 2203 763 2288 corpori
787 2203 929 2267 sedentis
954 2202 1042 2267 illabi
1060 2202 1175 2268 eadem
1192 2204 1286 2290 quasi
1310 2202 1430 2268 nebula
1453 2205 1540 2290 cepit
1563 2205 1634 2290 ipso
1650 2204 1800 2268 nimirum
1817 2202 1901 2267 benc
1926 2204 2091 2267 sentiente

433 2321 465 2374 et
495 2310 633 2394 gratiam
668 2309 880 2395 ingredientis
911 2310 1080 2373 suavitatis
1111 2309 1306 2390 admirante,
1338 2311 1442 2375 donec
1473 2321 1574 2374 totum
1604 2310 1847 2397 receptaculum
1878 2310 2027 2396 corporis
2059 2321 2093 2372 et

432 2416 560 2480 animae
584 2416 668 2480 illius
692 2416 851 2501 repletum
875 2427 924 2480 est
954 2416 1135 2502 eademque
1160 2416 1368 2503 plenitudinis
1399 2419 1504 2502 gratia
1534 2441 1598 2480 non
1622 2439 1723 2504 parvo
1747 2427 1821 2502 post
1843 2427 1991 2503 tempore
2015 2439 2090 2502 per-

272 2547 412 2596 uansaa
433 2523 551 2587 mansit
589 2525 659 2608 ipso
695 2545 804 2586 secum
840 2523 887 2586 rei
922 2535 1074 2586 eventum
1112 2522 1308 2603 admirante,
1348 2525 1431 2588 sicut
1465 2525 1620 2610 scriptum
1657 2535 1721 2587 est:
1760 2539 1789 2588 et
1823 2528 1855 2588 ia
1887 2525 2091 2610 plenitudiue
2110 2546 2137 2584 so

432 2645 540 2694 10110111
570 2631 792 2694 11111111“1αό1“1111.
840 2628 949 2714 Atque
974 2640 1009 2693 ut
1033 2631 1078 2693 ait
1108 2630 1148 2694 dc
1180 2653 1213 2692 so
1238 2630 1392 2694 videlicet
1421 2641 1528 2694 terrae
1560 2630 1744 2717 explorator
1767 2631 1862 2694 Iosue
1894 2632 1960 2694 iam
1992 2631 2089 2694 etatis

285 2762 412 2810 1111111.
433 2759 535 2799 annos
559 2735 682 2800 habens
707 2737 873 2820 octoginta
898 2735 937 2817 V,
962 2737 1115 2822 quoniam
1148 2739 1237 2801 illius
1267 2740 1416 2823 tcnqrorr's
1432 2739 1605 2826 fortitudo,
1637 2738 1762 2823 qumrrdo
1790 2738 1835 2802 od
1856 2738 2088 2824 euplo-randum

433 2846 547 2906 1111011111
562 2869 640 2922 serra,
662 2858 834 2929 prerraanct,
858 2843 973 2929 inquit,
999 2847 1207 2929 1110101100αο
1231 2845 1323 2909 lorlr'e
1347 2860 1410 2909 turm
1433 2845 1478 2909 nd
1500 2846 1679 2909 bellandum
1696 2871 1789 2930 qinom
1806 2845 1851 2908 ad
1862 2845 2088 2931 procidendum,

433 2949 478 3012 ita
502 2948 597 3012 etde
622 2949 683 3013 hoc
707 2949 918 3036 philochriste
938 2949 1047 3014 dicere
1064 2972 1206 3036 possum,
1231 2951 1286 3036 qui
1311 2961 1343 3014 ct
1366 2952 1435 3037 ipse
1460 2949 1502 3013 ad
1519 2950 1752 3036 explorandam
1769 2951 2088 3014 terramviventium

434 3054 545 3120 divina
575 3055 762 3140 dignatione
794 3056 900 3120 taliter
931 3055 1092 3122 admissus
1117 3069 1175 3138 est,
1200 3057 1353 3144 quoniam
1382 3055 1468 3120 illius
1498 3058 1651 3142 temporis
1682 3056 1835 3122 fortitudo
1859 3069 2031 3142 permanet
2053 3059 2088 3120 in
2108 3080 2135 3118 rs

434 3163 504 3249 ipso
528 3185 631 3248 usque
654 3163 751 3227 hodie
775 3175 841 3226 tarn
865 3163 908 3226 ad
930 3163 1117 3229 bellandum
1142 3175 1255 3228 contra
1277 3164 1364 3227 vicia
1387 3163 1439 3228 vel
1462 3165 1602 3228 viciosos
1626 3164 1790 3249 quemad
1813 3163 2031 3249 gradiendum
2054 3165 2090 3226 in

434 3271 606 3334 exerciciis
637 3269 858 3356 spiritualibus
890 3283 923 3335 et
953 3270 1097 3336 ambulat
1127 3293 1229 3356 usque
1259 3269 1366 3334 adhuc
1397 3273 1431 3336 in
1461 3269 1650 3334 fortitudine
1682 3269 1748 3335 cibi
1778 3269 1863 3334 illius
1891 3293 2028 3355 sperans
2052 3292 2088 3335 se

434 3379 532 3441 ctiam
563 3378 596 3439 in
619 3376 761 3440 iutulurn
786 3378 901 3442 eadem
926 3379 1031 3463 gratia
1054 3401 1118 3442 non
1143 3377 1248 3443 deseri
1273 3400 1376 3463 usque
1401 3377 1477 3442 dum
1501 3378 1612 3440 veniat
1642 3376 1684 3441 ad
1707 3389 1848 3441 montem
1872 3377 1946 3440 Dei.
1993 3377 2088 3441 Alius

435 3484 533 3548 etiam
551 3483 683 3570 quidam
699 3484 905 3570 theophilum
922 3484 985 3548 alio
1001 3484 1133 3548 vidente
1158 3496 1190 3548 ct
1213 3485 1248 3547 in
1263 3485 1389 3548 visione
1414 3483 1525 3550 celesti
1549 3483 1729 3549 admirante
1746 3485 1840 3570 quasi
1860 3482 1931 3548 oleo
1949 3484 2087 3566 calente,

435 3590 513 3656 celis
538 3613 635 3676 super
658 3614 732 3655 curn
756 3594 886 3676 apertis,
911 3590 1116 3655 abundanter
1131 3591 1232 3656 effuso
1249 3591 1398 3678 perfusus
1422 3603 1472 3655 est
1494 3592 1629 3677 ipseque
1645 3590 1760 3654 videns
1784 3591 1955 3677 aspergine
1980 3601 2087 3676 guttu-
2109 3614 2135 3652 so

435 3698 561 3762 larumb
585 3699 618 3761 in
643 3720 677 3761 se
701 3721 742 3762 ex
767 3698 868 3762 altero
885 3699 1084 3762 venientium
1109 3722 1174 3762 non
1197 3698 1314 3764 leviter
1337 3709 1385 3768 est
1409 3697 1618 3782 stupefactus.
1665 3697 1708 3761 Et
1731 3720 1833 3783 usque
1857 3697 1953 3761 hodie
1979 3698 2089 3762 fervor

436 3805 541 3868 sancti
571 3804 632 3867 zeli
663 3827 789 3868 necnon
819 3805 925 3888 gratia
955 3804 1120 3868 scribendi
1151 3806 1184 3867 in
1215 3804 1329 3868 eodem
1361 3803 1400 3867 de
1432 3826 1495 3889 quo
1527 3804 1688 3890 loquimur
1718 3803 1882 3890 theophilo
1905 3827 1983 3868 vere
2016 3804 2087 3869 oleo

435 3909 564 3977 leticiae
588 3925 745 3996 peruncto
762 3921 959 3997 perseverat.
994 3911 1087 3974 Idem
1110 3911 1238 3974 furtivis
1262 3909 1413 3997 precibus
1438 3912 1580 3975 intentus
1597 3933 1670 3974 cum
1687 3921 1794 3974 oraret
1810 3913 1965 3996 expansis
1985 3913 2087 3976 mani·

436 4017 496 4082 bus
521 4016 694 4081 dulcedine
717 4016 858 4081 mirabili
874 4017 1025 4102 perinsus
1049 4018 1167 4081 facicm
1191 4041 1282 4082 suam
1307 4019 1352 4081 ita
1376 4017 1550 4082 scintillare
1567 4018 1737 4104 persensit,
1755 4029 1790 4081 ut
1806 4017 2085 4103 quantulumcum-

308 4149 417 4198 01011.
437 4147 500 4210 que
516 4124 589 4188 Deo
614 4123 754 4188 donante
778 4125 943 4208 acceperit
960 4125 1218 4209 experimentum
1234 4124 1363 4188 illarum
1379 4124 1600 4206 scintillarum,
1619 4123 1659 4187 de
1676 4123 1794 4209 quibus
1811 4123 1945 4188 dieitur:
1972 4125 2085 4212 1111190-
2106 4145 2131 4185 as

438 4235 511 4296 1111111
528 4234 606 4296 111011
626 4246 654 4294 01
676 4245 832 4316 trimphum
849 4233 985 4296 scintille
1004 4234 1036 4295 111
1052 4231 1260 4298 harundineto
1277 4232 1462 4296 discurrent.
1498 4231 1580 4296 Item
1592 4236 1619 4294 ¹:
1644 4231 1752 4296 Darsa
1769 4253 1880 4296 eorum
1897 4230 1994 4316 plena
2012 4243 2087 4295 sunt

438 4337 539 4401 oculis
564 4347 595 4400 01
619 4335 756 4400 scintille
780 4359 818 4399 ae
842 4337 1011 4422 lampades
1035 4339 1068 4400 in
1085 4337 1192 4401 medio
1217 4337 1314 4401 dorsi.
1361 4337 1513 4423 Denique
1539 4336 1656 4401 abhinc
1680 4337 1767 4401 idem
1784 4336 2012 4424 philochristus
2028 4339 2086 4401 im-

438 4445 530 4529 piger
552 4443 614 4506 fuit
637 4442 680 4506 ad
696 4442 942 4508 discurrendum
959 4455 990 4508 et
1007 4443 1246 4508 scintillandum
1262 4467 1320 4530 pro
1337 4443 1466 4510 modulo
1483 4466 1540 4507 suo
1556 4445 1590 4506 in
1607 4443 1821 4507 harundineto
1845 4443 1957 4507 muudi
1980 4443 2085 4509 huius.

354 4549 563 4626 ’1111111100
587 4572 646 4635 pro
672 4571 710 4613 eo
734 4548 884 4631 dixerim,
908 4551 996 4637 quod
1020 4561 1052 4614 et
1074 4561 1183 4615 nostro
1207 4563 1352 4636 temporo
1376 4550 1457 4614 tales
1474 4572 1629 4637 personas
1653 4573 1717 4614 non
1735 4549 1848 4615 deesse
1866 4550 2085 4632 'crediderim

438 4679 501 4742 que
518 4655 695 4720 Dominum
712 4656 752 4720 de
770 4658 903 4721 secretis
928 4656 1100 4721 celestibus
1125 4669 1157 4723 et
1180 4658 1412 4743 scripturarum
1435 4657 1612 4742 inpletione
1627 4657 1828 4742 interrogare
1853 4679 1926 4722 cum
1942 4656 2086 4721 Iohanne
2104 4679 2130 4717 10

278 4791 376 4839 aenas,
386 4791 418 4830 11.
439 4763 569 4828 valeant
592 4775 624 4827 01
648 4763 688 4827 de
713 4762 863 4850 qualibus
887 4764 1047 4829 Dominus
1072 4765 1175 4829 dicat:
1207 4791 1280 4830 oum
1311 4765 1411 4829 celare
1435 4779 1546 4850 potero
1569 4765 1744 4844 Abrabam,
1775 4778 1997 4851 perspecturus
2018 4789 2086 4828 suna

438 4873 488 4936 001
509 4862 567 4956 qric
586 4873 760 4958 gesserim?

545 4977 612 5042 Sed
635 4977 714 5063 quid
744 4977 804 5041 hcc
835 4977 877 5042 ad
907 5000 959 5041 me
990 4977 1151 5042 hominem
1181 4978 1312 5062 ingenio
1342 4999 1531 5063 pauperem,
1564 4977 1693 5040 miseria
1723 4974 1872 5058 obsitum,
1903 4977 2088 5061 ignorantia

439 5083 641 5164 obvolutum,
677 5106 824 5150 sermone
855 5083 1011 5148 incultum
1043 5095 1075 5148 et
1103 5083 1222 5148 nullius
1252 5083 1331 5148 mihi
1362 5107 1404 5148 ex
1434 5105 1485 5148 me
1516 5082 1679 5147 facultatis
1710 5094 1743 5148 et
1772 5084 1897 5168 gratiae
1928 5083 2088 5148 eiusmodi

440 5190 631 5255 conscium?
678 5190 763 5254 Num
786 5213 865 5254 vero
893 5191 1013 5254 iccirco
1042 5190 1250 5276 postulationi
1280 5201 1334 5253 tue
1359 5190 1540 5254 detrectare
1565 5188 1679 5272 debeo,
1705 5211 1767 5275 que
1790 5189 1870 5253 mibi
1892 5213 1952 5275 pro
1976 5190 2087 5255 divino
2105 5213 2132 5252 rs

440 5295 538 5362 debet
568 5307 658 5362 essec
691 5296 831 5378 oracula,
863 5296 950 5386 quod
984 5298 1125 5382 nonsit
1158 5296 1237 5361 mihi
1271 5295 1427 5360 auxilium
1462 5298 1504 5380 in
1526 5319 1577 5361 1110
1609 5307 1641 5360 01
1670 5319 1736 5360 non
1765 5298 1872 5383 potius
1908 5297 1949 5362 dc
1979 5309 2088 5383 postu-

470 5489 471 5492 *
546 5493 573 5558 a)
595 5483 731 5562 thophilus
749 5515 769 5547 c.
843 5493 871 5558 b)
894 5495 1059 5547 cuttularum
1077 5513 1097 5547 c.
1140 5475 1197 5560 ¹c)
1219 5503 1329 5548 essetc.

551 5658 579 5728 l)
605 5660 689 5717 111010
712 5662 799 5717 locum
822 5681 879 5719 non
902 5659 1004 5718 inveni.
