4418 6412
515 382 567 436 DE
591 380 926 438 INVESTIGA'I'IONE
950 381 1203 439 ANTICHRISTI
1226 384 1260 438 L.
1277 383 1301 438 Ι,
1678 376 1739 439 351

77 567 218 632 stranda
247 569 413 655 inquirere
445 577 477 632 et
507 567 641 654 impleta
663 569 897 651 demonstrare,
933 570 994 634 etsi
1024 571 1130 634 minus
1163 569 1262 634 habet
1292 569 1517 634 delectationis
1547 592 1612 634 non
1642 569 1743 635 nichil

78 683 194 738 tamen
217 674 305 757 fidei,
331 676 401 762 spei
425 685 458 740 et
481 675 619 758 caritati,
643 697 707 762 que
731 677 764 739 in
781 676 890 740 Deum
914 685 972 758 est,
997 676 1091 740 affert
1114 676 1329 741 edificationis
1350 675 1479 741 dicente
1495 677 1654 741 Domino:
1679 678 1744 742 His
1762 699 1899 749 neeesse.

78 796 187 847 aretem
195 783 279 869 fleri
300 784 524 869 incipientibus
547 785 692 870 respicite
716 797 744 848 et
767 784 864 848 levate
880 786 986 870 eapite
1003 798 1115 864 restra,
1139 787 1216 870 quia
1232 809 1298 848 ecee
1314 787 1553 870 appropinquat
1571 785 1743 872 redemptio

81 904 198 953 sesua
233 888 458 952 Veruntamen
482 889 565 952 scire
589 899 725 974 oportet,
746 887 833 975 quod
850 899 925 954 ante
948 889 1033 954 hanc
1058 889 1236 954 secundam
1259 889 1339 954 idoli
1354 891 1549 976 positionem
1571 891 1606 953 in
1622 890 1742 976 templo

39 993 214 1059 eduobus
245 995 408 1080 germanis
435 994 591 1059 fratribus
619 995 763 1060 Hircano
788 1006 821 1060 et
842 994 1039 1078 Aristobolo,
1069 997 1124 1082 qui
1155 1019 1197 1060 ex
1227 995 1330 1082 regali
1360 996 1456 1061 simul
1486 1005 1519 1060 et
1548 996 1742 1061 sacerdotali

79 1102 188 1187 stirpe
212 1101 459 1184 descenderant,
483 1101 524 1165 de
548 1100 730 1167 sacerdotio
755 1113 787 1166 et
809 1125 910 1187 regno
935 1101 1206 1167 contendentibus
1230 1125 1269 1167 ec
1294 1103 1461 1167 civitatem
1483 1113 1516 1168 et
1538 1104 1741 1189 provinciam

77 1208 240 1273 intestino
262 1206 348 1274 bello
371 1207 568 1272 vexantibus
591 1208 681 1273 locus
704 1209 865 1294 regnandi
888 1208 1066 1295 parabatur
1088 1208 1214 1274 Herodi
1241 1210 1380 1292 funesto,
1404 1210 1460 1296 qui
1484 1232 1527 1274 ex
1550 1219 1642 1295 patre
1667 1209 1741 1274 ldu-

76 1337 161 1380 meo
186 1325 218 1379 et
240 1325 342 1378 matre
367 1325 455 1379 ortus
478 1313 625 1380 mabica
647 1316 770 1402 primus
795 1315 957 1379 alieniena
980 1337 1116 1402 regnum
1138 1316 1260 1381 Iudeae
1284 1317 1474 1404 provinciae
1506 1337 1549 1380 ex
1573 1316 1685 1380 favore
1710 1326 1743 1380 et

77 1422 298 1486 concessione
322 1421 541 1486 Romanorum
571 1420 719 1504 obtinuit,
750 1432 786 1486 ut
815 1422 1005 1508 impleretur
1033 1421 1115 1487 illud
1143 1424 1328 1509 patriarche
1351 1422 1452 1488 Iacob
1476 1423 1667 1487 vaticinium
1694 1423 1741 1487 di-

19 1530 209 1592 recentis:
240 1529 314 1594 atton
342 1531 507 1616 arsjeretur
537 1540 698 1616 ceptrumt
722 1530 760 1594 cle
784 1529 868 1594 Irula
897 1545 926 1594 et
954 1531 1021 1595 elim
1050 1531 1088 1594 de
1104 1532 1287 1618 femoribus
1317 1534 1395 1612 eius,
1426 1531 1522 1595 donec
1553 1532 1657 1594 ueniat
1686 1533 1746 1616 qui
1761 1551 1901 1602 eoamro.

78 1637 255 1701 nss'ttendru
278 1651 329 1700 est.
366 1635 399 1698 ls
420 1657 498 1721 ergo
513 1634 673 1717 Herodes,
689 1646 725 1700 ut
741 1658 839 1722 supra
854 1637 1114 1722 prestrinximus,
1138 1646 1311 1724 postquam
1333 1657 1471 1722 regnum
1487 1634 1636 1718 obtinuit,
1660 1646 1740 1700 tem-

75 1741 179 1828 plum
201 1741 290 1825 illud,
315 1740 401 1828 quod
425 1765 445 1806 a
467 1741 651 1806 Zorobabel
682 1741 765 1807 duce
788 1742 871 1806 luda
894 1752 927 1806 et
949 1766 969 1806 a
991 1742 1066 1807 liliis
1093 1744 1386 1828 transmigrationis
1409 1743 1450 1807 de
1473 1741 1667 1807 Bubiloniab
1691 1765 1740 1807 re-

75 1851 192 1912 versis
215 1848 438 1913 reedificatum
460 1848 577 1931 fuerat,
601 1849 664 1913 LX
686 1850 839 1913 nimirum
863 1847 1045 1914 cubitorum
1069 1849 1272 1914 altitudinem
1295 1849 1419 1914 babens
1442 1851 1535 1914 iuxta
1551 1848 1631 1936 Oyri
1654 1851 1740 1935 regis

77 1955 262 2019 Persarum
292 1957 546 2039 concessionem,
576 1956 649 2039 boc,
679 1957 823 2042 inquam,
853 1955 1010 2042 templum
1032 1957 1061 2019 is
1085 1955 1126 2020 de
1150 1979 1214 2042 quo
1237 1956 1399 2042 loquimur
1421 1956 1568 2021 funestus
1591 1956 1741 2021 Herodes

21 2085 54 2124 rs
79 2061 130 2126 ad
153 2073 273 2126 terram
289 2061 440 2149 deposuit
463 2073 496 2126 et
518 2062 607 2128 aliud
623 2063 778 2146 condidit,
803 2065 907 2128 maius
924 2063 1057 2149 quidem
1080 2075 1113 2128 et
1136 2062 1269 2150 duplum
1286 2062 1464 2127 altitudinis
1488 2062 1612 2128 habens
1629 2063 1741 2149 templi

79 2169 178 2256 quod
199 2169 346 2234 fecerant
368 2168 425 2233 filii
449 2172 759 2256 transmigrationis3
784 2170 843 2235 sed
865 2170 927 2234 boc
951 2170 1030 2234 fecit
1053 2169 1188 2256 gloriam
1214 2193 1353 2256 querens
1377 2193 1469 2234 suam
1492 2193 1557 2234 non
1580 2170 1656 2234 Dei.

195 2277 292 2356 Besae,
315 2277 452 2362 inquit¹,
483 2281 590 2358 nostis,
615 2279 701 2364 quod
722 2279 809 2344 ebtasd
830 2281 968 2342 maniano
992 2278 1060 2342 Deo
1084 2279 1232 2364 templum
1256 2281 1358 2342 nostri
1371 2293 1483 2364 patres
1506 2279 1741 2365 erlijioaoerunt,
1760 2263 1970 2374 Qbfflem·

83 2409 159 2447 cum
182 2385 220 2448 de
244 2384 420 2448 Babiloaia
442 2400 639 2465 remeasse-ut,
670 2400 697 2449 et
720 2388 797 2470 qrsia
822 2385 932 2448 desunt
961 2387 993 2448 si
1013 2385 1059 2448 ad
1080 2385 1329 2472 rnupnituelinem
1353 2387 1388 2448 in
1411 2387 1507 2448 altum
1533 2387 1633 2449 crsbiti
1652 2410 1741 2449 sera-
1841 2394 1892 2444 dis.

81 2494 176 2578 qima
204 2491 374 2555 secundum
412 2493 513 2555 instar
549 2493 650 2572 illius,
688 2493 774 2578 quael
802 2491 950 2556 Solamen
980 2505 1204 2570 commisceret,
1240 2516 1328 2555 neruo
1363 2493 1584 2579 nsqlipentiam
1608 2494 1742 2578 pietatis

26 2621 61 2660 so
77 2613 213 2684 patrum
237 2613 413 2662 nostrorum
442 2613 578 2662 accusat.
624 2599 699 2662 Non
728 2601 823 2684 eulpa
855 2600 983 2662 illorum
1004 2599 1131 2686 jactum
1156 2613 1200 2661 est
1222 2600 1347 2662 brevius
1370 2600 1528 2684 templum,
1557 2599 1615 2662 secl
1640 2597 1742 2684 Cyrus

86 2719 116 2768 et
139 2705 263 2768 Darius
286 2705 471 2768 huiusmodi
497 2729 672 2770 mensuram
699 2707 910 2792 edificationis
932 2708 1015 2792 fieri
1027 2719 1245 2791 preceperunt.
1294 2704 1414 2768 ‘Nostri
1436 2714 1546 2790 patres
1571 2715 1603 2768 et
1625 2725 1740 2790 percn-

86 2821 155 2874 tum
178 2810 371 2874 nostrorum'
396 2810 489 2893 dixit,
513 2812 591 2896 quia
613 2811 767 2876 videlicet
782 2811 919 2893 Iudaici,
944 2833 1018 2875 curn
1041 2833 1107 2874 non
1131 2821 1226 2892 essct,
1250 2811 1380 2896 generis
1404 2833 1438 2875 se
1463 2808 1594 2874 volebat
1616 2809 1739 2875 haberi.

87 2915 289 2983 Subsecutus
314 2917 430 2982 ethos
455 2919 517 2982 ait:
553 2918 647 2982 Nune
670 2934 771 2983 autem
796 2922 945 3004 quoniam
970 2933 1045 2982 mm
1068 2919 1135 2982 Dei
1148 2921 1357 3004 principatui
1377 2943 1442 2983 meo
1458 2943 1532 3004 pam
1555 2919 1646 3004 larpa
1670 2943 1739 2983 con-

88 3050 173 3088 sessa
197 3040 241 3088 eu
264 3039 291 3088 st
315 3025 502 3089 diuitiarum
518 3029 678 3111 possessio
702 3040 730 3089 et
752 3026 918 3090 rrusltituclo
950 3025 1107 3089 redituum
1131 3040 1168 3104 st,
1199 3025 1284 3110 quod
1306 3027 1479 3088 inanimum
1503 3038 1556 3104 est,
1580 3027 1741 3089 amicitiae

37 3155 68 3195 sa
80 3133 245 3218 fauorque
269 3131 495 3212 Rornanorum,
527 3135 586 3217 qui
613 3135 751 3196 omnium
782 3157 886 3196 rerum
910 3133 1035 3214 ‹larrrinl
1056 3135 1199 3210 esistunt,
1231 3157 1287 3194 erm
1319 3156 1379 3195 riou
1409 3131 1567 3195 studemus
1598 3133 1740 3195 relietum

88 3241 266 3302 necessitate
303 3241 462 3304 sere-iustis
494 3254 629 3325 tenpore
661 3263 740 3324 epm
772 3241 929 3326 corripere
968 3254 996 3302 et
1030 3241 1182 3324 lampeon
1216 3238 1282 3302 Deo
1317 3240 1458 3324 ''p-rebem
1484 3262 1549 3323 pro
1582 3240 1741 3324 beneficiis
1759 3259 1837 3310 ‘aaa

87 3348 154 3408 eius
188 3347 222 3409 ia
258 3370 323 3408 aceo
359 3369 451 3431 regno
486 3347 633 3410 realistis?
685 3345 757 3408 Hec
792 3344 905 3409 dicens
940 3345 1128 3430 properavit
1161 3342 1382 3429 templumque
1416 3345 1450 3407 in
1486 3367 1549 3407 uno
1584 3365 1669 3406 anno
1705 3355 1738 3407 et

86 3449 252 3515 mensibus
282 3452 425 3537 quinque
449 3463 617 3537 peractum
641 3463 699 3516 est.
746 3452 862 3515 Nonne
892 3450 988 3516 homo
1018 3450 1082 3533 ille,
1112 3451 1210 3514 immo
1240 3449 1355 3532 bestia,
1386 3451 1432 3514 sic
1463 3449 1599 3536 loquens
1629 3461 1662 3514 et
1692 3450 1739 3514 sic
1783 3515 1852 3564 m
1889 3515 1908 3564 t·
1931 3509 1945 3547 d

86 3568 301 3643 properanter
315 3558 449 3639 faciens,
473 3557 585 3622 David
607 3557 695 3622 fideli
720 3569 752 3622 ct
774 3558 911 3644 pacifico
929 3557 1093 3622 Salamoni
1110 3555 1241 3643 regibus
1258 3556 1419 3642 legitimis,
1443 3555 1576 3642 regibus
1593 3555 1633 3620 de
1650 3554 1738 3620 tribu
1775 3531 1950 3652 ,gmlpiiaiim

42 3691 68 3729 so
87 3663 179 3746 Iuda,
204 3687 275 3728 sese
300 3664 447 3728 conferre
471 3675 527 3729 sut
551 3667 648 3729 etism
672 3665 816 3750 preferre
840 3664 1032 3729 contendit?
1066 3664 1111 3728 At
1133 3663 1197 3745 ille,
1217 3663 1372 3728 videlieet
1393 3663 1497 3727 fidelis
1514 3663 1635 3746 David,
1660 3662 1738 3728 nulli
1758 3674 1830 3708 anno
1849 3663 1876 3742 et
1890 3657 1968 3720 vque

86 3773 262 3857 quicquam
292 3772 400 3857 rapuit
426 3794 487 3835 nee
511 3770 552 3835 de
575 3772 698 3859 rapinis
722 3771 852 3835 domum
876 3772 998 3836 nomini
1021 3771 1155 3834 Domini
1187 3770 1332 3835 edificari
1362 3771 1509 3852 instituit,
1541 3770 1615 3834 sed:
1646 3729 1934 3852 Ecce,1l›li.¹¹2⁸2¹,ll.⁸

86 3903 151 3966 epo,
180 3879 296 3963 inquit,
329 3882 362 3942 in
381 3881 613 3966 paupertacula
636 3904 704 3943 vrrseo
720 3882 847 3966 paraui
876 3882 1032 3964 inpensas
1058 3879 1167 3943 demtis
1191 3879 1334 3958 Domini,
1358 3881 1436 3942 arari
1455 3879 1570 3942 talenta
1598 3876 1739 3942 (insilia

86 4000 115 4050 et
135 3988 262 4072 arpenti
281 3986 369 4049 mille
392 3987 495 4064 milia,
520 3989 584 4050 ers's
607 4010 679 4050 sero
702 4001 731 4051 et
745 3988 841 4072 ferri
861 4010 923 4049 arion
946 4000 990 4050 est
1005 3986 1144 4072 pondus,
1176 3989 1313 4050 'nium'tur
1335 3988 1416 4050 enim
1448 4009 1594 4049 numeriae
1617 3987 1737 4070 tampni-

87 4093 205 4172 tudine,
229 4093 317 4178 liqna
341 4107 369 4156 et
391 4094 516 4178 lapides
532 4096 716 4178 preparas-i
736 4094 781 4157 ael
804 4095 950 4158 ursis-ersa
975 4093 1147 4178 sirpemlia.
1195 4093 1267 4155 Hec
1290 4091 1403 4155 dicens
1428 4092 1525 4154 etiarn
1542 4088 1632 4153 dedit
1649 4089 1738 4154 Sale-

39 4223 67 4263 ss
86 4199 174 4262 moni
197 4197 263 4262 filio
287 4221 344 4262 suo
369 4197 621 4284 descriptionem
644 4198 755 4284 templi
780 4209 812 4262 et
835 4200 992 4284 cuiusque
1017 4199 1124 4284 operis
1149 4209 1196 4262 et:
1222 4200 1289 4262 Hes
1313 4201 1429 4278 omitia,
1453 4198 1568 4283 inquit,
1593 4212 1741 4262 'uenerant
1758 4224 1871 4273 ossas.

85 4308 206 4392 scripta
230 4331 325 4370 runnu
348 4306 485 4370 Domini
511 4307 557 4370 ael
585 4331 642 4386 me,
673 4321 706 4370 ut
735 4308 940 4393 intelligerem
971 4309 1118 4369 ¹reriisersn
1149 4331 1245 4392 opera
1275 4307 1474 4391 eaernplaris.
1523 4303 1619 4384 Quod
1649 4302 1739 4367 illum

86 4411 250 4475 dicentem
273 4434 347 4476 cum
370 4411 507 4496 legimus
530 4411 583 4475 vel
606 4411 801 4493 audivimus,
832 4413 981 4496 numquit
1011 4409 1071 4474 tibi
1100 4434 1165 4474 non
1196 4434 1271 4474 eum
1294 4433 1433 4497 quoque,
1459 4432 1533 4474 cum
1557 4421 1643 4474 esset
1666 4433 1738 4495 pro-

85 4517 194 4604 pheta,
218 4517 403 4582 huiusmodi
427 4519 644 4582 ostensionem
668 4517 790 4581 vidisse
818 4517 1022 4600 arbitremur,
1046 4528 1082 4582 ut
1105 4517 1269 4582 diceretur
1292 4520 1332 4600 ei,
1357 4516 1519 4603 quomodo
1544 4517 1666 4581 dictum
1690 4527 1739 4581 est

86 4635 119 4689 et
134 4624 241 4712 Moysi
265 4624 306 4688 de
322 4623 532 4689 tabernaculo
548 4624 716 4689 faciendo:
742 4625 868 4712 bupiee
891 4640 919 4690 et
934 4627 999 4712 fac
1021 4626 1190 4690 secundum
1207 4627 1377 4712 enensplar,
1402 4625 1488 4711 quod
1509 4627 1570 4688 tili
1592 4627 1739 4688 inamata
1758 4651 1885 4702 nassas.

39 4758 67 4796 so
88 4735 282 4798 aronstrasil
328 4731 481 4797 Salemon
512 4754 641 4818 quoque
672 4754 787 4795 aurum
817 4743 850 4795 et
879 4742 1049 4817 argentum
1079 4755 1144 4796 non
1175 4755 1216 4794 ex
1246 4732 1381 4817 rapinis,
1413 4730 1471 4794 sed
1499 4754 1541 4794 ex
1565 4730 1630 4794 Dei
1654 4730 1738 4793 dono

87 4837 209 4903 babuit.
255 4838 422 4924 Numquid
446 4837 564 4903 talibus
588 4862 628 4902 ac
651 4839 750 4902 tantis
774 4837 923 4902 Herodes
947 4837 1066 4902 nebulo
1090 4849 1184 4902 sese⁰
1209 4838 1356 4902 conferre
1381 4836 1518 4902 debuit?
1554 4835 1738 4900 Voluntatis

86 4957 194 5010 tamen
219 4945 284 5009 Dei
313 4945 384 5028 fuit,
411 4956 447 5010 ut
474 4945 630 5032 templum
661 4944 740 5009 illud
771 4944 991 5008 manufactum
1015 4945 1066 5008 vel
1097 4967 1156 5030 per
1183 4944 1280 5008 talem
1311 4944 1475 5008 hominem
1506 4945 1538 5006 in
1569 4943 1737 5028 antiquum

87 5063 204 5116 statum
235 5051 470 5138 perduceretur
499 5064 574 5116 ante
604 5051 779 5117 adventum
812 5053 881 5114 eius
911 5053 945 5115 in
973 5073 1081 5134 cerne,
1111 5062 1271 5137 quatenus
1301 5053 1372 5136 ipse
1402 5049 1557 5136 parvulus
1587 5048 1738 5113 manibus

87 5169 255 5244 parentum
280 5181 320 5223 ac
335 5160 472 5244 virginis
495 5161 607 5224 matris
630 5158 800 5244 intemplo
817 5181 881 5222 non
898 5157 1076 5239 dimidiato,
1101 5156 1159 5220 sed
1182 5157 1326 5243 perfecte
1350 5179 1389 5220 ac
1413 5155 1569 5220 divinitus
1592 5156 1738 5220 institute

42 5389 69 5428 lt
194 5375 220 5440 a)
242 5395 287 5428 sce
306 5378 335 5427 in
353 5378 403 5428 laco
422 5395 478 5428 raso
489 5379 543 5428 alia
554 5395 648 5439 ararim·
665 5378 724 5428 aliis
742 5379 800 5428 acts
818 5393 912 5441 semper
929 5382 1051 5442 ceptrum
1069 5376 1243 5439 scriptumest,
1263 5375 1328 5440 quod
1340 5375 1415 5425 etiam
1426 5375 1466 5425 tu
1475 5375 1619 5439 pmteradum
1633 5375 1737 5424 sirletus.

89 5463 115 5529 b)
136 5466 293 5518 babilonios
311 5485 332 5516 e.
399 5464 426 5530 c)
447 5468 523 5518 nsirrio
542 5468 570 5517 in
588 5485 667 5534 usurp.
686 5485 732 5517 scr.
751 5485 771 5516 e.
840 5461 868 5524 (l)
891 5466 1007 5516 Edit-
1023 5466 1160 5514 mensibus
1180 5464 1256 5514 mirsia
1274 5464 1302 5513 in
1320 5481 1399 5529 marg.
1418 5464 1478 5514 add.
1497 5481 1517 5514 c.
1583 5460 1608 5526 e)
1630 5480 1690 5514 sese
1705 5489 1738 5498 -
1813 5505 1815 5508 .

89 5555 244 5608 Voluntatis
265 5557 314 5606 mco
333 5575 389 5606 raso
407 5574 426 5608 c.

198 5738 226 5810 1)
251 5737 363 5813 loseplu'
385 5737 519 5813 Aritiqrsit.
545 5737 607 5794 laid.
633 5740 650 5793 l.
668 5737 735 5807 XV,
761 5757 783 5792 c.
801 5736 850 5806 ll,
874 5731 940 5809 51,
966 5736 1008 5791 ed.
1035 5735 1171 5806 Dindorf
1190 5735 1213 5806 I,
1233 5755 1265 5810 p.
1285 5734 1357 5791 610.
