4426 6398
449 343 514 406 690
622 353 675 408 DE
700 351 932 408 SEPULTURA
952 351 1095 410 EORUM
1120 352 1188 418 QUI
1212 351 1337 408 FALSO
1362 350 1696 408 EXCOMMUNICATI
1720 349 1940 406 DICUNTUR.

447 539 614 602 temeritas
638 559 749 604 eorum
773 540 829 625 qui
852 541 970 604 nostris
994 538 1194 627 temporibus
1218 539 1258 604 de
1282 561 1342 604 sua
1363 561 1430 604 non
1445 539 1557 604 divina
1581 539 1772 603 auctoritate
1795 547 2021 624 presumentes
2043 537 2088 602 eli-

448 645 566 708 minari
587 645 713 710 faciunt
736 645 776 710 de
801 645 981 732 sepulchris
1004 648 1071 712 suis
1086 647 1258 734 plerosque
1274 648 1445 734 episcopos
1461 645 1515 711 vel
1538 644 1674 710 abbates
1697 645 1821 710 iamdiu
1844 653 1990 708 mortuos
2013 654 2044 708 et
2063 646 2091 710 in

449 750 596 830 ecclesiis
621 751 738 838 quibus
769 753 959 839 prefuerunt
982 753 1135 840 sepultos,
1160 764 1330 818 censentes
1355 775 1410 818 eos
1435 753 1732 818 excommunicatos
1755 751 1868 834 luisse,
1894 774 1969 814 cum
1993 763 2091 816 tamen

448 856 598 922 omnibus
629 859 956 945 comprovincialibus
987 883 1098 925 eorum
1129 862 1332 947 coepiscopis
1356 869 1388 924 et
1411 861 1528 947 ceteris
1559 860 1749 942 constiterit,
1774 859 1863 946 quod
1889 857 1966 922 dum
1996 857 2092 924 adhuc

449 965 610 1046 vixerunt,
634 964 723 1030 nulla
746 967 906 1031 canonica
928 969 1135 1032 accusatione
1158 967 1278 1054 pulsati
1301 967 1353 1032 vel
1378 966 1497 1032 deiecti
1519 965 1649 1032 fuerint.
1771 991 1774 999 ·
2107 991 2118 1029 s

555 1071 770 1137 Inveniuntur
785 1071 916 1159 quidem
934 1073 1085 1160 exempla
1100 1075 1234 1162 vesanie
1251 1097 1373 1156 eorum,
1398 1072 1455 1138 sed
1479 1073 1540 1162 hec
1559 1072 1719 1159 exempla,
1744 1073 1829 1137 siout
1852 1095 1873 1136 a
1897 1071 2093 1158 precedenti-

449 1177 509 1242 bus
532 1177 679 1266 patribus
703 1179 872 1245 catholicis
888 1181 966 1244 viris
982 1181 1190 1245 interminata
1206 1192 1239 1245 et
1253 1180 1417 1267 prohibita
1433 1191 1508 1244 sunt
1529 1202 1571 1244 ne
1594 1179 1718 1262 fierent,
1744 1180 1791 1244 sic
1814 1189 1992 1266 postquam
2016 1179 2095 1244 facta

449 1295 524 1350 sunt
547 1307 566 1350 a
589 1284 862 1372 subsequentibus
892 1286 1040 1373 patribus
1071 1297 1199 1353 cassata
1223 1297 1306 1353 sunt
1353 1287 1482 1352 Etenim
1508 1287 1660 1353 Stefanus
1683 1309 1771 1373 papa
1781 1291 1802 1368 ¹,
1833 1286 1957 1350 tercius
1982 1308 2002 1349 a
2025 1285 2094 1350 For-

450 1415 549 1474 moso‚
574 1391 719 1458 eiusdem
743 1393 892 1458 Formosi
915 1417 999 1481 pape
1023 1394 1166 1460 cadaver
1190 1395 1230 1460 de
1254 1394 1377 1460 tumulo
1408 1394 1536 1458 extrahi
1566 1405 1599 1458 et
1627 1395 1661 1457 in
1691 1393 1865 1458 concilium
1896 1392 1985 1457 trahi
2015 1392 2095 1474 fecit,

447 1498 559 1586 ibique
584 1521 657 1564 eum
681 1501 774 1586 quasi
804 1499 993 1566 sinodaliter
1023 1500 1200 1584 damnavit,
1231 1502 1382 1588 ferroque
1411 1501 1537 1567 duobus
1565 1499 1681 1588 dextre
1709 1499 1819 1586 digitis
1850 1501 2039 1586 amputatis,
2067 1502 2097 1564 in
2112 1525 2133 1563 ro

449 1606 591 1692 quodam
621 1608 867 1694 peregrinorum
896 1607 1019 1672 tumulo
1050 1607 1181 1694 sepeliri
1211 1610 1313 1692 iussit,
1344 1631 1405 1673 neo
1435 1607 1536 1674 multo
1566 1618 1640 1694 post
1668 1609 1703 1672 in
1726 1606 1873 1672 Tiberim
1901 1607 2097 1693 precipitari.

451 1715 572 1778 Omnes
596 1736 725 1800 quoque
749 1712 791 1778 ab
816 1736 854 1779 eo
878 1713 1043 1780 ordinatos
1068 1713 1109 1780 ab
1134 1713 1302 1780 ordinibus
1326 1717 1392 1780 suis
1417 1713 1502 1780 deici
1526 1716 1647 1780 statuit.
1683 1712 1750 1780 Sed
1772 1736 1860 1800 papa
1877 1713 2069 1778 Theodorus
2078 1720 2097 1796 ²,

449 1841 619 1884 successor
649 1819 789 1904 Stefani,
821 1819 1031 1886 considerans
1061 1823 1211 1908 nequiter
1241 1833 1349 1888 actum
1379 1845 1450 1887 esse
1482 1845 1555 1888 cum
1584 1823 1749 1904 Formoso,
1781 1843 1901 1908 eorpus
1927 1821 2001 1886 eius
2030 1844 2098 1885 cum

450 1926 648 1992 exultatione
679 1923 956 2014 adapostolicam
984 1927 1129 1993 tumbam
1153 1927 1384 1996 venerabiliter
1411 1929 1543 1994 reduxit
1566 1939 1598 1994 et
1621 1927 1785 1994 ordinatos
1816 1927 1858 1992 ab
1884 1949 1934 2010 eo,
1968 1927 2027 1990 sed
2055 1928 2099 1990 in-

449 2036 532 2098 iuste
555 2033 730 2120 depositos,
761 2033 930 2104 ordinibus
961 2036 1026 2100 suis
1053 2037 1202 2102 restituit.
1250 2035 1285 2102 si
1309 2058 1405 2123 quem
1429 2059 1506 2122 ergo
1530 2036 1591 2101 hoo
1615 2033 1756 2100 delectat
1779 2034 1868 2122 quod
1891 2033 2047 2099 Steianus
2069 2035 2101 2098 in
2118 2057 2139 2096 rs

449 2141 605 2206 Formoso
636 2141 724 2224 fecit,
755 2141 845 2208 illurn
874 2152 995 2208 terreat
1019 2154 1051 2208 et
1073 2152 1207 2208 revocet
1230 2141 1318 2230 quod
1347 2142 1592 2230 precedentium
1617 2154 1649 2207 et
1672 2141 1943 2229 subsequentium
1974 2151 2100 2228 patrum

448 2249 625 2314 auctoritas
650 2249 690 2314 de
715 2247 830 2314 eadem
853 2271 889 2314 re
913 2251 1063 2315 sancivit.

559 2453 587 2524 1)
612 2452 659 2524 VI,
684 2472 712 2510 α.
731 2452 791 2509 897
800 2475 810 2522 ,·
842 2453 882 2524 cs.
907 2452 1000 2526 Joffd,
1025 2453 1096 2531 Eup.
1114 2454 1137 2526 I,
1156 2474 1190 2530 p.
1210 2453 1282 2510 440.
1376 2451 1407 2530 2)
1430 2454 1470 2526 ΙΙ,
1496 2455 1536 2528 cs.
1561 2453 1627 2512 ibid.
1646 2474 1679 2531 p.
1698 2453 1772 2512 441.
