4418 6412
667 272 907 330 OPUSCULUM
930 274 984 329 AD
1010 273 1269 331 CARDINALES.
1734 271 1797 334 409

137 459 354 524 modernorum
388 475 558 546 temporum
580 475 697 540 ,sta-tus,
728 464 823 524 irnmo
847 485 938 524 casus
961 463 994 525 si
1014 462 1153 525 sollicita
1177 462 1426 526 conside-ratione
1443 478 1604 548 pensetur,
1629 464 1798 529 uerendum

136 565 227 630 ualde
250 581 304 646 est,
329 591 367 630 ne
391 569 505 632 instent
519 568 610 655 forte
635 567 703 631 dies
726 567 789 646 illi,
814 569 977 652 inquibus
999 570 1047 631 sic
1070 567 1227 632 habundet
1249 571 1414 654 iniquitas,
1438 584 1472 634 ut
1495 572 1699 658 ‘refriqescat
1714 574 1797 636 cari·
1817 557 1976 653 llflllju’n'

138 686 183 734 tus
205 673 385 752 multorum,
410 671 498 738 iusta
523 673 609 758 quod
623 676 819 760 processuum
843 687 937 738 estet
960 698 1137 759 cupressum
1170 677 1202 738 in
1227 677 1398 760 scripturis
1421 679 1571 740 ueritatis.
1620 676 1690 740 Iam
1714 680 1795 742 enirn

137 791 264 842 satanas
293 779 413 843 solutus
442 795 504 844 tam
529 781 682 866 effrenata
707 781 847 843 libertate
871 794 978 843 contra
1002 780 1105 844 Deum
1130 781 1299 861 extollitur,
1324 796 1439 846 utnon
1462 784 1562 846 solum
1592 786 1625 847 in
1649 784 1797 849 cordibus
1817 807 1885 855 spos.
1893 806 1926 854 so,
1935 807 1955 846 r.
1994 809 1999 812 ·

99 906 121 945 a
138 899 329 949 terratornrn
360 889 431 950 totis
460 910 593 972 sequare
624 886 769 950 uidentur
798 886 937 965 lraberu's,
969 911 1073 950 uerum
1105 889 1197 951 etiam
1229 911 1324 972 super
1347 902 1433 952 astra
1458 889 1521 952 celi
1547 891 1660 954 solium
1693 892 1797 955 levore

131 1005 297 1078 presumat
319 1007 348 1056 et
369 994 619 1057 aecclesiasticae
643 993 809 1078 reliqionis
833 1006 861 1056 et
883 992 1069 1056 concordiae
1092 1007 1205 1056 statum
1230 994 1425 1080 labefactare
1449 1010 1574 1060 concur
1598 995 1713 1060 haberes
1736 999 1796 1060 uti-

138 1121 195 1182 que
210 1098 376 1184 fidutiam,
400 1098 487 1184 quod
508 1101 622 1185 influat
638 1098 790 1163 Iordanis
814 1103 847 1162 in
865 1123 898 1162 os
921 1100 996 1162 erius.
1034 1099 1141 1162 Huius
1160 1102 1312 1164 nimirum
1322 1101 1501 1186 pestilentis
1524 1102 1607 1166 moli
1627 1117 1656 1166 et
1678 1106 1797 1167 erroris
1817 1124 1939 1174 rosione.

138 1228 176 1267 en
198 1204 254 1268 boc
277 1206 374 1270 elucet
388 1219 614 1291 arqumentum,
638 1204 724 1290 quod
746 1206 894 1268 norm-ulli
908 1205 1117 1290 prelatorum,
1141 1207 1200 1290 qui
1221 1207 1382 1270 columnae
1406 1208 1575 1272 aecclesiae
1599 1208 1795 1289 uidebantur,

138 1311 193 1373 sub
216 1313 350 1376 instanti
363 1313 595 1397 persecutionis
612 1312 758 1397 procella
782 1313 879 1396 quasi
899 1311 1043 1375 harundo
1067 1314 1186 1399 aqitata
1211 1312 1339 1378 disiecti
1360 1327 1388 1376 et
1411 1313 1583 1378 disturbati
1603 1317 1667 1379 siut
1689 1340 1709 1378 a
1731 1316 1796 1379 selo
1816 1337 1975 1386 sennense.

102 1441 123 1478 ro
138 1417 336 1482 rectitrtdinis
366 1432 394 1482 et
418 1419 582 1506 perfectae
617 1420 810 1482 sinceritatis
833 1418 1057 1505 fundamento,
1088 1433 1122 1482 ut
1151 1421 1215 1482 iarn
1253 1419 1290 1482 de
1320 1421 1443 1504 reliquo
1479 1423 1513 1484 iu
1542 1423 1739 1486 auctoritatis
1770 1435 1798 1486 et

139 1523 277 1588 doctrine
301 1526 441 1609 ipsorum
465 1524 625 1588 soliditate
646 1539 804 1608 tamquam
829 1526 860 1588 in
878 1524 1075 1588 harundineo
1099 1525 1316 1611 confidendum
1341 1528 1383 1590 sit
1405 1527 1514 1590 baculo
1539 1541 1567 1591 et
1589 1527 1794 1592 'annitendum
1816 1549 1941 1598 rursus.

138 1628 246 1714 Neque
270 1633 352 1694 errim
376 1645 447 1694 tunc
470 1619 563 1694 corde
586 1630 728 1694 creditur
752 1630 797 1694 ad
820 1633 990 1710 iusticiam,
1015 1655 1082 1694 curn
1101 1655 1152 1695 ore
1169 1632 1326 1719 confessio
1344 1634 1387 1718 jn
1408 1632 1454 1696 ad
1464 1636 1633 1718 pernitiem
1658 1647 1686 1696 et
1708 1636 1795 1721 iqno-
1816 1620 1919 1720 nauh),
1929 1673 1961 1715 10,

139 1738 280 1800 nn‘niam.
325 1737 418 1801 Vobis
434 1737 575 1822 proinde
598 1761 659 1800 uon
685 1751 842 1822 tamquam
860 1740 988 1823 parieti
1008 1739 1160 1802 inclinato
1184 1738 1410 1802 corrdolenduru
1435 1754 1463 1803 et
1485 1739 1717 1819 consulendum,
1741 1740 1799 1804 sed

138 1843 220 1906 uelut
248 1843 409 1907 columnae
440 1845 588 1908 inmobili
614 1868 713 1930 supra
745 1845 845 1908 basim
876 1843 991 1930 dr'qrrae
1014 1846 1183 1930 firmitatis
1213 1859 1241 1908 et
1255 1847 1373 1930 firmae
1399 1847 1586 1931 integritatis
1610 1848 1799 1931 persistenti

101 1971 122 2010 rs
140 1949 327 2013 omnimodis
357 1950 615 2035 applaudendum
648 1974 804 2014 censemus
835 1964 876 2029 et,
908 1965 941 2014 ut
963 1975 1169 2036 perseuerare
1199 1974 1295 2034 usque
1332 1953 1362 2014 in
1388 1952 1488 2036 finem
1518 1975 1633 2036 nosque
1661 1953 1800 2038 ploriosi

140 2055 233 2118 leuius
256 2059 438 2120 certaminis
460 2059 561 2120 socios
590 2057 701 2120 babere
730 2057 872 2134 *calentia
896 2057 1038 2121 assiduis
1054 2081 1187 2142 precum
1212 2059 1291 2122 uotis
1305 2058 1476 2143 propiciae
1501 2057 1680 2122 diuinitatis
1703 2082 1796 2122 aures

134 2163 312 2246 pulsamus.

245 2267 320 2331 Ex²
345 2268 406 2332 hac
430 2270 524 2332 nnius
556 2267 684 2332 abbatis
716 2268 852 2354 epistola
882 2268 1084 2333 considerate
1115 2268 1286 2332 multorum
1311 2268 1458 2354 pericula
1481 2279 1513 2332 et
1536 2270 1728 2352 anxietates,
1753 2292 1796 2334 ex

140 2372 258 2458 quibus
281 2373 390 2460 plures
414 2375 580 2438 imitantur
610 2373 665 2439 illa
689 2374 753 2438 VH
777 2375 876 2456 milia,
901 2376 957 2461 qui
981 2398 1045 2439 non
1069 2385 1289 2438 curvaverunt
1319 2397 1427 2460 genua
1451 2397 1509 2438 sua
1534 2385 1608 2439 ante
1632 2374 1723 2457 Baal,
1748 2377 1795 2440 sic

96 2505 121 2543 so
139 2489 248 2544 tamen
272 2503 307 2544 se
331 2481 542 2562 occultantes,
567 2492 603 2544 ut
626 2503 681 2544 eos
706 2482 803 2545 etiam
826 2481 986 2568 propheta
1005 2480 1118 2545 Helias
1141 2481 1296 2566 ignorans
1320 2479 1460 2544 diceret:
1486 2481 1628 2546 delictas
1649 2507 1717 2546 sum
1742 2507 1795 2570 eqo
1814 2504 1973 2552 ananan.

138 2588 234 2668 solers,
263 2588 316 2650 cui
339 2587 500 2650 Dominus
525 2585 653 2651 occulta
676 2589 802 2651 sciens:
833 2589 976 2674 Reliqui,
1007 2589 1062 2670 ait,
1094 2589 1177 2652 milri
1205 2588 1273 2651 VII
1291 2589 1485 2673 milia-qui
1505 2613 1565 2652 non
1590 2604 1798 2653 curvaverunt
1814 2610 1925 2649 arura.

136 2718 239 2780 qenuu
268 2719 327 2758 mm
357 2709 426 2758 aare
457 2695 553 2758 Baal.
606 2692 685 2774 Hos,
717 2705 753 2757 ut
783 2693 862 2774 dixi,
889 2693 1016 2780 'plures
1046 2695 1213 2758 imitantur
1243 2693 1441 2758 detestantes
1472 2692 1593 2758 malum
1623 2695 1794 2774 scismatis,
1814 2715 1905 2755 narn.

139 2809 282 2863 attamen
306 2799 424 2864 occulti
447 2810 581 2885 propter
604 2809 724 2863 metum
740 2799 925 2882 Iudeorum,
951 2800 1074 2864 scilicet
1097 2799 1253 2864 falsorum
1269 2798 1526 2864 christicolarum
1549 2799 1794 2882 iudaizantium,

140 2916 172 2968 et
194 2903 265 2970 illos
282 2904 400 2970 ludeos
415 2906 621 2988 imitantium,
639 2907 695 2992 qui
711 2928 752 2970 ne
768 2906 944 2992 perderent
967 2906 1073 2971 locum
1098 2917 1130 2970 et
1153 2917 1294 2991 gentem,
1318 2905 1530 2991 perdiderunt
1553 2906 1617 2970 loci
1640 2917 1673 2970 et
1688 2908 1794 2992 gentis

93 3036 120 3075 ss
140 3009 315 3092 dominnm,
340 3034 477 3098 quorum
506 3023 596 3076 tanta
625 3023 674 3076 est
703 3012 873 3077 multitudo
898 3024 931 3077 et
953 3012 1118 3095 fortitude,
1142 3024 1187 3094 ut,
1217 3014 1244 3076 si
1268 3013 1340 3098 quis
1365 3022 1414 3076 est
1436 3012 1531 3076 Helie
1556 3011 1669 3076 similis
1693 3014 1794 3077 mani·

138 3117 220 3181 feste
245 3118 470 3183 contradicens
494 3118 567 3200 illis,
592 3118 805 3205 compellatur
827 3119 941 3205 fugere
964 3121 998 3183 in
1015 3117 1221 3183 solitudinem
1237 3118 1290 3181 vel
1314 3119 1351 3181 in'
1373 3128 1501 3182 exteras
1526 3129 1650 3204 gentes,
1674 3119 1709 3183 in
1733 3119 1793 3184 hoc

139 3226 242 3310 magis
266 3226 418 3289 anxiatus
443 3248 541 3312 quam
564 3224 688 3306 Helias,
713 3225 801 3312 quod
824 3227 982 3312 promisso
1005 3224 1071 3289 Dei
1095 3224 1291 3289 certificatus
1314 3247 1379 3288 non
1403 3235 1462 3306 est,
1486 3222 1543 3288 ubi
1567 3223 1619 3288 vel
1643 3247 1663 3288 a
1687 3226 1793 3288 corvis

137 3331 171 3393 in
195 3329 367 3395 solitudine
392 3331 444 3395 vel
468 3354 488 3395 a
510 3331 611 3395 vidua
633 3333 667 3395 in
691 3333 823 3396 civitate
847 3332 953 3396 aliena
977 3333 1018 3395 sit
1040 3330 1235 3418 pascendus.

244 3437 324 3502 Esto
355 3448 472 3527 auteur,
501 3447 537 3502 ut
566 3438 671 3524 fugiat
700 3437 786 3503 solus
817 3440 851 3502 in
875 3437 1092 3520 solitudinem,
1121 3439 1174 3501 cui
1202 3437 1290 3500 nulla
1313 3447 1363 3501 est
1386 3459 1465 3501 cura
1488 3439 1660 3502 commissa
1684 3438 1792 3523 gregis

93 3569 121 3607 so
141 3544 354 3626 custodiendi,
384 3543 464 3630 quid
493 3544 592 3608 saciet
621 3557 732 3631 pastor
763 3547 881 3625 orium,
913 3546 1021 3631 gregis
1046 3553 1164 3625 custos,
1189 3566 1285 3630 quem
1309 3544 1336 3607 si
1360 3543 1550 3625 deseruerit,
1581 3543 1657 3629 lupo
1681 3544 1793 3628 rapaci

138 3649 245 3714 locum
273 3649 388 3714 dabit?
435 3650 631 3715 Huiusmodi
659 3650 844 3737 pastoribus
869 3675 888 3715 a
911 3674 962 3714 me
988 3649 1103 3736 pusillo
1128 3649 1263 3714 consilia
1287 3648 1498 3735 querentibus
1523 3648 1602 3735 quid
1626 3648 1793 3714 consulam

138 3758 258 3838 nescio,
283 3759 369 3843 quia,
400 3757 477 3822 licet
507 3756 585 3821 mihi
609 3759 650 3821 sit
672 3759 873 3844 propositum
896 3759 1003 3844 potius
1027 3758 1211 3843 pergrinuri
1235 3779 1333 3844 quarn
1357 3757 1501 3820 scismati
1525 3757 1653 3836 sociari,
1684 3767 1793 3820 tamen

139 3863 348 3927 considerans
371 3863 574 3928 infirmitates
598 3864 770 3929 multorum
795 3886 868 3928 cum
893 3864 958 3928 VII
981 3865 1176 3950 presignatis
1200 3862 1331 3928 milibus
1354 3862 1518 3927 occultare
1545 3885 1579 3927 se
1603 3861 1791 3945 volentium,

138 3991 202 4032 non
225 3968 330 4034 audeo
354 3968 543 4034 custodibus
568 3993 680 4034 eorum
704 3971 872 4034 consulere
897 3971 1007 4057 lugam
1025 3970 1236 4057 corporalem,
1262 3968 1379 4056 quibus
1403 3980 1513 4034 tamen
1536 3971 1694 4033 instanter
1717 3991 1791 4033 con-

92 4101 120 4140 ss
138 4075 207 4139 sulo
231 4076 342 4161 lugam
366 4075 542 4163 spiritalem
574 4077 665 4140 iuxta
695 4075 774 4140 illud
797 4077 1041 4163 propheticum:
1074 4079 1186 4165 Fuqite
1211 4077 1248 4141 de
1273 4077 1375 4141 medio
1399 4077 1579 4156 Babilonr's,
1603 4078 1682 4140 saite
1707 4075 1791 4154 iude,
1812 4099 1926 4148 ursas.

138 4183 320 4248 inmundum
345 4184 440 4248 nolite
463 4197 596 4270 tarrqere.
633 4183 750 4246 Alieno
775 4185 860 4248 enim
884 4193 1021 4269 peccato
1045 4206 1110 4247 non
1127 4183 1320 4264 consentire,
1346 4192 1395 4245 est
1417 4181 1608 4246 inmundum
1632 4203 1697 4246 non
1721 4191 1790 4245 tan-

137 4309 224 4374 gere,
248 4288 310 4352 hoc
333 4288 420 4353 idem
444 4288 564 4371 verbis,
591 4301 687 4374 prout
711 4291 872 4371 convenit,
897 4311 1045 4375 arguere,
1070 4299 1119 4353 est
1143 4290 1233 4353 exire
1257 4288 1344 4371 inde,
1375 4287 1434 4352 sed
1457 4288 1618 4374 quomodo
1642 4289 1677 4350 in
1700 4289 1791 4351 exitu

137 4393 238 4459 Israel
261 4394 302 4459 de
326 4395 457 4481 Egypto
482 4394 596 4459 domus
620 4394 719 4460 Iacob
745 4395 784 4459 de
808 4395 928 4481 populo
951 4395 1092 4460 barbaro
1116 4396 1332 4482 Egyptiorum
1356 4395 1539 4480 persecutio
1564 4395 1707 4458 excitata
1730 4402 1790 4475 est,
1811 4417 1933 4466 runai.

137 4502 183 4565 ita
212 4513 244 4565 et
273 4523 370 4566 nunc.
415 4501 498 4566 Aliis
530 4503 615 4566 enim
646 4501 814 4566 aecclesiis
845 4501 1040 4567 habentibus
1071 4501 1331 4588 qualemcunque
1361 4523 1487 4586 pacem,
1518 4523 1577 4564 nos
1607 4501 1718 4564 miseri
1748 4498 1792 4564 ad

92 4633 120 4672 so
137 4606 331 4672 aecclesiam
352 4606 624 4694 Salzburgensem
648 4610 857 4694 pertinentes,
881 4610 958 4695 quia
981 4609 1069 4695 quod
1092 4608 1190 4672 corde
1215 4607 1376 4671 credimus
1400 4616 1432 4670 et
1455 4607 1611 4670 sentimus
1636 4607 1678 4670 ad
1701 4608 1791 4670 iusti·
1812 4629 1960 4676 marono.

138 4715 221 4778 ciam
254 4737 308 4779 ore
340 4714 532 4779 confitemur
561 4714 603 4779 ad
634 4715 780 4796 salutern,
812 4739 921 4779 sumus
952 4716 1092 4801 expositi
1122 4711 1413 4800 persecutionibus,
1443 4735 1523 4799 quas
1554 4713 1627 4777 Deo
1659 4712 1790 4778 favente

138 4819 332 4906 mitigandas
367 4832 443 4886 tunc
479 4822 695 4908 speravimus,
727 4821 858 4907 quando
889 4845 930 4886 ex
961 4822 1157 4908 prudentum
1188 4819 1322 4884 consilio
1353 4819 1489 4883 domnus
1524 4820 1701 4904 imperator
1731 4819 1792 4883 fuit

140 4931 285 5013 'paratus
309 4929 518 5014 acquiescere
535 4927 588 4992 vel
605 4927 750 4992 conciliis
767 4927 819 4992 vel
839 4928 981 4993 consiliis
1006 4927 1047 4992 ab
1072 4939 1209 5013 utraque
1233 4937 1324 5012 parte
1349 4926 1505 4990 formatis.
1552 4925 1646 4990 Nunc
1670 4935 1790 5006 autem,
1812 4945 1899 4987 ‘erra

138 5035 215 5119 quia
236 5033 324 5099 idem
347 5036 468 5100 iuravit
491 5034 650 5120 simulque
674 5035 838 5120 principes
862 5047 894 5098 et
918 5035 1009 5099 multi
1033 5035 1178 5120 episcopi
1202 5056 1275 5097 curn
1293 5055 1331 5096 eo
1347 5033 1545 5112 iuraverunt,
1569 5042 1667 5118 prout
1683 5029 1792 5095 volue-

93 5163 120 5202 es
138 5151 221 5222 runt,
245 5141 307 5204 nisi
331 5163 389 5205 vos
412 5142 531 5226 petatis
555 5141 589 5204 in
605 5140 752 5205 conciliis
769 5140 826 5206 vel
845 5143 879 5205 in
903 5141 1045 5205 consiliis
1070 5139 1268 5204 audientiam
1292 5137 1334 5202 ad
1358 5136 1580 5201 excusandam
1606 5138 1790 5223 opinionem

139 5247 385 5332 conspirationis
416 5245 457 5310 de
481 5245 574 5311 vobis
597 5246 775 5332 vulgatam,
807 5247 1015 5312 desolationis
1046 5244 1266 5310 abhominatio
1297 5256 1386 5308 stans
1417 5245 1450 5308 in
1479 5244 1551 5307 loco
1583 5253 1696 5307 sancto
1727 5265 1791 5307 non
1811 5266 1937 5315 nassas.

138 5353 311 5435 auferetur,
335 5375 441 5439 neque
465 5375 531 5438 pax
554 5353 616 5416 erit
639 5354 672 5415 in
689 5351 804 5416 diebus
828 5355 946 5417 nostris
967 5375 1065 5417 causa
1089 5350 1271 5416 discordiae
1295 5373 1360 5414 non
1384 5349 1504 5431 decisa,
1530 5372 1613 5435 quae
1639 5350 1790 5412 nimirum

138 5460 323 5524 cautissime
348 5459 563 5542 decideretur,
592 5461 618 5523 si
642 5469 772 5546 pactum
795 5458 885 5540 illud,
910 5459 950 5523 de
976 5481 1038 5545 quo
1063 5467 1112 5522 est
1135 5459 1261 5544 questio
1286 5467 1318 5521 et
1342 5457 1542 5542 conquestio,
1567 5465 1789 5519 excusaretur.

244 5623 271 5686 a)
292 5624 399 5675 initialis
417 5625 500 5675 littera
518 5623 584 5674 deest
601 5641 622 5674 c.

208 5729 309 5782 Libelli
328 5732 361 5782 de
382 5731 437 5782 lite.
470 5732 524 5782 111.
1545 5729 1578 5777 52
