4386 6390
391 435 668 494 FRAGMENTUM
691 435 1029 492 MERSEBURGENSE
1053 435 1106 493 DE
1131 437 1356 496 CAELIBATU
1380 437 1506 496 CLERI.
1714 431 1778 496 585

125 735 217 796 cum²
240 733 397 797 marannis
420 731 607 796 mulieribus
629 731 812 812 habitantes,
836 745 953 817 putant
974 756 1007 797 se
1029 735 1183 798 cmtitatis
1206 734 1341 799 obtinere
1365 734 1568 820 triumpbum,
1599 737 1779 822 ipnorantes

127 838 297 924 dupliciter
326 862 359 902 se
387 851 466 925 aput
487 837 590 902 Deum
619 861 689 902 reos
718 839 859 918 cautere,
889 837 964 901 dum
995 852 1023 903 et
1051 864 1083 903 se
1113 841 1200 925 ipsos
1229 842 1265 904 in
1281 841 1462 926 periculum
1493 843 1625 921 mittunt,
1649 855 1678 905 et
1700 841 1778 906 alies

126 946 300 1032 memplum
316 968 467 1034 peruerse
483 944 731 1031 familiaritatis
753 943 924 1008 ostendunt.
975 944 1244 1031 Quanticumque⁸
1268 949 1350 1012 enim
1378 947 1508 1010 illorum
1534 945 1696 1012 stulticiab
1714 971 1778 1034 per

96 1051 320 1116 sindonestam
336 1052 600 1138 familiaritatem
625 1053 778 1116 castitatis
801 1065 982 1116 orrsamenta
998 1052 1215 1138 perdiderint,
1238 1053 1368 1118 illorum
1391 1055 1496 1139 anime
1519 1055 1558 1118 ab
1581 1053 1651 1118 illis
1674 1057 1708 1118 in
1725 1053 1777 1119 die

127 1157 247 1222 iudicii
266 1160 480 1244 requiruntur,
504 1159 564 1243 qui
583 1181 622 1222 eu
644 1160 690 1222 eis
712 1159 887 1244 esemplum
906 1157 1099 1244 perditionis
1123 1159 1292 1224 ostendunt.
1334 1157 1427 1223 Idem
1451 1157 1569 1222 aliam:
1594 1158 1670 1225 Ideo
1693 1161 1777 1242 nolo,

127 1279 161 1329 ut
180 1289 271 1330 soror
293 1289 362 1330 mea
384 1288 500 1329 mecum
524 1266 576 1344 sit,
600 1267 677 1350 quia
700 1289 759 1352 que
782 1288 852 1328 aum
873 1288 980 1328 sorore
1002 1289 1072 1330 mea
1094 1280 1175 1346 sunt,
1198 1289 1321 1330 sorores
1343 1290 1408 1355 mee
1430 1289 1492 1330 non
1515 1280 1593 1330 sunt.
1642 1265 1775 1332 Simile⁰

128 1369 206 1456 quid
228 1370 438 1435 Hieronimus
462 1369 823 1456 contraVig'iluntiumd
845 1369 1100 1456 presbiterum³z
1125 1375 1135 1406 ‘
1140 1370 1215 1454 Cur,
1239 1374 1373 1458 inquies,
1394 1375 1507 1459 perpis
1530 1373 1575 1436 ad
1596 1373 1777 1439 heremum?

128 1477 282 1560 uidelicet,
305 1491 340 1542 ut
360 1492 387 1542 to
409 1501 472 1542 non
494 1477 636 1558 audiam,
666 1501 728 1542 non
758 1477 894 1559 uideam,
922 1491 956 1541 ut
977 1492 1028 1542 tuo
1044 1479 1164 1566 furore
1193 1502 1255 1543 non
1284 1503 1428 1561 monear,·
1458 1493 1491 1544 ut
1520 1493 1573 1544 tua
1603 1480 1685 1545 bella
1714 1503 1776 1545 non

87 1609 110 1648 n
121 1587 245 1672 patiar,
268 1609 306 1649 ne
328 1609 376 1649 me
400 1587 507 1671 capiat
522 1586 630 1649 oculus
645 1587 828 1666 mannisis,
852 1609 889 1649 ne
898 1585 1015 1672 forma
1023 1585 1245 1670 pulcberrima
1268 1584 1314 1649 ad
1328 1585 1458 1650 illicitos
1475 1585 1569 1650 ducat
1583 1586 1774 1673 amplesus’.

127 1691 361 1778 Respondebis:
391 1691 458 1756 ‘boc
480 1715 540 1754 non
572 1706 616 1756 est
631 1700 811 1779 pnpnare0,
841 1690 899 1755 sed
912 1692 1039 1778 supere.
1088 1689 1144 1755 Sta
1168 1693 1203 1755 in
1225 1693 1305 1773 acie,
1328 1691 1536 1756 aduersartof
1561 1706 1702 1758 armatus
1725 1694 1775 1758 ob-

127 1800 214 1878 siste,
245 1812 279 1862 ut
298 1813 469 1884 postquam
499 1800 615 1862 riseris
638 1797 823 1863 coroneris'.
870 1798 999 1862 ‘Fateor
1021 1798 1255 1862 inbecillitatem
1285 1822 1393 1862 meam.
1441 1797 1525 1863 Nolo
1552 1823 1607 1886 spe
1628 1823 1777 1888 pupnare

129 1907 266 1988 uictoris,
289 1929 327 1970 ne
337 1905 497 1992 perdam8
520 1905 696 1990 aliquando
718 1907 893 1970 uictoriam.
932 1902 973 1970 Si
985 1906 1117 1993 supero,
1138 1905 1284 1992 pladium
1302 1905 1459 1986 deuitaoi5
1480 1908 1513 1970 si
1533 1919 1634 1970 autem
1656 1919 1776 1988 stetero,

128 2011 390 2078 antelucandum
413 2012 496 2076 mibi
516 2026 560 2076 est
587 2026 643 2076 aut
669 2011 853 2076 cadmdum.
903 2010 991 2089 Quid
1011 2025 1112 2076 autem
1136 2035 1256 2076 necesse
1279 2025 1323 2076 est
1351 2012 1434 2076 mibi
1454 2026 1537 2076 certa
1561 2012 1726 2093 dimittere,
1750 2027 1779 2077 et

87 2143 111 2182 u
127 2122 246 2183 incerta
268 2119 407 2183 sectari?
451 2117 518 2182 Aut
544 2133 629 2183 scuto
659 2132 714 2182 aut
738 2117 875 2204 pedibus
903 2141 988 2182 mors
1015 2117 1147 2182 uitanda
1170 2132 1221 2182 est.
1274 2117 1322 2182 Tu
1345 2120 1404 2204 qui
1417 2142 1556 2206 pupnas,
1580 2133 1609 2184 et
1629 2121 1781 2206 superari

121 2239 221 2312 potes,
242 2239 270 2290 et
285 2228 416 2290 uincere.
451 2225 521 2311 Epo
545 2249 614 2289 eum
622 2226 733 2314 supio,
757 2249 819 2288 non
841 2223 950 2289 ainco¹¹
975 2227 1008 2288 in
1025 2249 1059 2288 eo
1082 2223 1168 2310 quod
1182 2226 1293 2312 fupio,
1316 2225 1373 2289 scd
1395 2225 1466 2290 ideo
1474 2227 1586 2314 supro,
1601 2251 1639 2291 ne
1655 2229 1775 2291 vincar.

127 2332 229 2396 Nulla
251 2334 403 2396 securitas
426 2345 471 2396 est
492 2334 596 2396 uicino
611 2346 750 2418 serpente
766 2332 914 2396 dormire.
950 2330 1053 2395 Potest
1067 2333 1156 2418 fieri,
1180 2345 1214 2395 ut
1234 2355 1283 2395 me
1305 2355 1365 2396 non
1390 2331 1541 2414 mordeat,
1565 2347 1667 2398 tamen
1674 2347 1780 2420 potest

120 2441 208 2526 fleri,
225 2453 259 2503 ut
272 2438 447 2524 aliquando
463 2438 612 2503 mordeat.
648 2439 769 2504 Matres
792 2463 937 2503 vocamus
960 2452 989 2502 et
1009 2461 1132 2503 sorores
1155 2451 1183 2502 et
1197 2439 1302 2524 filias,
1326 2452 1355 2502 et
1375 2462 1437 2502 non
1453 2440 1661 2504 erubescimus
1684 2441 1779 2504 viciis

128 2549 242 2610 nostris
264 2548 393 2610 nomena
408 2547 542 2632 pictatis
565 2544 754 2610 obtendere’.
1407 2621 1409 2624 ⁸

89 2677 111 2715 n
233 2651 295 2716 His
322 2651 503 2716 Hieronimi
534 2650 628 2715 distis
658 2673 724 2716 non
747 2650 941 2716 dissentiens
966 2651 1113 2738 quintum
1138 2651 1336 2738 capitulum¹
1369 2650 1474 2716 sinodi
1498 2650 1558 2716 sub
1581 2653 1777 2739 imperatore

128 2757 311 2822 Theodosio
335 2769 414 2844 aput
428 2758 582 2844 Hippone
605 2758 732 2843 regium
756 2779 856 2844 opera
870 2756 996 2822 Aurelii
1013 2756 1293 2843 Carthaginiensis
1317 2758 1463 2845 episcopi
1487 2757 1632 2850 collecte,
1655 2760 1690 2824 in
1714 2782 1779 2846 qua

128 2864 258 2929 diversa
280 2864 420 2929 concilia
434 2862 590 2954 Africana
613 2865 782 2954 provincie
805 2864 942 2929 recitata
965 2874 997 2928 et
1021 2865 1208 2929 examinata
1231 2874 1315 2947 sunt,
1338 2865 1433 2930 huius
1457 2867 1591 2952 inquam
1613 2865 1720 2930 sinodi
1736 2865 1777 2930 V.

128 2972 267 3057 precipit
283 2970 498 3058 capitulumlz
520 2971 641 3036 Clerici
661 2973 712 3036 uel
732 2974 919 3036 continentes
941 2972 987 3037 ad
1001 2972 1115 3036 viduas
1138 2973 1190 3036 uel
1210 2975 1360 3059 uirpines,
1383 2975 1452 3037 nisi
1472 2997 1511 3037 es
1533 2976 1621 3037 iussa
1644 2975 1778 3060 celper-

128 3081 225 3143 missu
249 3082 465 3165 episcoporum
489 3080 540 3142 vel
553 3079 802 3165 presbiterorum
832 3103 894 3143 non
924 3078 1081 3143 accedant.
1129 3079 1173 3144 Et
1201 3080 1258 3143 boc
1288 3104 1350 3144 non
1378 3081 1443 3144 soli
1457 3080 1601 3167 faciant,
1631 3079 1688 3146 sed
1709 3105 1778 3144 cum

80 3209 111 3249 ss
129 3186 312 3250 cmsclericis
335 3186 385 3249 uel
407 3210 475 3249 oum
499 3185 549 3250 bis
572 3209 641 3249 curn
665 3186 778 3270 quibus
801 3188 966 3272 episcopus
988 3187 1039 3250 uel
1053 3187 1213 3272 presbiter
1236 3188 1371 3250 iusserit.
1408 3185 1476 3251 Nec
1499 3188 1568 3272 ipsi
1588 3189 1732 3273 episcopi
1752 3202 1780 3252 et

121 3293 298 3377 presbiteri
317 3293 382 3356 soli
401 3292 535 3356 babeant
556 3315 712 3356 accessum
736 3290 782 3355 ad
803 3291 987 3356 tastamenti
999 3293 1157 3379 feminas,
1180 3294 1249 3357 nisi
1269 3306 1324 3356 aut
1342 3292 1454 3356 clerici
1459 3307 1621 3379 presentes
1636 3296 1708 3374 sint,
1726 3309 1780 3358 aut

127 3423 240 3486 praees
263 3400 370 3484 aliqui
390 3399 566 3463 christiani.
613 3396 705 3460 Istud
728 3394 897 3461 consilium
926 3397 1024 3461 immo
1049 3396 1190 3462 edietum
1215 3399 1314 3462 etiam
1341 3398 1375 3460 in
1398 3397 1536 3462 infantia
1558 3399 1722 3484 primitive
1746 3409 1779 3463 et

128 3503 218 3568 rudis
235 3504 342 3569 adhuc
366 3504 503 3594 ecclesie
528 3526 547 3567 a
570 3513 682 3568 sancto
700 3502 866 3569 Clemente
881 3502 1001 3588 legitur
1016 3502 1162 3567 datum⁵:
1185 3503 1336 3584 Clericus,
1360 3505 1476 3591 inquit,
1500 3507 1585 3569 solus
1600 3507 1779 3594 adfemine

129 3613 361 3676 tabernaculum
393 3635 454 3675 non
483 3611 618 3676 accedat.
665 3611 733 3676 Nec
758 3612 915 3696 presbiter
943 3611 1028 3674 solus
1058 3635 1127 3674 cum
1156 3612 1225 3674 sola
1241 3612 1373 3699 femina
1389 3613 1528 3699 fabulas
1557 3614 1698 3692 misceat„
1724 3637 1779 3677 nec

88 3742 112 3782 so
130 3719 375 3783 archidiaconus
397 3733 452 3782 aret
474 3719 626 3783 diaconus
655 3720 711 3782 sub
732 3732 875 3804 pretenta
904 3718 1092 3781 humilitatis
1123 3719 1233 3805 officii
1246 3717 1452 3806 frequentet¹¹
1476 3719 1642 3784 domicilia
1664 3733 1778 3784 matro-

130 3851 243 3890 narum
266 3840 321 3890 ant
335 3827 426 3913 forte
444 3849 505 3911 per
528 3825 658 3889 clericos
681 3839 736 3888 aut
758 3824 941 3889 domesticos
964 3826 1031 3888 eius
1053 3838 1193 3912 matrone
1215 3824 1381 3888 mandetur
1403 3839 1552 3890 secretum
1568 3825 1704 3911 aliquid.
1742 3824 1783 3890 Si

130 3935 284 4019 copnitmn
301 3934 419 4020 feeerit,
443 3946 472 3995 et
492 3933 548 3996 ille
572 3931 756 4017 deponamur,
780 3945 809 3994 et
830 3932 889 3995 illa
913 3957 933 3994 a
958 3931 1121 3995 liminibus
1144 3945 1290 3995 arceatur
1313 3933 1447 4017 ecclesie.
1495 3930 1594 3994 Item:
1625 3931 1682 3996 Ad
1703 3934 1779 3996 uisi-

130 4040 259 4104 tandam
282 4040 444 4103 mrtlt'erem
467 4041 626 4125 infirmam
647 4039 753 4102 nullus
769 4039 902 4102 clericus
918 4038 1126 4124 inprediatur,
1149 4039 1218 4102 nisi
1231 4062 1300 4101 cum
1317 4037 1436 4102 dnobus
1459 4053 1514 4102 aut
1536 4040 1643 4104 tribus.
1679 4038 1779 4104 Nemo

132 4160 232 4210 tamen
262 4170 330 4210 cum
362 4160 509 4210 esmanea
539 4146 654 4209 babitet
668 4147 809 4233 femina,
840 4147 908 4226 nisi
934 4168 1024 4208 soror
1054 4159 1110 4208 aut
1132 4146 1285 4230 prosimu
1301 4146 1419 4233 fuerit,
1444 4159 1472 4210 et
1494 4146 1550 4210 boc
1573 4171 1640 4210 cum
1665 4171 1780 4233 mapsa

88 4276 112 4315 ss
132 4253 345 4318 sollicitudine
361 4254 433 4340 fiat.
480 4251 554 4316 Non
577 4254 660 4316 enim
684 4255 866 4338 sjqnoramus
889 4252 1051 4315 maliciam
1074 4266 1192 4334 satane.

237 4358 319 4423 Sunt
343 4368 451 4422 autem
475 4380 517 4421 ex
540 4356 764 4421 sacerdotibus
787 4356 1055 4421 matrimonialem
1080 4354 1142 4420 sibi
1165 4357 1335 4421 licenciam
1357 4356 1533 4422 defendere
1558 4367 1713 4422 conantes
1738 4381 1779 4422 ex

131 4465 242 4529 XHII.
267 4465 375 4550 capite
406 4463 541 4528 secundi
571 4462 645 4528 libri
675 4465 708 4526 in
737 4465 897 4549 tripertita
925 4463 1149 4527 ecclesiastica
1172 4463 1349 4550 hystoriali,
1374 4463 1460 4550 quod
1484 4464 1631 4551 predicto
1655 4465 1780 4555 Nicenc

130 4571 236 4638 sinodi
260 4583 422 4636 conventu
446 4572 493 4635 sic
518 4570 742 4656 subsequitur:
769 4571 908 4635 Sinodns
923 4585 1022 4634 autem
1041 4573 1198 4657 corripere
1215 4573 1319 4635 uolens
1334 4572 1493 4636 bominum
1517 4575 1613 4636 uitam
1637 4575 1670 4636 in
1687 4574 1780 4660 pecl-

129 4682 189 4744 siis
212 4682 468 4744 commorantium
484 4681 596 4764 posuit
626 4680 706 4765 lepos
736 4702 815 4763 quas
845 4701 977 4741 canones
1007 4679 1190 4763 apellamus.
1239 4678 1279 4741 In
1303 4702 1433 4763 quorum
1461 4693 1594 4743 mactatu
1617 4679 1782 4743 uidebatur

86 4809 112 4848 eo
131 4787 292 4872 aliquibus
308 4785 504 4850 introducere
529 4786 619 4872 lepes,
643 4799 676 4848 ut
698 4787 849 4872 episcopi,
868 4785 1051 4870 presbiteri,
1076 4783 1208 4848 diaconi
1224 4798 1252 4848 et
1265 4785 1456 4849 subdiaconi
1468 4809 1535 4849 cum
1554 4787 1781 4872 coniupalibus,

132 4907 304 4978 quaranta
328 4894 585 4956 coruecratianem
619 4891 783 4970 duxerant,
814 4914 874 4953 non
906 4890 1087 4954 dormirent.
1136 4889 1275 4978 Serpens
1298 4906 1398 4955 autem
1422 4891 1597 4980 Pafnntius
1621 4894 1783 4980 confessor

236 5089 264 5155 a)
287 5093 487 5158 Qanticumque
505 5109 526 5142 c.
613 5089 641 5154 b)
663 5089 811 5141 stulticiam
830 5108 851 5140 c.
933 5085 958 5152 e)
981 5089 1081 5140 Simele
1100 5108 1120 5141 e.
1201 5087 1228 5153 d)
1250 5090 1459 5155 advigilantium
1478 5109 1498 5140 c.
1578 5088 1604 5151 s)
1626 5107 1743 5157 purgare
1762 5109 1782 5143 c.

130 5178 151 5244 f)
174 5181 337 5232 adversariis
357 5181 430 5230 licem
503 5177 532 5246 g)
553 5197 603 5246 per
622 5196 702 5244 quam
721 5197 742 5230 c,
815 5177 843 5241 h)
865 5181 962 5230 vincor
980 5196 1001 5230 c.
1074 5177 1095 5242 i)
1116 5181 1236 5244 capitum
1256 5197 1276 5228 c.
1349 5176 1378 5242 k)
1400 5181 1558 5244 frequenter
1576 5197 1596 5229 c.

239 5359 269 5436 l)
291 5363 378 5419 Hunc
401 5363 489 5419 locum
513 5363 593 5437 apud
614 5361 798 5437 Augustianos
821 5381 878 5418 non
905 5360 1007 5417 intrari.
1123 5359 1153 5430 2)
1178 5359 1301 5416 Possidii
1322 5361 1353 5417 V.
1372 5361 1402 5418 S.
1419 5359 1569 5437 Auprutini
1590 5381 1613 5417 c.
1632 5360 1683 5432 26,
1709 5359 1782 5437 Opp.

85 5485 112 5524 ts
130 5469 168 5540 Χ,
193 5489 261 5544 app.
287 5471 337 5527 rol.
357 5467 439 5538 275;
463 5470 504 5541 ef.
528 5469 639 5544 Repiuo
662 5469 697 5524 de
718 5469 847 5542 synodal.
874 5488 950 5526 caus.
976 5467 1035 5538 l.I,
1061 5487 1084 5524 e.
1102 5466 1153 5522 99.
1247 5467 1276 5536 3)
1303 5465 1411 5524 Contra
1433 5467 1565 5544 Vipilant.
1591 5487 1613 5524 e.
1633 5468 1683 5538 17,
1710 5466 1782 5543 Opp.

130 5577 174 5633 ed.
198 5576 357 5633 Vallarsius
380 5575 420 5645 II,
453 5577 503 5633 col.
531 5574 604 5631 401.
630 5574 702 5630 402.
818 5573 848 5645 4)
875 5573 981 5632 Concil.
1008 5571 1145 5649 Carth-ap,
1170 5572 1227 5644 ΙΙΙ,
1260 5594 1283 5630 c.
1302 5574 1352 5645 25,
1386 5574 1493 5644 Mansi,
1527 5573 1595 5632 Call.
1621 5594 1697 5631 conc.
1726 5573 1783 5643 ΙΙΙ,

131 5684 183 5740 col.
200 5682 263 5739 884
282 5677 334 5757 (cf.
353 5677 439 5758 850),
463 5682 661 5757 Hinssbiusp.
678 5680 750 5737 298.
821 5679 852 5756 5)
870 5680 941 5756 Cup.
960 5681 1012 5750 46,
1037 5679 1213 5737 Psardaisid.
1232 5681 1274 5737 ed.
1291 5681 1445 5738 Hermobius
1455 5701 1488 5756 p.
1503 5681 1553 5737 48.
1625 5679 1655 5750 6)
1674 5679 1785 5739 Cassio·

132 5789 197 5847 dori
219 5789 281 5846 bist.
306 5788 421 5865 tripart.
445 5789 486 5858 ΙΙ,
512 5807 534 5845 c.
555 5788 604 5860 14,
631 5787 707 5864 Opp.
732 5790 775 5845 ed.
794 5785 929 5846 Garetius
952 5787 976 5858 I,
995 5807 1031 5863 p.
1048 5785 1121 5843 230.

202 5909 303 5962 Libelli
322 5911 355 5961 de
376 5909 433 5961 lite.
464 5911 518 5960 111.
1532 5910 1566 5959 'll
