4478 6396
710 387 949 445 OPUSCULUM
972 390 1024 443 DE
1049 387 1222 443 EDIFICIO
1248 387 1325 442 DEI.
1785 383 1845 446 169

189 575 358 662 phalerum
382 597 462 640 vero
494 575 722 641 conventicula
751 597 817 640 uon
848 577 1029 654 canonicis,
1061 573 1119 640 sed
1150 574 1442 661 pseudocanonicis
1473 574 1571 660 plena
1602 574 1741 661 quedam
1773 587 1849 640 suut

189 693 301 768 portae
326 683 433 764 inferi,
458 705 543 769 quae
568 704 633 747 uon
656 681 872 768 prevalebunt
895 681 1052 746 adversus
1076 683 1172 745 istam
1195 682 1304 768 gregis
1329 691 1456 766 portam
1481 704 1500 745 a
1521 681 1664 746 Domino
1695 684 1729 745 in
1752 693 1847 768 petra

190 788 370 872 fundatam,
394 789 493 854 Petro
518 790 723 854 commissam
750 801 782 853 et
805 811 908 874 usque
939 787 1022 853 adeo
1051 788 1284 868 confirmatam,
1313 799 1348 851 ut
1378 810 1490 851 omnes
1515 803 1630 875 portae
1658 791 1764 877 inferi
1785 815 1846 854 ooo
1865 815 2023 866 usturam.

187 897 351 982 proauus
373 897 526 962 adversus
550 921 628 976 eom,
653 897 730 981 quia
753 895 805 960 ille
828 895 913 959 hauc
936 906 1063 981 portam
1080 895 1189 980 gregis
1214 895 1308 980 quasi
1332 895 1498 980 proprium
1515 894 1600 958 ovile
1618 893 1773 976 defendit,
1792 897 1845 960 cui

158 1013 307 1066 somne·
323 1025 411 1088 genu
427 1002 592 1067 flectetur:
618 1013 650 1066 θῖ
672 1001 746 1066 ideo
770 1003 890 1067 furstra
905 1001 1263 1088 pseudocanonicorum
1285 1000 1382 1065 turba
1404 1000 1451 1064 illi
1475 1000 1519 1065 ad
1541 1012 1669 1087 tempus
1693 1003 1844 1066 resistere
1865 1029 1993 1080 rutam.

191 1108 329 1173 ridetur.
383 1109 519 1174 Frustra
543 1109 587 1173 illi
611 1132 632 1172 a
655 1109 786 1173 vicariis
811 1119 843 1172 et
865 1107 991 1172 furibus
1015 1110 1186 1190 resistitur,
1212 1131 1348 1194 quorum
1372 1119 1488 1172 neuter
1511 1110 1631 1194 poterit
1655 1108 1843 1192 aecclesias,

190 1237 270 1300 quas
288 1227 461 1302 occupant,
480 1217 632 1298 retinere,
657 1217 685 1280 si
702 1217 874 1302 episcopus
893 1215 1053 1279 evellendi
1070 1238 1108 1278 ac
1126 1214 1295 1300 plantandi
1311 1216 1545 1284 scientissimus
1563 1214 1707 1280 debitam
1723 1217 1757 1279 iu
1772 1216 1845 1280 illos

191 1321 330 1387 voluerit
353 1324 562 1388 severitatem
585 1345 751 1403 exercere,
776 1346 840 1386 nou
865 1323 1055 1408 permittens
1079 1322 1272 1386 aecclesiam
1290 1321 1343 1386 vel
1364 1323 1531 1385 avicariis
1548 1323 1702 1408 occupari
1725 1323 1778 1386 vel
1803 1323 1844 1388 ab

191 1428 298 1516 aliquo
316 1429 441 1494 donari.
476 1430 551 1495 Nou
568 1441 617 1494 est
633 1431 718 1494 euim
736 1429 907 1516 presbyter
930 1431 963 1492 in
980 1429 1141 1494 aecclesia
1165 1428 1328 1510 ferendus,
1353 1451 1449 1515 quem
1474 1452 1540 1493 non
1557 1431 1732 1494 intromisit
1749 1432 1844 1494 ostia-

146 1562 172 1599 ιο
192 1537 268 1616 rius,
285 1539 341 1622 qui
358 1538 521 1600 neminem
537 1538 729 1617 intromittit,
754 1537 817 1599 nisi
842 1538 897 1622 qui
922 1536 1064 1622 legitime
1088 1536 1226 1600 accedit.
1263 1535 1337 1599 Non
1357 1547 1465 1600 autem
1482 1536 1610 1600 accedit
1629 1535 1772 1622 legitime
1790 1539 1845 1624 qui

194 1641 387 1707 aecclesiam
404 1645 549 1730 suscipit,
574 1643 657 1708 laico
682 1643 744 1707 sibi
762 1666 835 1708 eam
852 1643 1004 1707 donante.
1039 1643 1160 1707 Laieus
1177 1645 1264 1707 euim
1281 1642 1388 1706 dando
1405 1666 1471 1706 non
1486 1655 1650 1729 pastorem
1667 1644 1844 1724 coustituit,

193 1748 249 1813 sed
266 1772 324 1814 suo
341 1750 427 1816 dono
447 1751 552 1815 furem
576 1774 634 1814 seu
656 1751 815 1815 latronem
838 1749 983 1830 intrudit,
1010 1751 1086 1836 quia
1109 1761 1197 1814 recte
1221 1749 1321 1813 iuret
1344 1748 1425 1814 latro
1443 1749 1562 1814 dicitur
1579 1751 1633 1836 qui
1651 1749 1843 1813 aecclesiam

193 1855 275 1921 laico
292 1856 434 1922 donante
459 1868 490 1921 et
514 1859 646 1922 ostiario
670 1860 840 1943 ignorante
865 1859 1006 1921 sortitur.
1042 1857 1159 1921 Pastor
1174 1867 1284 1920 autem
1298 1855 1388 1920 nulla
1403 1854 1561 1920 laicorum
1578 1855 1762 1937 donatione,
1788 1856 1845 1920 sed

195 1964 352 2027 canonica
376 1964 534 2029 electione
560 1974 699 2046 creatur,
724 1966 794 2028 sive
817 1966 851 2028 in
867 1965 940 2049 ipsa
963 1963 1124 2028 aecclesia
1140 1964 1335 2044 inveniatur,
1354 1985 1438 2048 quae
1454 1973 1584 2049 pastore
1608 1961 1749 2050 indigen
1775 1965 1844 2027 sive

149 2094 175 2133 rs
193 2069 232 2133 de
256 2069 360 2134 altera
383 2083 547 2156 queratur,
572 2093 656 2156 quae
680 2072 713 2134 iu
737 2094 801 2135 uno
826 2071 1006 2135 eommunis
1029 2070 1117 2133 ritae
1142 2069 1220 2132 ovili
1243 2068 1324 2133 tales
1348 2069 1438 2134 fovet
1461 2070 1591 2150 arietes,
1618 2092 1678 2155 per
1702 2092 1792 2155 quoe,
1818 2071 1845 2132 si

193 2174 286 2240 electi
309 2176 440 2259 fuerint,
465 2176 634 2241 fecundari
658 2179 785 2262 possint
800 2199 888 2241 oves.
926 2176 1020 2256 Quae
1043 2199 1108 2240 non
1133 2187 1287 2240 secuntur
1310 2175 1461 2258 alienum,
1487 2177 1564 2262 quia
1587 2199 1653 2240 non
1676 2187 1725 2240 est
1748 2177 1844 2258 aries,
1866 2203 1984 2253 loh.10,b.

193 2282 249 2346 sed
272 2283 366 2369 lupus
391 2295 424 2347 et
446 2283 579 2370 praedo.
628 2283 778 2348 Oenones
807 2285 894 2347 enim
918 2285 997 2346 satis
1025 2284 1224 2369 permittunt,
1250 2293 1294 2364 ut,
1320 2305 1394 2346 cum
1417 2283 1451 2346 in
1475 2282 1585 2369 aliqua
1608 2282 1769 2347 aecclesia
1792 2282 1845 2347 vel

193 2388 281 2453 nulla
303 2389 357 2453 vel
380 2413 445 2454 non
470 2391 542 2454 talis
567 2401 616 2454 est
640 2391 832 2454 clericorum
861 2391 1080 2476 congregatio,
1111 2390 1145 2452 in
1176 2412 1241 2475 qua
1270 2399 1382 2475 pastor
1411 2388 1548 2454 idoneus
1578 2390 1774 2470 inveniatur,
1803 2389 1844 2454 de

192 2495 293 2560 altera
320 2496 482 2562 aecclesia
505 2507 675 2583 queratur:
706 2499 753 2561 ita
776 2491 911 2576 scilicet,
937 2507 972 2560 ut
994 2495 1188 2581 regulariter
1211 2496 1332 2560 electris
1355 2495 1454 2560 rebus
1476 2495 1563 2560 illius
1586 2496 1778 2578 aecclesiae,
1804 2496 1844 2560 de

148 2629 175 2666 ao
192 2627 257 2688 qua
280 2602 323 2667 ad
347 2603 443 2668 aliam
468 2604 670 2686 transfertur,
694 2626 760 2668 non
775 2605 949 2690 participet
965 2602 1116 2686 ulterius,
1142 2604 1226 2668 sieut
1248 2625 1310 2667 nec
1334 2603 1512 2667 monachus
1537 2601 1635 2668 debet
1657 2604 1844 2667 monasterii

192 2709 288 2774 rebus
318 2711 518 2796 participari,
549 2723 721 2797 postquam
745 2711 797 2775 vel
829 2711 862 2774 in
886 2711 1052 2796 episcopio
1076 2709 1129 2774 vel
1159 2711 1193 2774 in
1223 2708 1427 2796 presbyterio
1458 2709 1624 2794 regendae
1653 2711 1846 2796 preponitur

192 2817 383 2882 aecclesiae.
430 2818 533 2882 Nemo
551 2820 637 2881 enim
653 2828 761 2904 potest
777 2817 886 2882 officia
910 2817 1042 2881 diversa
1065 2817 1161 2880 simul
1184 2828 1271 2880 recte
1295 2816 1539 2899 administrare;
1565 2839 1659 2880 nemo
1684 2839 1718 2880 se
1738 2818 1844 2903 ipsum

192 2923 292 2987 titulis
317 2925 455 2988 duarum
480 2925 713 2989 aecclesiarum
738 2923 837 2989 debet
861 2923 1019 3009 'alligare
1066 2922 1212 2987 Monstro
1244 2925 1330 2986 eninr
1361 2923 1465 2987 simile
1489 2923 1628 3004 videtur,
1657 2933 1692 2987 ut
1721 2925 1755 2987 in
1779 2945 1844 2987 una
1863 2945 1940 2986 *sart

193 3031 354 3095 aecclesia
377 3033 560 3118 episcopus,
591 3033 625 3095 iu
649 3032 712 3096 alia
736 3033 778 3095 sit
801 3032 994 3096 canonicus:
1026 3040 1059 3094 et
1088 3029 1134 3094 ibi
1158 3031 1297 3116 recipiat
1320 3030 1360 3093 de
1385 3030 1547 3116 stipendio
1571 3031 1763 3116 portionem,
1787 3028 1843 3094 ubi

148 3161 174 3201 as
192 3136 321 3202 debitae
346 3141 510 3203 servitutis
534 3162 599 3204 non
623 3138 719 3203 solvit
742 3140 941 3224 pensionem.
988 3135 1056 3201 Ubi
1085 3147 1194 3200 autem
1221 3138 1254 3200 iu
1278 3159 1344 3200 una
1371 3136 1533 3201 aecclesia
1556 3138 1629 3224 quis
1653 3160 1787 3201 manens
1810 3138 1845 3200 in

192 3243 256 3308 alia
286 3269 345 3331 pro
370 3268 404 3310 se
427 3258 529 3332 ponat
550 3247 722 3326 vicarium,
755 3245 874 3309 (livinis
906 3245 1087 3309 constitutis
1112 3245 1242 3308 omniuo
1267 3254 1316 3307 θεῖ
1340 3245 1553 3308 contrarium:
1585 3245 1727 3308 maxime
1752 3245 1779 3308 si
1804 3245 1843 3324 ei,

193 3353 248 3438 qui
270 3353 413 3417 vicarius
437 3352 566 3434 dicitur,
592 3376 670 3416 cura
693 3354 803 3416 ovium
826 3352 1032 3437 permittitur.
1069 3351 1158 3431 Quid
1182 3361 1231 3414 est
1255 3352 1341 3414 enim
1364 3352 1424 3414 iste
1448 3352 1602 3432 vicarius,
1626 3352 1690 3414 nisi
1713 3361 1844 3436 apertus

193 3459 460 3523 mercennarius?
497 3460 532 3525 Si
556 3461 799 3524 mercennarius
824 3471 882 3540 est,
908 3460 1000 3523 cuius
1023 3481 1089 3522 non
1113 3469 1188 3522 sunt
1211 3481 1289 3522 oves
1313 3459 1454 3544 proprie,
1479 3468 1606 3522 constat
1629 3481 1740 3522 omnes
1757 3459 1844 3522 vica·

193 3566 257 3629 rios
280 3568 521 3630 mercennarios
546 3589 627 3631 esse.
676 3565 753 3631 Sive
777 3567 864 3630 euim
887 3567 921 3630 in
944 3564 1070 3630 urbana
1094 3567 1162 3628 sive
1188 3566 1221 3628 in
1244 3566 1411 3629 rusticana
1434 3564 1595 3628 aecclesia
1619 3566 1740 3628 serviat
1756 3566 1844 3628 vica-

149 3697 174 3736 ευ
193 3673 270 3752 rius,
294 3696 359 3738 nou
382 3675 524 3759 pertinet
547 3673 680 3737 adeum
704 3673 744 3737 de
765 3673 890 3754 oribus,
915 3674 992 3760 quia
1015 3673 1103 3737 nulla
1125 3671 1288 3754 iudicialis
1313 3673 1474 3736 sententia
1497 3683 1604 3758 potest
1627 3681 1715 3735 recte
1739 3669 1780 3736 ab
1805 3693 1843 3738 co

192 3778 264 3843 dari
288 3803 386 3866 super
409 3803 486 3844 oves
510 3781 690 3845 aecclesiae
714 3781 810 3860 illius,
835 3782 869 3844 in
893 3803 957 3866 qua
982 3792 1031 3844 est
1054 3781 1205 3843 vicarius.

300 3908 351 3968 59.
387 3905 426 3968 In
450 3905 610 3991 spirituali
635 3917 742 3969 autem
767 3905 885 3984 officio,
910 3905 997 3991 quod
1020 3927 1079 3991 pro
1103 3904 1255 3968 mercede
1280 3906 1356 3990 agit,
1382 3904 1538 3990 Spiritum
1556 3917 1704 3970 sanctum
1720 3907 1843 3972 vendit.

192 4011 232 4074 ln
254 4012 354 4076 missa
376 4035 454 4077 vero
479 4035 554 4076 cum
578 4013 701 4098 Spiritu
725 4025 837 4078 sancto
854 4011 1002 4076 Christus
1026 4011 1188 4086 venditur,
1214 4035 1277 4098 quo
1302 4012 1435 4076 vendito
1452 4013 1552 4077 Pater
1574 4015 1677 4099 ipsius
1701 4015 1845 4099 graviter

192 4117 375 4200 offenditur,
400 4143 465 4184 non
489 4119 591 4183 solum
615 4131 728 4183 contra
750 4121 837 4205 ipsos
861 4121 1112 4194 mercennarios,
1145 4119 1203 4183 sed
1227 4121 1324 4183 etiam
1348 4130 1462 4184 contra
1486 4121 1656 4207 episcopos
1680 4121 1737 4186 tali
1762 4145 1844 4186 mer-

148 4247 174 4289 ιε
193 4226 332 4289 cimonio
357 4227 605 4308 consentientes,
630 4249 690 4290 nec
715 4251 773 4312 pro
798 4225 908 4290 debito
933 4227 982 4290 sui
1007 4226 1106 4290 officii
1129 4226 1211 4290 tales
1227 4237 1425 4291 mercatores
1442 4227 1483 4291 de
1499 4228 1619 4313 templo
1636 4230 1842 4313 proicientes.

193 4331 348 4396 Tacendo
372 4334 459 4396 enim
483 4335 697 4408 consentiunt,
723 4333 864 4420 quando,
888 4345 923 4397 ut
951 4356 1049 4396 canes
1080 4335 1169 4414 muti,
1202 4357 1263 4397 nec
1294 4333 1412 4398 latrare
1437 4333 1584 4398 valentes
1615 4337 1678 4399 ista
1701 4337 1843 4402 videndo
1865 4361 1959 4411 rustes,
1969 4361 2001 4400 10.

299 4534 451 4609 Synodus¹
476 4538 696 4594 Caleedouensis
719 4559 782 4610 cap.
799 4540 844 4593 X:
870 4537 935 4594 Non
959 4538 1042 4594 lucre
1066 4537 1194 4593 clericum
1218 4537 1246 4592 iu
1264 4539 1385 4594 duanam
1402 4539 1542 4595 civitatum
1565 4571 1609 4578 —-
1625 4572 1668 4578 —
1692 4561 1711 4596 a
1722 4541 1845 4617 proprio

193 4643 348 4700 duiasumdi
372 4646 468 4720 prado
492 4647 630 4701 recolor.
678 4647 831 4717 Gregorius
857 4646 1011 4700 llariniarro
1040 4647 1172 4716 episcopo
1196 4643 1371 4700 Ravenne2:
1406 4645 1438 4702 Si
1467 4645 1607 4720 quispiam
1637 4647 1765 4704 abbatum
1796 4656 1846 4705 aut

193 4751 392 4807 menardo-mou
416 4782 458 4788 —
482 4782 525 4789 -
549 4751 686 4808 ssasliacrc
709 4771 798 4808 attero
822 4753 1033 4824 compelluntur.
1085 4773 1086 4778 ¹

149 4880 175 4919 so
299 4855 362 4912 ΕεΗ
386 4859 441 4913 VII
464 4861 572 4931 synodo
596 4859 745 4914 universali
770 4859 867 4914 habita
890 4878 907 4914 a
931 4859 954 4914 V
975 4861 1140 4929 partriarchis
1165 4878 1227 4914 cum
1252 4852 1354 4912 CCU‘i'
1379 4862 1507 4930 patribus
1531 4863 1584 4916 sub
1608 4863 1733 4917 Adriano
1756 4865 1844 4933 primo

192 4965 326 5034 pontifice
358 4984 419 5036 cap.
444 4963 523 5020 111¹:
557 4965 655 5023 Otrous
686 4965 778 5022 electio
808 4965 944 5040 episcopi,
975 4968 1019 5022 cel
1044 4965 1214 5040 presbyteri,
1247 4997 1291 5004 ——
1320 4997 1363 5004 —-
1395 4967 1443 5042 qui
1472 4967 1513 5023 illi
1543 4968 1755 5024 comsoaoicant.
1803 4970 1842 5023 Ex

195 5071 273 5126 VIII.
294 5074 401 5144 synodo
424 5075 493 5128 item
517 5074 666 5128 universali
690 5073 788 5128 habita
811 5074 868 5128 aV
885 5074 1049 5143 patriarchis
1073 5091 1136 5127 cum
1159 5074 1288 5143 patribus
1313 5066 1391 5128 CC²¹fl
1416 5082 1446 5130 et
1469 5075 1523 5130 XL
1547 5077 1599 5130 sub
1616 5076 1732 5131 Nicolao
1754 5077 1843 5147 primo

192 5174 364 5249 pontifiee⁵z
391 5179 582 5236 Ρνοηιοῖῖοηθε
607 5187 633 5236 ct
655 5179 878 5237 constructiones
901 5178 1102 5254 episcopomua,
1129 5211 1170 5218 —-
1195 5211 1236 5218 *-
1257 5180 1380 5254 presulis
1403 5201 1433 5237 se
1455 5183 1524 5238 ¹uelle
1548 5181 1754 5238 otoastravtrit.

298 5367 326 5432 a)
347 5379 407 5421 ome
425 5389 445 5422 c.

149 5550 174 5588 ss
303 5535 330 5602 ll
358 5535 408 5591 Itis
430 5535 557 5592 versione
580 5535 724 5610 Dionysii,
759 5535 858 5592 transi
888 5535 951 5604 VII,
983 5537 1033 5592 col.
1061 5535 1133 5590 376.
1262 5537 1291 5596 2>
1321 5537 1375 5611 Ep.
1397 5537 1461 5607 l'II,
1487 5536 1546 5606 tu·
1581 5539 1646 5594 ltu.
1673 5539 1696 5599 I.
1716 5559 1750 5614 p.
1769 5539 1843 5594 488.

194 5641 223 5710 3)
249 5641 400 5716 dequestus
424 5643 476 5698 loci
499 5663 535 5698 cx
558 5642 665 5699 Deosd.
691 5643 779 5698 libello
807 5643 826 5702 l.
857 5639 875 5714 ξ
901 5643 929 5710 l.
966 5642 1023 5698 Lib.
1052 5642 1090 5700 II.
1113 5663 1142 5716 p.
1163 5642 1235 5698 sus.
1359 5644 1389 5708 ll
1416 5645 1515 5700 silensi
1543 5654 1561 5701 t.
1588 5645 1674 5714 XIII,
1700 5647 1751 5703 eol.
1770 5647 1842 5702 419.

193 5745 224 5820 5)
249 5748 349 5804 Μαηεὶ
373 5757 390 5804 t.
413 5749 497 5816 XVI,
523 5751 573 5804 col.
595 5749 665 5805 174.

262 5867 362 5919 Libelli
383 5870 416 5919 de
437 5868 492 5919 lite.
524 5871 578 5920 III.
1597 5875 1630 5923 22
