<?xml version="1.0" encoding="UTF-8"?>
<!DOCTYPE html PUBLIC "-//W3C//DTD XHTML 1.0 Transitional//EN"
    "http://www.w3.org/TR/xhtml1/DTD/xhtml1-transitional.dtd">
<html xmlns="http://www.w3.org/1999/xhtml" xml:lang="en" lang="en">
 <head>
  <title>
</title>
<meta http-equiv="Content-Type" content="text/html;charset=utf-8" />
  <meta name='ocr-system' content='tesseract 3.04.00' />
  <meta name='ocr-capabilities' content='ocr_page ocr_carea ocr_par ocr_line ocrx_word'/>
</head>
<body>
  <div class='ocr_page' id='page_1' title='image "./monumentagerman00unkngoog_0358.png"; bbox 0 0 4418 6412; ppageno 0'>
   <div class='ocr_carea' id='block_1_1' title="bbox 469 297 1818 359">
    <p class='ocr_par' dir='ltr' id='par_1_1' title="bbox 469 297 1818 359">
     <span class='ocr_line' id='line_1_1' title="bbox 469 297 1818 359; baseline -0.002 0"><span class='ocrx_word' id='word_1_1' title='bbox 469 297 533 359; x_wconf 87' lang='grc'>366</span> <span class='ocrx_word' id='word_1_2' title='bbox 760 299 940 357; x_wconf 84' lang='lat' dir='ltr'>GERHOHI</span> <span class='ocrx_word' id='word_1_3' title='bbox 963 297 1196 356; x_wconf 84' lang='lat' dir='ltr'>PRAEPOSITI</span> <span class='ocrx_word' id='word_1_4' title='bbox 1218 299 1628 357; x_wconf 81' lang='lat' dir='ltr'>REICHERSBERGENSIS</span> <span class='ocrx_word' id='word_1_5' title='bbox 1652 300 1818 356; x_wconf 81' lang='lat' dir='ltr'>LIBELLI.</span> 
     </span>
    </p>
   </div>
   <div class='ocr_carea' id='block_1_2' title="bbox 236 485 2184 4308">
    <p class='ocr_par' dir='ltr' id='par_1_2' title="bbox 311 485 2132 1215">
     <span class='ocr_line' id='line_1_2' title="bbox 311 485 2101 574; baseline 0 -20"><span class='ocrx_word' id='word_1_6' title='bbox 311 514 448 564; x_wconf 74' lang='lat' dir='ltr'>nsaoar</span> <span class='ocrx_word' id='word_1_7' title='bbox 467 490 617 571; x_wconf 82' lang='lat' dir='ltr'>Francia,</span> <span class='ocrx_word' id='word_1_8' title='bbox 642 488 773 552; x_wconf 88' lang='lat' dir='ltr'>civitate</span> <span class='ocrx_word' id='word_1_9' title='bbox 790 486 910 553; x_wconf 81' lang='lat' dir='ltr'><strong>Tolosa</strong></span> <span class='ocrx_word' id='word_1_10' title='bbox 933 486 1133 552; x_wconf 89' lang='lat' dir='ltr'>celebratum</span> <span class='ocrx_word' id='word_1_11' title='bbox 1156 509 1228 552; x_wconf 89' lang='lat' dir='ltr'>esse</span> <span class='ocrx_word' id='word_1_12' title='bbox 1251 487 1455 570; x_wconf 78' lang='lat' dir='ltr'>concilimn1,</span> <span class='ocrx_word' id='word_1_13' title='bbox 1481 489 1534 553; x_wconf 92' lang='lat' dir='ltr'>cui</span> <span class='ocrx_word' id='word_1_14' title='bbox 1550 486 1576 552; x_wconf 84' lang='lat' dir='ltr'>O</span> <span class='ocrx_word' id='word_1_15' title='bbox 1593 498 1702 574; x_wconf 86' lang='lat' dir='ltr'>patres</span> <span class='ocrx_word' id='word_1_16' title='bbox 1711 498 1736 569; x_wconf 80' lang='lat'>⁸,</span> <span class='ocrx_word' id='word_1_17' title='bbox 1761 487 1909 574; x_wconf 83' lang='lat' dir='ltr'>episcopi</span> <span class='ocrx_word' id='word_1_18' title='bbox 1933 496 1966 550; x_wconf 90' lang='lat' dir='ltr'>et</span> <span class='ocrx_word' id='word_1_19' title='bbox 1989 485 2101 555; x_wconf 83' lang='lat' dir='ltr'>abbates</span> 
     </span>
     <span class='ocr_line' id='line_1_3' title="bbox 467 591 2102 681; baseline 0 -21"><span class='ocrx_word' id='word_1_20' title='bbox 467 596 682 660; x_wconf 89' lang='lat' dir='ltr'>interfuerunt</span> <span class='ocrx_word' id='word_1_21' title='bbox 704 617 770 659; x_wconf 91' lang='lat' dir='ltr'>una</span> <span class='ocrx_word' id='word_1_22' title='bbox 793 617 867 658; x_wconf 91' lang='lat' dir='ltr'>cum</span> <span class='ocrx_word' id='word_1_23' title='bbox 891 591 1022 680; x_wconf 86' lang='lat' dir='ltr'>regibus</span> <span class='ocrx_word' id='word_1_24' title='bbox 1046 593 1208 658; x_wconf 81' lang='lat' dir='ltr'>Francie²</span> <span class='ocrx_word' id='word_1_25' title='bbox 1232 603 1264 659; x_wconf 88' lang='lat' dir='ltr'>et</span> <span class='ocrx_word' id='word_1_26' title='bbox 1286 593 1438 680; x_wconf 66' lang='lat' dir='ltr'>Angliei,</span> <span class='ocrx_word' id='word_1_27' title='bbox 1462 617 1599 681; x_wconf 90' lang='lat' dir='ltr'>quorum</span> <span class='ocrx_word' id='word_1_28' title='bbox 1624 594 1731 659; x_wconf 89' lang='lat' dir='ltr'>studio</span> <span class='ocrx_word' id='word_1_29' title='bbox 1762 593 1861 658; x_wconf 91' lang='lat' dir='ltr'>iidem</span> <span class='ocrx_word' id='word_1_30' title='bbox 1892 593 2023 680; x_wconf 78' lang='lat' dir='ltr'>patresb</span> <span class='ocrx_word' id='word_1_31' title='bbox 2046 615 2102 660; x_wconf 90' lang='lat' dir='ltr'>con·</span> 
     </span>
     <span class='ocr_line' id='line_1_4' title="bbox 466 698 2103 788; baseline 0.001 -22"><span class='ocrx_word' id='word_1_32' title='bbox 466 703 574 768; x_wconf 86' lang='lat' dir='ltr'>vocati</span> <span class='ocrx_word' id='word_1_33' title='bbox 598 709 829 782; x_wconf 89' lang='lat' dir='ltr'>convenerunt,</span> <span class='ocrx_word' id='word_1_34' title='bbox 854 699 911 764; x_wconf 90' lang='lat' dir='ltr'>ubi</span> <span class='ocrx_word' id='word_1_35' title='bbox 935 711 966 764; x_wconf 91' lang='lat' dir='ltr'>et</span> <span class='ocrx_word' id='word_1_36' title='bbox 991 700 1175 781; x_wconf 88' lang='lat' dir='ltr'>Octaviani,</span> <span class='ocrx_word' id='word_1_37' title='bbox 1200 723 1296 788; x_wconf 90' lang='lat' dir='ltr'>quern</span> <span class='ocrx_word' id='word_1_38' title='bbox 1320 701 1486 766; x_wconf 79' lang='lat' dir='ltr'><strong>Victorem</strong></span> <span class='ocrx_word' id='word_1_39' title='bbox 1511 701 1633 782; x_wconf 89' lang='lat' dir='ltr'>dicunt,</span> <span class='ocrx_word' id='word_1_40' title='bbox 1658 699 1753 765; x_wconf 89' lang='lat' dir='ltr'>simul</span> <span class='ocrx_word' id='word_1_41' title='bbox 1777 710 1809 765; x_wconf 89' lang='lat' dir='ltr'>et</span> <span class='ocrx_word' id='word_1_42' title='bbox 1832 698 2016 764; x_wconf 82' lang='lat' dir='ltr'><strong>Alexandri</strong></span> <span class='ocrx_word' id='word_1_43' title='bbox 2038 723 2103 787; x_wconf 87' lang='lat' dir='ltr'>pape</span> 
     </span>
     <span class='ocr_line' id='line_1_5' title="bbox 467 801 2104 896; baseline 0.001 -24"><span class='ocrx_word' id='word_1_44' title='bbox 467 819 564 896; x_wconf 90' lang='lat' dir='ltr'>atque</span> <span class='ocrx_word' id='word_1_45' title='bbox 588 808 793 894; x_wconf 87' lang='lat' dir='ltr'>imperatoris</span> <span class='ocrx_word' id='word_1_46' title='bbox 816 807 947 892; x_wconf 80' lang='lat' dir='ltr'>augusti</span> <span class='ocrx_word' id='word_1_47' title='bbox 970 806 1129 872; x_wconf 84' lang='lat' dir='ltr'>Friderici</span> <span class='ocrx_word' id='word_1_48' title='bbox 1152 829 1281 872; x_wconf 79' lang='lat' dir='ltr'>necnon</span> <span class='ocrx_word' id='word_1_49' title='bbox 1305 817 1337 871; x_wconf 90' lang='lat' dir='ltr'>et</span> <span class='ocrx_word' id='word_1_50' title='bbox 1358 808 1446 893; x_wconf 80' lang='lat' dir='ltr'>regis</span> <span class='ocrx_word' id='word_1_51' title='bbox 1461 808 1616 894; x_wconf 80' lang='lat' dir='ltr'>Ispanie⁴</span> <span class='ocrx_word' id='word_1_52' title='bbox 1638 801 1738 893; x_wconf 83' lang='lat' dir='ltr'>legati</span> <span class='ocrx_word' id='word_1_53' title='bbox 1762 807 1910 872; x_wconf 82' lang='lat' dir='ltr'>aderant</span> <span class='ocrx_word' id='word_1_54' title='bbox 1952 805 2022 870; x_wconf 89' lang='lat' dir='ltr'>Illic</span> <span class='ocrx_word' id='word_1_55' title='bbox 2044 829 2104 874; x_wconf 90' lang='lat' dir='ltr'>sane</span> 
     </span>
     <span class='ocr_line' id='line_1_6' title="bbox 467 912 2132 1002; baseline 0.002 -23"><span class='ocrx_word' id='word_1_56' title='bbox 467 916 635 1002; x_wconf 86' lang='lat' dir='ltr'>utriusque</span> <span class='ocrx_word' id='word_1_57' title='bbox 658 915 758 1000; x_wconf 87' lang='lat' dir='ltr'>partis</span> <span class='ocrx_word' id='word_1_58' title='bbox 783 912 1008 978; x_wconf 81' lang='lat' dir='ltr'>defensoribus</span> <span class='ocrx_word' id='word_1_59' title='bbox 1032 912 1232 978; x_wconf 86' lang='lat' dir='ltr'>sufficienter</span> <span class='ocrx_word' id='word_1_60' title='bbox 1255 912 1374 978; x_wconf 87' lang='lat' dir='ltr'>auditis</span> <span class='ocrx_word' id='word_1_61' title='bbox 1398 914 1505 979; x_wconf 89' lang='lat' dir='ltr'>eidem</span> <span class='ocrx_word' id='word_1_62' title='bbox 1530 913 1668 979; x_wconf 94' lang='lat' dir='ltr'>concilio</span> <span class='ocrx_word' id='word_1_63' title='bbox 1692 913 1824 979; x_wconf 88' lang='lat' dir='ltr'>tandem</span> <span class='ocrx_word' id='word_1_64' title='bbox 1848 915 1883 977; x_wconf 92' lang='lat' dir='ltr'>in</span> <span class='ocrx_word' id='word_1_65' title='bbox 1898 912 2132 982; x_wconf 83' lang='lat' dir='ltr'>Alexandruns</span> 
     </span>
     <span class='ocr_line' id='line_1_7' title="bbox 468 1019 2107 1109; baseline 0 -23"><span class='ocrx_word' id='word_1_66' title='bbox 468 1020 700 1109; x_wconf 78' lang='lat' dir='ltr'>complacuit53</span> <span class='ocrx_word' id='word_1_67' title='bbox 732 1021 933 1086; x_wconf 86' lang='lat' dir='ltr'>Octavianus</span> <span class='ocrx_word' id='word_1_68' title='bbox 956 1041 1045 1102; x_wconf 89' lang='lat' dir='ltr'>vero,</span> <span class='ocrx_word' id='word_1_69' title='bbox 1069 1021 1125 1106; x_wconf 93' lang='lat' dir='ltr'>qui</span> <span class='ocrx_word' id='word_1_70' title='bbox 1153 1032 1185 1085; x_wconf 87' lang='lat' dir='ltr'>et</span> <span class='ocrx_word' id='word_1_71' title='bbox 1207 1020 1332 1103; x_wconf 81' lang='lat' dir='ltr'>Victor,</span> <span class='ocrx_word' id='word_1_72' title='bbox 1364 1019 1405 1084; x_wconf 86' lang='lat' dir='ltr'>ab</span> <span class='ocrx_word' id='word_1_73' title='bbox 1430 1022 1583 1086; x_wconf 84' lang='lat' dir='ltr'>universo</span> <span class='ocrx_word' id='word_1_74' title='bbox 1614 1020 1752 1106; x_wconf 88' lang='lat' dir='ltr'>concilio</span> <span class='ocrx_word' id='word_1_75' title='bbox 1782 1031 1880 1085; x_wconf 78' lang='lat' dir='ltr'>cum⁰</span> <span class='ocrx_word' id='word_1_76' title='bbox 1905 1021 1975 1084; x_wconf 89' lang='lat' dir='ltr'>suis</span> <span class='ocrx_word' id='word_1_77' title='bbox 2006 1021 2107 1106; x_wconf 86' lang='lat' dir='ltr'>princi·</span> 
     </span>
     <span class='ocr_line' id='line_1_8' title="bbox 466 1125 1251 1215; baseline -0.001 -23"><span class='ocrx_word' id='word_1_78' title='bbox 466 1127 595 1215; x_wconf 87' lang='lat' dir='ltr'>palibus</span> <span class='ocrx_word' id='word_1_79' title='bbox 619 1125 845 1192; x_wconf 77' lang='lat' dir='ltr'>defensoribus</span> <span class='ocrx_word' id='word_1_80' title='bbox 869 1127 1169 1191; x_wconf 89' lang='lat' dir='ltr'>excommunicatus</span> <span class='ocrx_word' id='word_1_81' title='bbox 1194 1137 1251 1192; x_wconf 89' lang='lat' dir='ltr'>est.</span> 
     </span>
    </p>

    <p class='ocr_par' dir='ltr' id='par_1_3' title="bbox 395 1232 2184 2282">
     <span class='ocr_line' id='line_1_9' title="bbox 395 1232 2110 1321; baseline -0.001 -21"><span class='ocrx_word' id='word_1_82' title='bbox 395 1261 448 1311; x_wconf 80' lang='lat' dir='ltr'>(os).</span> <span class='ocrx_word' id='word_1_83' title='bbox 573 1233 681 1321; x_wconf 82' lang='lat' dir='ltr'>Atque</span> <span class='ocrx_word' id='word_1_84' title='bbox 705 1235 839 1314; x_wconf 88' lang='lat' dir='ltr'>utinam,</span> <span class='ocrx_word' id='word_1_85' title='bbox 864 1235 948 1297; x_wconf 92' lang='lat' dir='ltr'>sicut</span> <span class='ocrx_word' id='word_1_86' title='bbox 969 1232 1057 1296; x_wconf 90' lang='lat' dir='ltr'>idem</span> <span class='ocrx_word' id='word_1_87' title='bbox 1073 1232 1246 1297; x_wconf 90' lang='lat' dir='ltr'>concilium</span> <span class='ocrx_word' id='word_1_88' title='bbox 1263 1233 1464 1299; x_wconf 87' lang='lat' dir='ltr'>celebratum</span> <span class='ocrx_word' id='word_1_89' title='bbox 1487 1257 1527 1299; x_wconf 93' lang='lat' dir='ltr'>ac</span> <span class='ocrx_word' id='word_1_90' title='bbox 1550 1235 1606 1298; x_wconf 88' lang='lat' dir='ltr'>tali</span> <span class='ocrx_word' id='word_1_91' title='bbox 1629 1233 1694 1298; x_wconf 89' lang='lat' dir='ltr'>fine</span> <span class='ocrx_word' id='word_1_92' title='bbox 1718 1235 1929 1299; x_wconf 85' lang='lat' dir='ltr'>terminatum</span> <span class='ocrx_word' id='word_1_93' title='bbox 1945 1234 2110 1298; x_wconf 88' lang='lat' dir='ltr'>certissime</span> 
     </span>
     <span class='ocr_line' id='line_1_10' title="bbox 467 1338 2112 1428; baseline -0.002 -22"><span class='ocrx_word' id='word_1_94' title='bbox 467 1344 625 1424; x_wconf 81' lang='lat' dir='ltr'>novimus,</span> <span class='ocrx_word' id='word_1_95' title='bbox 649 1343 727 1405; x_wconf 88' lang='lat' dir='ltr'>item</span> <span class='ocrx_word' id='word_1_96' title='bbox 750 1341 785 1403; x_wconf 89' lang='lat' dir='ltr'>in</span> <span class='ocrx_word' id='word_1_97' title='bbox 808 1339 922 1404; x_wconf 90' lang='lat' dir='ltr'>eodem</span> <span class='ocrx_word' id='word_1_98' title='bbox 939 1339 1076 1404; x_wconf 90' lang='lat' dir='ltr'>concilio</span> <span class='ocrx_word' id='word_1_99' title='bbox 1101 1341 1303 1426; x_wconf 85' lang='lat' dir='ltr'>questionem</span> <span class='ocrx_word' id='word_1_100' title='bbox 1326 1338 1367 1405; x_wconf 89' lang='lat' dir='ltr'>de</span> <span class='ocrx_word' id='word_1_101' title='bbox 1391 1342 1642 1428; x_wconf 84' lang='lat' dir='ltr'>conspiratione,</span> <span class='ocrx_word' id='word_1_102' title='bbox 1667 1363 1729 1428; x_wconf 88' lang='lat' dir='ltr'>que</span> <span class='ocrx_word' id='word_1_103' title='bbox 1754 1340 1906 1406; x_wconf 90' lang='lat' dir='ltr'>electioni</span> <span class='ocrx_word' id='word_1_104' title='bbox 1931 1341 1966 1403; x_wconf 93' lang='lat' dir='ltr'>in</span> <span class='ocrx_word' id='word_1_105' title='bbox 1982 1339 2112 1403; x_wconf 85' lang='lat' dir='ltr'>Alexan·</span> 
     </span>
     <span class='ocr_line' id='line_1_11' title="bbox 467 1445 2184 1532; baseline -0.001 -18"><span class='ocrx_word' id='word_1_106' title='bbox 467 1449 561 1514; x_wconf 85' lang='lat' dir='ltr'>drum</span> <span class='ocrx_word' id='word_1_107' title='bbox 584 1449 669 1512; x_wconf 89' lang='lat' dir='ltr'>facte</span> <span class='ocrx_word' id='word_1_108' title='bbox 694 1446 735 1511; x_wconf 91' lang='lat' dir='ltr'>ab</span> <span class='ocrx_word' id='word_1_109' title='bbox 759 1446 956 1510; x_wconf 86' lang='lat' dir='ltr'>adversariis</span> <span class='ocrx_word' id='word_1_110' title='bbox 980 1447 1177 1532; x_wconf 79' lang='lat' dir='ltr'>appingitur,</span> <span class='ocrx_word' id='word_1_111' title='bbox 1201 1448 1358 1512; x_wconf 85' lang='lat' dir='ltr'>canonice</span> <span class='ocrx_word' id='word_1_112' title='bbox 1386 1449 1546 1512; x_wconf 84' lang='lat' dir='ltr'>succisam</span> <span class='ocrx_word' id='word_1_113' title='bbox 1570 1447 1757 1512; x_wconf 83' lang='lat' dir='ltr'>audiremus</span> <span class='ocrx_word' id='word_1_114' title='bbox 1781 1448 1884 1512; x_wconf 86' lang='lat' dir='ltr'>etsie</span> <span class='ocrx_word' id='word_1_115' title='bbox 1909 1456 1998 1511; x_wconf 89' lang='lat' dir='ltr'>esset</span> <span class='ocrx_word' id='word_1_116' title='bbox 2021 1445 2114 1510; x_wconf 86' lang='lat' dir='ltr'>soluta</span> <span class='ocrx_word' id='word_1_117' title='bbox 2128 1468 2184 1512; x_wconf 83' lang='lat' dir='ltr'>un</span> 
     </span>
     <span class='ocr_line' id='line_1_12' title="bbox 467 1551 2114 1641; baseline -0.002 -22"><span class='ocrx_word' id='word_1_118' title='bbox 467 1557 571 1620; x_wconf 91' lang='lat' dir='ltr'>omnis</span> <span class='ocrx_word' id='word_1_119' title='bbox 596 1554 755 1619; x_wconf 86' lang='lat' dir='ltr'>dubitatio</span> <span class='ocrx_word' id='word_1_120' title='bbox 779 1555 864 1618; x_wconf 92' lang='lat' dir='ltr'>inter</span> <span class='ocrx_word' id='word_1_121' title='bbox 887 1552 968 1616; x_wconf 90' lang='lat' dir='ltr'>duos</span> <span class='ocrx_word' id='word_1_122' title='bbox 992 1551 1063 1616; x_wconf 92' lang='lat' dir='ltr'>illos</span> <span class='ocrx_word' id='word_1_123' title='bbox 1087 1554 1217 1617; x_wconf 89' lang='lat' dir='ltr'>nemine</span> <span class='ocrx_word' id='word_1_124' title='bbox 1241 1555 1410 1640; x_wconf 79' lang='lat' dir='ltr'>ignorante</span> <span class='ocrx_word' id='word_1_125' title='bbox 1432 1565 1558 1641; x_wconf 85' lang='lat' dir='ltr'>partem</span> <span class='ocrx_word' id='word_1_126' title='bbox 1573 1553 1755 1619; x_wconf 82' lang='lat' dir='ltr'>Alexandri</span> <span class='ocrx_word' id='word_1_127' title='bbox 1779 1576 1851 1618; x_wconf 89' lang='lat' dir='ltr'>esse</span> <span class='ocrx_word' id='word_1_128' title='bbox 1876 1552 2114 1638; x_wconf 85' lang='lat' dir='ltr'>acceptandam,</span> 
     </span>
     <span class='ocr_line' id='line_1_13' title="bbox 467 1659 2117 1749; baseline -0.001 -23"><span class='ocrx_word' id='word_1_129' title='bbox 467 1685 530 1749; x_wconf 92' lang='lat' dir='ltr'>que</span> <span class='ocrx_word' id='word_1_130' title='bbox 555 1685 628 1726; x_wconf 91' lang='lat' dir='ltr'>cum</span> <span class='ocrx_word' id='word_1_131' title='bbox 653 1671 738 1725; x_wconf 88' lang='lat' dir='ltr'>esset</span> <span class='ocrx_word' id='word_1_132' title='bbox 761 1682 782 1724; x_wconf 89' lang='lat' dir='ltr'>a</span> <span class='ocrx_word' id='word_1_133' title='bbox 803 1669 880 1724; x_wconf 91' lang='lat' dir='ltr'>nota</span> <span class='ocrx_word' id='word_1_134' title='bbox 904 1659 1062 1724; x_wconf 90' lang='lat' dir='ltr'>eiusmodi</span> <span class='ocrx_word' id='word_1_135' title='bbox 1092 1683 1175 1746; x_wconf 90' lang='lat' dir='ltr'>pura</span> <span class='ocrx_word' id='word_1_136' title='bbox 1204 1663 1320 1725; x_wconf 89' lang='lat' dir='ltr'>merito</span> <span class='ocrx_word' id='word_1_137' title='bbox 1350 1661 1449 1726; x_wconf 91' lang='lat' dir='ltr'>robur</span> <span class='ocrx_word' id='word_1_138' title='bbox 1471 1661 1647 1747; x_wconf 88' lang='lat' dir='ltr'>acciperet,</span> <span class='ocrx_word' id='word_1_139' title='bbox 1672 1683 1747 1726; x_wconf 92' lang='lat' dir='ltr'>curn</span> <span class='ocrx_word' id='word_1_140' title='bbox 1770 1659 1810 1725; x_wconf 89' lang='lat' dir='ltr'>de</span> <span class='ocrx_word' id='word_1_141' title='bbox 1835 1661 1959 1725; x_wconf 89' lang='lat' dir='ltr'>maiore</span> <span class='ocrx_word' id='word_1_142' title='bbox 1989 1681 2117 1724; x_wconf 88' lang='lat' dir='ltr'>nurnero</span> 
     </span>
     <span class='ocr_line' id='line_1_14' title="bbox 467 1765 2117 1854; baseline -0.002 -20"><span class='ocrx_word' id='word_1_143' title='bbox 467 1768 679 1835; x_wconf 82' lang='lat' dir='ltr'>cardinalium</span> <span class='ocrx_word' id='word_1_144' title='bbox 710 1767 913 1853; x_wconf 85' lang='lat' dir='ltr'>eligentium,</span> <span class='ocrx_word' id='word_1_145' title='bbox 945 1777 1011 1831; x_wconf 92' lang='lat' dir='ltr'>tum</span> <span class='ocrx_word' id='word_1_146' title='bbox 1043 1768 1141 1832; x_wconf 89' lang='lat' dir='ltr'>etiam</span> <span class='ocrx_word' id='word_1_147' title='bbox 1172 1767 1213 1832; x_wconf 90' lang='lat' dir='ltr'>de</span> <span class='ocrx_word' id='word_1_148' title='bbox 1243 1767 1411 1854; x_wconf 86' lang='lat' dir='ltr'>legittimis</span> <span class='ocrx_word' id='word_1_149' title='bbox 1441 1769 1588 1854; x_wconf 88' lang='lat' dir='ltr'>personis</span> <span class='ocrx_word' id='word_1_150' title='bbox 1621 1767 1857 1850; x_wconf 87' lang='lat' dir='ltr'>ordinatorum,</span> <span class='ocrx_word' id='word_1_151' title='bbox 1889 1765 2117 1831; x_wconf 86' lang='lat' dir='ltr'>accedentibus</span> 
     </span>
     <span class='ocr_line' id='line_1_15' title="bbox 467 1873 2119 1962; baseline -0.003 -21"><span class='ocrx_word' id='word_1_152' title='bbox 467 1899 595 1962; x_wconf 91' lang='lat' dir='ltr'>quoque</span> <span class='ocrx_word' id='word_1_153' title='bbox 626 1874 669 1940; x_wconf 88' lang='lat' dir='ltr'>ad</span> <span class='ocrx_word' id='word_1_154' title='bbox 693 1876 762 1938; x_wconf 87' lang='lat' dir='ltr'>eius</span> <span class='ocrx_word' id='word_1_155' title='bbox 793 1873 960 1938; x_wconf 89' lang='lat' dir='ltr'>electionis</span> <span class='ocrx_word' id='word_1_156' title='bbox 991 1895 1185 1938; x_wconf 90' lang='lat' dir='ltr'>consensum</span> <span class='ocrx_word' id='word_1_157' title='bbox 1215 1873 1347 1938; x_wconf 91' lang='lat' dir='ltr'>sedibus</span> <span class='ocrx_word' id='word_1_158' title='bbox 1375 1874 1571 1961; x_wconf 87' lang='lat' dir='ltr'>apostolicis,</span> <span class='ocrx_word' id='word_1_159' title='bbox 1596 1873 1750 1939; x_wconf 88' lang='lat' dir='ltr'>videlicet</span> <span class='ocrx_word' id='word_1_160' title='bbox 1772 1873 1959 1938; x_wconf 87' lang='lat' dir='ltr'>Antiocena</span> <span class='ocrx_word' id='word_1_161' title='bbox 1981 1883 2015 1937; x_wconf 88' lang='lat' dir='ltr'>et</span> <span class='ocrx_word' id='word_1_162' title='bbox 2038 1873 2119 1937; x_wconf 89' lang='lat' dir='ltr'>lero·</span> 
     </span>
     <span class='ocr_line' id='line_1_16' title="bbox 467 1980 2157 2068; baseline -0.001 -22"><span class='ocrx_word' id='word_1_163' title='bbox 467 1982 650 2047; x_wconf 91' lang='lat' dir='ltr'>solimitana</span> <span class='ocrx_word' id='word_1_164' title='bbox 674 1981 845 2062; x_wconf 68' lang='lat' dir='ltr'>ecclesiaf,</span> <span class='ocrx_word' id='word_1_165' title='bbox 870 2003 933 2067; x_wconf 92' lang='lat' dir='ltr'>quc</span> <span class='ocrx_word' id='word_1_166' title='bbox 958 1980 1025 2045; x_wconf 92' lang='lat' dir='ltr'>sole</span> <span class='ocrx_word' id='word_1_167' title='bbox 1049 2001 1115 2044; x_wconf 92' lang='lat' dir='ltr'>una</span> <span class='ocrx_word' id='word_1_168' title='bbox 1138 2003 1212 2046; x_wconf 92' lang='lat' dir='ltr'>curn</span> <span class='ocrx_word' id='word_1_169' title='bbox 1228 1983 1376 2046; x_wconf 90' lang='lat' dir='ltr'>Romana</span> <span class='ocrx_word' id='word_1_170' title='bbox 1397 1981 1593 2068; x_wconf 89' lang='lat' dir='ltr'>apostolicas</span> <span class='ocrx_word' id='word_1_171' title='bbox 1611 1981 1705 2046; x_wconf 89' lang='lat' dir='ltr'>sedes</span> <span class='ocrx_word' id='word_1_172' title='bbox 1730 1980 1826 2045; x_wconf 91' lang='lat' dir='ltr'>simul</span> <span class='ocrx_word' id='word_1_173' title='bbox 1850 1991 1883 2044; x_wconf 89' lang='lat' dir='ltr'>et</span> <span class='ocrx_word' id='word_1_174' title='bbox 1905 1980 2017 2045; x_wconf 87' lang='lat' dir='ltr'>literas</span> <span class='ocrx_word' id='word_1_175' title='bbox 2040 1980 2119 2044; x_wconf 89' lang='lat' dir='ltr'>acci·</span> <span class='ocrx_word' id='word_1_176' title='bbox 2137 2006 2157 2045; x_wconf 84' lang='lat' dir='ltr'>rs</span> 
     </span>
     <span class='ocr_line' id='line_1_17' title="bbox 466 2086 2120 2176; baseline -0.002 -23"><span class='ocrx_word' id='word_1_177' title='bbox 466 2111 544 2176; x_wconf 89' lang='lat' dir='ltr'>pere</span> <span class='ocrx_word' id='word_1_178' title='bbox 568 2099 755 2153; x_wconf 87' lang='lat' dir='ltr'>meruerunt</span> <span class='ocrx_word' id='word_1_179' title='bbox 778 2111 854 2152; x_wconf 91' lang='lat' dir='ltr'>curn</span> <span class='ocrx_word' id='word_1_180' title='bbox 870 2097 961 2151; x_wconf 90' lang='lat' dir='ltr'>tanta</span> <span class='ocrx_word' id='word_1_181' title='bbox 976 2086 1181 2152; x_wconf 88' lang='lat' dir='ltr'>multitudine</span> <span class='ocrx_word' id='word_1_182' title='bbox 1205 2089 1348 2174; x_wconf 87' lang='lat' dir='ltr'>capitum</span> <span class='ocrx_word' id='word_1_183' title='bbox 1364 2087 1501 2152; x_wconf 89' lang='lat' dir='ltr'>ecclesie</span> <span class='ocrx_word' id='word_1_184' title='bbox 1526 2111 1564 2152; x_wconf 88' lang='lat' dir='ltr'>ac</span> <span class='ocrx_word' id='word_1_185' title='bbox 1589 2089 1772 2174; x_wconf 88' lang='lat' dir='ltr'>sapientum</span> <span class='ocrx_word' id='word_1_186' title='bbox 1795 2088 1831 2150; x_wconf 91' lang='lat' dir='ltr'>in</span> <span class='ocrx_word' id='word_1_187' title='bbox 1853 2088 1919 2151; x_wconf 89' lang='lat' dir='ltr'>iarn</span> <span class='ocrx_word' id='word_1_188' title='bbox 1936 2086 2026 2152; x_wconf 90' lang='lat' dir='ltr'>dicto</span> <span class='ocrx_word' id='word_1_189' title='bbox 2050 2109 2120 2151; x_wconf 90' lang='lat' dir='ltr'>con·</span> 
     </span>
     <span class='ocr_line' id='line_1_18' title="bbox 467 2194 2122 2282; baseline -0.002 -22"><span class='ocrx_word' id='word_1_190' title='bbox 467 2195 541 2260; x_wconf 93' lang='lat' dir='ltr'>cilio</span> <span class='ocrx_word' id='word_1_191' title='bbox 566 2205 846 2282; x_wconf 87' lang='lat' dir='ltr'>congregatorum.</span> <span class='ocrx_word' id='word_1_192' title='bbox 895 2195 1092 2281; x_wconf 86' lang='lat' dir='ltr'>Oportuerat</span> <span class='ocrx_word' id='word_1_193' title='bbox 1114 2217 1265 2280; x_wconf 91' lang='lat' dir='ltr'>namque,</span> <span class='ocrx_word' id='word_1_194' title='bbox 1288 2205 1324 2258; x_wconf 90' lang='lat' dir='ltr'>ut</span> <span class='ocrx_word' id='word_1_195' title='bbox 1348 2195 1597 2281; x_wconf 85' lang='lat' dir='ltr'>conspirationis</span> <span class='ocrx_word' id='word_1_196' title='bbox 1627 2194 1713 2259; x_wconf 90' lang='lat' dir='ltr'>illius</span> <span class='ocrx_word' id='word_1_197' title='bbox 1744 2204 1858 2259; x_wconf 88' lang='lat' dir='ltr'>contra</span> <span class='ocrx_word' id='word_1_198' title='bbox 1881 2195 2067 2280; x_wconf 87' lang='lat' dir='ltr'>imperium,</span> <span class='ocrx_word' id='word_1_199' title='bbox 2089 2204 2122 2257; x_wconf 91' lang='lat' dir='ltr'>ut</span> 
     </span>
    </p>

    <p class='ocr_par' dir='ltr' id='par_1_4' title="bbox 236 2291 2161 3540">
     <span class='ocr_line' id='line_1_19' title="bbox 244 2291 2121 2390; baseline -0.002 -23"><span class='ocrx_word' id='word_1_200' title='bbox 244 2291 439 2383; x_wconf 59' lang='lat' dir='ltr'>Destdpriumd</span> <span class='ocrx_word' id='word_1_201' title='bbox 466 2302 595 2385; x_wconf 86' lang='lat' dir='ltr'>dicitur,</span> <span class='ocrx_word' id='word_1_202' title='bbox 626 2325 685 2390; x_wconf 90' lang='lat' dir='ltr'>per</span> <span class='ocrx_word' id='word_1_203' title='bbox 708 2302 881 2388; x_wconf 90' lang='lat' dir='ltr'>pecuniam</span> <span class='ocrx_word' id='word_1_204' title='bbox 905 2300 1007 2367; x_wconf 91' lang='lat' dir='ltr'>Siculi</span> <span class='ocrx_word' id='word_1_205' title='bbox 1031 2311 1063 2365; x_wconf 88' lang='lat' dir='ltr'>et</span> <span class='ocrx_word' id='word_1_206' title='bbox 1086 2299 1378 2366; x_wconf 88' lang='lat' dir='ltr'>Mediolanensium</span> <span class='ocrx_word' id='word_1_207' title='bbox 1401 2301 1487 2367; x_wconf 88' lang='lat' dir='ltr'>facte</span> <span class='ocrx_word' id='word_1_208' title='bbox 1511 2312 1589 2366; x_wconf 89' lang='lat' dir='ltr'>nota</span> <span class='ocrx_word' id='word_1_209' title='bbox 1612 2301 1856 2383; x_wconf 89' lang='lat' dir='ltr'>immanissima,</span> <span class='ocrx_word' id='word_1_210' title='bbox 1888 2301 1973 2365; x_wconf 88' lang='lat' dir='ltr'>sicut</span> <span class='ocrx_word' id='word_1_211' title='bbox 2003 2301 2038 2364; x_wconf 90' lang='lat' dir='ltr'>in</span> <span class='ocrx_word' id='word_1_212' title='bbox 2062 2300 2121 2364; x_wconf 92' lang='lat' dir='ltr'>alio</span> 
     </span>
     <span class='ocr_line' id='line_1_20' title="bbox 236 2368 2121 2495; baseline -0.002 -20"><span class='ocrx_word' id='word_1_213' title='bbox 236 2368 447 2492; x_wconf 57' lang='lat' dir='ltr'>concpppiflpene·</span> <span class='ocrx_word' id='word_1_214' title='bbox 467 2409 605 2475; x_wconf 91' lang='lat' dir='ltr'>concilio</span> <span class='ocrx_word' id='word_1_215' title='bbox 630 2409 769 2473; x_wconf 88' lang='lat' dir='ltr'>clamata</span> <span class='ocrx_word' id='word_1_216' title='bbox 793 2431 832 2473; x_wconf 91' lang='lat' dir='ltr'>ac</span> <span class='ocrx_word' id='word_1_217' title='bbox 855 2407 1022 2472; x_wconf 87' lang='lat' dir='ltr'>diffamata</span> <span class='ocrx_word' id='word_1_218' title='bbox 1051 2407 1166 2490; x_wconf 86' lang='lat' dir='ltr'>fuerat,</span> <span class='ocrx_word' id='word_1_219' title='bbox 1196 2408 1243 2472; x_wconf 91' lang='lat' dir='ltr'>ita</span> <span class='ocrx_word' id='word_1_220' title='bbox 1272 2408 1306 2472; x_wconf 94' lang='lat' dir='ltr'>in</span> <span class='ocrx_word' id='word_1_221' title='bbox 1328 2409 1391 2472; x_wconf 92' lang='lat' dir='ltr'>isto</span> <span class='ocrx_word' id='word_1_222' title='bbox 1414 2407 1633 2495; x_wconf 87' lang='lat' dir='ltr'>subsequente</span> <span class='ocrx_word' id='word_1_223' title='bbox 1665 2406 1779 2472; x_wconf 88' lang='lat' dir='ltr'>fuisset</span> <span class='ocrx_word' id='word_1_224' title='bbox 1809 2408 1953 2494; x_wconf 87' lang='lat' dir='ltr'>expiata,</span> <span class='ocrx_word' id='word_1_225' title='bbox 1984 2430 2026 2471; x_wconf 87' lang='lat' dir='ltr'>ne</span> <span class='ocrx_word' id='word_1_226' title='bbox 2052 2430 2121 2471; x_wconf 92' lang='lat' dir='ltr'>curn</span> 
     </span>
     <span class='ocr_line' id='line_1_21' title="bbox 468 2512 2161 2601; baseline -0.001 -19"><span class='ocrx_word' id='word_1_227' title='bbox 468 2527 577 2582; x_wconf 89' lang='lat' dir='ltr'>cetera</span> <span class='ocrx_word' id='word_1_228' title='bbox 600 2515 691 2581; x_wconf 90' lang='lat' dir='ltr'>salva</span> <span class='ocrx_word' id='word_1_229' title='bbox 707 2514 889 2597; x_wconf 86' lang='lat' dir='ltr'>videantur,</span> <span class='ocrx_word' id='word_1_230' title='bbox 913 2514 974 2579; x_wconf 93' lang='lat' dir='ltr'>hoc</span> <span class='ocrx_word' id='word_1_231' title='bbox 999 2514 1101 2578; x_wconf 92' lang='lat' dir='ltr'>solum</span> <span class='ocrx_word' id='word_1_232' title='bbox 1125 2514 1273 2579; x_wconf 90' lang='lat' dir='ltr'>relictum</span> <span class='ocrx_word' id='word_1_233' title='bbox 1293 2525 1380 2580; x_wconf 87' lang='lat' dir='ltr'>esset</span> <span class='ocrx_word' id='word_1_234' title='bbox 1402 2515 1603 2597; x_wconf 88' lang='lat' dir='ltr'>scandalum,</span> <span class='ocrx_word' id='word_1_235' title='bbox 1627 2538 1686 2601; x_wconf 91' lang='lat' dir='ltr'>pro</span> <span class='ocrx_word' id='word_1_236' title='bbox 1711 2537 1774 2601; x_wconf 94' lang='lat' dir='ltr'>quo</span> <span class='ocrx_word' id='word_1_237' title='bbox 1798 2537 1863 2578; x_wconf 91' lang='lat' dir='ltr'>non</span> <span class='ocrx_word' id='word_1_238' title='bbox 1887 2514 1992 2578; x_wconf 89' lang='lat' dir='ltr'>solum</span> <span class='ocrx_word' id='word_1_239' title='bbox 2016 2512 2122 2600; x_wconf 90' lang='lat' dir='ltr'>pusilli</span> <span class='ocrx_word' id='word_1_240' title='bbox 2139 2541 2161 2580; x_wconf 81' lang='lat' dir='ltr'>a</span> 
     </span>
     <span class='ocr_line' id='line_1_22' title="bbox 466 2619 2122 2710; baseline -0.001 -24"><span class='ocrx_word' id='word_1_241' title='bbox 466 2623 519 2687; x_wconf 88' lang='lat' dir='ltr'>vel</span> <span class='ocrx_word' id='word_1_242' title='bbox 542 2624 648 2710; x_wconf 90' lang='lat' dir='ltr'>pauci,</span> <span class='ocrx_word' id='word_1_243' title='bbox 681 2621 739 2686; x_wconf 89' lang='lat' dir='ltr'>scd</span> <span class='ocrx_word' id='word_1_244' title='bbox 763 2631 795 2686; x_wconf 90' lang='lat' dir='ltr'>et</span> <span class='ocrx_word' id='word_1_245' title='bbox 817 2621 929 2707; x_wconf 88' lang='lat' dir='ltr'>magni</span> <span class='ocrx_word' id='word_1_246' title='bbox 952 2642 991 2685; x_wconf 88' lang='lat' dir='ltr'>ac</span> <span class='ocrx_word' id='word_1_247' title='bbox 1015 2643 1206 2707; x_wconf 86' lang='lat' dir='ltr'>magnorum</span> <span class='ocrx_word' id='word_1_248' title='bbox 1230 2631 1262 2686; x_wconf 91' lang='lat' dir='ltr'>et</span> <span class='ocrx_word' id='word_1_249' title='bbox 1285 2621 1475 2708; x_wconf 87' lang='lat' dir='ltr'>pusillorum</span> <span class='ocrx_word' id='word_1_250' title='bbox 1505 2644 1571 2687; x_wconf 90' lang='lat' dir='ltr'>non</span> <span class='ocrx_word' id='word_1_251' title='bbox 1601 2621 1863 2707; x_wconf 87' lang='lat' dir='ltr'>contempnenda</span> <span class='ocrx_word' id='word_1_252' title='bbox 1885 2619 2059 2685; x_wconf 90' lang='lat' dir='ltr'>multitudo</span> <span class='ocrx_word' id='word_1_253' title='bbox 2083 2619 2122 2684; x_wconf 89' lang='lat' dir='ltr'>ab</span> 
     </span>
     <span class='ocr_line' id='line_1_23' title="bbox 467 2726 2122 2814; baseline -0.002 -20"><span class='ocrx_word' id='word_1_254' title='bbox 467 2729 634 2794; x_wconf 88' lang='lat' dir='ltr'>electionis</span> <span class='ocrx_word' id='word_1_255' title='bbox 665 2729 698 2791; x_wconf 90' lang='lat' dir='ltr'>in</span> <span class='ocrx_word' id='word_1_256' title='bbox 721 2726 947 2792; x_wconf 86' lang='lat' dir='ltr'>Alexandrum</span> <span class='ocrx_word' id='word_1_257' title='bbox 978 2728 1064 2792; x_wconf 88' lang='lat' dir='ltr'>facte</span> <span class='ocrx_word' id='word_1_258' title='bbox 1094 2737 1192 2814; x_wconf 89' lang='lat' dir='ltr'>atque</span> <span class='ocrx_word' id='word_1_259' title='bbox 1223 2726 1264 2792; x_wconf 88' lang='lat' dir='ltr'>ab</span> <span class='ocrx_word' id='word_1_260' title='bbox 1288 2728 1384 2793; x_wconf 90' lang='lat' dir='ltr'>huius</span> <span class='ocrx_word' id='word_1_261' title='bbox 1408 2729 1538 2793; x_wconf 90' lang='lat' dir='ltr'>concilii</span> <span class='ocrx_word' id='word_1_262' title='bbox 1561 2728 1805 2794; x_wconf 88' lang='lat' dir='ltr'>confirmatione</span> <span class='ocrx_word' id='word_1_263' title='bbox 1836 2726 2049 2792; x_wconf 89' lang='lat' dir='ltr'>resiliendum</span> <span class='ocrx_word' id='word_1_264' title='bbox 2073 2727 2122 2791; x_wconf 79' lang='lat' dir='ltr'>rel</span> 
     </span>
     <span class='ocr_line' id='line_1_24' title="bbox 467 2833 2121 2921; baseline -0.002 -21"><span class='ocrx_word' id='word_1_265' title='bbox 467 2835 683 2900; x_wconf 86' lang='lat' dir='ltr'>differendum</span> <span class='ocrx_word' id='word_1_266' title='bbox 714 2835 911 2916; x_wconf 87' lang='lat' dir='ltr'>existimant,</span> <span class='ocrx_word' id='word_1_267' title='bbox 941 2845 1168 2920; x_wconf 85' lang='lat' dir='ltr'>exspectantes</span> <span class='ocrx_word' id='word_1_268' title='bbox 1199 2857 1237 2899; x_wconf 90' lang='lat' dir='ltr'>ac</span> <span class='ocrx_word' id='word_1_269' title='bbox 1268 2835 1491 2900; x_wconf 88' lang='lat' dir='ltr'>desiderantes</span> <span class='ocrx_word' id='word_1_270' title='bbox 1522 2834 1629 2900; x_wconf 90' lang='lat' dir='ltr'>adhuc</span> <span class='ocrx_word' id='word_1_271' title='bbox 1660 2834 1844 2921; x_wconf 87' lang='lat' dir='ltr'>generalius</span> <span class='ocrx_word' id='word_1_272' title='bbox 1876 2833 2053 2898; x_wconf 89' lang='lat' dir='ltr'>concilium</span> <span class='ocrx_word' id='word_1_273' title='bbox 2082 2855 2121 2898; x_wconf 86' lang='lat' dir='ltr'>ex</span> 
     </span>
     <span class='ocr_line' id='line_1_25' title="bbox 356 2940 2122 3028; baseline -0.002 -22"><span class='ocrx_word' id='word_1_274' title='bbox 356 2977 359 2986; x_wconf 26' lang='grc' dir='ltr'><strong>Α</strong></span> <span class='ocrx_word' id='word_1_275' title='bbox 467 2943 612 3006; x_wconf 88' lang='lat' dir='ltr'>unanimi</span> <span class='ocrx_word' id='word_1_276' title='bbox 629 2963 789 3006; x_wconf 89' lang='lat' dir='ltr'>consensu</span> <span class='ocrx_word' id='word_1_277' title='bbox 805 2952 837 3005; x_wconf 93' lang='lat' dir='ltr'>et</span> <span class='ocrx_word' id='word_1_278' title='bbox 852 2942 1086 3006; x_wconf 88' lang='lat' dir='ltr'>convocatione</span> <span class='ocrx_word' id='word_1_279' title='bbox 1109 2964 1224 3026; x_wconf 82' lang='lat' dir='ltr'>regum</span> <span class='ocrx_word' id='word_1_280' title='bbox 1247 2942 1280 3004; x_wconf 92' lang='lat' dir='ltr'>in</span> <span class='ocrx_word' id='word_1_281' title='bbox 1297 2964 1397 3006; x_wconf 89' lang='lat' dir='ltr'>unum</span> <span class='ocrx_word' id='word_1_282' title='bbox 1414 2941 1689 3028; x_wconf 87' lang='lat' dir='ltr'>congregandum.</span> <span class='ocrx_word' id='word_1_283' title='bbox 1725 2941 1845 3006; x_wconf 92' lang='lat' dir='ltr'>Potens</span> <span class='ocrx_word' id='word_1_284' title='bbox 1861 2942 1949 3005; x_wconf 92' lang='lat' dir='ltr'>enim</span> <span class='ocrx_word' id='word_1_285' title='bbox 1966 2951 2017 3005; x_wconf 89' lang='lat' dir='ltr'>est</span> <span class='ocrx_word' id='word_1_286' title='bbox 2033 2940 2122 3004; x_wconf 90' lang='lat' dir='ltr'>Deus</span> 
     </span>
     <span class='ocr_line' id='line_1_26' title="bbox 468 3046 2160 3136; baseline -0.001 -22"><span class='ocrx_word' id='word_1_287' title='bbox 468 3048 673 3114; x_wconf 88' lang='lat' dir='ltr'>concordiam</span> <span class='ocrx_word' id='word_1_288' title='bbox 697 3048 807 3112; x_wconf 88' lang='lat' dir='ltr'>facere</span> <span class='ocrx_word' id='word_1_289' title='bbox 831 3049 865 3111; x_wconf 96' lang='lat' dir='ltr'>in</span> <span class='ocrx_word' id='word_1_290' title='bbox 888 3046 1080 3112; x_wconf 91' lang='lat' dir='ltr'>sublimibus</span> <span class='ocrx_word' id='word_1_291' title='bbox 1105 3050 1170 3112; x_wconf 89' lang='lat' dir='ltr'>suis</span> <span class='ocrx_word' id='word_1_292' title='bbox 1194 3046 1327 3134; x_wconf 84' lang='lat' dir='ltr'>regibus</span> <span class='ocrx_word' id='word_1_293' title='bbox 1351 3071 1390 3113; x_wconf 91' lang='lat' dir='ltr'>ac</span> <span class='ocrx_word' id='word_1_294' title='bbox 1414 3047 1625 3136; x_wconf 87' lang='lat' dir='ltr'>principibus,</span> <span class='ocrx_word' id='word_1_295' title='bbox 1650 3049 1720 3112; x_wconf 89' lang='lat' dir='ltr'>sine</span> <span class='ocrx_word' id='word_1_296' title='bbox 1737 3070 1873 3134; x_wconf 92' lang='lat' dir='ltr'>quorum</span> <span class='ocrx_word' id='word_1_297' title='bbox 1898 3069 2063 3112; x_wconf 86' lang='lat' dir='ltr'>consensu</span> <span class='ocrx_word' id='word_1_298' title='bbox 2085 3069 2122 3111; x_wconf 89' lang='lat' dir='ltr'>ac</span> <span class='ocrx_word' id='word_1_299' title='bbox 2138 3072 2160 3112; x_wconf 80' lang='lat' dir='ltr'>ss</span> 
     </span>
     <span class='ocr_line' id='line_1_27' title="bbox 371 3153 2121 3240; baseline -0.002 -19"><span class='ocrx_word' id='word_1_300' title='bbox 371 3181 447 3233; x_wconf 68' lang='lat' dir='ltr'>*aaa</span> <span class='ocrx_word' id='word_1_301' title='bbox 467 3154 574 3220; x_wconf 88' lang='lat' dir='ltr'>studio</span> <span class='ocrx_word' id='word_1_302' title='bbox 592 3155 750 3220; x_wconf 78' lang='lat' dir='ltr'>*unanimi</span> <span class='ocrx_word' id='word_1_303' title='bbox 773 3156 808 3218; x_wconf 92' lang='lat' dir='ltr'>in</span> <span class='ocrx_word' id='word_1_304' title='bbox 831 3154 893 3219; x_wconf 92' lang='lat' dir='ltr'>hoc</span> <span class='ocrx_word' id='word_1_305' title='bbox 917 3163 1062 3240; x_wconf 87' lang='lat' dir='ltr'>tempore</span> <span class='ocrx_word' id='word_1_306' title='bbox 1086 3155 1246 3219; x_wconf 89' lang='lat' dir='ltr'>scismatis</span> <span class='ocrx_word' id='word_1_307' title='bbox 1270 3155 1422 3240; x_wconf 87' lang='lat' dir='ltr'>generale</span> <span class='ocrx_word' id='word_1_308' title='bbox 1445 3155 1517 3219; x_wconf 87' lang='lat' dir='ltr'>fieri</span> <span class='ocrx_word' id='word_1_309' title='bbox 1532 3155 1704 3220; x_wconf 91' lang='lat' dir='ltr'>concilium</span> <span class='ocrx_word' id='word_1_310' title='bbox 1721 3176 1785 3218; x_wconf 91' lang='lat' dir='ltr'>non</span> <span class='ocrx_word' id='word_1_311' title='bbox 1801 3175 1898 3240; x_wconf 89' lang='lat' dir='ltr'>posse</span> <span class='ocrx_word' id='word_1_312' title='bbox 1915 3153 2121 3220; x_wconf 87' lang='lat' dir='ltr'>manifestum</span> 
     </span>
     <span class='ocr_line' id='line_1_28' title="bbox 467 3260 2120 3347; baseline -0.002 -20"><span class='ocrx_word' id='word_1_313' title='bbox 467 3274 525 3327; x_wconf 87' lang='lat' dir='ltr'>est.</span> <span class='ocrx_word' id='word_1_314' title='bbox 571 3263 632 3327; x_wconf 87' lang='lat' dir='ltr'>Est</span> <span class='ocrx_word' id='word_1_315' title='bbox 655 3263 773 3326; x_wconf 88' lang='lat' dir='ltr'>etenim</span> <span class='ocrx_word' id='word_1_316' title='bbox 797 3260 988 3326; x_wconf 89' lang='lat' dir='ltr'>scandalum</span> <span class='ocrx_word' id='word_1_317' title='bbox 1012 3260 1157 3326; x_wconf 90' lang='lat' dir='ltr'>eiusdem</span> <span class='ocrx_word' id='word_1_318' title='bbox 1182 3262 1431 3347; x_wconf 89' lang='lat' dir='ltr'>conspirationis</span> <span class='ocrx_word' id='word_1_319' title='bbox 1455 3285 1512 3326; x_wconf 93' lang='lat' dir='ltr'>seu</span> <span class='ocrx_word' id='word_1_320' title='bbox 1535 3261 1611 3326; x_wconf 79' lang='lat' dir='ltr'>ficte</span> <span class='ocrx_word' id='word_1_321' title='bbox 1635 3283 1693 3325; x_wconf 91' lang='lat' dir='ltr'>seu</span> <span class='ocrx_word' id='word_1_322' title='bbox 1717 3261 1803 3326; x_wconf 87' lang='lat' dir='ltr'>facte</span> <span class='ocrx_word' id='word_1_323' title='bbox 1834 3271 1960 3325; x_wconf 90' lang='lat' dir='ltr'>tanturn</span> <span class='ocrx_word' id='word_1_324' title='bbox 1984 3283 2024 3325; x_wconf 90' lang='lat' dir='ltr'>ac</span> <span class='ocrx_word' id='word_1_325' title='bbox 2049 3260 2120 3340; x_wconf 85' lang='lat' dir='ltr'>tale,</span> 
     </span>
     <span class='ocr_line' id='line_1_29' title="bbox 465 3366 2121 3454; baseline -0.001 -21"><span class='ocrx_word' id='word_1_326' title='bbox 465 3379 501 3433; x_wconf 92' lang='lat' dir='ltr'>ut</span> <span class='ocrx_word' id='word_1_327' title='bbox 523 3391 585 3434; x_wconf 90' lang='lat' dir='ltr'>nec</span> <span class='ocrx_word' id='word_1_328' title='bbox 609 3391 723 3434; x_wconf 90' lang='lat' dir='ltr'>secure</span> <span class='ocrx_word' id='word_1_329' title='bbox 747 3391 767 3432; x_wconf 96' lang='lat' dir='ltr'>a</span> <span class='ocrx_word' id='word_1_330' title='bbox 789 3366 941 3432; x_wconf 89' lang='lat' dir='ltr'>fidelibus</span> <span class='ocrx_word' id='word_1_331' title='bbox 966 3369 1152 3454; x_wconf 89' lang='lat' dir='ltr'>contempni</span> <span class='ocrx_word' id='word_1_332' title='bbox 1175 3390 1237 3432; x_wconf 88' lang='lat' dir='ltr'>nec</span> <span class='ocrx_word' id='word_1_333' title='bbox 1261 3367 1386 3454; x_wconf 89' lang='lat' dir='ltr'>absque</span> <span class='ocrx_word' id='word_1_334' title='bbox 1411 3367 1548 3432; x_wconf 90' lang='lat' dir='ltr'>concilio</span> <span class='ocrx_word' id='word_1_335' title='bbox 1572 3367 1718 3454; x_wconf 85' lang='lat' dir='ltr'>generali</span> <span class='ocrx_word' id='word_1_336' title='bbox 1741 3367 1810 3432; x_wconf 90' lang='lat' dir='ltr'>tolli</span> <span class='ocrx_word' id='word_1_337' title='bbox 1833 3366 2002 3432; x_wconf 91' lang='lat' dir='ltr'>demedio</span> <span class='ocrx_word' id='word_1_338' title='bbox 2026 3389 2121 3453; x_wconf 88' lang='lat' dir='ltr'>posse</span> 
     </span>
     <span class='ocr_line' id='line_1_30' title="bbox 466 3475 647 3540; baseline -0.006 -1"><span class='ocrx_word' id='word_1_339' title='bbox 466 3475 616 3540; x_wconf 88' lang='lat' dir='ltr'>videatur</span> <span class='ocrx_word' id='word_1_340' title='bbox 627 3479 647 3538; x_wconf 82' lang='lat'>⁷.</span> 
     </span>
    </p>

    <p class='ocr_par' dir='ltr' id='par_1_5' title="bbox 465 3575 2162 4308">
     <span class='ocr_line' id='line_1_31' title="bbox 571 3575 2161 3668; baseline 0 -22"><span class='ocrx_word' id='word_1_341' title='bbox 571 3581 656 3646; x_wconf 88' lang='lat' dir='ltr'>Nam</span> <span class='ocrx_word' id='word_1_342' title='bbox 680 3582 706 3645; x_wconf 92' lang='lat' dir='ltr'>si</span> <span class='ocrx_word' id='word_1_343' title='bbox 731 3580 765 3646; x_wconf 94' lang='lat' dir='ltr'>id</span> <span class='ocrx_word' id='word_1_344' title='bbox 789 3581 849 3646; x_wconf 92' lang='lat' dir='ltr'>soli</span> <span class='ocrx_word' id='word_1_345' title='bbox 875 3582 1001 3646; x_wconf 91' lang='lat' dir='ltr'>inimici</span> <span class='ocrx_word' id='word_1_346' title='bbox 1024 3591 1057 3645; x_wconf 89' lang='lat' dir='ltr'>et</span> <span class='ocrx_word' id='word_1_347' title='bbox 1079 3575 1259 3645; x_wconf 90' lang='lat' dir='ltr'>adversarii</span> <span class='ocrx_word' id='word_1_348' title='bbox 1282 3581 1464 3646; x_wconf 88' lang='lat' dir='ltr'>Alexandri</span> <span class='ocrx_word' id='word_1_349' title='bbox 1488 3580 1635 3646; x_wconf 88' lang='lat' dir='ltr'>dicerent</span> <span class='ocrx_word' id='word_1_350' title='bbox 1658 3592 1691 3645; x_wconf 91' lang='lat' dir='ltr'>et</span> <span class='ocrx_word' id='word_1_351' title='bbox 1712 3582 1778 3667; x_wconf 89' lang='lat' dir='ltr'>ipsi</span> <span class='ocrx_word' id='word_1_352' title='bbox 1801 3591 1914 3646; x_wconf 89' lang='lat' dir='ltr'>contra</span> <span class='ocrx_word' id='word_1_353' title='bbox 1937 3603 2019 3668; x_wconf 90' lang='lat' dir='ltr'>quos</span> <span class='ocrx_word' id='word_1_354' title='bbox 2044 3581 2120 3646; x_wconf 92' lang='lat' dir='ltr'>dici·</span> <span class='ocrx_word' id='word_1_355' title='bbox 2138 3608 2161 3646; x_wconf 79' lang='lat' dir='ltr'>ao</span> 
     </span>
     <span class='ocr_line' id='line_1_32' title="bbox 465 3687 2120 3776; baseline -0.002 -21"><span class='ocrx_word' id='word_1_356' title='bbox 465 3700 527 3773; x_wconf 91' lang='lat' dir='ltr'>tur,</span> <span class='ocrx_word' id='word_1_357' title='bbox 558 3699 654 3776; x_wconf 89' lang='lat' dir='ltr'>prout</span> <span class='ocrx_word' id='word_1_358' title='bbox 676 3697 873 3775; x_wconf 88' lang='lat' dir='ltr'>oportuerat,</span> <span class='ocrx_word' id='word_1_359' title='bbox 905 3687 1114 3774; x_wconf 88' lang='lat' dir='ltr'>solempniter</span> <span class='ocrx_word' id='word_1_360' title='bbox 1143 3699 1301 3773; x_wconf 85' lang='lat' dir='ltr'>negarent</span> <span class='ocrx_word' id='word_1_361' title='bbox 1330 3697 1386 3752; x_wconf 89' lang='lat' dir='ltr'>aut</span> <span class='ocrx_word' id='word_1_362' title='bbox 1416 3698 1503 3752; x_wconf 84' lang='lat' dir='ltr'>certe</span> <span class='ocrx_word' id='word_1_363' title='bbox 1534 3687 1656 3752; x_wconf 87' lang='lat' dir='ltr'>factum</span> <span class='ocrx_word' id='word_1_364' title='bbox 1688 3711 1781 3752; x_wconf 88' lang='lat' dir='ltr'>suurn</span> <span class='ocrx_word' id='word_1_365' title='bbox 1811 3687 2026 3752; x_wconf 87' lang='lat' dir='ltr'>iustificarent</span> <span class='ocrx_word' id='word_1_366' title='bbox 2056 3699 2120 3770; x_wconf 88' lang='lat' dir='ltr'>aut,</span> 
     </span>
     <span class='ocr_line' id='line_1_33' title="bbox 466 3793 2120 3884; baseline -0.002 -22"><span class='ocrx_word' id='word_1_367' title='bbox 466 3795 555 3884; x_wconf 92' lang='lat' dir='ltr'>quod</span> <span class='ocrx_word' id='word_1_368' title='bbox 577 3794 745 3860; x_wconf 86' lang='lat' dir='ltr'>iustificari</span> <span class='ocrx_word' id='word_1_369' title='bbox 768 3817 834 3859; x_wconf 91' lang='lat' dir='ltr'>non</span> <span class='ocrx_word' id='word_1_370' title='bbox 857 3804 976 3881; x_wconf 87' lang='lat' dir='ltr'>posset,</span> <span class='ocrx_word' id='word_1_371' title='bbox 1000 3804 1162 3858; x_wconf 88' lang='lat' dir='ltr'>mutarent</span> <span class='ocrx_word' id='word_1_372' title='bbox 1185 3816 1285 3880; x_wconf 89' lang='lat' dir='ltr'>seque</span> <span class='ocrx_word' id='word_1_373' title='bbox 1308 3793 1350 3858; x_wconf 92' lang='lat' dir='ltr'>ab</span> <span class='ocrx_word' id='word_1_374' title='bbox 1374 3795 1525 3858; x_wconf 89' lang='lat' dir='ltr'>amicicia</span> <span class='ocrx_word' id='word_1_375' title='bbox 1541 3793 1644 3859; x_wconf 86' lang='lat' dir='ltr'>Siculi</span> <span class='ocrx_word' id='word_1_376' title='bbox 1667 3806 1700 3859; x_wconf 92' lang='lat' dir='ltr'>et</span> <span class='ocrx_word' id='word_1_377' title='bbox 1721 3794 2028 3877; x_wconf 87' lang='lat' dir='ltr'>Mediolanensium,</span> <span class='ocrx_word' id='word_1_378' title='bbox 2054 3796 2120 3882; x_wconf 94' lang='lat' dir='ltr'>qui-</span> 
     </span>
     <span class='ocr_line' id='line_1_34' title="bbox 465 3900 2120 3988; baseline -0.001 -21"><span class='ocrx_word' id='word_1_379' title='bbox 465 3902 526 3967; x_wconf 91' lang='lat' dir='ltr'>bus</span> <span class='ocrx_word' id='word_1_380' title='bbox 551 3913 664 3968; x_wconf 87' lang='lat' dir='ltr'>contra</span> <span class='ocrx_word' id='word_1_381' title='bbox 686 3903 858 3988; x_wconf 80' lang='lat' dir='ltr'>imperitum</span> <span class='ocrx_word' id='word_1_382' title='bbox 882 3924 941 3966; x_wconf 89' lang='lat' dir='ltr'>seu</span> <span class='ocrx_word' id='word_1_383' title='bbox 964 3911 1078 3966; x_wconf 88' lang='lat' dir='ltr'>contra</span> <span class='ocrx_word' id='word_1_384' title='bbox 1100 3900 1395 3965; x_wconf 87' lang='lat' dir='ltr'>collaudamentum</span> <span class='ocrx_word' id='word_1_385' title='bbox 1425 3902 1613 3988; x_wconf 88' lang='lat' dir='ltr'>imperatori</span> <span class='ocrx_word' id='word_1_386' title='bbox 1643 3900 1766 3966; x_wconf 87' lang='lat' dir='ltr'>facturn</span> <span class='ocrx_word' id='word_1_387' title='bbox 1795 3900 1935 3966; x_wconf 88' lang='lat' dir='ltr'>federati</span> <span class='ocrx_word' id='word_1_388' title='bbox 1959 3901 2120 3981; x_wconf 86' lang='lat' dir='ltr'>dicuntur,</span> 
     </span>
     <span class='ocr_line' id='line_1_35' title="bbox 466 4006 2122 4096; baseline -0.002 -22"><span class='ocrx_word' id='word_1_389' title='bbox 466 4008 562 4096; x_wconf 84' lang='lat' dir='ltr'>longe</span> <span class='ocrx_word' id='word_1_390' title='bbox 585 4009 731 4073; x_wconf 90' lang='lat' dir='ltr'>facerent</span> <span class='ocrx_word' id='word_1_391' title='bbox 741 4013 762 4091; x_wconf 83' lang='lat'>⁸,</span> <span class='ocrx_word' id='word_1_392' title='bbox 787 4009 973 4094; x_wconf 88' lang='lat' dir='ltr'>contempni</span> <span class='ocrx_word' id='word_1_393' title='bbox 995 4018 1130 4095; x_wconf 90' lang='lat' dir='ltr'>possent</span> <span class='ocrx_word' id='word_1_394' title='bbox 1159 4031 1197 4072; x_wconf 91' lang='lat' dir='ltr'>ac</span> <span class='ocrx_word' id='word_1_395' title='bbox 1221 4006 1379 4072; x_wconf 90' lang='lat' dir='ltr'>deberent</span> <span class='ocrx_word' id='word_1_396' title='bbox 1408 4007 1640 4073; x_wconf 88' lang='lat' dir='ltr'>maledicorum</span> <span class='ocrx_word' id='word_1_397' title='bbox 1669 4008 1853 4095; x_wconf 86' lang='lat' dir='ltr'>calumpnia</span> <span class='ocrx_word' id='word_1_398' title='bbox 1877 4007 1918 4072; x_wconf 89' lang='lat' dir='ltr'>de</span> <span class='ocrx_word' id='word_1_399' title='bbox 1943 4009 2122 4072; x_wconf 88' lang='lat' dir='ltr'>simoniaca</span> 
     </span>
     <span class='ocr_line' id='line_1_36' title="bbox 466 4113 2162 4202; baseline -0.001 -20"><span class='ocrx_word' id='word_1_400' title='bbox 466 4116 522 4182; x_wconf 89' lang='lat' dir='ltr'>illa</span> <span class='ocrx_word' id='word_1_401' title='bbox 545 4116 795 4202; x_wconf 88' lang='lat' dir='ltr'>conspiratione.</span> <span class='ocrx_word' id='word_1_402' title='bbox 841 4114 936 4179; x_wconf 89' lang='lat' dir='ltr'>Nunc</span> <span class='ocrx_word' id='word_1_403' title='bbox 960 4136 1039 4179; x_wconf 88' lang='lat' dir='ltr'>vero</span> <span class='ocrx_word' id='word_1_404' title='bbox 1063 4116 1146 4179; x_wconf 90' lang='lat' dir='ltr'>sicut</span> <span class='ocrx_word' id='word_1_405' title='bbox 1169 4113 1351 4179; x_wconf 90' lang='lat' dir='ltr'>Adrianum</span> <span class='ocrx_word' id='word_1_406' title='bbox 1374 4137 1495 4201; x_wconf 89' lang='lat' dir='ltr'>papam</span> <span class='ocrx_word' id='word_1_407' title='bbox 1518 4137 1593 4179; x_wconf 90' lang='lat' dir='ltr'>cum</span> <span class='ocrx_word' id='word_1_408' title='bbox 1609 4114 1719 4180; x_wconf 82' lang='lat' dir='ltr'>Siculo</span> <span class='ocrx_word' id='word_1_409' title='bbox 1744 4126 1857 4180; x_wconf 90' lang='lat' dir='ltr'>contra</span> <span class='ocrx_word' id='word_1_410' title='bbox 1880 4114 2121 4180; x_wconf 88' lang='lat' dir='ltr'>collaudamen·</span> <span class='ocrx_word' id='word_1_411' title='bbox 2139 4141 2162 4181; x_wconf 80' lang='lat' dir='ltr'>a</span> 
     </span>
     <span class='ocr_line' id='line_1_37' title="bbox 466 4220 2120 4308; baseline -0.001 -20"><span class='ocrx_word' id='word_1_412' title='bbox 466 4234 535 4288; x_wconf 90' lang='lat' dir='ltr'>turn</span> <span class='ocrx_word' id='word_1_413' title='bbox 558 4223 746 4308; x_wconf 88' lang='lat' dir='ltr'>imperatori</span> <span class='ocrx_word' id='word_1_414' title='bbox 770 4223 803 4286; x_wconf 91' lang='lat' dir='ltr'>in</span> <span class='ocrx_word' id='word_1_415' title='bbox 819 4220 921 4286; x_wconf 85' lang='lat' dir='ltr'>verbo</span> <span class='ocrx_word' id='word_1_416' title='bbox 937 4221 1072 4286; x_wconf 90' lang='lat' dir='ltr'>Domini</span> <span class='ocrx_word' id='word_1_417' title='bbox 1095 4221 1219 4285; x_wconf 90' lang='lat' dir='ltr'>factum</span> <span class='ocrx_word' id='word_1_418' title='bbox 1239 4222 1418 4286; x_wconf 89' lang='lat' dir='ltr'>certissime</span> <span class='ocrx_word' id='word_1_419' title='bbox 1441 4231 1553 4286; x_wconf 89' lang='lat' dir='ltr'>notum</span> <span class='ocrx_word' id='word_1_420' title='bbox 1569 4231 1619 4287; x_wconf 88' lang='lat' dir='ltr'>est</span> <span class='ocrx_word' id='word_1_421' title='bbox 1641 4243 1713 4286; x_wconf 87' lang='lat' dir='ltr'>esse</span> <span class='ocrx_word' id='word_1_422' title='bbox 1736 4221 1928 4304; x_wconf 80' lang='lat' dir='ltr'>foderatam,</span> <span class='ocrx_word' id='word_1_423' title='bbox 1953 4243 2018 4308; x_wconf 95' lang='lat' dir='ltr'>quo</span> <span class='ocrx_word' id='word_1_424' title='bbox 2042 4222 2120 4286; x_wconf 91' lang='lat' dir='ltr'>inito</span> 
     </span>
    </p>
   </div>
   <div class='ocr_carea' id='block_1_3' title="bbox 467 4419 2120 4576">
    <p class='ocr_par' dir='ltr' id='par_1_6' title="bbox 467 4419 2120 4576">
     <span class='ocr_line' id='line_1_38' title="bbox 574 4419 2120 4489; baseline -0.001 -16"><span class='ocrx_word' id='word_1_425' title='bbox 574 4420 601 4484; x_wconf 85' lang='lat' dir='ltr'>a)</span> <span class='ocrx_word' id='word_1_426' title='bbox 623 4429 714 4488; x_wconf 84' lang='lat' dir='ltr'>partes</span> <span class='ocrx_word' id='word_1_427' title='bbox 733 4423 804 4474; x_wconf 85' lang='lat' dir='ltr'>inter</span> <span class='ocrx_word' id='word_1_428' title='bbox 822 4423 968 4487; x_wconf 89' lang='lat' dir='ltr'>episcopos</span> <span class='ocrx_word' id='word_1_429' title='bbox 988 4423 1101 4472; x_wconf 85' lang='lat' dir='ltr'>abbates</span> <span class='ocrx_word' id='word_1_430' title='bbox 1120 4439 1153 4482; x_wconf 87' lang='lat' dir='ltr'>c.;</span> <span class='ocrx_word' id='word_1_431' title='bbox 1175 4430 1301 4486; x_wconf 77' lang='lat' dir='ltr'>utsupra</span> <span class='ocrx_word' id='word_1_432' title='bbox 1318 4439 1364 4473; x_wconf 76' lang='lat' dir='ltr'>ern.</span> <span class='ocrx_word' id='word_1_433' title='bbox 1383 4421 1552 4474; x_wconf 67' lang='lat' dir='ltr'>Malliaclier.</span> <span class='ocrx_word' id='word_1_434' title='bbox 1637 4419 1666 4484; x_wconf 92' lang='lat' dir='ltr'>b)</span> <span class='ocrx_word' id='word_1_435' title='bbox 1687 4428 1779 4489; x_wconf 84' lang='lat' dir='ltr'>partes</span> <span class='ocrx_word' id='word_1_436' title='bbox 1797 4439 1818 4473; x_wconf 86' lang='lat' dir='ltr'>c.</span> <span class='ocrx_word' id='word_1_437' title='bbox 1904 4421 1930 4484; x_wconf 87' lang='lat' dir='ltr'>c)</span> <span class='ocrx_word' id='word_1_438' title='bbox 1952 4438 2015 4472; x_wconf 88' lang='lat' dir='ltr'>cum</span> <span class='ocrx_word' id='word_1_439' title='bbox 2034 4422 2120 4472; x_wconf 89' lang='lat' dir='ltr'>-de</span> 
     </span>
     <span class='ocr_line' id='line_1_39' title="bbox 467 4508 1014 4576; baseline -0.005 -13"><span class='ocrx_word' id='word_1_440' title='bbox 467 4514 517 4564; x_wconf 85' lang='lat' dir='ltr'>loco</span> <span class='ocrx_word' id='word_1_441' title='bbox 535 4529 592 4562; x_wconf 79' lang='lat' dir='ltr'>raso</span> <span class='ocrx_word' id='word_1_442' title='bbox 610 4529 631 4562; x_wconf 87' lang='lat' dir='ltr'>e.</span> <span class='ocrx_word' id='word_1_443' title='bbox 704 4508 733 4572; x_wconf 92' lang='lat' dir='ltr'>d)</span> <span class='ocrx_word' id='word_1_444' title='bbox 753 4511 782 4561; x_wconf 88' lang='lat' dir='ltr'>ia</span> <span class='ocrx_word' id='word_1_445' title='bbox 799 4528 879 4576; x_wconf 78' lang='lat' dir='ltr'>otarp.</span> <span class='ocrx_word' id='word_1_446' title='bbox 898 4510 975 4562; x_wconf 78' lang='lat' dir='ltr'>minio</span> <span class='ocrx_word' id='word_1_447' title='bbox 993 4528 1014 4561; x_wconf 86' lang='lat' dir='ltr'>e.</span> 
     </span>
    </p>
   </div>
   <div class='ocr_carea' id='block_1_4' title="bbox 467 4690 2164 5190">
    <p class='ocr_par' dir='ltr' id='par_1_7' title="bbox 467 4690 2164 5190">
     <span class='ocr_line' id='line_1_40' title="bbox 578 4690 2120 4768; baseline 0.001 -19"><span class='ocrx_word' id='word_1_448' title='bbox 578 4691 606 4763; x_wconf 90' lang='lat'>1)</span> <span class='ocrx_word' id='word_1_449' title='bbox 640 4691 792 4752; x_wconf 78' lang='lat' dir='ltr'>Concilium</span> <span class='ocrx_word' id='word_1_450' title='bbox 829 4693 995 4750; x_wconf 81' lang='lat' dir='ltr'>Tolosanum</span> <span class='ocrx_word' id='word_1_451' title='bbox 1028 4690 1214 4763; x_wconf 74' lang='lat' dir='ltr'>Giaetrectt,</span> <span class='ocrx_word' id='word_1_452' title='bbox 1247 4691 1296 4749; x_wconf 86' lang='lat' dir='ltr'>‘D.</span> <span class='ocrx_word' id='word_1_453' title='bbox 1315 4693 1392 4749; x_wconf 71' lang='lat' dir='ltr'>KZ!</span> <span class='ocrx_word' id='word_1_454' title='bbox 1416 4693 1448 4763; x_wconf 90' lang='lat' dir='ltr'>V,</span> <span class='ocrx_word' id='word_1_455' title='bbox 1473 4712 1507 4768; x_wconf 91' lang='lat' dir='ltr'>p.</span> <span class='ocrx_word' id='word_1_456' title='bbox 1526 4691 1588 4748; x_wconf 82' lang='grc'>264</span> <span class='ocrx_word' id='word_1_457' title='bbox 1605 4713 1658 4768; x_wconf 66' lang='lat' dir='ltr'>sq„</span> <span class='ocrx_word' id='word_1_458' title='bbox 1689 4712 1717 4750; x_wconf 90' lang='lat' dir='ltr'>a.</span> <span class='ocrx_word' id='word_1_459' title='bbox 1745 4692 1838 4763; x_wconf 83' lang='lat'>1161,</span> <span class='ocrx_word' id='word_1_460' title='bbox 1872 4692 1973 4761; x_wconf 81' lang='lat' dir='ltr'>Mart,</span> <span class='ocrx_word' id='word_1_461' title='bbox 2005 4693 2120 4762; x_wconf 74' lang='lat' dir='ltr'>liariter,</span> 
     </span>
     <span class='ocr_line' id='line_1_41' title="bbox 468 4797 2164 4877; baseline -0.001 -20"><span class='ocrx_word' id='word_1_462' title='bbox 468 4800 644 4859; x_wconf 76' lang='lat' dir='ltr'>‘Aleaaoder</span> <span class='ocrx_word' id='word_1_463' title='bbox 655 4799 724 4857; x_wconf 60' lang='grc' dir='ltr'><em>ΙΙΙ]</em></span> <span class='ocrx_word' id='word_1_464' title='bbox 748 4809 766 4856; x_wconf 90' lang='lat' dir='ltr'>t.</span> <span class='ocrx_word' id='word_1_465' title='bbox 783 4799 807 4870; x_wconf 89' lang='lat'>1,</span> <span class='ocrx_word' id='word_1_466' title='bbox 826 4820 860 4876; x_wconf 87' lang='lat' dir='ltr'>p.</span> <span class='ocrx_word' id='word_1_467' title='bbox 879 4798 952 4869; x_wconf 87' lang='lat'>500,</span> <span class='ocrx_word' id='word_1_468' title='bbox 977 4819 1006 4856; x_wconf 87' lang='lat' dir='ltr'>o.</span> <span class='ocrx_word' id='word_1_469' title='bbox 1027 4798 1120 4869; x_wconf 81' lang='lat'>1160,</span> <span class='ocrx_word' id='word_1_470' title='bbox 1146 4798 1206 4857; x_wconf 89' lang='lat' dir='ltr'>Oct.</span> <span class='ocrx_word' id='word_1_471' title='bbox 1223 4799 1344 4856; x_wconf 80' lang='lat' dir='ltr'>babilam</span> <span class='ocrx_word' id='word_1_472' title='bbox 1360 4818 1418 4858; x_wconf 81' lang='lat' dir='ltr'>esse</span> <span class='ocrx_word' id='word_1_473' title='bbox 1427 4807 1541 4875; x_wconf 83' lang='lat' dir='ltr'>patant.</span> <span class='ocrx_word' id='word_1_474' title='bbox 1578 4799 1709 4870; x_wconf 84' lang='lat' dir='ltr'>Howlett,</span> <span class='ocrx_word' id='word_1_475' title='bbox 1727 4797 1901 4858; x_wconf 80' lang='lat' dir='ltr'>‘Obroaicles</span> <span class='ocrx_word' id='word_1_476' title='bbox 1916 4799 1956 4870; x_wconf 86' lang='lat' dir='ltr'>of</span> <span class='ocrx_word' id='word_1_477' title='bbox 1966 4799 2012 4856; x_wconf 80' lang='lat' dir='ltr'>tle</span> <span class='ocrx_word' id='word_1_478' title='bbox 2026 4800 2123 4877; x_wconf 78' lang='lat' dir='ltr'>reipae</span> <span class='ocrx_word' id='word_1_479' title='bbox 2138 4817 2164 4856; x_wconf 75' lang='lat' dir='ltr'>to</span> 
     </span>
     <span class='ocr_line' id='line_1_42' title="bbox 467 4904 2121 4983; baseline -0.001 -18"><span class='ocrx_word' id='word_1_480' title='bbox 467 4909 506 4980; x_wconf 94' lang='lat' dir='ltr'>os</span> <span class='ocrx_word' id='word_1_481' title='bbox 525 4906 666 4983; x_wconf 73' lang='lat' dir='ltr'>Stquraa&#39;</span> <span class='ocrx_word' id='word_1_482' title='bbox 692 4914 741 4963; x_wconf 89' lang='lat' dir='ltr'>etc.</span> <span class='ocrx_word' id='word_1_483' title='bbox 765 4905 806 4976; x_wconf 91' lang='grc' dir='ltr'>ΙΙ,</span> <span class='ocrx_word' id='word_1_484' title='bbox 831 4927 865 4983; x_wconf 91' lang='lat' dir='ltr'>p.</span> <span class='ocrx_word' id='word_1_485' title='bbox 882 4911 927 4962; x_wconf 87' lang='lat' dir='ltr'>LI</span> <span class='ocrx_word' id='word_1_486' title='bbox 937 4927 997 4982; x_wconf 80' lang='lat' dir='ltr'>sqq.</span> <span class='ocrx_word' id='word_1_487' title='bbox 1022 4914 1047 4963; x_wconf 82' lang='lat' dir='ltr'>et</span> <span class='ocrx_word' id='word_1_488' title='bbox 1070 4905 1186 4977; x_wconf 78' lang='lat' dir='ltr'>ffiraclt,</span> <span class='ocrx_word' id='word_1_489' title='bbox 1218 4905 1346 4964; x_wconf 79' lang='lat' dir='ltr'>‘Studien</span> <span class='ocrx_word' id='word_1_490' title='bbox 1375 4926 1428 4963; x_wconf 81' lang='lat' dir='ltr'>zar</span> <span class='ocrx_word' id='word_1_491' title='bbox 1452 4904 1616 4966; x_wconf 69' lang='lat' dir='ltr'>(lescliebtc</span> <span class='ocrx_word' id='word_1_492' title='bbox 1640 4906 1775 4983; x_wconf 80' lang='lat' dir='ltr'>Ladroipa</span> <span class='ocrx_word' id='word_1_493' title='bbox 1792 4905 1868 4963; x_wconf 72' lang='lat' dir='ltr'><em>VII!</em></span> <span class='ocrx_word' id='word_1_494' title='bbox 1889 4927 1921 4982; x_wconf 90' lang='lat' dir='ltr'>p.</span> <span class='ocrx_word' id='word_1_495' title='bbox 1941 4905 2013 4976; x_wconf 86' lang='lat'>102,</span> <span class='ocrx_word' id='word_1_496' title='bbox 2038 4927 2067 4963; x_wconf 84' lang='lat' dir='ltr'>n.</span> <span class='ocrx_word' id='word_1_497' title='bbox 2092 4906 2121 4963; x_wconf 88' lang='lat'>2.</span> 
     </span>
     <span class='ocr_line' id='line_1_43' title="bbox 469 4991 2122 5085; baseline -0.001 -14"><span class='ocrx_word' id='word_1_498' title='bbox 469 5012 632 5072; x_wconf 81' lang='lat' dir='ltr'>Gerbolram</span> <span class='ocrx_word' id='word_1_499' title='bbox 661 5015 748 5071; x_wconf 84' lang='lat' dir='ltr'>solum</span> <span class='ocrx_word' id='word_1_500' title='bbox 779 4991 888 5071; x_wconf 82' lang='lat' dir='ltr'>concilii</span> <span class='ocrx_word' id='word_1_501' title='bbox 917 5012 1049 5070; x_wconf 69' lang='lat' dir='ltr'>Tolosam</span> <span class='ocrx_word' id='word_1_502' title='bbox 1077 5012 1241 5070; x_wconf 71' lang='lat' dir='ltr'>metationem</span> <span class='ocrx_word' id='word_1_503' title='bbox 1257 5012 1416 5085; x_wconf 83' lang='lat' dir='ltr'>facientem</span> <span class='ocrx_word' id='word_1_504' title='bbox 1447 5031 1571 5070; x_wconf 85' lang='lat' dir='ltr'>errorem</span> <span class='ocrx_word' id='word_1_505' title='bbox 1603 5011 1767 5070; x_wconf 71' lang='lat' dir='ltr'>conmisisse</span> <span class='ocrx_word' id='word_1_506' title='bbox 1790 5012 1978 5083; x_wconf 79' lang='lat' dir='ltr'>arbitrantur,</span> <span class='ocrx_word' id='word_1_507' title='bbox 2004 5033 2064 5070; x_wconf 86' lang='lat' dir='ltr'>cum</span> <span class='ocrx_word' id='word_1_508' title='bbox 2088 5012 2122 5070; x_wconf 85' lang='lat' dir='ltr'>al</span> 
     </span>
     <span class='ocr_line' id='line_1_44' title="bbox 468 5117 2122 5190; baseline 0 -14"><span class='ocrx_word' id='word_1_509' title='bbox 468 5120 532 5177; x_wconf 85' lang='lat' dir='ltr'>aliis</span> <span class='ocrx_word' id='word_1_510' title='bbox 554 5119 713 5178; x_wconf 82' lang='lat' dir='ltr'>auctoribus</span> <span class='ocrx_word' id='word_1_511' title='bbox 735 5119 850 5177; x_wconf 82' lang='lat' dir='ltr'>aoaaist&#39;</span> <span class='ocrx_word' id='word_1_512' title='bbox 871 5127 1020 5177; x_wconf 82' lang='lat' dir='ltr'>conventus</span> <span class='ocrx_word' id='word_1_513' title='bbox 1036 5118 1217 5177; x_wconf 79' lang='lat' dir='ltr'>Belvacearis</span> <span class='ocrx_word' id='word_1_514' title='bbox 1232 5127 1474 5178; x_wconf 69' lang='lat' dir='ltr'>commemoretur:</span> <span class='ocrx_word' id='word_1_515' title='bbox 1499 5119 1544 5176; x_wconf 88' lang='lat' dir='ltr'>cai</span> <span class='ocrx_word' id='word_1_516' title='bbox 1564 5118 1718 5176; x_wconf 76' lang='lat' dir='ltr'>senteritiae</span> <span class='ocrx_word' id='word_1_517' title='bbox 1733 5119 1772 5176; x_wconf 89' lang='lat' dir='ltr'>H.</span> <span class='ocrx_word' id='word_1_518' title='bbox 1789 5119 1939 5190; x_wconf 81' lang='lat' dir='ltr'>Boelmer,</span> <span class='ocrx_word' id='word_1_519' title='bbox 1957 5117 2007 5176; x_wconf 88' lang='lat' dir='ltr'>‘N.</span> <span class='ocrx_word' id='word_1_520' title='bbox 2023 5120 2122 5177; x_wconf 70' lang='lat' dir='ltr'>Arci!</span> 
     </span>
    </p>
   </div>
   <div class='ocr_carea' id='block_1_5' title="bbox 468 5224 2165 5710">
    <p class='ocr_par' dir='ltr' id='par_1_8' title="bbox 468 5224 2165 5710">
     <span class='ocr_line' id='line_1_45' title="bbox 469 5224 2121 5302; baseline -0.001 -19"><span class='ocrx_word' id='word_1_521' title='bbox 469 5226 552 5298; x_wconf 84' lang='lat' dir='ltr'>XXI,</span> <span class='ocrx_word' id='word_1_522' title='bbox 571 5246 605 5302; x_wconf 93' lang='lat' dir='ltr'>p.</span> <span class='ocrx_word' id='word_1_523' title='bbox 624 5225 808 5283; x_wconf 75' lang='lat' dir='ltr'>ore-684.</span> <span class='ocrx_word' id='word_1_524' title='bbox 825 5234 975 5302; x_wconf 82' lang='lat' dir='ltr'>repupaat.</span> <span class='ocrx_word' id='word_1_525' title='bbox 1045 5225 1075 5295; x_wconf 85' lang='lat'>2)</span> <span class='ocrx_word' id='word_1_526' title='bbox 1094 5225 1236 5283; x_wconf 84' lang='lat' dir='ltr'>Ludooioo</span> <span class='ocrx_word' id='word_1_527' title='bbox 1258 5224 1321 5283; x_wconf 87' lang='lat' dir='ltr'>VII.</span> <span class='ocrx_word' id='word_1_528' title='bbox 1393 5225 1423 5296; x_wconf 88' lang='lat'>3)</span> <span class='ocrx_word' id='word_1_529' title='bbox 1448 5225 1585 5284; x_wconf 70' lang='lat' dir='ltr'>Heinrico</span> <span class='ocrx_word' id='word_1_530' title='bbox 1607 5225 1648 5283; x_wconf 84' lang='lat'>11.</span> <span class='ocrx_word' id='word_1_531' title='bbox 1720 5224 1750 5295; x_wconf 85' lang='lat'>4)</span> <span class='ocrx_word' id='word_1_532' title='bbox 1777 5227 1942 5284; x_wconf 77' lang='lat' dir='ltr'>Fermando.</span> <span class='ocrx_word' id='word_1_533' title='bbox 2014 5225 2045 5296; x_wconf 89' lang='grc'>5)</span> <span class='ocrx_word' id='word_1_534' title='bbox 2072 5225 2121 5298; x_wconf 77' lang='lat' dir='ltr'>Of.</span> 
     </span>
     <span class='ocr_line' id='line_1_46' title="bbox 474 5329 2165 5409; baseline 0 -19"><span class='ocrx_word' id='word_1_535' title='bbox 474 5334 506 5390; x_wconf 86' lang='lat' dir='ltr'>V.</span> <span class='ocrx_word' id='word_1_536' title='bbox 531 5332 693 5390; x_wconf 76' lang='lat' dir='ltr'>Alexandri</span> <span class='ocrx_word' id='word_1_537' title='bbox 714 5332 771 5389; x_wconf 87' lang='grc' dir='ltr'>ΙΙΙ.</span> <span class='ocrx_word' id='word_1_538' title='bbox 803 5335 821 5390; x_wconf 85' lang='lat' dir='ltr'>l.</span> <span class='ocrx_word' id='word_1_539' title='bbox 839 5334 857 5389; x_wconf 92' lang='lat' dir='ltr'>l.</span> <span class='ocrx_word' id='word_1_540' title='bbox 882 5352 916 5408; x_wconf 91' lang='lat' dir='ltr'>p.</span> <span class='ocrx_word' id='word_1_541' title='bbox 935 5331 1008 5388; x_wconf 87' lang='grc'><strong>403.</strong></span> <span class='ocrx_word' id='word_1_542' title='bbox 1130 5333 1160 5403; x_wconf 86' lang='grc'>6)</span> <span class='ocrx_word' id='word_1_543' title='bbox 1191 5333 1222 5390; x_wconf 86' lang='lat' dir='ltr'>V.</span> <span class='ocrx_word' id='word_1_544' title='bbox 1255 5352 1346 5408; x_wconf 82' lang='lat' dir='ltr'>supro</span> <span class='ocrx_word' id='word_1_545' title='bbox 1370 5352 1403 5408; x_wconf 92' lang='lat' dir='ltr'>p.</span> <span class='ocrx_word' id='word_1_546' title='bbox 1429 5331 1502 5388; x_wconf 81' lang='lat'>308.</span> <span class='ocrx_word' id='word_1_547' title='bbox 1625 5329 1656 5406; x_wconf 85' lang='lat' dir='ltr'>l)</span> <span class='ocrx_word' id='word_1_548' title='bbox 1685 5329 1814 5390; x_wconf 65' lang='lat' dir='ltr'>Galata·</span> <span class='ocrx_word' id='word_1_549' title='bbox 1842 5332 1920 5409; x_wconf 80' lang='lat' dir='ltr'>epist.</span> <span class='ocrx_word' id='word_1_550' title='bbox 1945 5334 1988 5390; x_wconf 86' lang='lat' dir='ltr'>ad</span> <span class='ocrx_word' id='word_1_551' title='bbox 2008 5333 2120 5391; x_wconf 84' lang='lat' dir='ltr'>cardia.</span> <span class='ocrx_word' id='word_1_552' title='bbox 2139 5349 2165 5390; x_wconf 78' lang='lat' dir='ltr'>ts</span> 
     </span>
     <span class='ocr_line' id='line_1_47' title="bbox 468 5439 2120 5515; baseline 0 -19"><span class='ocrx_word' id='word_1_553' title='bbox 468 5441 486 5496; x_wconf 88' lang='lat' dir='ltr'>l.</span> <span class='ocrx_word' id='word_1_554' title='bbox 503 5441 522 5496; x_wconf 86' lang='lat' dir='ltr'>l.</span> <span class='ocrx_word' id='word_1_555' title='bbox 541 5459 575 5515; x_wconf 89' lang='lat' dir='ltr'>p.</span> <span class='ocrx_word' id='word_1_556' title='bbox 594 5439 673 5495; x_wconf 78' lang='lat'><strong>369:</strong></span> <span class='ocrx_word' id='word_1_557' title='bbox 705 5441 878 5496; x_wconf 85' lang='lat' dir='ltr'>Putabamus</span> <span class='ocrx_word' id='word_1_558' title='bbox 905 5446 1001 5495; x_wconf 86' lang='lat' dir='ltr'>tamen</span> <span class='ocrx_word' id='word_1_559' title='bbox 1031 5441 1155 5495; x_wconf 86' lang='lat' dir='ltr'>conciliis</span> <span class='ocrx_word' id='word_1_560' title='bbox 1184 5439 1390 5496; x_wconf 80' lang='lat' dir='ltr'>universalibus</span> <span class='ocrx_word' id='word_1_561' title='bbox 1421 5446 1451 5496; x_wconf 88' lang='lat' dir='ltr'>et</span> <span class='ocrx_word' id='word_1_562' title='bbox 1474 5440 1596 5495; x_wconf 86' lang='lat' dir='ltr'>consiliis</span> <span class='ocrx_word' id='word_1_563' title='bbox 1619 5440 1801 5496; x_wconf 84' lang='lat' dir='ltr'>familiaribus</span> <span class='ocrx_word' id='word_1_564' title='bbox 1824 5441 1905 5496; x_wconf 90' lang='lat' dir='ltr'>litem</span> <span class='ocrx_word' id='word_1_565' title='bbox 1928 5441 2000 5496; x_wconf 89' lang='lat' dir='ltr'>hanc</span> <span class='ocrx_word' id='word_1_566' title='bbox 2023 5441 2120 5497; x_wconf 89' lang='lat' dir='ltr'>termi-</span> 
     </span>
     <span class='ocr_line' id='line_1_48' title="bbox 468 5544 2125 5622; baseline 0.002 -21"><span class='ocrx_word' id='word_1_567' title='bbox 468 5548 589 5602; x_wconf 89' lang='lat' dir='ltr'>nandam</span> <span class='ocrx_word' id='word_1_568' title='bbox 612 5555 680 5616; x_wconf 86' lang='lat' dir='ltr'>etc.;</span> <span class='ocrx_word' id='word_1_569' title='bbox 711 5547 751 5618; x_wconf 85' lang='lat' dir='ltr'>cs.</span> <span class='ocrx_word' id='word_1_570' title='bbox 771 5544 874 5604; x_wconf 73' lang='lat' dir='ltr'>Coram</span> <span class='ocrx_word' id='word_1_571' title='bbox 906 5545 936 5602; x_wconf 88' lang='lat' dir='ltr'>ia</span> <span class='ocrx_word' id='word_1_572' title='bbox 962 5565 1008 5622; x_wconf 81' lang='lat' dir='ltr'>ps.</span> <span class='ocrx_word' id='word_1_573' title='bbox 1032 5545 1103 5616; x_wconf 84' lang='lat'>133,</span> <span class='ocrx_word' id='word_1_574' title='bbox 1136 5545 1234 5622; x_wconf 69' lang='lat' dir='ltr'>Meque</span> <span class='ocrx_word' id='word_1_575' title='bbox 1263 5554 1281 5603; x_wconf 90' lang='lat' dir='ltr'>t.</span> <span class='ocrx_word' id='word_1_576' title='bbox 1308 5545 1380 5618; x_wconf 82' lang='lat'>194,</span> <span class='ocrx_word' id='word_1_577' title='bbox 1412 5547 1464 5603; x_wconf 87' lang='lat' dir='ltr'>col.</span> <span class='ocrx_word' id='word_1_578' title='bbox 1488 5545 1562 5602; x_wconf 81' lang='lat'>892.</span> <span class='ocrx_word' id='word_1_579' title='bbox 1677 5546 1708 5616; x_wconf 83' lang='lat'>8)</span> <span class='ocrx_word' id='word_1_580' title='bbox 1742 5545 1791 5618; x_wconf 82' lang='lat' dir='ltr'>Os.</span> <span class='ocrx_word' id='word_1_581' title='bbox 1817 5545 1946 5604; x_wconf 80' lang='lat' dir='ltr'>Gerloli</span> <span class='ocrx_word' id='word_1_582' title='bbox 1973 5547 2052 5622; x_wconf 73' lang='lat' dir='ltr'>epist</span> <span class='ocrx_word' id='word_1_583' title='bbox 2083 5547 2125 5604; x_wconf 84' lang='lat' dir='ltr'>ad</span> 
     </span>
     <span class='ocr_line' id='line_1_49' title="bbox 469 5652 658 5710; baseline 0.005 -2"><span class='ocrx_word' id='word_1_584' title='bbox 469 5652 580 5709; x_wconf 78' lang='lat' dir='ltr'>cardia.</span> <span class='ocrx_word' id='word_1_585' title='bbox 605 5655 623 5709; x_wconf 93' lang='lat' dir='ltr'>l.</span> <span class='ocrx_word' id='word_1_586' title='bbox 640 5655 658 5710; x_wconf 94' lang='lat' dir='ltr'>l.</span> 
     </span>
    </p>
   </div>
   <div class='ocr_carea' id='block_1_6' title="bbox 0 0 2222 6404">
    <p class='ocr_par' dir='ltr' id='par_1_9' title="bbox 0 0 2222 6404">
     <span class='ocr_line' id='line_1_50' title="bbox 0 0 2222 6404; baseline 0 0"><span class='ocrx_word' id='word_1_587' title='bbox 0 0 2222 6404; x_wconf 95' lang='lat' dir='ltr'> </span> 
     </span>
    </p>
   </div>
  </div>
 </body>
</html>
