4410 6406
439 385 503 449 340
730 391 911 449 GERHOHI
935 390 1167 447 PRAEPOSITI
1190 389 1603 448 REICHERSBERGENSIS
1627 389 1795 445 LIBELLI.

438 606 496 668 que
522 583 665 648 dubitant
687 596 803 646 terrum
827 583 861 644 in
877 582 1025 644 uniuersa
1049 594 1153 644 tarra:
1176 579 1248 644 Pax
1272 581 1358 644 uobis
1381 579 1616 666 multiplicetur.
1655 577 1757 664 Siqua
1781 592 1810 642 ct
1831 577 1998 642 mirabilia
2014 580 2092 664 fecit

438 689 528 775 opud
549 713 597 754 nte
620 687 709 752 Dens
732 687 879 752 excelsus
926 685 1055 751 Placuit
1083 709 1155 773 arpo
1184 687 1268 750 mihi
1285 687 1460 772 predicare
1489 689 1582 774 scyno
1612 688 1691 766 cius,
1722 686 1800 770 qaia
1830 708 1947 772 muqno
1969 698 2049 763 aunt,
2070 700 2095 749 ct

438 795 605 860 mirabilia
629 797 706 874 cista,
735 795 813 880 quia
828 794 938 881 fortia
962 807 990 857 et
1012 816 1141 882 requam
1164 795 1232 857 eius
1254 817 1384 881 repnuun
1406 795 1629 880 sempeternum
1652 807 1681 856 et
1695 805 1838 878 potestas
1861 794 1931 855 eius
1954 793 1989 854 in
2010 815 2094 879 qena-

439 903 591 966 ron‘oncm
615 902 902 988 sepaparationem.
951 897 1017 980 Sic,
1040 908 1076 962 ut
1100 897 1254 981 diximus,
1285 908 1351 964 tres
1379 900 1473 987 pueri
1497 921 1571 964 cum
1595 898 1684 963 socio
1707 899 1854 984 ipsorum
1877 895 2021 961 Daniele
2045 919 2097 960 cor

438 1007 525 1092 regis
553 1004 692 1070 bestiale
723 1007 757 1070 in
784 1005 960 1069 humanum
991 1014 1210 1091 permutatum
1240 1003 1283 1070 ad
1307 1006 1526 1092 cognitionem
1558 1015 1590 1070 et
1620 1005 1858 1070 confessionem
1889 1001 2124 1068 adduxerunts

437 1113 533 1177 unius
558 1122 590 1176 et
613 1112 711 1176 solius
734 1112 806 1176 veri
828 1111 903 1175 Dei.
951 1110 1107 1176 Similiter
1136 1121 1170 1175 et
1199 1121 1385 1176 sanctorum
1412 1113 1580 1176 martirum
1611 1113 1705 1198 qussi
1734 1111 1832 1175 trium
1856 1132 2037 1197 puerorum
2060 1131 2101 1173 ex

438 1241 502 1284 uno
527 1241 583 1284 ore
607 1229 753 1283 sanctam
776 1218 969 1283 Trinitatem
994 1217 1216 1282 confitentium
1246 1219 1492 1304 perseverantia
1522 1217 1565 1282 ad
1595 1217 1658 1282 hoc
1680 1218 1829 1304 proiecit,
1855 1227 1890 1281 ut
1914 1214 2026 1280 bestia
2048 1215 2103 1280 illa

303 1349 361 1388 nen.
371 1349 419 1398 nt.
438 1324 592 1390 terribilis
609 1324 788 1390 secundum
803 1326 962 1389 visionem
979 1323 1129 1388 Danielis
1153 1323 1267 1389 dentes
1290 1325 1414 1389 ferreos
1429 1324 1555 1389 habens
1579 1322 1753 1389 comedens
1769 1333 1802 1388 et
1817 1323 2049 1388 comminuens
2066 1345 2103 1386 ac

439 1432 566 1518 reliqua
576 1429 716 1518 pedibus
729 1431 796 1496 suis
809 1430 1014 1512 conculcans,
1027 1431 1209 1496 Romanum
1215 1429 1372 1496 videlicet
1383 1431 1566 1518 imperium,
1575 1429 1712 1496 bestiale
1725 1453 1763 1494 ac
1776 1427 1923 1494 terribile
1936 1428 2105 1492 humana*

440 1561 474 1602 se
497 1548 605 1603 mente
632 1537 774 1602 induerit
797 1549 829 1602 et
852 1538 1030 1602 Dominum
1053 1537 1232 1602 maiestatis
1256 1561 1437 1624 agnoscens
1460 1560 1541 1602 vera
1571 1560 1606 1602 se
1629 1537 1676 1602 illi
1700 1537 1880 1602 humilitate
1905 1534 2146 1600 subdideritis

367 1738 419 1792 (ιι).
562 1719 614 1780 31.
651 1714 852 1781 Cessacio
875 1716 1200 1802 persecucionis
1224 1739 1297 1804 per
1319 1717 1523 1782 Romanos
1546 1716 1765 1802 principes
1789 1724 1829 1779 et
1852 1736 1979 1800 reges

439 1821 713 1887 Babilonicos
744 1823 927 1909 itemque
957 1822 1132 1887 meliora
1162 1822 1336 1888 decreta
1365 1822 1461 1888 hinc
1492 1822 1589 1887 inde
1620 1832 1780 1887 statuta
1808 1821 2106 1886 conferuntur.

291 1969 419 2020 emuna
547 1945 645 2028 Quod
674 1969 752 2012 vero
783 1946 914 2012 decreto
946 1948 1071 2030 statuit,
1102 1959 1138 2012 ut
1168 1949 1195 2011 si
1226 1949 1298 2034 quis
1333 1947 1520 2035 loqueretur
1553 1944 1812 2033 blasphemiamb
1843 1956 1961 2011 eontra
1992 1946 2108 2010 Deum

440 2052 587 2136 Sidrach,
604 2053 730 2118 Misach
748 2064 781 2118 et
795 2052 977 2140 Abdenago
1002 2053 1175 2140 disperiret
1198 2064 1230 2118 et
1253 2054 1368 2119 domus
1392 2055 1462 2118 eius
1477 2063 1671 2136 vastaretur,
1695 2063 1793 2139 typus
1817 2054 1926 2117 extitit
1950 2075 2014 2140 per
2038 2052 2107 2116 iam

439 2158 543 2226 dictos
562 2161 725 2224 Romanos
748 2161 961 2246 imperatores
985 2160 1121 2225 meliora
1143 2159 1306 2247 prioribus
1330 2183 1389 2248 pro
1414 2160 1554 2225 eeclesia
1570 2160 1636 2224 Dei
1659 2159 1792 2224 decreta
1816 2183 1888 2224 esse
1911 2159 2106 2224 statuenda.
2126 2180 2149 2218 ιι

439 2265 506 2332 Sed
529 2267 625 2332 huius
648 2267 696 2331 rei
726 2267 761 2330 in
784 2266 1058 2354 subsequentibus
1081 2268 1192 2354 regnis
1217 2265 1404 2354 stragibus
1428 2269 1515 2354 tipus
1539 2267 1658 2332 clarior
1681 2266 1799 2350 efidsit,
1829 2266 1986 2330 nimirum
2012 2265 2106 2354 Cyro

439 2383 471 2437 et
493 2374 596 2438 Dario
620 2384 717 2459 atque
741 2373 920 2438 Artaxerse
944 2374 1119 2438 Persarum
1144 2385 1176 2438 et
1199 2374 1369 2440 Medorum
1400 2373 1533 2460 regibus
1563 2374 1786 2460 captivitatem
1814 2372 2048 2438 relaxantibus
2074 2383 2107 2437 et

260 2502 418 2554 unusqu.
437 2502 518 2544 vasa
529 2480 644 2544 domus
657 2480 791 2544 Domini
807 2479 1050 2546 restituentibus
1066 2479 1246 2568 domusque
1262 2481 1345 2568 ipsa,
1361 2490 1398 2545 ut
1412 2480 1666 2564 reedificaretur,
1683 2478 1953 2562 concedentibus,
1978 2481 2014 2544 in
2033 2481 2106 2546 eius

439 2586 679 2652 edificationem
710 2597 856 2672 sumptus
886 2585 1109 2673 prebentibus.
1156 2587 1230 2652 Hoc
1261 2588 1347 2652 enim
1377 2587 1525 2674 preclare
1556 2587 1641 2652 illius
1671 2589 1719 2651 rei
1749 2598 1846 2674 typus
1877 2588 2002 2670 extitit,
2039 2610 2105 2674 que

438 2691 643 2779 postmodum
666 2693 700 2757 in
715 2694 862 2758 Romano
886 2693 1023 2780 imperio
1046 2716 1107 2780 per
1129 2695 1219 2781 pium
1241 2695 1425 2781 principem
1441 2692 1692 2760 Constantinum
1707 2692 1870 2781 completa
1885 2705 1946 2777 est,
1965 2694 2105 2780 quando
2123 2715 2150 2754 n

437 2799 508 2886 ipso
532 2798 686 2864 videlicet
709 2801 774 2864 iam
798 2800 885 2865 dicto
909 2801 1057 2887 principe
1088 2800 1185 2866 fidem
1217 2799 1394 2866 accedente
1424 2800 1508 2865 male
1539 2823 1599 2887 per
1622 2822 1697 2864 eum
1719 2799 1810 2886 leges
1834 2799 1943 2865 ablate
1968 2823 2009 2866 ae
2035 2825 2104 2867 me-

437 2904 534 2970 liores
565 2928 623 2992 pro
654 2906 793 2972 ecclesie
824 2907 984 2972 catholice
1014 2929 1097 2993 pace
1121 2929 1161 2972 ae
1183 2909 1395 2994 provectione
1420 2908 1593 2973 constitute
1617 2919 1702 2990 sunt,
1733 2909 1817 2972 sicut
1847 2908 2006 2994 seriptum
2035 2919 2102 2974 est:

309 3038 418 3088 rasae
443 3013 556 3079 Tollite
572 2997 687 3101 portos
697 3017 865 3101 principes
888 3029 1007 3080 uestras
1030 3029 1059 3080 et
1080 3016 1252 3080 elevemini
1265 3030 1359 3102 porta
1383 3016 1534 3080 cannales
1557 3029 1585 3080 et
1607 3017 1751 3080 introibit
1773 3040 1831 3080 rac
1849 3017 1963 3103 pluria
2003 3016 2103 3080 Prin-

438 3119 548 3205 cipum
569 3141 710 3207 namque
734 3131 827 3207 porte
851 3118 1028 3185 auferende
1052 3120 1137 3186 male
1162 3123 1306 3207 ipsorum
1329 3120 1419 3206 leges
1442 3120 1575 3185 fuerunt
1591 3131 1705 3185 contra
1729 3120 1902 3186 eeclesiam
1917 3120 2102 3208 aliquando

438 3226 536 3290 etiam
566 3227 599 3290 in
623 3227 707 3291 ereis
731 3225 849 3291 tabulis
873 3228 1049 3314 proposita.
1095 3228 1192 3292 Porte
1216 3249 1294 3291 vero
1319 3227 1479 3292 eternales
1503 3225 1589 3292 bone
1617 3250 1675 3314 pro
1700 3227 1841 3292 ecclesia
1862 3226 1955 3314 leges
1979 3230 2101 3294 extite-
2120 3250 2147 3290 aa

438 3343 522 3414 runt,
546 3355 609 3419 que
632 3342 709 3398 tunc
733 3332 881 3398 elevatae
905 3343 989 3416 sunt,
1014 3333 1155 3420 quando,
1180 3335 1264 3398 sicut
1286 3335 1352 3399 iam
1369 3332 1492 3399 dictum
1512 3345 1570 3416 est,
1595 3335 1667 3420 pius
1691 3335 1844 3420 princeps
1861 3333 2101 3401 Constantinus

437 3461 565 3504 necnon
595 3449 628 3504 et
657 3439 712 3504 alii
743 3450 818 3526 post
840 3462 914 3504 eum
938 3441 1150 3526 imperatores
1174 3442 1313 3527 optimas
1344 3463 1402 3527 pro
1433 3440 1576 3506 ecclesia
1599 3440 1664 3505 Dei
1694 3439 1784 3527 leges
1815 3452 2009 3506 statuerunt.
2061 3443 2099 3506 In

341 3569 419 3620 qaas.
438 3555 563 3609 tantum
592 3567 733 3633 namque
763 3547 828 3610 iam
853 3545 959 3611 dictus
990 3549 1142 3632 princeps
1171 3546 1331 3612 ecclesiae
1354 3548 1420 3612 Dei
1443 3549 1529 3635 paci,
1560 3549 1763 3633 provectioni
1793 3569 1832 3612 ac
1858 3547 2100 3614 “sublimationi

315 3678 362 3718 Ion.
372 3678 419 3727 aa.
438 3651 586 3734 intendit,
610 3662 646 3717 ut
669 3653 753 3718 sicut
776 3653 932 3740 scriptum
956 3663 1006 3718 est
1029 3653 1069 3718 de
1094 3675 1171 3740 rege
1187 3653 1317 3736 Ninive,
1342 3653 1431 3740 quod
1455 3653 1567 3719 audita
1589 3653 1682 3718 verbi
1699 3654 1763 3718 Dei
1787 3653 2013 3742 predicatione
2039 3678 2100 3742 per

438 3758 630 3844 prophetam
645 3758 758 3824 Ionam
775 3761 953 3824 surrexerit
976 3759 1016 3824 de
1041 3759 1120 3824 solio
1145 3783 1203 3824 suo
1228 3771 1260 3825 et
1282 3759 1414 3825 indutus
1438 3762 1480 3824 sit
1503 3782 1616 3825 saeco:
1641 3762 1687 3826 ita
1711 3772 1744 3825 et
1766 3762 1827 3825 iste
1843 3761 2097 3848 princepsCon-
2116 3785 2144 3824 so

439 3865 607 3947 stantinus,
638 3866 731 3930 cuius
760 3867 917 3932 memoria
945 3867 980 3930 in
1010 3865 1239 3931 benedictione
1271 3877 1329 3949 est,
1360 3867 1478 3953 prioris
1508 3867 1691 3952 ignorantie
1722 3867 1947 3954 penitudinem
1976 3892 2097 3954 gerens

438 3971 545 4036 locum
572 3971 644 4035 solii
674 3973 734 4053 sui,
764 3971 878 4036 urbem
908 3971 1064 4037 videlicet
1086 3973 1233 4054 Romam,
1264 3974 1405 4060 principi
1434 3973 1652 4060 apostolorum
1683 3974 1818 4060 eiusque
1850 3975 2095 4042 suecessoribus

438 4077 592 4142 Romarris
625 4077 833 4164 pontificibus
864 4080 1062 4144 concesserit
1092 4101 1130 4144 ae
1161 4080 1247 4144 intra
1275 4079 1433 4166 palatium
1462 4078 1695 4162 Lateranense,
1726 4079 1815 4166 quod
1845 4091 1916 4145 erat
1945 4081 2095 4148 omnibus

438 4183 567 4270 palatiis
591 4183 771 4267 sublimius,
795 4185 968 4250 ecclesiam
995 4187 1029 4249 in
1052 4185 1174 4249 honore
1198 4185 1369 4250 salvatoris
1393 4184 1516 4250 domini
1539 4187 1640 4250 nostri
1662 4185 1739 4251 Iesu
1763 4184 1884 4252 Christi
1909 4191 2095 4254 consecrari

437 4289 562 4373 fecerit,
585 4291 656 4377 ipse
676 4290 738 4355 sibi
762 4290 873 4356 sedem
896 4293 1024 4378 imperii
1048 4293 1082 4355 in
1105 4291 1253 4378 partibus
1271 4293 1424 4376 Orientis,
1449 4293 1569 4379 optimo
1593 4291 1749 4357 videlicet
1771 4303 1857 4359 terre
1874 4294 1952 4376 solo,
1977 4295 2094 4360 Bizan—
2114 4317 2140 4358 ss

438 4397 518 4460 tium
535 4419 739 4481 consecrans,
763 4399 916 4462 nimirum
933 4421 1053 4485 equum
1069 4420 1140 4463 esse
1157 4421 1222 4463 non
1238 4397 1411 4482 arbitrans,
1428 4409 1464 4462 ut
1479 4399 1698 4485 principatum
1722 4399 1896 4465 sacerdotii
1919 4402 1954 4465 in
1970 4403 2094 4468 meane

438 4502 528 4566 Petri
551 4503 727 4590 sedemque
750 4504 952 4591 imperialem
975 4506 1071 4570 unius
1096 4506 1237 4570 civitatis
1261 4503 1403 4570 ambitus
1428 4505 1637 4571 concluderet
1648 4510 1668 4570 ¹.
1715 4506 1759 4571 Et
1781 4508 1827 4571 ita
1850 4509 1972 4573 veritas
1996 4531 2094 4574 novo·
2125 4545 2127 4548 ·

438 4631 510 4672 rum
533 4631 608 4674 cum
630 4621 708 4696 typo
737 4612 937 4697 antiquitatis
962 4613 1121 4697 congruit,
1145 4623 1182 4676 ut
1205 4613 1433 4676 concessiones
1463 4613 1517 4699 pie
1548 4634 1608 4699 per
1631 4610 1882 4678 Constantinum
1911 4616 2093 4702 principem

439 4713 586 4779 ecclesiis
610 4715 675 4780 Dei
705 4716 791 4781 facte
822 4716 1086 4782 concessionibus
1114 4717 1155 4782 de
1179 4717 1422 4783 reedificatione
1452 4718 1564 4804 templi
1595 4741 1654 4806 per
1677 4717 1811 4806 Cyrum,
1835 4719 2039 4786 Artaxersen
2063 4733 2094 4785 et

438 4821 577 4886 Darium
599 4823 694 4887 factis
718 4825 951 4889 concinnanter
973 4824 1202 4910 respondeant.
2112 4851 2141 4889 so

367 5007 418 5062 (a).
473 4983 525 5046 32.
561 4981 906 5069 Impedimentum
930 4975 1277 5049 reedificationis
1301 4984 1448 5072 templi
1472 4995 1510 5050 et
1533 4985 1818 5051 hereticorum
1841 4986 2058 5052 molimina

1121 5091 1406 5156 conferuntur.

546 5211 632 5278 Sane
656 5215 744 5300 quod
767 5216 956 5301 captivitate
979 5238 1039 5302 per
1055 5214 1167 5280 Cirum
1189 5215 1339 5280 relaxata
1361 5217 1515 5303 vasisque
1540 5217 1661 5280 sanctis
1685 5215 1726 5281 de
1749 5215 1923 5281 Babilonia
1947 5218 1982 5281 in
2004 5217 2093 5282 Ieru-

439 5317 540 5382 salem
556 5321 707 5403 revectis,
731 5320 950 5386 fundamentis
967 5344 1096 5408 quoque
1111 5321 1225 5416 templi
1243 5323 1337 5386 iactis
1362 5345 1443 5409 opus
1467 5322 1660 5409 impeditum
1683 5333 1732 5386 est
1755 5345 1815 5410 per
1836 5324 2014 5410 principes,
2039 5325 2093 5411 qui

296 5415 418 5510 Lfflfl
439 5435 531 5489 erant
542 5436 631 5490 trans
643 5425 764 5492 flumen
780 5429 813 5491 in
825 5427 1013 5514 regionibus
1026 5428 1185 5512 Samarie,
1206 5450 1344 5515 quorum
1356 5431 1489 5494 nomina
1506 5439 1581 5494 sunt
1595 5429 1673 5494 hec:
1691 5429 1806 5514 Reum,
1819 5430 1911 5512 Beel,
1924 5429 2093 5496 Thaeman
2110 5453 2139 5494 rs

545 5587 572 5652 a)
593 5591 711 5642 humane
729 5609 750 5642 c.
824 5587 851 5653 b)
873 5591 1033 5658 blasphenia
1050 5609 1071 5642 c.

549 5734 577 5806 1)
604 5734 785 5794 Constitutus
810 5734 990 5794 Constantini
1012 5738 1055 5794 ed.
1080 5738 1201 5796 Zeuntcr
1223 5734 1242 5812 ᾖ
1262 5738 1311 5795 15.
1332 5738 1381 5795 16.
