4426 6398
544 5715 571 5778 a)
592 5720 690 5769 addidi.

1015 364 1159 418 SATIRA
1181 365 1220 418 lu
1246 362 1485 420 METTENSES.

682 567 715 615 35
744 550 782 613 In
806 549 950 614 bonitate
974 561 1094 632 manet,
1119 551 1196 636 quia
1219 549 1358 636 despicit
1381 551 1591 636 impietatem,

744 657 786 720 Et
809 679 875 721 non
898 656 967 720 vult
989 679 1127 743 peccare
1152 656 1256 721 bonus
1280 667 1413 742 propter
1436 655 1640 742 probitatem.

744 763 787 827 Et
810 764 963 849 qudniam
987 763 1101 828 stultus
1124 764 1203 828 facit
1226 764 1287 828 hoe
1311 762 1399 849 quod
1421 773 1515 848 turpe
1539 761 1676 844 videtur,

745 868 827 934 Cum
851 869 999 956 reprobis
1024 870 1056 934 in
1080 881 1271 958 perpetuum
1296 869 1522 956 dampnandus
1546 866 1693 933 hebetur.

745 977 788 1039 Et
812 977 888 1062 quia
912 976 1071 1041 discretus
1096 976 1158 1041 sibi
1181 975 1332 1064 providet
1355 987 1387 1040 et
1410 975 1606 1056 moderatur,

684 1099 718 1146 40
745 1081 874 1146 Idcirco
899 1082 1004 1148 bonus
1028 1094 1060 1147 et
1082 1082 1204 1169 probus
1228 1095 1260 1146 et
1284 1084 1414 1169 sapiens
1438 1093 1615 1169 reputatur.

746 1189 798 1253 Tu
819 1211 898 1254 vero
922 1211 1050 1276 pravos,
1075 1188 1241 1254 discordes
1265 1212 1394 1275 semper
1417 1189 1542 1268 amasti,

746 1295 904 1361 Latrones
929 1305 961 1360 et
984 1307 1129 1382 raptores
1153 1295 1213 1360 tibi
1237 1297 1441 1361 consociasti.

746 1402 882 1466 Potores
906 1413 938 1466 et
961 1403 1097 1467 fartores
1121 1402 1181 1467 tibi
1205 1403 1425 1484 consiliantur,

721 1519 722 1522 ’
747 1507 926 1573 Camitiees
950 1507 1010 1573 tibi
1034 1532 1108 1573 cum
1131 1508 1311 1575 latronibus
1335 1508 1542 1590 auxiliantur,

686 1631 719 1679 45
749 1614 892 1680 Consilio
917 1638 1053 1702 quorum
1079 1617 1249 1680 sevissima
1272 1616 1359 1682 bella
1381 1617 1531 1704 parastis,
1609 1639 1615 1646 ·

748 1721 879 1787 Auxilio
904 1745 1041 1809 quorum
1065 1734 1199 1787 cunctos
1223 1747 1377 1810 superare
1401 1723 1548 1810 putastis.

747 1830 803 1893 Hii
828 1851 901 1894 cum
925 1829 1062 1894 cultellis
1088 1841 1218 1894 current
1240 1831 1274 1894 in
1297 1841 1442 1917 tempore
1465 1851 1568 1914 werre

748 1937 791 2000 Et
815 1937 890 2000 solis
914 1935 1024 2000 verbis
1047 1936 1093 2000 hii
1117 1935 1294 2001 defendent
1316 1936 1403 2001 bona
1426 1947 1521 2022 terre.

749 2043 814 2122 Qui
839 2066 911 2107 cum
937 2041 1154 2124 discumbunt,
1179 2065 1238 2108 sua
1260 2043 1363 2129 prebe
1386 2043 1482 2107 fortia
1506 2041 1628 2122 dicunt,

687 2165 720 2216 50
748 2150 941 2237 Depravant
965 2151 1065 2214 iustos
1091 2147 1166 2238 [π’]
1193 2151 1330 2214 sensatis
1353 2149 1562 2229 maledicunt,

748 2255 803 2321 Ad
826 2255 913 2345 celos
937 2279 996 2320 sua
1019 2256 1106 2320 faeta
1129 2256 1248 2337 levant,
1273 2254 1380 2320 aliena
1403 2265 1560 2337 tacentur,

748 2362 918 2428 Extollunt
941 2385 1000 2426 sua
1023 2363 1111 2426 facta
1133 2363 1239 2444 nimis,
1264 2363 1340 2426 dum
1364 2363 1442 2426 vina
1465 2371 1625 2425 tenentur.

748 2469 828 2533 Post
851 2469 911 2533 hoc
936 2481 1105 2554 surgentes
1128 2469 1251 2533 incerto
1276 2491 1369 2533 crure
1393 2469 1550 2550 feruntur,

748 2576 791 2640 Et
814 2577 950 2640 nimium
973 2577 1041 2662 poti
1064 2577 1130 2639 iam
1154 2576 1285 2640 dissona
1308 2575 1411 2639 verba
1434 2575 1618 2660 loquuntur.

687 2699 720 2748 55
749 2683 837 2768 Ergo
862 2681 983 2746 decens
1007 2705 1072 2747 non
1095 2693 1145 2746 est
1167 2681 1249 2746 tales
1273 2681 1335 2746 sibi
1359 2683 1493 2768 iungere
1517 2680 1612 2762 lixas,

749 2789 898 2875 Namque
921 2789 1074 2852 movente
1098 2787 1211 2853 turbas
1236 2799 1267 2852 et
1291 2799 1401 2852 amant
1424 2789 1622 2873 coniungere
1646 2787 1745 2850 rixae.

751 2894 957 2960 Conveniens
981 2917 1047 2960 non
1071 2906 1120 2959 est
1144 2894 1214 2959 illos
1239 2893 1302 2958 sibi
1325 2896 1514 2959 consociare

750 3001 938 3084 Camifices,
963 3001 1017 3066 vel
1041 3003 1087 3066 eis
1112 3000 1305 3066 abscondita
1327 3002 1535 3088 participare.

713 3097 715 3102 ⁵
749 3107 898 3195 Namque
921 3107 1003 3172 nihil
1026 3108 1142 3191 celant,
1168 3130 1231 3196 que
1255 3117 1329 3172 sunt
1353 3106 1490 3172 celanda
1512 3105 1669 3185 revelant,

688 3231 721 3280 50
750 3215 793 3278 Et
816 3214 903 3300 quod
927 3212 1085 3278 deberent
1110 3215 1143 3278 in
1167 3225 1316 3300 apertum
1340 3213 1448 3278 dicere
1474 3213 1589 3278 celant.

751 3318 910 3384 Canoniei
933 3343 1021 3403 vero,
1046 3318 1164 3406 quibus
1189 3319 1322 3406 expedit
1347 3343 1419 3385 esse
1443 3321 1578 3406 priores,

750 3427 794 3491 Et
817 3428 942 3490 cunctis
966 3426 1038 3490 aliis
1062 3449 1143 3513 quos
1167 3448 1239 3491 esse
1264 3426 1359 3491 decet
1382 3427 1541 3509 meliores,

751 3533 808 3596 Hii
833 3534 958 3597 eunetis
983 3533 1054 3598 aliis
1079 3533 1214 3599 multum
1238 3543 1313 3596 sunt
1336 3533 1523 3616 deteriores,

751 3640 795 3704 Et
817 3639 952 3704 multum
976 3638 1058 3703 viles
1082 3651 1115 3704 et
1138 3649 1212 3704 sunt
1235 3639 1307 3704 aliis
1330 3641 1514 3727 nequiores.

691 3765 724 3812 55
753 3747 879 3810 Horum
903 3745 1060 3811 deberent
1082 3747 1162 3812 alios
1186 3747 1337 3833 exempla
1360 3748 1483 3828 fovere,

753 3853 980 3939 Coneivesque
1005 3876 1079 3918 suos
1103 3855 1137 3918 in
1160 3854 1290 3918 iusticia
1312 3855 1462 3936 retinere,

752 3959 923 4024 Deberent
945 3961 1150 4046 symoniacos
1174 3983 1193 4023 a
1217 3983 1251 4024 se
1275 3982 1454 4043 removere,

753 4065 923 4131 Deberent
946 4067 1045 4130 etiam
1068 4065 1158 4152 leges
1181 4089 1362 4154 pacemque
1386 4077 1515 4150 tenere3

753 4172 939 4260 Scripturas
963 4195 1073 4238 sacras
1096 4174 1131 4236 in
1153 4183 1283 4258 promtu
1307 4195 1436 4260 semper
1458 4172 1590 4253 habere,

692 4297 725 4346 to
753 4280 863 4367 thue
888 4279 984 4344 decet
1007 4291 1137 4344 sanctos
1160 4280 1196 4343 in
1218 4279 1425 4366 simplicitate
1448 4302 1591 4344 manere.

753 4387 924 4452 Deberent
947 4409 1088 4451 canones
1111 4387 1310 4472 investigare
1333 4384 1482 4471 legende,

753 4493 843 4575 Quid
865 4493 928 4558 sibi
953 4493 1126 4557 conveniat
1148 4492 1201 4556 vel
1225 4492 1304 4578 quid
1328 4515 1402 4575 non,
1428 4492 1650 4557 discuciendo.

754 4598 924 4664 Deberent
948 4623 967 4664 a
990 4621 1025 4663 se
1049 4599 1131 4664 lueri
1154 4621 1322 4663 removere
1346 4621 1506 4685 saporem,

753 4705 837 4770 Nam
861 4707 1058 4792 quicumque
1082 4706 1176 4792 sapit,
1201 4704 1282 4769 lueri
1307 4706 1507 4792 contempnit
1530 4728 1682 4770 amorem.

693 4828 725 4875 75
754 4813 812 4876 Hii
835 4812 1000 4875 matutinis
1025 4810 1183 4876 deberent
1205 4822 1300 4876 nocte
1323 4834 1453 4894 vacare,

755 4918 870 4982 Ymnis
895 4929 926 4982 et
950 4917 1082 5004 psalmis
1107 4916 1169 4982 sibi
1194 4916 1296 5006 celica
1318 4940 1422 5004 regna
1445 4939 1572 5004 parare,

755 5024 801 5089 Ut
825 5047 898 5088 cum
921 5022 1088 5110 psalmista
1111 5024 1224 5088 David
1247 5035 1378 5089 cantare
1401 5024 1565 5089 valerent:

756 5129 875 5194 ‘Credo
898 5129 1012 5194 videre
1035 5129 1165 5213 Deum',
1189 5153 1249 5217 per
1272 5154 1368 5217 quem
1393 5133 1462 5195 sine
1485 5131 1550 5196 fine
1574 5140 1754 5211 manerent,

756 5237 799 5300 Et
823 5237 976 5323 quoniam
1000 5235 1299 5302 tbeshaurizavistis
1323 5237 1408 5301 mala
1431 5236 1536 5320 vobis,

694 5359 728 5406 80
757 5341 935 5407 Consilium
960 5340 1119 5426 dabimus,
1144 5344 1171 5406 si
1194 5343 1292 5407 vultis
1316 5343 1450 5407 credere
1473 5341 1579 5408 nobis.

758 5447 938 5514 Consilium
960 5460 1106 5514 nostrum
1130 5472 1244 5514 sanum
1267 5473 1308 5513 ne
1333 5449 1531 5535 despiciatis,

758 5555 825 5621 Sed
849 5555 935 5642 quod
960 5553 1211 5639 consiliabimur,
1236 5555 1278 5619 ad
1301 5578 1436 5643 presens
1460 5555 1597 5620 faciatis.

764 5718 791 5783 b)
811 5726 924 5772 monent
942 5737 962 5769 c.
