4418 6412
547 309 882 414 'COMMENTARIUS
906 357 947 414 lu
969 357 1147 414 PSALMOS
1171 358 1296 414 XXIIII.
1322 358 1416 414 XXV.
1749 351 1811 414 421

161 545 298 610 liberius
321 546 506 610 uoluntatem
529 570 619 610 suum
635 546 756 633 faciat,
780 547 926 633 quesere
944 546 1051 610 nullm
1067 548 1191 632 estqui
1211 547 1244 610 ei
1264 546 1466 611 contradicat.
1514 544 1601 610 Inter
1623 545 1680 610 boc
1702 559 1814 626 autem,

162 652 243 716 bons
251 653 372 740 frater,
397 652 477 738 quid
498 654 559 717 tibi
578 652 733 740 agendum
755 654 798 717 sit
820 677 881 716 uon
904 655 1030 740 ignorat
1051 668 1104 718 tua
1128 653 1320 740 religiositas
1343 677 1363 716 a
1387 653 1552 717 cunabulis
1574 655 1677 718 sacrm
1701 653 1814 718 littoris

163 759 300 824 erudito.
347 758 417 847 Epo
446 773 547 824 autem
577 759 634 824 boc
663 760 747 824 milii
773 759 864 824 uideo
880 760 1084 847 faciendum,
1112 773 1141 824 et
1163 762 1282 824 uanam
1298 759 1451 846 faecium!
1478 774 1506 824 et
1528 759 1584 823 boc
1607 761 1668 824 tibi
1689 759 1814 824 comato

163 879 314 951 tanquam
338 867 508 930 barusimo
525 866 644 953 fratri,
669 880 702 930 ut
722 868 970 932 abominationes
992 891 1072 952 quae
1079 868 1167 956 fiunt
1180 865 1317 930 Domini
1329 866 1489 930 adiutorio
1507 867 1646 947 uitemm,
1670 879 1699 930 ot
1719 890 1815 952 super

130 972 217 1037 ubis
240 975 298 1058 qui
310 972 446 1059 fuciunt
468 971 645 1037 doleamus:
674 987 826 1057 quotenus
855 975 906 1038 uir
935 974 989 1038 illc
1017 974 1151 1038 uatibus
1175 973 1278 1052 linec's,
1303 971 1342 1036 de
1363 995 1424 1057 quo
1449 975 1481 1036 in
1505 972 1667 1037 Ezechieic
1690 973 1814 1060 legitur,
1833 994 1954 1044 ursus.

169 1078 262 1144 I'bou
283 1103 378 1166 super
393 1080 537 1167 frontem
560 1093 698 1143 nostram
720 1081 830 1166 signet,
854 1093 883 1144 ct
903 1103 965 1144 non
989 1079 1180 1144 occidamur.

272 1183 344 1249 Hec
369 1183 409 1248 de
434 1183 628 1271 specialibus
652 1185 770 1249 nostris
786 1184 939 1266 diximus,
963 1207 1004 1249 ue
1028 1185 1147 1270 ingrati
1162 1183 1333 1249 videamur
1349 1205 1420 1248 esse
1437 1186 1596 1270 gratuitae
1621 1183 1813 1250 clementiae

163 1291 243 1372 Dei,
267 1292 331 1378 qui,
355 1292 447 1355 utin
470 1289 529 1356 lob
551 1290 679 1377 legitur,
704 1292 793 1357 dedit
811 1293 899 1380 gatto
922 1293 1160 1379 intelligentiam
1189 1289 1230 1354 ad
1258 1290 1443 1356 faciendam
1466 1290 1706 1356 distinctionem
1729 1293 1815 1358 inter
1833 1315 1954 1368 roncare.

164 1397 272 1462 lucem
295 1408 327 1462 et
349 1397 511 1463 tenebras.
557 1396 628 1462 Nisi
652 1399 738 1461 enim
763 1419 824 1483 per
847 1397 1044 1484 apostolicae
1069 1397 1156 1462 sedis
1179 1397 1348 1484 pontifices
1372 1397 1424 1462 vel
1447 1420 1507 1484 per
1530 1397 1688 1484 quosdam
1712 1398 1814 1484 gallos

113 1503 383 1590 inintelligentes
410 1503 544 1569 fuissem
567 1503 730 1586 defensus,
758 1505 824 1568 iam
848 1503 970 1569 dudum
994 1527 1014 1568 a
1037 1505 1234 1592 symoniacis
1258 1515 1291 1568 et
1313 1504 1481 1569 Nicolaitis
1506 1504 1657 1570 hereticis
1680 1505 1815 1571 firisssm

164 1611 375 1698 proscriptus.
1128 1677 1129 1682 ,

247 1773 250 1780 .
273 1717 308 1782 Si
324 1729 432 1784 autem
449 1718 642 1804 respicimus
665 1717 708 1782 ad
724 1740 859 1804 magnas
874 1717 1067 1782 Antichristi
1090 1717 1258 1800 tenebras,
1275 1719 1309 1781 in
1325 1717 1443 1804 quibus
1459 1716 1561 1782 libere
1576 1715 1699 1783 fiebant
1715 1741 1815 1805 opera

163 1822 383 1907 tenebrarum,
407 1823 624 1889 vendentibus
654 1835 687 1890 et
717 1824 898 1890 ementibus
929 1825 1172 1890 aecclesiastica
1194 1836 1227 1888 et
1249 1823 1407 1911 spiritalia
1429 1823 1490 1906 his,
1515 1822 1632 1911 quibus
1656 1835 1726 1890 erat
1747 1848 1814 1891 nox

163 1932 271 1996 amica
294 1942 326 1995 et
347 1931 405 1996 lux
421 1931 544 2014 odiosa,
568 1933 624 2018 qui
648 1933 681 1996 iu
698 1930 859 1997 cubilibus
883 1942 916 1996 et
937 1931 1137 2018 inpudicitiis
1154 1929 1353 1996 exercebant
1369 1952 1469 2017 opera
1480 1930 1674 2000 tenebrosa:
1697 1930 1813 1996 Nonne
1832 1956 1975 2006 somnam

113 2063 145 2102 rs
164 2035 345 2124 Gregorius
367 2061 455 2125 papa
470 2038 545 2103 VH.
569 2038 630 2103 fuit
645 2039 740 2125 quasi
762 2038 866 2124 gallus
889 2037 1088 2104 nocturnalis
1111 2060 1232 2102 canens
1255 2039 1290 2102 in
1304 2037 1421 2104 mediis
1439 2039 1702 2124 persecutionum
1725 2049 1813 2104 tene-

162 2143 232 2209 bris
254 2144 478 2210 interdicendo
494 2146 702 2210 investituras
717 2144 874 2210 laicorum
898 2155 931 2209 et
953 2145 1068 2210 missas
1091 2144 1374 2210 incestuosorum?
1409 2145 1488 2210 Post
1510 2144 1595 2209 hunc
1611 2167 1671 2231 per
1686 2168 1813 2210 succes-

163 2274 254 2316 sores
277 2253 347 2316 eius
370 2253 528 2317 matutina
556 2251 723 2338 gallicinia
751 2250 853 2316 multa
882 2261 957 2316 sunt
986 2263 1098 2317 secuta
1128 2251 1214 2317 diem
1237 2253 1381 2317 vicinum
1404 2251 1637 2316 annunciantis
1659 2263 1814 2339 tanquam

163 2357 292 2424 dicant:
322 2358 398 2424 Noa
414 2363 577 2447 precessit,
606 2359 696 2424 dies*
719 2374 821 2424 omem
844 2361 1133 2446 appropinquavit:
1155 2361 1331 2425 abiciamus
1354 2383 1426 2447 erpo
1450 2382 1546 2445 opero
1569 2361 1764 2424 umbrarum
1787 2374 1815 2426 ct
1832 2383 1982 2434 suranna.

163 2466 337 2532 induamur
359 2492 450 2531 arma
467 2467 555 2532 lucie.
593 2465 683 2531 Sicut
705 2469 739 2530 in
755 2466 807 2531 die
830 2466 952 2532 bouestc
974 2466 1175 2530 ambulemus.
1212 2463 1301 2545 Quid
1323 2487 1409 2530 nunc
1433 2474 1534 2530 restat
1556 2464 1813 2551 exspectandum

115 2597 144 2636 so
162 2582 197 2637 et
219 2571 471 2637 desiderandum
493 2583 567 2659 post
589 2571 775 2637 huiusmodi
797 2570 972 2658 gallicinia,
996 2572 1058 2636 uisi
1081 2582 1118 2636 ιιι
1140 2594 1251 2637 mucro
1275 2571 1408 2636 latronis
1425 2571 1593 2654 condatur,
1616 2571 1716 2657 lapsis
1732 2570 1813 2638 fides

162 2689 355 2762 revertatur,
385 2678 501 2744 lucifer
530 2680 662 2760 oriatur,
691 2677 796 2764 caligo
826 2678 893 2764 poli
923 2678 1076 2761 solvatur,
1107 2689 1207 2743 nauta
1233 2680 1320 2744 vires
1351 2677 1492 2764 colligat,
1522 2679 1613 2765 ponti
1642 2679 1814 2744 mitescant

161 2785 256 2868 freta,
281 2797 313 2850 et
335 2785 439 2850 omnis
463 2807 608 2850 errorum
631 2785 749 2850 chorus
772 2785 861 2848 viam
884 2784 1023 2850 nocendi
1047 2784 1202 2850 deserat?
1830 2771 1832 2776 ¹
1881 2797 1887 2811 ·

772 3034 830 3098 IN
846 3033 1079 3100 PSALMUM
1095 3034 1203 3099 XXV.

113 3145 142 3186 aa
271 3171 1811 3188 ............................
1831 3147 1896 3188 nau.

272 3229 428 3310 Quoniam
457 3231 679 3296 mmoricordia
708 3244 761 3295 tua
791 3245 861 3295 aute
884 3228 989 3296 oculos
1012 3255 1094 3296 meos
1117 3246 1170 3312 cst,
1195 3235 1241 3294 'et
1271 3230 1331 3294 hec
1360 3230 1465 3315 magis
1496 3227 1721 3293 desiderabilis
1752 3241 1811 3294 est.
1830 3217 1935 3312 mgb&

162 3337 395 3418 Verumtamen,
427 3337 455 3400 si
484 3358 618 3401 necesse
648 3336 759 3418 fiterit,
791 3337 888 3400 etiam
917 3358 977 3422 per
1005 3338 1116 3423 iguem
1145 3336 1361 3424 tribulationis
1392 3335 1518 3422 aliquas
1548 3335 1693 3400 maculas
1722 3357 1811 3400 meas

162 3444 342 3526 emundari,
372 3465 438 3508 non
461 3465 576 3509 recuso
601 3443 699 3506 etiam
722 3465 781 3529 per
804 3441 890 3508 hunc
913 3444 1022 3529 ignem
1045 3443 1186 3530 probari,
1212 3442 1299 3529 quod
1322 3453 1371 3506 est
1394 3465 1475 3528 opus
1498 3443 1643 3506 veritatis
1667 3451 1700 3506 et
1721 3443 1811 3507 iusti-

163 3551 244 3632 ciae,
261 3551 414 3637 quoniam
430 3548 538 3636 placet
559 3549 639 3613 mihi
662 3549 793 3632 veritas,
819 3571 881 3636 que
905 3549 975 3632 tibi,
999 3549 1101 3632 Deus,
1125 3550 1242 3636 placet.
1289 3549 1333 3614 Et
1355 3551 1534 3636 compbscui
1554 3552 1587 3614 in
1604 3552 1732 3614 cumrato
1747 3564 1809 3614 tua
1830 3573 1935 3623 rests.

114 3681 145 3720 su
163 3656 318 3738 Quandiu
340 3655 419 3720 mihi
436 3656 556 3720 veritas
579 3656 729 3720 iusticias
753 3654 927 3742 displicuit,
948 3678 1008 3742 ego
1024 3679 1153 3743 quoque
1176 3654 1236 3720 tibi
1259 3655 1420 3742 displicui.
1457 3654 1524 3722 Sed
1539 3677 1636 3742 quam
1653 3655 1716 3720 cito
1733 3655 1812 3719 mihi

161 3765 281 3828 veritas
296 3763 430 3850 placuit,
447 3785 510 3850 que
526 3762 587 3828 tibi
609 3762 726 3849 placet,
747 3785 807 3849 ego
824 3764 948 3849 pariter
963 3763 1144 3850 complacui
1168 3761 1227 3827 tibi
1244 3764 1406 3848 cumipse
1421 3764 1568 3844 veritate,
1591 3763 1626 3827 in
1643 3784 1708 3848 qua
1722 3761 1812 3826 velut

161 3871 196 3934 in
211 3870 343 3956 speculo
359 3869 527 3956 prelucida
543 3870 622 3934 mibi
638 3868 791 3956 displicui
806 3869 1005 3934 deformatus
1020 3880 1156 3956 peceato
1180 3880 1213 3933 et
1236 3868 1416 3934 mendacio.
1453 3868 1520 3934 Sed
1535 3868 1717 3955 complacui
1732 3867 1812 3932 mihi

160 3977 196 4040 in
210 3979 358 4060 veritate,
375 3977 511 4042 detersis
527 3976 662 4041 maculis
686 3976 931 4041 mendaciorum
954 3999 975 4040 a
997 3976 1081 4041 facie
1105 3977 1221 4040 mentis
1244 3998 1347 4058 meae,
1371 3998 1431 4063 per
1445 3998 1559 4040 veram
1575 3975 1811 4040 confessionem

161 4093 379 4170 peccatorum,
397 4094 430 4148 et
444 4105 556 4147 veram
579 4084 826 4147 conversionem
849 4105 869 4146 a
882 4084 1027 4148 vanitate
1051 4083 1095 4148 ad
1110 4085 1290 4148 veritatem.
1325 4083 1432 4148 Vultis
1456 4084 1550 4165 scire,
1575 4105 1671 4169 quam
1695 4082 1811 4146 bustim

116 4213 143 4254 ss
161 4191 285 4256 amicus
300 4188 473 4256 veritatis?
507 4189 551 4254 Et
566 4189 656 4277 prius
672 4188 794 4271 audite,
814 4211 912 4276 quam
927 4189 1045 4253 fuerim
1068 4190 1218 4254 inimicus
1234 4190 1397 4254 vanitatis.
1434 4187 1518 4254 Oum
1533 4190 1619 4254 enim
1635 4189 1762 4253 vanitas
1779 4198 1811 4252 et

160 4297 281 4362 veritas
303 4298 389 4361 inter
412 4318 447 4360 se
471 4297 634 4362 cantaria
658 4296 731 4377 sint,
755 4296 845 4381 prius
869 4297 1019 4381 congmit
1034 4297 1141 4361 odisse
1157 4298 1344 4379 vanitatem,
1362 4296 1480 4360 deinde
1497 4317 1606 4360 amare
1622 4297 1809 4378 veritatem

161 4426 236 4468 nam
259 4405 412 4468 vanitatis
436 4414 468 4468 et
489 4403 636 4467 veritatis
660 4424 752 4467 amor
774 4403 808 4465 in
832 4401 947 4466 eodem
970 4403 1069 4469 corde
1093 4425 1127 4467 se
1149 4425 1215 4468 non
1239 4405 1335 4490 capit.
1382 4403 1491 4490 Atque
1514 4413 1550 4467 ut
1572 4403 1739 4489 utriusque
1762 4403 1811 4465 rei

162 4508 282 4574 babeas
298 4511 526 4596 cognitionem,
542 4509 655 4595 accipe
671 4509 841 4594 utriusque
858 4507 1119 4595 descriptionem.
1143 4509 1282 4576 Vanitas
1298 4521 1356 4590 est,
1369 4507 1457 4597 quod
1472 4511 1527 4592 ita,
1540 4519 1576 4574 ut
1591 4508 1729 4592 videtur,
1746 4531 1811 4573 non

162 4627 338 4704 permanet,
355 4615 414 4682 sed
425 4616 605 4681 videntium
620 4617 755 4681 intuitus
772 4614 897 4680 deludit
911 4625 1009 4702 atque
1024 4617 1110 4680 inter
1122 4616 1231 4681 oculos
1244 4615 1423 4680 videntium
1439 4626 1472 4680 et
1483 4614 1594 4680 videre
1611 4615 1810 4702 cupientium

114 4746 144 4785 so
162 4721 266 4788 subito
291 4722 466 4788 evanescit.
502 4722 633 4788 Veritas
658 4733 715 4804 est,
741 4720 828 4809 quod
851 4723 907 4804 ita,
931 4733 967 4788 ut
990 4721 1132 4787 creditur
1155 4734 1212 4788 aut
1226 4723 1366 4806 videtur,
1390 4731 1560 4809 permanet
1582 4723 1616 4786 in
1632 4732 1809 4788 aeternum.

163 4828 228 4895 Sed
249 4831 335 4895 inter
356 4829 473 4894 multas
488 4829 649 4894 vanitates
673 4831 707 4893 in
722 4829 843 4893 mundo
869 4827 930 4893 sub
954 4828 1020 4894 sole
1043 4829 1275 4894 tumultuantes
1290 4852 1356 4894 una
1372 4840 1422 4894 est
1435 4831 1573 4912 vanitas,
1590 4851 1674 4916 quae
1691 4828 1811 4893 dicitur

150 4927 288 5001 ¹vanitas
310 4937 501 5019 vanitatum,
530 4933 728 5001 diabolicum
758 4935 885 5000 scilicet
913 4936 1129 5020 mendacium,
1154 4936 1242 5024 quod
1269 4959 1333 5001 non
1361 4937 1406 5001 ita
1430 4947 1488 5018 est,
1511 4946 1547 5002 ut
1568 4934 1707 5016 videtur,
1733 4933 1809 4999 dum

161 5042 230 5129 ipse
253 5042 411 5125 diabolus,
437 5043 493 5128 qui
515 5042 658 5107 mendax
683 5053 741 5124 est,
766 5052 799 5106 et
821 5053 916 5128 pater
939 5042 1083 5108 eiusdem
1107 5044 1279 5126 mendacii,
1303 5042 1357 5106 vel
1381 5042 1523 5128 seipsum
1550 5042 1644 5128 fingit
1671 5040 1809 5106 similem
1828 5065 1979 5115 emonam

119 5175 124 5185 ·
161 5149 326 5232 altissimo,
349 5149 403 5214 vel
427 5148 565 5214 eandem
588 5147 830 5213 similitudinem
862 5148 993 5213 divinae
1024 5149 1202 5214 altitudinis
1232 5151 1389 5237 promittit
1418 5147 1602 5214 hominibus
1632 5146 1716 5212 male
1747 5145 1809 5211 sibi

116 5277 145 5317 ss
162 5254 311 5321 credulis.
347 5256 440 5320 Licet
455 5256 542 5320 euim
565 5254 681 5340 angelo
706 5255 827 5320 dietum
851 5255 908 5319 sit:
933 5255 982 5321 Tu
1003 5260 1200 5345 signaculum
1222 5257 1447 5322 similitudinis
1462 5257 1535 5336 Dei,
1561 5266 1593 5320 et
1614 5255 1691 5320 licet
1713 5254 1808 5319 bomo
1828 5279 1950 5328 natans.

162 5363 203 5428 sit
225 5373 352 5428 creatus
376 5361 419 5427 ad
441 5363 618 5448 imaginem
644 5372 676 5426 et
699 5361 943 5427 similitudinem
958 5362 1040 5446 Dei3
1065 5375 1174 5427 tamen
1197 5363 1244 5428 sic
1267 5363 1452 5450 appetenda
1476 5373 1525 5427 est
1546 5363 1675 5449 utrique
1699 5360 1808 5425 simili·
1827 5385 1954 5435 esaan.

162 5468 238 5534 tudo
268 5470 399 5534 divinae
430 5467 594 5551 bonitatis,
623 5478 660 5532 ut
682 5477 797 5533 neuter
825 5468 888 5533 sibi
910 5467 1077 5533 vindicare
1107 5480 1274 5555 presumat
1304 5469 1547 5534 similitudinem
1577 5468 1708 5532 divium
1739 5466 1808 5532 alti-

162 5575 298 5658 tudinis,
329 5599 426 5663 quam
458 5575 534 5662 quia
564 5573 753 5661 principalis
784 5575 919 5662 angelus
942 5598 1028 5639 vana
1058 5586 1090 5640 et
1119 5575 1201 5640 falsa
1229 5575 1419 5662 gloriatione
1444 5575 1507 5640 sibi
1529 5576 1708 5662 usurpavit,
1738 5575 1809 5639 iure
1827 5599 1986 5648 crurium.

258 5739 295 5804 a)
316 5740 342 5791 d.
362 5758 386 5791 a.
406 5758 431 5792 a.
451 5757 474 5792 a.
495 5757 518 5792 e.
538 5757 563 5792 ο.
583 5747 602 5790 t.
623 5745 650 5791 st
669 5742 687 5790 i.
707 5758 731 5790 a.
752 5740 768 5790 Ι.
789 5757 809 5791 s.
830 5757 857 5790 ιι.
876 5741 894 5790 i.
915 5740 939 5790 d.
958 5739 984 5790 h.
1004 5757 1028 5792 a.
1046 5741 1114 5792 abbr.
1132 5759 1153 5792 c.
