4478 6442
627 383 803 441 HUGONIS
826 386 1000 440 METELLI
1025 385 1241 442 OPUSCULA.

431 570 497 636 Sed
520 582 555 635 tu
579 592 639 636 nec
663 581 787 635 rectum
811 573 958 658 sequeris
981 594 1042 636 nec
1066 573 1158 657 regia
1181 581 1316 652 tanturn,

430 676 597 742 Affeetaa¹
622 677 771 742 caelum·
795 680 948 765 quoniam
973 677 1012 742 de
1036 701 1125 742 more
1149 679 1391 764 gygantum-⁶².

430 784 575 850 Affectus
599 784 759 867 caelum⁸,
784 808 857 848 cum
881 783 1080 872 pontificalia
1103 794 1234 866 tractas,

370 906 402 955 10
432 889 579 977 Cumque
602 891 701 956 licere
725 891 784 956 tibi
809 891 887 956 dare
911 891 1110 977 pontificalia
1134 891 1285 955 iactas0’.

879 1053 974 1116 Rex.

431 1158 536 1244 ‘Papa
559 1159 655 1240 fores,
680 1161 708 1222 si
731 1170 767 1223 tu
789 1181 929 1246 paperes
953 1181 1041 1222 more
1065 1160 1218 1246 priorum,

429 1265 703 1331 Predecessorum
728 1265 883 1330 sectando
908 1265 994 1329 facta
1017 1277 1155 1330 tuorum.

430 1371 684 1436 Predeecssores
708 1373 830 1436 Romae
854 1372 944 1458 leges
969 1382 1160 1453 statuerunt,

431 1478 539 1564 thue
564 1477 679 1542 darent
703 1479 912 1542 investituras
936 1480 1166 1543 sustinuerunt.

369 1597 402 1648 15
428 1571 537 1648 ¹Annis
561 1585 707 1649 centenis
731 1585 818 1649 istud
841 1608 935 1670 reges
960 1596 1142 1666 tenuerunt,

429 1689 565 1777 Absque
590 1690 732 1777 querela,
757 1714 822 1755 non
845 1693 889 1772 vi,
913 1691 1082 1778 pontifices
1107 1701 1292 1778 posuerunt.

430 1797 497 1862 Sed
521 1798 598 1884 quia
620 1797 678 1861 tud
701 1797 869 1884 dampnas,
895 1797 981 1884 quod
1006 1799 1110 1862 sancti
1135 1799 1380 1872 constituerunt,

429 1904 491 1968 Vel
515 1915 549 1968 tu
572 1904 626 1969 vel
650 1906 754 1969 sancti
777 1916 885 1991 patres
910 1928 1007 1968 sensu
1031 1905 1249 1995 caruerunt'„

869 2065 991 2150 Papa

363 2175 372 2190 ’
430 2171 517 2234 ‘Non
542 2193 639 2235 careo
663 2193 769 2252 sensu,
794 2171 853 2236 sed
876 2193 937 2235 nec
962 2193 1095 2260 caruere
1119 2172 1253 2258 priores,

367 2292 401 2340 20
429 2277 579 2363 Namque
602 2277 693 2342 fuere
718 2279 796 2341 satis
821 2277 914 2342 nobis
939 2277 984 2342 illi
1008 2278 1167 2342 meliores.

430 2384 503 2448 Non
527 2406 623 2448 careo
647 2407 754 2466 sensu,
779 2387 933 2471 quoniam
957 2383 1097 2470 reprobo
1121 2383 1336 2470 reprobanda,

428 2489 594 2572 Laudans,
619 2490 828 2577 amplectens,
853 2513 1025 2572 venerans,
1051 2513 1134 2576 quae
1158 2499 1232 2555 sunt
1256 2491 1454 2554 veneranda.

430 2596 515 2680 Olim
539 2598 708 2683 pontifices
732 2620 791 2661 rex
815 2599 969 2662 investire
994 2596 1128 2678 solebat,

428 2703 472 2767 Et
494 2714 604 2768 tamen
629 2703 777 2786 ecclesia,
803 2705 951 2791 quamvis
974 2705 1086 2785 invita,
1110 2702 1246 2768 ferebat.

367 2827 401 2874 25
428 2810 565 2874 Pertulit
588 2819 621 2874 et
643 2811 749 2875 fuerat
774 2822 850 2875 tunc
874 2810 1073 2897 dispensatio
1096 2810 1203 2896 plane,

429 2917 567 2981 Pertulit
590 2916 632 2981 ad
655 2927 793 3003 tempus,
819 2917 876 2981 sed
900 2939 961 2981 nec
983 2918 1044 2982 fuit
1067 2916 1146 2981 illud
1169 2919 1299 2981 inanot.

429 3023 577 3108 Namque
601 3024 648 3109 pii
670 3046 765 3108 reges
789 3046 860 3087 sese
884 3023 1104 3110 populumque
1128 3023 1295 3109 regebant,

430 3129 679 3215 Ecclesiamque
703 3130 767 3193 Dei
792 3140 906 3194 sancta
929 3129 989 3195 sub
1012 3153 1094 3216 pace
1118 3129 1283 3194 fovebant.

430 3236 487 3300 Hii
511 3245 748 3300 constructores
772 3237 901 3300 fuerant
924 3238 1014 3322 prius
1039 3237 1260 3316 eeclesiarum,

368 3360 403 3407 30
430 3342 497 3406 Vos
522 3342 740 3406 destructores
764 3344 892 3428 penitus
917 3364 1002 3408 nunc
1026 3343 1103 3407 estis
1128 3342 1286 3406 earum0’.

884 3503 979 3566 Rex.

430 3608 539 3690 ‘Quod
562 3609 667 3673 saneti
690 3619 799 3694 patres
823 3607 1002 3694 prudenter
1024 3609 1269 3688 constituerunt,

430 3716 503 3780 Hoc
525 3716 685 3779 insensati
708 3713 897 3779 subvertere
923 3714 1161 3801 disposuerunt.

428 3821 565 3908 Antiqui
587 3832 706 3908 patres,
732 3822 787 3908 qui
810 3821 882 3908 plus
906 3819 999 3885 nobis
1023 3819 1204 3902 valuerunt,

428 3928 515 3992 Pert
540 3927 691 3992 baculum
715 3951 810 4014 reges
834 3928 911 3992 dare
935 3929 1027 4013 regia
1050 3928 1280 3992 sustinuerunt.

368 4049 401 4098 ³5
431 4035 623 4121 significare
647 4057 706 4121 per
729 4034 800 4116 hoc,
825 4035 932 4116 eredo,
957 4032 1050 4098 nobis
1073 4032 1254 4116 voluerunt,

430 4141 480 4205 Ne
504 4139 595 4207 laicis
619 4141 745 4222 dentur,
771 4163 854 4226 quae
878 4141 1048 4227 pontifices
1072 4146 1275 4205 tenuerunt⁴.

429 4247 502 4312 Hoc
527 4258 752 4332 argumentum
777 4270 938 4332 cognosco
961 4244 1129 4333 probabile
1154 4246 1299 4328 multum,

394 4415 398 4424 ,
432 4352 579 4435 Quodsi
603 4355 675 4440 quis
700 4353 862 4440 reprobat,
885 4352 1113 4441 reprobantem
1137 4353 1245 4418 iudico
1270 4353 1411 4417 stultum.

430 4459 557 4524 Anulus
581 4471 614 4524 et
637 4459 782 4541 baculus,
808 4459 896 4546 quod
918 4459 1002 4541 dico,
1027 4460 1248 4540 testificantur,

369 4582 404 4631 40
431 4566 497 4630 Per
520 4578 627 4653 quac⁸
651 4565 797 4630 consulto
822 4565 944 4653 regalia
968 4588 1102 4630 munera
1126 4565 1268 4630 dantur’.

870 4726 925 4790 Pa
962 4749 991 4790 a.

430 4832 557 4897 Anulus
581 4842 613 4896 et
636 4830 771 4896 baculus
794 4831 883 4896 aliud
907 4749 1036 4918 signare
1060 4832 1222 4914 videntur,

431 4939 624 5025 Significant
647 4937 746 5020 aliud,
771 4937 945 5024 quodiam
969 4961 1043 5002 mea
1066 4940 1188 5024 scripta
1211 4939 1444 5024 loquentur¹¹·⁵.

218 5103 245 5166 a)
267 5103 355 5155 celum
376 5105 398 5153 Α
412 5107 435 5154 1.
517 5100 545 5164 b)
566 5105 706 5168 gigantum
727 5103 766 5164 B;
791 5102 858 5152 banc
875 5103 1018 5153 certamin
1036 5121 1115 5169 uwry.
1133 5103 1234 5153 addidit
1253 5103 1286 5152 A.
1368 5101 1394 5164 c)
1415 5110 1503 5154 tactas
1523 5102 1555 5153 B.
1638 5102 1666 5164 d)
1689 5104 1761 5169 quod

110 5202 232 5258 &pundo
243 5210 364 5258 ruperam
377 5210 440 5242 corr.
454 5199 483 5242 tu
497 5192 521 5242 A
535 5195 556 5241 1.
612 5189 638 5252 e)
658 5191 690 5241 dc
707 5191 794 5242 ordine
812 5208 926 5241 umanum
941 5194 1057 5242 31-44.
1076 5192 1168 5242 codieea
1182 5210 1234 5242 noa
1246 5193 1415 5252 mentiare&
1434 5191 1458 5240 Β
1470 5209 1509 5242 eos
1527 5191 1553 5240 in
1562 5192 1617 5256 fine
1635 5192 1761 5252 scrutinio,

113 5283 136 5331 A
155 5290 179 5332 et
197 5283 246 5332 Al
267 5291 329 5332 recte
346 5281 391 5332 loce
409 5282 459 5332 loco
477 5281 598 5331 maioma
670 5279 691 5344 f)
711 5299 734 5331 o.
754 5282 796 5330 at.
816 5282 859 5330 35.
877 5281 905 5330 ia
924 5299 1003 5348 cury.
1023 5277 1056 5330 Α.
1128 5278 1157 5346 g)
1179 5282 1285 5346 Perque
1306 5282 1339 5330 A.
1412 5278 1440 5342 h)
1462 5280 1611 5346 loquantur
1630 5280 1662 5330 B.

221 5409 250 5478 1)
276 5407 357 5466 Ouid.
375 5408 428 5465 IV.
455 5409 537 5466 Pont.
555 5409 584 5464 8.
603 5408 653 5464 59.
724 5407 755 5478 2)
780 5408 826 5464 De
849 5407 986 5466 Heiarico
1003 5408 1041 5464 II.
1067 5409 1151 5484 Hapo
1174 5408 1283 5466 videtur
1307 5408 1450 5486 copitcasae.
1522 5405 1553 5482 3)
1578 5406 1625 5479 Os.
1651 5407 1765 5464 Placidi

64 5530 93 5570 sa
111 5515 239 5573 Narrant.
264 5515 332 5572 liber
355 5517 390 5572 de
412 5515 518 5572 bonore
540 5515 672 5573 eccleciae
695 5535 718 5572 c.
736 5515 773 5570 81
782 5537 793 5585 ,·
818 5514 879 5571 Lib.
898 5516 932 5572 dc
947 5515 994 5572 lite
1016 5513 1056 5584 ΙΙ,
1075 5535 1109 5590 p.
1127 5513 1201 5570 603.
1271 5515 1302 5585 4)
1329 5513 1376 5587 Os.
1394 5514 1478 5586 infra
1496 5513 1614 5590 puta.
1632 5513 1765 5570 llraeaaldi

112 5615 227 5680 carmen
250 5643 275 5680 u.
295 5621 442 5678 59-61.
513 5617 544 5694 5)
568 5619 616 5693 Cf.
633 5621 718 5693 infru
739 5642 765 5679 v.
785 5621 935 5690 51-58;
958 5621 1131 5696 Rarrperiua,
1156 5621 1202 5678 De
1217 5620 1309 5677 Auula
1333 5629 1359 5677 et
1380 5620 1477 5678 baculo
1501 5641 1526 5678 v.
1544 5619 1673 5688 9-16;
1698 5619 1760 5676 Lib.

111 5728 146 5784 de
168 5728 216 5785 lite
238 5727 278 5798 ΙΙ,
298 5749 331 5803 p.
350 5727 422 5784 509.

1496 5847 1548 5898 90*
