4386 6390
367 375 545 434 CARMINA
568 378 623 433 AD
647 375 815 433 sofflssra
840 365 1164 433 ALEXANDRINUM
1185 378 1456 436 PERTINENTIA.

387 564 427 628 Ο.
464 563 541 648 Oro,
565 574 675 628 notate
698 587 781 646 meo,
807 587 883 628 suus
906 562 959 627 ille
984 586 1040 628 suo
1063 564 1183 649 placet,
1207 565 1286 629 ιιΠί*ι

302 686 337 735 ‘to
516 669 569 734 De
594 693 627 734 se
652 671 721 734 sive
746 693 803 735 suo
829 671 962 736 credere
985 671 1091 735 nullus
1115 670 1223 736 habet.

371 777 425 842 Ἀ.
461 777 583 842 Credet
605 778 708 842 Roma
731 789 856 860 notans,
881 777 968 864 quod
991 778 1025 842 in
1048 777 1102 842 illo
1127 778 1296 864 splendeat
1319 801 1432 843 aurum
1527 845 1528 848 ,

514 884 654 971 Eloquii,
679 883 756 948 fidei
779 907 918 969 gemma,
942 885 1075 970 pudoris
1099 885 1210 950 honor.

388 992 427 1057 O.
463 992 544 1056 Rem
568 991 661 1076 fugit,
686 991 747 1056 heo
771 991 872 1077 lingit,
898 991 950 1055 hio
974 993 1044 1055 veri
1067 991 1155 1055 nulla
1179 991 1285 1057 colore

516 1098 636 1184 Pingit,
661 1097 719 1162 sed
742 1093 815 1162 salsi
839 1097 967 1183 singula
990 1096 1076 1162 nube
1100 1099 1190 1184 tegit.

322 1222 354 1270 75
389 1206 429 1269 A.
466 1205 538 1286 Que
562 1205 665 1268 virtus
688 1205 811 1268 Romae
834 1227 900 1268 non
923 1214 972 1268 est
996 1203 1122 1269 audita:
1147 1217 1319 1291 precantes

517 1312 589 1376 Non
614 1311 705 1375 audit
726 1335 874 1376 nummos
898 1309 1015 1375 nobilis
1039 1311 1095 1375 illa
1117 1334 1243 1376 manus.

388 1418 427 1483 Ο.
464 1417 701 1483 Commendare
726 1417 808 1482 solet
829 1417 960 1482 venalia
982 1417 1142 1501 venditor,
1167 1420 1236 1483 istis

517 1525 639 1590 Vendit
661 1523 887 1589 Alexandrum
909 1524 1061 1589 laudibus
1084 1526 1145 1589 iste
1169 1549 1272 1590 suum.

388 1633 428 1697 A.
464 1632 609 1718 Linguae
632 1631 721 1695 fama
742 1653 855 1712 novas,
879 1633 942 1694 nisi
966 1631 1130 1696 mendicet
1152 1633 1252 1718 prius,
1276 1635 1372 1697 istum

324 1755 357 1804 80
518 1739 601 1803 Tam
625 1737 788 1803 celebrem
811 1737 907 1824 pleno
931 1761 996 1803 non
1019 1751 1115 1804 canet
1137 1761 1193 1803 ore
1216 1741 1332 1804 virum.

390 1847 429 1912 Ο.
466 1845 554 1927 Quid
577 1845 674 1932 plus?
700 1845 839 1910 excedat
863 1845 1034 1926 hominem,
1059 1847 1100 1909 sit
1123 1868 1188 1910 non
1210 1846 1316 1930 homo,
1339 1847 1397 1911 liat

518 1951 674 2038 Angelus,
699 1951 817 2016 elatum
842 1951 1002 2038 deprimet
1025 1975 1119 2016 omne
1143 1951 1267 2017 Deusb.

388 2059 429 2124 A.
466 2059 553 2141 Quid
576 2059 678 2124 noto?
701 2059 787 2124 ridet
810 2060 840 2122 ei
864 2057 958 2145 pleno
982 2059 1130 2123 Romana
1152 2059 1264 2124 favore

520 2164 646 2248 Gratia,
671 2165 727 2230 dat
750 2187 861 2229 curam
885 2166 986 2248 curia,
1011 2187 1089 2229 cura
1112 2177 1243 2231 metum.

323 2289 356 2338 80
392 2273 431 2339 0.
467 2273 541 2338 Non
564 2273 666 2355 favor,
690 2273 788 2336 immo
811 2271 872 2336 fuit
895 2272 993 2354 furor,
1018 2272 1103 2336 hunc
1127 2274 1204 2358 quia
1227 2274 1388 2360 praetulit,
1413 2276 1510 2340 immo

517 2379 639 2461 Intulit,
663 2380 764 2443 invito
789 2401 901 2443 cesare
924 2379 1028 2444 Roma
1051 2378 1122 2443 sibi.

388 2483 428 2551 A.
463 2487 577 2568 Roma,
601 2509 733 2550 manum
757 2487 849 2550 ouius
874 2487 1020 2571 sequitur
1041 2487 1155 2551 mundi
1178 2498 1258 2570 rota,
1282 2510 1396 2575 regum

518 2592 706 2680 Dedignata
728 2594 850 2678 iugum,
875 2615 910 2656 se
934 2594 1003 2657 sine
1027 2616 1104 2678 rege
1128 2595 1222 2679 regit.

389 2701 428 2766 O.
463 2700 567 2765 Immo
590 2722 688 2786 passa
710 2701 790 2785 regi,
816 2698 918 2764 Siculi
942 2701 1076 2764 rectoris
1099 2699 1261 2765 habenam

323 2824 356 2872 00
516 2806 608 2871 Ausa
631 2808 740 2892 sequi;
764 2808 859 2892 patri,
884 2827 981 2892 quem
1004 2807 1103 2888 fovet,
1127 2807 1181 2872 ille
1205 2807 1342 2894 placet0·
1354 2814 1375 2874 ¹.

389 2913 429 2979 A.
465 2913 564 3000 Regis
588 2936 678 2978 amor
702 2912 804 2978 Siculi
827 2913 916 2978 fovet
939 2913 1028 2977 illum
1052 2915 1132 2996 iure,
1157 2937 1287 2980 suorum

517 3019 583 3101 Qui
606 3021 713 3084 variat
735 3042 860 3084 morum
883 3019 1016 3084 floribus
1041 3020 1128 3085 orbis
1152 3045 1276 3108 agrurn.

391 3128 429 3193 Ο.
464 3125 632 3193 Laudatus
655 3127 789 3208 tociens,
813 3125 866 3190 vel
890 3125 996 3191 adbuc
1019 3127 1201 3192 laudandus
1210 3129 1233 3211 d,
1259 3129 1378 3215 egebat

517 3231 697 3316 Laudibus,
721 3245 757 3297 ut
779 3233 912 3298 laudum
936 3244 1098 3319 mergeret
1119 3235 1208 3299 unda
1231 3236 1348 3301 scelus.

323 3358 356 3406 95
390 3341 430 3406 A.
466 3339 633 3426 Numquid
657 3362 730 3404 eum
753 3338 876 3404 titulis⁰
899 3362 964 3403 non
988 3339 1092 3406 debeo
1116 3343 1260 3427 pingere,
1285 3344 1385 3407 vitam

519 3446 620 3512 Cuius
643 3469 708 3512 non
731 3449 835 3532 potuit
857 3469 1004 3532 pungere
1028 3449 1122 3533 spina
1145 3448 1237 3512 doli?

391 3555 436 3620 O.·
466 3555 586 3619 Vincet
608 3575 682 3618 eum
706 3553 829 3635 Victor,
853 3554 887 3616 vi
910 3552 1047 3639 dignior,
1072 3565 1127 3619 aut
1149 3557 1225 3619 nive
1249 3579 1374 3620 morum

518 3661 644 3743 Purior,
669 3669 725 3724 aut
747 3661 875 3746 generis
899 3671 955 3725 aut
978 3683 1039 3747 ope
1063 3663 1166 3726 maior
1189 3684 1296 3748 opum.

376 3768 429 3832 Ἃ.
467 3767 555 3849 Quid
578 3790 685 3832 moror
708 3767 783 3831 his?
807 3766 907 3849 illum,
932 3769 988 3854 qui
1012 3768 1123 3832 secula
1145 3781 1255 3834 nostra
1278 3793 1404 3836 veneno

308 3893 358 3941 100
519 3874 686 3939 Solomatis
710 3873 823 3938 infecit
833 3875 855 3956 f,
879 3896 993 3938 evome
1016 3875 1120 3939 Roma
1142 3876 1236 3940 foris!

391 3983 430 4047 0.
465 3981 512 4046 Ut
535 4004 586 4045 res
610 3980 764 4062 declarat,
788 3991 897 4045 manto
920 3980 973 4045 vel
996 3984 1125 4046 nomine
1148 3983 1261 4047 Victor

520 4088 617 4152 Vicit.
663 4087 825 4152 Iudicium
849 4109 949 4152 causa
972 4088 1109 4174 probata
1132 4091 1230 4154 sititss.

283 4197 323 4261 A.
341 4205 373 4260 et
389 4195 445 4261 0.h
466 4193 546 4260 Oui¹
572 4194 663 4259 laudi
686 4193 796 4258 titulus
820 4192 939 4258 ascribi
963 4194 1091 4278 debeat,
1117 4196 1212 4260 ambo

519 4301 698 4382 Poscimus,
723 4311 832 4365 utatur
855 4299 946 4364 curia
969 4302 1038 4365 iure
1063 4325 1131 4366 suo.

308 4479 357 4527 105
392 4459 563 4526 Iudices
594 4460 862 4546 loquunturk:

467 4585 591 4668 Utitur3
617 4585 728 4649 audita
750 4584 918 4648 librantur.
965 4585 1066 4649 Libra
1089 4589 1230 4651 minatur

521 4693 655 4756 Victori.
691 4691 805 4756 Victor
828 4730 871 4738 —
895 4714 946 4754 res
969 4715 1056 4756 nova
1078 4732 1121 4739 -
1145 4695 1249 4758 victus
1274 4696 1343 4759 erit.

466 4800 556 4864 Vicit
578 4797 778 4862 Alexander.
825 4798 976 4884 Respirat
998 4800 1174 4885 naufragus
1199 4800 1285 4865 orbis

519 4907 587 4970 Ver
609 4905 699 4991 pacis
723 4904 829 4968 rediit.
876 4904 1019 4990 Naviget
1042 4929 1119 4991 ergo
1144 4907 1234 4970 fidos.

200 5169 227 5234 a)
247 5170 288 5226 illi
307 5187 370 5222 corr.
390 5169 438 5221 ulli
459 5171 492 5220 A.
565 5167 593 5232 b)
615 5170 699 5220 decus
719 5168 752 5218 A.
827 5164 852 5228 o)
892 5169 968 5218 favet
987 5169 1019 5219 B.
1092 5166 1120 5229 d)
1144 5169 1268 5220 laudatus
1288 5172 1321 5220 A.
1395 5169 1420 5233 e)
1443 5171 1523 5223 laudo
1543 5174 1575 5224 B.
1648 5172 1669 5235 f)
1691 5176 1739 5225 im-

108 5263 159 5311 ecit
179 5261 211 5310 B.
283 5258 312 5326 g)
333 5259 438 5310 fuitA.
510 5257 539 5320 h)
561 5260 592 5308 A.
613 5258 808 5308 etoauttdi.
880 5254 900 5318 i)
922 5259 1288 5310 oeruw103-108.der.in
1309 5257 1339 5310 B.
1413 5259 1442 5322 k)
1464 5261 1528 5327 loqu
1547 5263 1579 5313 A.
1723 5252 1731 5268 ’

203 5501 233 5576 1)
269 5501 317 5574 Cf.
353 5501 472 5560 Victoria
507 5501 649 5576 epistolam
685 5501 838 5558 Roberoini
873 5499 965 5558 Gestis
1000 5501 1132 5558 insutum
1168 5501 1222 5570 IV,
1259 5523 1282 5558 r.
1309 5503 1360 5573 60,
1396 5505 1413 5560 l.
1438 5506 1455 5560 l.
1486 5525 1519 5580 p.
1545 5505 1623 5574 237;
1657 5505 1745 5580 Joffe‘

108 5609 275 5667 014426.
