<?xml version="1.0" encoding="UTF-8"?>
<!DOCTYPE html PUBLIC "-//W3C//DTD XHTML 1.0 Transitional//EN"
    "http://www.w3.org/TR/xhtml1/DTD/xhtml1-transitional.dtd">
<html xmlns="http://www.w3.org/1999/xhtml" xml:lang="en" lang="en">
 <head>
  <title>
</title>
<meta http-equiv="Content-Type" content="text/html;charset=utf-8" />
  <meta name='ocr-system' content='tesseract 3.04.00' />
  <meta name='ocr-capabilities' content='ocr_page ocr_carea ocr_par ocr_line ocrx_word'/>
</head>
<body>
  <div class='ocr_page' id='page_1' title='image "./monumentagerman00unkngoog_0422.png"; bbox 0 0 4396 6390; ppageno 0'>
   <div class='ocr_carea' id='block_1_1' title="bbox 396 415 1744 474">
    <p class='ocr_par' dir='ltr' id='par_1_1' title="bbox 396 415 1744 474">
     <span class='ocr_line' id='line_1_1' title="bbox 396 415 1744 474; baseline -0.004 0"><span class='ocrx_word' id='word_1_1' title='bbox 396 415 459 474; x_wconf 71' lang='lat'>446</span> <span class='ocrx_word' id='word_1_2' title='bbox 687 419 867 474; x_wconf 85' lang='lat' dir='ltr'>GERHOHI</span> <span class='ocrx_word' id='word_1_3' title='bbox 891 417 1124 474; x_wconf 84' lang='lat' dir='ltr'>PRAEPOSITI</span> <span class='ocrx_word' id='word_1_4' title='bbox 1148 415 1556 472; x_wconf 81' lang='lat' dir='ltr'>REICHERSBERGENSIS</span> <span class='ocrx_word' id='word_1_5' title='bbox 1580 416 1744 470; x_wconf 84' lang='lat' dir='ltr'>LIBELLI.</span> 
     </span>
    </p>
   </div>
   <div class='ocr_carea' id='block_1_2' title="bbox 394 600 2045 798">
    <p class='ocr_par' dir='ltr' id='par_1_2' title="bbox 394 600 2045 798">
     <span class='ocr_line' id='line_1_2' title="bbox 394 600 2044 691; baseline -0.004 -21"><span class='ocrx_word' id='word_1_6' title='bbox 394 606 542 670; x_wconf 89' lang='lat' dir='ltr'>exultant</span> <span class='ocrx_word' id='word_1_7' title='bbox 565 605 676 669; x_wconf 86' lang='lat' dir='ltr'>divina</span> <span class='ocrx_word' id='word_1_8' title='bbox 699 606 871 691; x_wconf 74' lang='lat' dir='ltr'>mysteria,</span> <span class='ocrx_word' id='word_1_9' title='bbox 896 604 1063 690; x_wconf 87' lang='lat' dir='ltr'>inquibus</span> <span class='ocrx_word' id='word_1_10' title='bbox 1087 603 1242 668; x_wconf 90' lang='lat' dir='ltr'>decenter</span> <span class='ocrx_word' id='word_1_11' title='bbox 1258 601 1413 666; x_wconf 91' lang='lat' dir='ltr'>ordinatis</span> <span class='ocrx_word' id='word_1_12' title='bbox 1437 611 1469 666; x_wconf 92' lang='lat' dir='ltr'>et</span> <span class='ocrx_word' id='word_1_13' title='bbox 1493 600 1659 666; x_wconf 90' lang='lat' dir='ltr'>Babilonis</span> <span class='ocrx_word' id='word_1_14' title='bbox 1684 600 1812 666; x_wconf 84' lang='lat' dir='ltr'>civibus</span> <span class='ocrx_word' id='word_1_15' title='bbox 1836 601 1914 664; x_wconf 91' lang='lat' dir='ltr'>inde</span> <span class='ocrx_word' id='word_1_16' title='bbox 1939 623 2044 686; x_wconf 92' lang='lat' dir='ltr'>seque-</span> 
     </span>
     <span class='ocr_line' id='line_1_3' title="bbox 394 707 2045 798; baseline -0.003 -23"><span class='ocrx_word' id='word_1_17' title='bbox 394 713 502 776; x_wconf 79' lang='lat' dir='ltr'>stratis</span> <span class='ocrx_word' id='word_1_18' title='bbox 526 728 552 776; x_wconf 79' lang='lat' dir='ltr'>te</span> <span class='ocrx_word' id='word_1_19' title='bbox 576 713 804 797; x_wconf 75' lang='lat' dir='ltr'>decerpamus,</span> <span class='ocrx_word' id='word_1_20' title='bbox 829 713 926 790; x_wconf 82' lang='lat' dir='ltr'>Deus,</span> <span class='ocrx_word' id='word_1_21' title='bbox 950 715 982 775; x_wconf 83' lang='lat' dir='ltr'>r&#39;rr</span> <span class='ocrx_word' id='word_1_22' title='bbox 1009 711 1102 798; x_wconf 78' lang='lat' dir='ltr'>Spou.</span> <span class='ocrx_word' id='word_1_23' title='bbox 1150 709 1194 772; x_wconf 86' lang='lat' dir='ltr'>Et</span> <span class='ocrx_word' id='word_1_24' title='bbox 1217 709 1269 772; x_wconf 91' lang='lat' dir='ltr'>hic</span> <span class='ocrx_word' id='word_1_25' title='bbox 1293 731 1411 794; x_wconf 83' lang='lat' dir='ltr'>ymnus</span> <span class='ocrx_word' id='word_1_26' title='bbox 1434 709 1620 794; x_wconf 79' lang='lat' dir='ltr'>preparatio</span> <span class='ocrx_word' id='word_1_27' title='bbox 1645 718 1694 772; x_wconf 87' lang='lat' dir='ltr'>est</span> <span class='ocrx_word' id='word_1_28' title='bbox 1717 709 1784 772; x_wconf 84' lang='lat' dir='ltr'>voti</span> <span class='ocrx_word' id='word_1_29' title='bbox 1809 707 1956 794; x_wconf 79' lang='lat' dir='ltr'>perfecte</span> <span class='ocrx_word' id='word_1_30' title='bbox 1980 707 2045 770; x_wconf 91' lang='lat' dir='ltr'>red·</span> 
     </span>
    </p>
   </div>
   <div class='ocr_carea' id='block_1_3' title="bbox 186 817 2046 1028">
    <p class='ocr_par' dir='ltr' id='par_1_3' title="bbox 186 817 2046 1028">
     <span class='ocr_line' id='line_1_4' title="bbox 394 817 980 904; baseline -0.003 -22"><span class='ocrx_word' id='word_1_31' title='bbox 394 818 492 882; x_wconf 74' lang='lat' dir='ltr'>(leudi</span> <span class='ocrx_word' id='word_1_32' title='bbox 516 817 711 904; x_wconf 90' lang='lat' dir='ltr'>quandoque</span> <span class='ocrx_word' id='word_1_33' title='bbox 736 820 769 882; x_wconf 93' lang='lat' dir='ltr'>in</span> <span class='ocrx_word' id='word_1_34' title='bbox 794 817 980 881; x_wconf 91' lang='lat' dir='ltr'>Ierusalem.</span> 
     </span>
     <span class='ocr_line' id='line_1_5' title="bbox 186 907 2046 1028; baseline -0.003 -21"><span class='ocrx_word' id='word_1_35' title='bbox 186 961 238 1028; x_wconf 87' lang='lat' dir='ltr'>[De</span> <span class='ocrx_word' id='word_1_36' title='bbox 258 907 373 1016; x_wconf 68' lang='lat' dir='ltr'>canrlbii</span> <span class='ocrx_word' id='word_1_37' title='bbox 500 941 567 1006; x_wconf 88' lang='lat' dir='ltr'>Sed</span> <span class='ocrx_word' id='word_1_38' title='bbox 582 941 739 1027; x_wconf 87' lang='lat' dir='ltr'>nunquid,</span> <span class='ocrx_word' id='word_1_39' title='bbox 758 965 776 1005; x_wconf 95' lang='lat' dir='ltr'>o</span> <span class='ocrx_word' id='word_1_40' title='bbox 793 941 900 1004; x_wconf 89' lang='lat' dir='ltr'>Deus!</span> <span class='ocrx_word' id='word_1_41' title='bbox 926 951 957 1004; x_wconf 93' lang='lat' dir='ltr'>te</span> <span class='ocrx_word' id='word_1_42' title='bbox 982 940 1076 1004; x_wconf 89' lang='lat' dir='ltr'>decet</span> <span class='ocrx_word' id='word_1_43' title='bbox 1099 963 1216 1026; x_wconf 86' lang='lat' dir='ltr'>ymnus</span> <span class='ocrx_word' id='word_1_44' title='bbox 1240 941 1274 1003; x_wconf 93' lang='lat' dir='ltr'>in</span> <span class='ocrx_word' id='word_1_45' title='bbox 1291 939 1391 1025; x_wconf 86' lang='lat' dir='ltr'>Syon,</span> <span class='ocrx_word' id='word_1_46' title='bbox 1416 938 1608 1002; x_wconf 89' lang='lat' dir='ltr'>interdictus</span> <span class='ocrx_word' id='word_1_47' title='bbox 1632 961 1651 1002; x_wconf 91' lang='lat' dir='ltr'>a</span> <span class='ocrx_word' id='word_1_48' title='bbox 1676 937 1880 1025; x_wconf 88' lang='lat' dir='ltr'>principibus</span> <span class='ocrx_word' id='word_1_49' title='bbox 1906 939 2046 1002; x_wconf 87' lang='lat' dir='ltr'>eiusdem</span> 
     </span>
    </p>
   </div>
   <div class='ocr_carea' id='block_1_4' title="bbox 191 1033 2181 3154">
    <p class='ocr_par' dir='ltr' id='par_1_4' title="bbox 191 1033 2181 1454">
     <span class='ocr_line' id='line_1_6' title="bbox 191 1033 2133 1134; baseline -0.002 -21"><span class='ocrx_word' id='word_1_50' title='bbox 191 1033 362 1100; x_wconf 70' lang='lat' dir='ltr'>interdictis}</span> <span class='ocrx_word' id='word_1_51' title='bbox 393 1049 493 1134; x_wconf 85' lang='lat' dir='ltr'>Syon,</span> <span class='ocrx_word' id='word_1_52' title='bbox 518 1051 573 1134; x_wconf 94' lang='lat' dir='ltr'>qui</span> <span class='ocrx_word' id='word_1_53' title='bbox 598 1049 664 1112; x_wconf 87' lang='lat' dir='ltr'>suis</span> <span class='ocrx_word' id='word_1_54' title='bbox 689 1046 907 1112; x_wconf 88' lang='lat' dir='ltr'>decretalibus</span> <span class='ocrx_word' id='word_1_55' title='bbox 932 1047 1047 1111; x_wconf 88' lang='lat' dir='ltr'>edictis</span> <span class='ocrx_word' id='word_1_56' title='bbox 1072 1046 1268 1110; x_wconf 87' lang='lat' dir='ltr'>interdicunt</span> <span class='ocrx_word' id='word_1_57' title='bbox 1285 1046 1393 1110; x_wconf 87' lang='lat' dir='ltr'>officia</span> <span class='ocrx_word' id='word_1_58' title='bbox 1417 1056 1449 1108; x_wconf 92' lang='lat' dir='ltr'>et</span> <span class='ocrx_word' id='word_1_59' title='bbox 1472 1043 1632 1109; x_wconf 87' lang='lat' dir='ltr'>beneficia</span> <span class='ocrx_word' id='word_1_60' title='bbox 1655 1045 1902 1109; x_wconf 88' lang='lat' dir='ltr'>aecclesiastica</span> <span class='ocrx_word' id='word_1_61' title='bbox 1924 1045 2047 1109; x_wconf 83' lang='lat' dir='ltr'>clericis</span> <span class='ocrx_word' id='word_1_62' title='bbox 2130 1107 2133 1110; x_wconf 87' lang='lat'>.</span> 
     </span>
     <span class='ocr_line' id='line_1_7' title="bbox 394 1151 2138 1242; baseline -0.002 -23"><span class='ocrx_word' id='word_1_63' title='bbox 394 1179 466 1219; x_wconf 88' lang='lat' dir='ltr'>crrnr</span> <span class='ocrx_word' id='word_1_64' title='bbox 497 1155 643 1242; x_wconf 89' lang='lat' dir='ltr'>Nycolao</span> <span class='ocrx_word' id='word_1_65' title='bbox 674 1155 870 1218; x_wconf 81' lang='lat' dir='ltr'>fornicatore</span> <span class='ocrx_word' id='word_1_66' title='bbox 901 1153 1071 1218; x_wconf 84' lang='lat' dir='ltr'>manifeste</span> <span class='ocrx_word' id='word_1_67' title='bbox 1107 1153 1299 1216; x_wconf 81' lang='lat' dir='ltr'>incestuosis</span> <span class='ocrx_word' id='word_1_68' title='bbox 1331 1163 1362 1216; x_wconf 89' lang='lat' dir='ltr'>et</span> <span class='ocrx_word' id='word_1_69' title='bbox 1393 1175 1465 1216; x_wconf 89' lang='lat' dir='ltr'>cum</span> <span class='ocrx_word' id='word_1_70' title='bbox 1497 1151 1579 1215; x_wconf 91' lang='lat' dir='ltr'>luda</span> <span class='ocrx_word' id='word_1_71' title='bbox 1609 1153 1789 1216; x_wconf 86' lang='lat' dir='ltr'>mercatore</span> <span class='ocrx_word' id='word_1_72' title='bbox 1826 1153 1971 1238; x_wconf 90' lang='lat' dir='ltr'>pessimo</span> <span class='ocrx_word' id='word_1_73' title='bbox 1999 1153 2047 1215; x_wconf 85' lang='lat' dir='ltr'>vel</span> <span class='ocrx_word' id='word_1_74' title='bbox 2121 1221 2138 1226; x_wconf 60' lang='grc'>,</span> 
     </span>
     <span class='ocr_line' id='line_1_8' title="bbox 394 1257 2155 1348; baseline -0.003 -22"><span class='ocrx_word' id='word_1_75' title='bbox 394 1261 536 1348; x_wconf 83' lang='lat' dir='ltr'>Symone</span> <span class='ocrx_word' id='word_1_76' title='bbox 560 1284 656 1346; x_wconf 90' lang='lat' dir='ltr'>mago</span> <span class='ocrx_word' id='word_1_77' title='bbox 680 1262 817 1346; x_wconf 83' lang='lat' dir='ltr'>turpiter</span> <span class='ocrx_word' id='word_1_78' title='bbox 840 1258 1089 1345; x_wconf 87' lang='lat' dir='ltr'>rregooiantibus</span> <span class='ocrx_word' id='word_1_79' title='bbox 1113 1269 1145 1323; x_wconf 91' lang='lat' dir='ltr'>et</span> <span class='ocrx_word' id='word_1_80' title='bbox 1168 1261 1200 1322; x_wconf 93' lang='lat' dir='ltr'>in</span> <span class='ocrx_word' id='word_1_81' title='bbox 1221 1258 1316 1322; x_wconf 92' lang='lat' dir='ltr'>domo</span> <span class='ocrx_word' id='word_1_82' title='bbox 1333 1259 1399 1322; x_wconf 89' lang='lat' dir='ltr'>Dei</span> <span class='ocrx_word' id='word_1_83' title='bbox 1421 1257 1701 1340; x_wconf 89' lang='lat' dir='ltr'>latrocinantibus,</span> <span class='ocrx_word' id='word_1_84' title='bbox 1726 1261 1803 1345; x_wconf 89' lang='lat' dir='ltr'>quia</span> <span class='ocrx_word' id='word_1_85' title='bbox 1827 1257 2048 1322; x_wconf 80' lang='lat' dir='ltr'>materialibus</span> <span class='ocrx_word' id='word_1_86' title='bbox 2088 1293 2155 1330; x_wconf 66' lang='grc' dir='ltr'>,ι</span> 
     </span>
     <span class='ocr_line' id='line_1_9' title="bbox 394 1364 2181 1454; baseline -0.002 -22"><span class='ocrx_word' id='word_1_87' title='bbox 394 1391 523 1454; x_wconf 89' lang='lat' dir='ltr'>quoquc</span> <span class='ocrx_word' id='word_1_88' title='bbox 554 1368 651 1430; x_wconf 85' lang='lat' dir='ltr'>annis</span> <span class='ocrx_word' id='word_1_89' title='bbox 680 1369 773 1431; x_wconf 92' lang='lat' dir='ltr'>tutati</span> <span class='ocrx_word' id='word_1_90' title='bbox 805 1368 981 1430; x_wconf 86' lang='lat' dir='ltr'>atrociores</span> <span class='ocrx_word' id='word_1_91' title='bbox 1012 1367 1222 1430; x_wconf 80' lang='lat' dir='ltr'>inveniuntur</span> <span class='ocrx_word' id='word_1_92' title='bbox 1245 1365 1337 1446; x_wconf 90' lang='lat' dir='ltr'>Iuda,</span> <span class='ocrx_word' id='word_1_93' title='bbox 1363 1365 1418 1451; x_wconf 94' lang='lat' dir='ltr'>qui</span> <span class='ocrx_word' id='word_1_94' title='bbox 1442 1364 1660 1449; x_wconf 86' lang='lat' dir='ltr'>redarguente</span> <span class='ocrx_word' id='word_1_95' title='bbox 1688 1367 1822 1451; x_wconf 90' lang='lat' dir='ltr'>propria</span> <span class='ocrx_word' id='word_1_96' title='bbox 1850 1365 2181 1439; x_wconf 37' lang='lat' dir='ltr'>conscientia-m..Lm</span> 
     </span>
    </p>

    <p class='ocr_par' dir='ltr' id='par_1_5' title="bbox 227 1470 2176 1561">
     <span class='ocr_line' id='line_1_10' title="bbox 227 1470 2176 1561; baseline -0.003 -23"><span class='ocrx_word' id='word_1_97' title='bbox 227 1500 375 1550; x_wconf 64' lang='lat' dir='ltr'>naariam.</span> <span class='ocrx_word' id='word_1_98' title='bbox 394 1475 492 1538; x_wconf 85' lang='lat' dir='ltr'>dixit:</span> <span class='ocrx_word' id='word_1_99' title='bbox 524 1475 660 1538; x_wconf 78' lang='lat' dir='ltr'>Perrorr&#39;</span> <span class='ocrx_word' id='word_1_100' title='bbox 688 1475 815 1538; x_wconf 77' lang='lat' dir='ltr'>trudens</span> <span class='ocrx_word' id='word_1_101' title='bbox 843 1477 1026 1561; x_wconf 78' lang='lat' dir='ltr'>sorrpuiaeru</span> <span class='ocrx_word' id='word_1_102' title='bbox 1058 1477 1180 1552; x_wconf 82' lang='lat' dir='ltr'>r&#39;astunr,</span> <span class='ocrx_word' id='word_1_103' title='bbox 1205 1482 1237 1536; x_wconf 88' lang='lat' dir='ltr'>et</span> <span class='ocrx_word' id='word_1_104' title='bbox 1261 1471 1404 1557; x_wconf 84' lang='lat' dir='ltr'>Synrone</span> <span class='ocrx_word' id='word_1_105' title='bbox 1429 1493 1535 1557; x_wconf 86' lang='lat' dir='ltr'>mago,</span> <span class='ocrx_word' id='word_1_106' title='bbox 1560 1473 1615 1557; x_wconf 92' lang='lat' dir='ltr'>qui</span> <span class='ocrx_word' id='word_1_107' title='bbox 1644 1470 1685 1534; x_wconf 88' lang='lat' dir='ltr'>ab</span> <span class='ocrx_word' id='word_1_108' title='bbox 1710 1471 1857 1558; x_wconf 86' lang='lat' dir='ltr'>apostolo</span> <span class='ocrx_word' id='word_1_109' title='bbox 1881 1471 1982 1534; x_wconf 91' lang='lat' dir='ltr'>Petro</span> <span class='ocrx_word' id='word_1_110' title='bbox 2005 1473 2048 1534; x_wconf 93' lang='lat' dir='ltr'>in·</span> <span class='ocrx_word' id='word_1_111' title='bbox 2070 1517 2176 1532; x_wconf 43' lang='lat' dir='ltr'>x</span> 
     </span>
    </p>

    <p class='ocr_par' dir='ltr' id='par_1_6' title="bbox 256 1577 2181 2092">
     <span class='ocr_line' id='line_1_11' title="bbox 256 1577 2054 1666; baseline -0.002 -22"><span class='ocrx_word' id='word_1_112' title='bbox 256 1606 374 1655; x_wconf 62' lang='lat' dir='ltr'>reram,</span> <span class='ocrx_word' id='word_1_113' title='bbox 394 1592 543 1666; x_wconf 89' lang='lat' dir='ltr'>crepatus</span> <span class='ocrx_word' id='word_1_114' title='bbox 572 1579 656 1644; x_wconf 87' lang='lat' dir='ltr'>dixit</span> <span class='ocrx_word' id='word_1_115' title='bbox 686 1579 791 1643; x_wconf 90' lang='lat' dir='ltr'>eidem</span> <span class='ocrx_word' id='word_1_116' title='bbox 815 1579 913 1642; x_wconf 91' lang='lat' dir='ltr'>Petro</span> <span class='ocrx_word' id='word_1_117' title='bbox 944 1603 982 1644; x_wconf 90' lang='lat' dir='ltr'>ac</span> <span class='ocrx_word' id='word_1_118' title='bbox 1014 1581 1130 1644; x_wconf 90' lang='lat' dir='ltr'>ceteris</span> <span class='ocrx_word' id='word_1_119' title='bbox 1160 1577 1330 1664; x_wconf 89' lang='lat' dir='ltr'>apostolis:</span> <span class='ocrx_word' id='word_1_120' title='bbox 1363 1577 1548 1642; x_wconf 84' lang='lat' dir='ltr'>Preconrr&#39;ru&#39;</span> <span class='ocrx_word' id='word_1_121' title='bbox 1576 1603 1627 1642; x_wconf 84' lang='lat' dir='ltr'>ros</span> <span class='ocrx_word' id='word_1_122' title='bbox 1649 1603 1715 1664; x_wconf 85' lang='lat' dir='ltr'>pro</span> <span class='ocrx_word' id='word_1_123' title='bbox 1738 1605 1786 1642; x_wconf 82' lang='lat' dir='ltr'>rue</span> <span class='ocrx_word' id='word_1_124' title='bbox 1810 1579 1996 1658; x_wconf 80' lang='lat' dir='ltr'>Dominum,</span> <span class='ocrx_word' id='word_1_125' title='bbox 2021 1605 2054 1641; x_wconf 76' lang='lat' dir='ltr'>a:</span> 
     </span>
     <span class='ocr_line' id='line_1_12' title="bbox 394 1684 2181 1773; baseline -0.001 -23"><span class='ocrx_word' id='word_1_126' title='bbox 394 1689 494 1751; x_wconf 81' lang='lat' dir='ltr'>rrr&#39;rlrr&#39;l</span> <span class='ocrx_word' id='word_1_127' title='bbox 517 1691 621 1750; x_wconf 83' lang='lat' dir='ltr'>rcrrr&#39;at</span> <span class='ocrx_word' id='word_1_128' title='bbox 642 1713 737 1773; x_wconf 80' lang='lat' dir='ltr'>arrper</span> <span class='ocrx_word' id='word_1_129' title='bbox 759 1713 807 1750; x_wconf 84' lang='lat' dir='ltr'>me</span> <span class='ocrx_word' id='word_1_130' title='bbox 830 1688 938 1750; x_wconf 75' lang='lat' dir='ltr'>leo-rum</span> <span class='ocrx_word' id='word_1_131' title='bbox 964 1713 1022 1772; x_wconf 83' lang='lat' dir='ltr'>que</span> <span class='ocrx_word' id='word_1_132' title='bbox 1047 1687 1198 1750; x_wconf 66' lang='lat' dir='ltr'>dixistis?</span> <span class='ocrx_word' id='word_1_133' title='bbox 1236 1685 1280 1748; x_wconf 88' lang='lat' dir='ltr'>At</span> <span class='ocrx_word' id='word_1_134' title='bbox 1304 1685 1356 1748; x_wconf 80' lang='lat' dir='ltr'>isti</span> <span class='ocrx_word' id='word_1_135' title='bbox 1380 1684 1539 1748; x_wconf 84' lang='lat' dir='ltr'>maliciosi</span> <span class='ocrx_word' id='word_1_136' title='bbox 1564 1706 1669 1770; x_wconf 84' lang='lat' dir='ltr'>neque</span> <span class='ocrx_word' id='word_1_137' title='bbox 1693 1687 1826 1770; x_wconf 85' lang='lat' dir='ltr'>propria</span> <span class='ocrx_word' id='word_1_138' title='bbox 1849 1685 2181 1756; x_wconf 34' lang='lat' dir='ltr'>conscientia*</span> 
     </span>
     <span class='ocr_line' id='line_1_13' title="bbox 393 1789 2135 1878; baseline -0.001 -22"><span class='ocrx_word' id='word_1_139' title='bbox 393 1792 609 1878; x_wconf 84' lang='lat' dir='ltr'>redarguente</span> <span class='ocrx_word' id='word_1_140' title='bbox 639 1791 850 1856; x_wconf 89' lang='lat' dir='ltr'>humiliantur</span> <span class='ocrx_word' id='word_1_141' title='bbox 880 1815 986 1878; x_wconf 91' lang='lat' dir='ltr'>neque</span> <span class='ocrx_word' id='word_1_142' title='bbox 1017 1790 1058 1855; x_wconf 95' lang='lat' dir='ltr'>ab</span> <span class='ocrx_word' id='word_1_143' title='bbox 1083 1791 1191 1877; x_wconf 90' lang='lat' dir='ltr'>aliquo</span> <span class='ocrx_word' id='word_1_144' title='bbox 1215 1791 1361 1854; x_wconf 83' lang='lat' dir='ltr'>veritatis</span> <span class='ocrx_word' id='word_1_145' title='bbox 1391 1789 1568 1854; x_wconf 90' lang='lat' dir='ltr'>emulatore</span> <span class='ocrx_word' id='word_1_146' title='bbox 1593 1813 1627 1854; x_wconf 88' lang='lat' dir='ltr'>se</span> <span class='ocrx_word' id='word_1_147' title='bbox 1652 1793 1743 1875; x_wconf 91' lang='lat' dir='ltr'>argui</span> <span class='ocrx_word' id='word_1_148' title='bbox 1767 1793 1933 1877; x_wconf 85' lang='lat' dir='ltr'>patienter</span> <span class='ocrx_word' id='word_1_149' title='bbox 1956 1791 2135 1855; x_wconf 44' lang='lat' dir='ltr'>suffe-ffi-</span> 
     </span>
     <span class='ocr_line' id='line_1_14' title="bbox 392 1895 2048 1984; baseline -0.001 -22"><span class='ocrx_word' id='word_1_150' title='bbox 392 1910 482 1980; x_wconf 83' lang='lat' dir='ltr'>runt3</span> <span class='ocrx_word' id='word_1_151' title='bbox 508 1901 586 1984; x_wconf 93' lang='lat' dir='ltr'>quin</span> <span class='ocrx_word' id='word_1_152' title='bbox 609 1899 715 1984; x_wconf 88' lang='lat' dir='ltr'>potius</span> <span class='ocrx_word' id='word_1_153' title='bbox 739 1898 820 1961; x_wconf 88' lang='lat' dir='ltr'>tales</span> <span class='ocrx_word' id='word_1_154' title='bbox 843 1909 1058 1984; x_wconf 88' lang='lat' dir='ltr'>persecuntur</span> <span class='ocrx_word' id='word_1_155' title='bbox 1081 1909 1112 1961; x_wconf 91' lang='lat' dir='ltr'>et</span> <span class='ocrx_word' id='word_1_156' title='bbox 1136 1898 1249 1961; x_wconf 91' lang='lat' dir='ltr'>odiunt</span> <span class='ocrx_word' id='word_1_157' title='bbox 1273 1898 1404 1983; x_wconf 88' lang='lat' dir='ltr'>suisque</span> <span class='ocrx_word' id='word_1_158' title='bbox 1427 1895 1584 1960; x_wconf 81' lang='lat' dir='ltr'>militibus</span> <span class='ocrx_word' id='word_1_159' title='bbox 1608 1897 1818 1961; x_wconf 85' lang='lat' dir='ltr'>trucidandos</span> <span class='ocrx_word' id='word_1_160' title='bbox 1843 1910 1875 1961; x_wconf 89' lang='lat' dir='ltr'>et</span> <span class='ocrx_word' id='word_1_161' title='bbox 1900 1897 2048 1962; x_wconf 91' lang='lat' dir='ltr'>occiden-</span> 
     </span>
     <span class='ocr_line' id='line_1_15' title="bbox 393 2003 2077 2092; baseline 0 -24"><span class='ocrx_word' id='word_1_162' title='bbox 393 2005 450 2068; x_wconf 89' lang='lat' dir='ltr'>dos</span> <span class='ocrx_word' id='word_1_163' title='bbox 475 2016 652 2092; x_wconf 89' lang='lat' dir='ltr'>exponunt.</span> <span class='ocrx_word' id='word_1_164' title='bbox 701 2003 790 2084; x_wconf 77' lang='lat' dir='ltr'>Quid</span> <span class='ocrx_word' id='word_1_165' title='bbox 816 2006 915 2090; x_wconf 92' lang='lat' dir='ltr'>igitur</span> <span class='ocrx_word' id='word_1_166' title='bbox 939 2004 1110 2068; x_wconf 89' lang='lat' dir='ltr'>intendunt</span> <span class='ocrx_word' id='word_1_167' title='bbox 1139 2005 1192 2067; x_wconf 90' lang='lat' dir='ltr'>isti</span> <span class='ocrx_word' id='word_1_168' title='bbox 1216 2003 1269 2068; x_wconf 83' lang='lat' dir='ltr'>vel</span> <span class='ocrx_word' id='word_1_169' title='bbox 1292 2005 1444 2089; x_wconf 86' lang='lat' dir='ltr'>princeps</span> <span class='ocrx_word' id='word_1_170' title='bbox 1469 2003 1582 2067; x_wconf 92' lang='lat' dir='ltr'>mundi</span> <span class='ocrx_word' id='word_1_171' title='bbox 1606 2003 1700 2068; x_wconf 92' lang='lat' dir='ltr'>huius</span> <span class='ocrx_word' id='word_1_172' title='bbox 1724 2003 1948 2086; x_wconf 89' lang='lat' dir='ltr'>Babilonicus,</span> <span class='ocrx_word' id='word_1_173' title='bbox 1973 2005 2077 2090; x_wconf 68' lang='lat' dir='ltr'>quid-</span> 
     </span>
    </p>

    <p class='ocr_par' dir='ltr' id='par_1_7' title="bbox 322 2108 2068 2517">
     <span class='ocr_line' id='line_1_16' title="bbox 322 2108 2068 2198; baseline -0.001 -23"><span class='ocrx_word' id='word_1_174' title='bbox 322 2137 372 2186; x_wconf 77' lang='grc' dir='ltr'><strong>(ιε).</strong></span> <span class='ocrx_word' id='word_1_175' title='bbox 393 2136 451 2198; x_wconf 91' lang='lat' dir='ltr'>per</span> <span class='ocrx_word' id='word_1_176' title='bbox 474 2136 529 2176; x_wconf 89' lang='lat' dir='ltr'>eos</span> <span class='ocrx_word' id='word_1_177' title='bbox 553 2111 701 2192; x_wconf 84' lang='lat' dir='ltr'>intendit,</span> <span class='ocrx_word' id='word_1_178' title='bbox 726 2112 789 2174; x_wconf 92' lang='lat' dir='ltr'>nisi</span> <span class='ocrx_word' id='word_1_179' title='bbox 813 2113 978 2174; x_wconf 85' lang='lat' dir='ltr'>civitatem</span> <span class='ocrx_word' id='word_1_180' title='bbox 1004 2111 1094 2196; x_wconf 88' lang='lat' dir='ltr'>Syon</span> <span class='ocrx_word' id='word_1_181' title='bbox 1118 2109 1284 2174; x_wconf 90' lang='lat' dir='ltr'>destruere</span> <span class='ocrx_word' id='word_1_182' title='bbox 1309 2121 1407 2195; x_wconf 92' lang='lat' dir='ltr'>atque</span> <span class='ocrx_word' id='word_1_183' title='bbox 1423 2108 1628 2174; x_wconf 90' lang='lat' dir='ltr'>Babiloniarn</span> <span class='ocrx_word' id='word_1_184' title='bbox 1654 2110 1869 2175; x_wconf 79' lang='lat' dir='ltr'>reedificare?</span> <span class='ocrx_word' id='word_1_185' title='bbox 1911 2111 2068 2191; x_wconf 76' lang='lat' dir='ltr'>Quando·</span> 
     </span>
     <span class='ocr_line' id='line_1_17' title="bbox 393 2215 2059 2304; baseline -0.001 -22"><span class='ocrx_word' id='word_1_186' title='bbox 393 2220 478 2282; x_wconf 88' lang='lat' dir='ltr'>enim</span> <span class='ocrx_word' id='word_1_187' title='bbox 494 2219 675 2282; x_wconf 86' lang='lat' dir='ltr'>Romanum</span> <span class='ocrx_word' id='word_1_188' title='bbox 700 2219 870 2302; x_wconf 91' lang='lat' dir='ltr'>imperium</span> <span class='ocrx_word' id='word_1_189' title='bbox 895 2219 988 2304; x_wconf 90' lang='lat' dir='ltr'>quasi</span> <span class='ocrx_word' id='word_1_190' title='bbox 1014 2217 1159 2280; x_wconf 86' lang='lat' dir='ltr'>caminus</span> <span class='ocrx_word' id='word_1_191' title='bbox 1184 2217 1259 2302; x_wconf 91' lang='lat' dir='ltr'>igne</span> <span class='ocrx_word' id='word_1_192' title='bbox 1277 2215 1467 2280; x_wconf 86' lang='lat' dir='ltr'>Babilonico</span> <span class='ocrx_word' id='word_1_193' title='bbox 1491 2215 1628 2280; x_wconf 84' lang='lat' dir='ltr'>ardebat</span> <span class='ocrx_word' id='word_1_194' title='bbox 1649 2229 1761 2282; x_wconf 87' lang='lat' dir='ltr'>contra</span> <span class='ocrx_word' id='word_1_195' title='bbox 1786 2218 1927 2282; x_wconf 87' lang='lat' dir='ltr'>cultores</span> <span class='ocrx_word' id='word_1_196' title='bbox 1945 2217 2059 2282; x_wconf 90' lang='lat' dir='ltr'>Trini-</span> 
     </span>
     <span class='ocr_line' id='line_1_18' title="bbox 392 2323 2053 2410; baseline 0 -22"><span class='ocrx_word' id='word_1_197' title='bbox 392 2327 477 2406; x_wconf 85' lang='lat' dir='ltr'>tatis,</span> <span class='ocrx_word' id='word_1_198' title='bbox 503 2325 651 2389; x_wconf 85' lang='lat' dir='ltr'>crucians</span> <span class='ocrx_word' id='word_1_199' title='bbox 676 2347 730 2386; x_wconf 88' lang='lat' dir='ltr'>eos</span> <span class='ocrx_word' id='word_1_200' title='bbox 755 2323 893 2386; x_wconf 88' lang='lat' dir='ltr'>diversis</span> <span class='ocrx_word' id='word_1_201' title='bbox 918 2325 1084 2387; x_wconf 88' lang='lat' dir='ltr'>tormentis</span> <span class='ocrx_word' id='word_1_202' title='bbox 1109 2324 1165 2409; x_wconf 94' lang='lat' dir='ltr'>qui</span> <span class='ocrx_word' id='word_1_203' title='bbox 1189 2334 1381 2408; x_wconf 88' lang='lat' dir='ltr'>spreverunt</span> <span class='ocrx_word' id='word_1_204' title='bbox 1397 2345 1529 2387; x_wconf 86' lang='lat' dir='ltr'>auream</span> <span class='ocrx_word' id='word_1_205' title='bbox 1547 2335 1696 2404; x_wconf 85' lang='lat' dir='ltr'>statuam,</span> <span class='ocrx_word' id='word_1_206' title='bbox 1720 2323 1820 2388; x_wconf 88' lang='lat' dir='ltr'>idest</span> <span class='ocrx_word' id='word_1_207' title='bbox 1842 2323 2053 2410; x_wconf 82' lang='lat' dir='ltr'>ydolatriam,</span> 
     </span>
     <span class='ocr_line' id='line_1_19' title="bbox 391 2429 2060 2517; baseline 0.001 -24"><span class='ocrx_word' id='word_1_208' title='bbox 391 2433 611 2517; x_wconf 86' lang='lat' dir='ltr'>precipueque</span> <span class='ocrx_word' id='word_1_209' title='bbox 642 2431 836 2494; x_wconf 84' lang='lat' dir='ltr'>avariciam:</span> <span class='ocrx_word' id='word_1_210' title='bbox 869 2441 945 2493; x_wconf 90' lang='lat' dir='ltr'>tunc</span> <span class='ocrx_word' id='word_1_211' title='bbox 977 2451 1040 2492; x_wconf 92' lang='lat' dir='ltr'>non</span> <span class='ocrx_word' id='word_1_212' title='bbox 1072 2430 1220 2493; x_wconf 87' lang='lat' dir='ltr'>inmerito</span> <span class='ocrx_word' id='word_1_213' title='bbox 1245 2453 1264 2493; x_wconf 92' lang='lat' dir='ltr'>a</span> <span class='ocrx_word' id='word_1_214' title='bbox 1288 2429 1385 2494; x_wconf 89' lang='lat' dir='ltr'>Petro</span> <span class='ocrx_word' id='word_1_215' title='bbox 1410 2429 1555 2516; x_wconf 87' lang='lat' dir='ltr'>apostolo</span> <span class='ocrx_word' id='word_1_216' title='bbox 1579 2429 1657 2494; x_wconf 91' lang='lat' dir='ltr'>urbs</span> <span class='ocrx_word' id='word_1_217' title='bbox 1682 2431 1784 2494; x_wconf 88' lang='lat' dir='ltr'>Roma</span> <span class='ocrx_word' id='word_1_218' title='bbox 1811 2431 1939 2516; x_wconf 87' lang='lat' dir='ltr'>tropice</span> <span class='ocrx_word' id='word_1_219' title='bbox 1964 2430 2060 2495; x_wconf 86' lang='lat' dir='ltr'>dicta.</span> 
     </span>
    </p>

    <p class='ocr_par' dir='ltr' id='par_1_8' title="bbox 216 2535 2171 3154">
     <span class='ocr_line' id='line_1_20' title="bbox 216 2535 2056 2622; baseline 0 -22"><span class='ocrx_word' id='word_1_220' title='bbox 216 2563 233 2603; x_wconf 86' lang='lat' dir='ltr'>r.</span> <span class='ocrx_word' id='word_1_221' title='bbox 243 2562 301 2602; x_wconf 74' lang='lat' dir='ltr'>rar.</span> <span class='ocrx_word' id='word_1_222' title='bbox 312 2561 332 2610; x_wconf 82' lang='lat'>5,</span> <span class='ocrx_word' id='word_1_223' title='bbox 342 2563 373 2604; x_wconf 82' lang='lat' dir='ltr'>rs.</span> <span class='ocrx_word' id='word_1_224' title='bbox 392 2549 441 2601; x_wconf 91' lang='lat' dir='ltr'>est</span> <span class='ocrx_word' id='word_1_225' title='bbox 464 2537 649 2602; x_wconf 89' lang='lat' dir='ltr'>Babilonia:</span> <span class='ocrx_word' id='word_1_226' title='bbox 683 2539 817 2616; x_wconf 74' lang='lat' dir='ltr'>Salrrtot,</span> <span class='ocrx_word' id='word_1_227' title='bbox 847 2537 962 2622; x_wconf 90' lang='lat' dir='ltr'>inquit,</span> <span class='ocrx_word' id='word_1_228' title='bbox 996 2562 1047 2600; x_wconf 57' lang='lat' dir='ltr'>rios</span> <span class='ocrx_word' id='word_1_229' title='bbox 1070 2539 1221 2602; x_wconf 80' lang='lat' dir='ltr'>aecclesia</span> <span class='ocrx_word' id='word_1_230' title='bbox 1254 2540 1286 2600; x_wconf 79' lang='lat' dir='ltr'>ia</span> <span class='ocrx_word' id='word_1_231' title='bbox 1312 2537 1468 2600; x_wconf 64' lang='lat' dir='ltr'>,Bobr’loae</span> <span class='ocrx_word' id='word_1_232' title='bbox 1499 2538 1635 2601; x_wconf 82' lang='lat' dir='ltr'>collecta.</span> <span class='ocrx_word' id='word_1_233' title='bbox 1685 2535 1750 2601; x_wconf 86' lang='lat' dir='ltr'>Sed</span> <span class='ocrx_word' id='word_1_234' title='bbox 1781 2537 1975 2622; x_wconf 87' lang='lat' dir='ltr'>refrigera-to</span> <span class='ocrx_word' id='word_1_235' title='bbox 1999 2537 2056 2600; x_wconf 82' lang='lat' dir='ltr'>vel</span> 
     </span>
     <span class='ocr_line' id='line_1_21' title="bbox 392 2641 2171 2730; baseline 0.004 -24"><span class='ocrx_word' id='word_1_236' title='bbox 392 2645 535 2708; x_wconf 88' lang='lat' dir='ltr'>extincto</span> <span class='ocrx_word' id='word_1_237' title='bbox 560 2645 635 2728; x_wconf 87' lang='lat' dir='ltr'>igne</span> <span class='ocrx_word' id='word_1_238' title='bbox 659 2644 895 2730; x_wconf 83' lang='lat' dir='ltr'>persecutionis</span> <span class='ocrx_word' id='word_1_239' title='bbox 919 2643 952 2706; x_wconf 91' lang='lat' dir='ltr'>in</span> <span class='ocrx_word' id='word_1_240' title='bbox 976 2643 1113 2730; x_wconf 89' lang='lat' dir='ltr'>imperio</span> <span class='ocrx_word' id='word_1_241' title='bbox 1129 2642 1275 2706; x_wconf 91' lang='lat' dir='ltr'>Romano</span> <span class='ocrx_word' id='word_1_242' title='bbox 1300 2643 1364 2706; x_wconf 88' lang='lat' dir='ltr'>ianr</span> <span class='ocrx_word' id='word_1_243' title='bbox 1389 2642 1432 2706; x_wconf 90' lang='lat' dir='ltr'>ad</span> <span class='ocrx_word' id='word_1_244' title='bbox 1448 2641 1545 2706; x_wconf 90' lang='lat' dir='ltr'>fidem</span> <span class='ocrx_word' id='word_1_245' title='bbox 1563 2641 1684 2707; x_wconf 85' lang='lat' dir='ltr'>Christi</span> <span class='ocrx_word' id='word_1_246' title='bbox 1705 2655 1849 2725; x_wconf 85' lang='lat' dir='ltr'>curvato,</span> <span class='ocrx_word' id='word_1_247' title='bbox 1875 2645 1949 2730; x_wconf 88' lang='lat' dir='ltr'>ipsa</span> <span class='ocrx_word' id='word_1_248' title='bbox 1973 2643 2052 2707; x_wconf 83' lang='lat' dir='ltr'>urbs</span> <span class='ocrx_word' id='word_1_249' title='bbox 2088 2675 2171 2713; x_wconf 53' lang='lat' dir='ltr'>&amp;a</span> 
     </span>
     <span class='ocr_line' id='line_1_22' title="bbox 391 2747 2054 2835; baseline 0 -21"><span class='ocrx_word' id='word_1_250' title='bbox 391 2749 519 2814; x_wconf 89' lang='lat' dir='ltr'>urbium</span> <span class='ocrx_word' id='word_1_251' title='bbox 544 2750 648 2812; x_wconf 90' lang='lat' dir='ltr'>Roma</span> <span class='ocrx_word' id='word_1_252' title='bbox 670 2760 759 2812; x_wconf 89' lang='lat' dir='ltr'>recte</span> <span class='ocrx_word' id='word_1_253' title='bbox 784 2747 874 2834; x_wconf 87' lang='lat' dir='ltr'>Syon</span> <span class='ocrx_word' id='word_1_254' title='bbox 898 2749 1027 2830; x_wconf 90' lang='lat' dir='ltr'>dicitur,</span> <span class='ocrx_word' id='word_1_255' title='bbox 1052 2751 1175 2812; x_wconf 91' lang='lat' dir='ltr'>utiam</span> <span class='ocrx_word' id='word_1_256' title='bbox 1199 2748 1320 2812; x_wconf 90' lang='lat' dir='ltr'>dictum</span> <span class='ocrx_word' id='word_1_257' title='bbox 1345 2759 1403 2812; x_wconf 89' lang='lat' dir='ltr'>est.</span> <span class='ocrx_word' id='word_1_258' title='bbox 1452 2749 1566 2834; x_wconf 87' lang='lat' dir='ltr'>Neque</span> <span class='ocrx_word' id='word_1_259' title='bbox 1590 2748 1780 2814; x_wconf 88' lang='lat' dir='ltr'>Babilonice</span> <span class='ocrx_word' id='word_1_260' title='bbox 1805 2749 1975 2835; x_wconf 79' lang='lat' dir='ltr'>tyrannidi</span> <span class='ocrx_word' id='word_1_261' title='bbox 1999 2750 2054 2814; x_wconf 83' lang='lat' dir='ltr'>rel</span> 
     </span>
     <span class='ocr_line' id='line_1_23' title="bbox 392 2855 2047 2942; baseline 0 -22"><span class='ocrx_word' id='word_1_262' title='bbox 392 2857 573 2920; x_wconf 85' lang='lat' dir='ltr'>confusioni</span> <span class='ocrx_word' id='word_1_263' title='bbox 591 2855 631 2919; x_wconf 89' lang='lat' dir='ltr'>de</span> <span class='ocrx_word' id='word_1_264' title='bbox 648 2866 756 2919; x_wconf 88' lang='lat' dir='ltr'>cetero</span> <span class='ocrx_word' id='word_1_265' title='bbox 772 2855 862 2920; x_wconf 90' lang='lat' dir='ltr'>locus</span> <span class='ocrx_word' id='word_1_266' title='bbox 880 2867 929 2919; x_wconf 91' lang='lat' dir='ltr'>est</span> <span class='ocrx_word' id='word_1_267' title='bbox 944 2855 1179 2942; x_wconf 89' lang='lat' dir='ltr'>permittendus</span> <span class='ocrx_word' id='word_1_268' title='bbox 1199 2857 1233 2918; x_wconf 93' lang='lat' dir='ltr'>in</span> <span class='ocrx_word' id='word_1_269' title='bbox 1250 2878 1298 2932; x_wconf 88' lang='lat' dir='ltr'>ea,</span> <span class='ocrx_word' id='word_1_270' title='bbox 1317 2878 1390 2919; x_wconf 89' lang='lat' dir='ltr'>curn</span> <span class='ocrx_word' id='word_1_271' title='bbox 1407 2856 1448 2919; x_wconf 89' lang='lat' dir='ltr'>sit</span> <span class='ocrx_word' id='word_1_272' title='bbox 1465 2855 1539 2919; x_wconf 90' lang='lat' dir='ltr'>aula</span> <span class='ocrx_word' id='word_1_273' title='bbox 1556 2855 1751 2942; x_wconf 87' lang='lat' dir='ltr'>pudiciciae,</span> <span class='ocrx_word' id='word_1_274' title='bbox 1776 2856 1871 2920; x_wconf 85' lang='lat' dir='ltr'>sedes</span> <span class='ocrx_word' id='word_1_275' title='bbox 1888 2858 2047 2938; x_wconf 82' lang='lat' dir='ltr'>iusticias,</span> 
     </span>
     <span class='ocr_line' id='line_1_24' title="bbox 392 2960 2048 3050; baseline 0.001 -24"><span class='ocrx_word' id='word_1_276' title='bbox 392 2962 519 3048; x_wconf 87' lang='lat' dir='ltr'>asylum</span> <span class='ocrx_word' id='word_1_277' title='bbox 536 2962 701 3048; x_wconf 88' lang='lat' dir='ltr'>religionis</span> <span class='ocrx_word' id='word_1_278' title='bbox 719 2963 896 3026; x_wconf 88' lang='lat' dir='ltr'>canonicae</span> <span class='ocrx_word' id='word_1_279' title='bbox 913 2985 951 3026; x_wconf 89' lang='lat' dir='ltr'>ac</span> <span class='ocrx_word' id='word_1_280' title='bbox 968 2963 1178 3044; x_wconf 90' lang='lat' dir='ltr'>monasticae,</span> <span class='ocrx_word' id='word_1_281' title='bbox 1195 2960 1443 3025; x_wconf 88' lang='lat' dir='ltr'>rationabilibus</span> <span class='ocrx_word' id='word_1_282' title='bbox 1459 2962 1638 3047; x_wconf 83' lang='lat' dir='ltr'>privilegiis</span> <span class='ocrx_word' id='word_1_283' title='bbox 1655 2962 1744 3026; x_wconf 82' lang='lat' dir='ltr'>velut</span> <span class='ocrx_word' id='word_1_284' title='bbox 1764 2961 1961 3049; x_wconf 89' lang='lat' dir='ltr'>quibusdam</span> <span class='ocrx_word' id='word_1_285' title='bbox 1978 2987 2048 3050; x_wconf 90' lang='lat' dir='ltr'>pro-</span> 
     </span>
     <span class='ocr_line' id='line_1_25' title="bbox 391 3067 2045 3154; baseline 0.001 -22"><span class='ocrx_word' id='word_1_286' title='bbox 391 3068 583 3154; x_wconf 89' lang='lat' dir='ltr'>prrgnaculis</span> <span class='ocrx_word' id='word_1_287' title='bbox 600 3067 800 3132; x_wconf 85' lang='lat' dir='ltr'>defensando</span> <span class='ocrx_word' id='word_1_288' title='bbox 817 3068 961 3154; x_wconf 90' lang='lat' dir='ltr'>undique</span> <span class='ocrx_word' id='word_1_289' title='bbox 979 3067 1119 3132; x_wconf 88' lang='lat' dir='ltr'>claustra</span> <span class='ocrx_word' id='word_1_290' title='bbox 1135 3068 1284 3133; x_wconf 91' lang='lat' dir='ltr'>ordinata</span> <span class='ocrx_word' id='word_1_291' title='bbox 1304 3067 1505 3154; x_wconf 84' lang='lat' dir='ltr'>regulariter,</span> <span class='ocrx_word' id='word_1_292' title='bbox 1530 3081 1565 3132; x_wconf 93' lang='lat' dir='ltr'>ut</span> <span class='ocrx_word' id='word_1_293' title='bbox 1581 3067 1717 3133; x_wconf 92' lang='lat' dir='ltr'>liberum</span> <span class='ocrx_word' id='word_1_294' title='bbox 1735 3071 1826 3133; x_wconf 90' lang='lat' dir='ltr'>sitin</span> <span class='ocrx_word' id='word_1_295' title='bbox 1842 3071 1889 3133; x_wconf 87' lang='lat' dir='ltr'>eis</span> <span class='ocrx_word' id='word_1_296' title='bbox 1911 3072 2045 3134; x_wconf 90' lang='lat' dir='ltr'>cantori·</span> 
     </span>
    </p>
   </div>
   <div class='ocr_carea' id='block_1_5' title="bbox 162 3174 2078 3367">
    <p class='ocr_par' dir='ltr' id='par_1_9' title="bbox 162 3174 2078 3367">
     <span class='ocr_line' id='line_1_26' title="bbox 320 3174 2078 3280; baseline 0.002 -42"><span class='ocrx_word' id='word_1_297' title='bbox 320 3236 363 3280; x_wconf 59' lang='lat' dir='ltr'>,m</span> <span class='ocrx_word' id='word_1_298' title='bbox 391 3175 451 3239; x_wconf 89' lang='lat' dir='ltr'>bus</span> <span class='ocrx_word' id='word_1_299' title='bbox 472 3175 512 3238; x_wconf 90' lang='lat' dir='ltr'>de</span> <span class='ocrx_word' id='word_1_300' title='bbox 534 3177 669 3240; x_wconf 88' lang='lat' dir='ltr'>canticis</span> <span class='ocrx_word' id='word_1_301' title='bbox 688 3175 776 3261; x_wconf 83' lang='lat' dir='ltr'>Syon</span> <span class='ocrx_word' id='word_1_302' title='bbox 796 3198 911 3260; x_wconf 90' lang='lat' dir='ltr'>ymnos</span> <span class='ocrx_word' id='word_1_303' title='bbox 931 3175 1149 3260; x_wconf 85' lang='lat' dir='ltr'>frequentare,</span> <span class='ocrx_word' id='word_1_304' title='bbox 1170 3174 1349 3238; x_wconf 89' lang='lat' dir='ltr'>secundum</span> <span class='ocrx_word' id='word_1_305' title='bbox 1373 3174 1461 3260; x_wconf 93' lang='lat' dir='ltr'>quod</span> <span class='ocrx_word' id='word_1_306' title='bbox 1480 3191 1506 3240; x_wconf 83' lang='lat' dir='ltr'>tc</span> <span class='ocrx_word' id='word_1_307' title='bbox 1531 3176 1615 3241; x_wconf 83' lang='lat' dir='ltr'>deret</span> <span class='ocrx_word' id='word_1_308' title='bbox 1634 3202 1758 3263; x_wconf 78' lang='lat' dir='ltr'>pra-aua,</span> <span class='ocrx_word' id='word_1_309' title='bbox 1779 3177 1877 3257; x_wconf 82' lang='lat' dir='ltr'>Deus,</span> <span class='ocrx_word' id='word_1_310' title='bbox 1902 3180 1937 3242; x_wconf 83' lang='lat' dir='ltr'>r&#39;rr</span> <span class='ocrx_word' id='word_1_311' title='bbox 1954 3177 2044 3264; x_wconf 79' lang='lat' dir='ltr'>Spoa.</span> <span class='ocrx_word' id='word_1_312' title='bbox 2059 3203 2078 3242; x_wconf 82' lang='lat' dir='ltr'>a</span> 
     </span>
     <span class='ocr_line' id='line_1_27' title="bbox 162 3265 2045 3367; baseline 0.002 -24"><span class='ocrx_word' id='word_1_313' title='bbox 162 3292 314 3358; x_wconf 74' lang='lat' dir='ltr'>[Digressia</span> <span class='ocrx_word' id='word_1_314' title='bbox 338 3265 372 3344; x_wconf 80' lang='lat' dir='ltr'>ad</span> <span class='ocrx_word' id='word_1_315' title='bbox 499 3281 683 3347; x_wconf 85' lang='lat' dir='ltr'>Subsistere</span> <span class='ocrx_word' id='word_1_316' title='bbox 714 3281 767 3344; x_wconf 90' lang='lat' dir='ltr'>hic</span> <span class='ocrx_word' id='word_1_317' title='bbox 799 3280 878 3344; x_wconf 91' lang='lat' dir='ltr'>libet</span> <span class='ocrx_word' id='word_1_318' title='bbox 908 3280 1142 3366; x_wconf 89' lang='lat' dir='ltr'>aliquantulum</span> <span class='ocrx_word' id='word_1_319' title='bbox 1174 3293 1205 3344; x_wconf 92' lang='lat' dir='ltr'>et</span> <span class='ocrx_word' id='word_1_320' title='bbox 1236 3283 1419 3347; x_wconf 84' lang='lat' dir='ltr'>intonuisso</span> <span class='ocrx_word' id='word_1_321' title='bbox 1444 3280 1610 3367; x_wconf 87' lang='lat' dir='ltr'>paulisper</span> <span class='ocrx_word' id='word_1_322' title='bbox 1632 3285 1845 3367; x_wconf 85' lang='lat' dir='ltr'>expositionis</span> <span class='ocrx_word' id='word_1_323' title='bbox 1869 3307 1983 3364; x_wconf 89' lang='lat' dir='ltr'>cursu,</span> <span class='ocrx_word' id='word_1_324' title='bbox 2008 3283 2045 3346; x_wconf 87' lang='lat' dir='ltr'>ad</span> 
     </span>
    </p>
   </div>
   <div class='ocr_carea' id='block_1_6' title="bbox 161 3367 2045 3488">
    <p class='ocr_par' dir='ltr' id='par_1_10' title="bbox 161 3367 2045 3488">
     <span class='ocr_line' id='line_1_28' title="bbox 161 3367 2045 3488; baseline -0.001 -35"><span class='ocrx_word' id='word_1_325' title='bbox 161 3367 373 3488; x_wconf 50' lang='lat' dir='ltr'>Igffibffl‘elffl</span> <span class='ocrx_word' id='word_1_326' title='bbox 393 3412 447 3453; x_wconf 86' lang='lat' dir='ltr'>eos</span> <span class='ocrx_word' id='word_1_327' title='bbox 478 3388 646 3453; x_wconf 91' lang='lat' dir='ltr'>intendere</span> <span class='ocrx_word' id='word_1_328' title='bbox 672 3388 992 3474; x_wconf 57' lang='lat' dir='ltr'>“confutandoaqui</span> <span class='ocrx_word' id='word_1_329' title='bbox 1016 3411 1124 3450; x_wconf 92' lang='lat' dir='ltr'>muros</span> <span class='ocrx_word' id='word_1_330' title='bbox 1148 3387 1325 3452; x_wconf 89' lang='lat' dir='ltr'>Ierusalem</span> <span class='ocrx_word' id='word_1_331' title='bbox 1348 3388 1515 3452; x_wconf 89' lang='lat' dir='ltr'>destruere</span> <span class='ocrx_word' id='word_1_332' title='bbox 1541 3411 1713 3474; x_wconf 88' lang='lat' dir='ltr'>murosque</span> <span class='ocrx_word' id='word_1_333' title='bbox 1738 3387 1918 3471; x_wconf 88' lang='lat' dir='ltr'>Babilonis,</span> <span class='ocrx_word' id='word_1_334' title='bbox 1950 3413 2045 3476; x_wconf 91' lang='lat' dir='ltr'>quan-</span> 
     </span>
    </p>
   </div>
   <div class='ocr_carea' id='block_1_7' title="bbox 160 3493 2091 5814">
    <p class='ocr_par' dir='ltr' id='par_1_11' title="bbox 160 3493 2046 3582">
     <span class='ocr_line' id='line_1_29' title="bbox 160 3493 2046 3582; baseline 0.001 -24"><span class='ocrx_word' id='word_1_335' title='bbox 160 3508 372 3558; x_wconf 76' lang='lat' dir='ltr'>satomsrrtabi-</span> <span class='ocrx_word' id='word_1_336' title='bbox 392 3507 460 3561; x_wconf 92' lang='lat' dir='ltr'>tum</span> <span class='ocrx_word' id='word_1_337' title='bbox 491 3497 523 3558; x_wconf 93' lang='lat' dir='ltr'>irr</span> <span class='ocrx_word' id='word_1_338' title='bbox 554 3497 633 3581; x_wconf 89' lang='lat' dir='ltr'>ipsis</span> <span class='ocrx_word' id='word_1_339' title='bbox 665 3505 722 3574; x_wconf 89' lang='lat' dir='ltr'>est,</span> <span class='ocrx_word' id='word_1_340' title='bbox 755 3505 913 3558; x_wconf 90' lang='lat' dir='ltr'>conantur</span> <span class='ocrx_word' id='word_1_341' title='bbox 944 3493 1107 3558; x_wconf 89' lang='lat' dir='ltr'>edificare.</span> <span class='ocrx_word' id='word_1_342' title='bbox 1162 3495 1276 3558; x_wconf 91' lang='lat' dir='ltr'>Nonne</span> <span class='ocrx_word' id='word_1_343' title='bbox 1308 3495 1363 3580; x_wconf 94' lang='lat' dir='ltr'>qui</span> <span class='ocrx_word' id='word_1_344' title='bbox 1398 3517 1436 3557; x_wconf 89' lang='lat' dir='ltr'>ea</span> <span class='ocrx_word' id='word_1_345' title='bbox 1469 3517 1532 3579; x_wconf 91' lang='lat' dir='ltr'>qne</span> <span class='ocrx_word' id='word_1_346' title='bbox 1562 3495 1654 3559; x_wconf 90' lang='lat' dir='ltr'>Deus</span> <span class='ocrx_word' id='word_1_347' title='bbox 1686 3497 1855 3560; x_wconf 86' lang='lat' dir='ltr'>coniunxit</span> <span class='ocrx_word' id='word_1_348' title='bbox 1884 3507 2046 3582; x_wconf 76' lang='lat' dir='ltr'>separant,</span> 
     </span>
    </p>

    <p class='ocr_par' dir='ltr' id='par_1_12' title="bbox 222 3577 2085 3800">
     <span class='ocr_line' id='line_1_30' title="bbox 222 3577 2046 3688; baseline 0 -22"><span class='ocrx_word' id='word_1_349' title='bbox 222 3577 372 3685; x_wconf 50' lang='lat' dir='ltr'>¹⁰¹¹i⁸lrgg</span> <span class='ocrx_word' id='word_1_350' title='bbox 392 3602 445 3666; x_wconf 87' lang='lat' dir='ltr'>vel</span> <span class='ocrx_word' id='word_1_351' title='bbox 469 3625 553 3688; x_wconf 91' lang='lat' dir='ltr'>quae</span> <span class='ocrx_word' id='word_1_352' title='bbox 577 3603 646 3687; x_wconf 87' lang='lat' dir='ltr'>ipse</span> <span class='ocrx_word' id='word_1_353' title='bbox 671 3601 828 3664; x_wconf 90' lang='lat' dir='ltr'>disiunxit</span> <span class='ocrx_word' id='word_1_354' title='bbox 852 3623 890 3664; x_wconf 90' lang='lat' dir='ltr'>ac</span> <span class='ocrx_word' id='word_1_355' title='bbox 915 3599 1064 3664; x_wconf 84' lang='lat' dir='ltr'>distinxit</span> <span class='ocrx_word' id='word_1_356' title='bbox 1087 3601 1120 3664; x_wconf 92' lang='lat' dir='ltr'>in</span> <span class='ocrx_word' id='word_1_357' title='bbox 1148 3625 1247 3664; x_wconf 88' lang='lat' dir='ltr'>rurum</span> <span class='ocrx_word' id='word_1_358' title='bbox 1271 3600 1483 3681; x_wconf 86' lang='lat' dir='ltr'>confundunt,</span> <span class='ocrx_word' id='word_1_359' title='bbox 1508 3623 1616 3664; x_wconf 88' lang='lat' dir='ltr'>muros</span> <span class='ocrx_word' id='word_1_360' title='bbox 1639 3601 1817 3682; x_wconf 89' lang='lat' dir='ltr'>Babilonis,</span> <span class='ocrx_word' id='word_1_361' title='bbox 1842 3602 1877 3666; x_wconf 92' lang='lat' dir='ltr'>id</span> <span class='ocrx_word' id='word_1_362' title='bbox 1901 3615 1951 3667; x_wconf 87' lang='lat' dir='ltr'>est</span> <span class='ocrx_word' id='word_1_363' title='bbox 1974 3626 2046 3667; x_wconf 93' lang='lat' dir='ltr'>con·</span> 
     </span>
     <span class='ocr_line' id='line_1_31' title="bbox 229 3700 2085 3800; baseline 0.001 -28"><span class='ocrx_word' id='word_1_364' title='bbox 229 3700 372 3800; x_wconf 47' lang='lat' dir='ltr'>mnffigg</span> <span class='ocrx_word' id='word_1_365' title='bbox 392 3709 542 3790; x_wconf 76' lang='lat' dir='ltr'>fusioniS,</span> <span class='ocrx_word' id='word_1_366' title='bbox 571 3710 604 3771; x_wconf 94' lang='lat' dir='ltr'>in</span> <span class='ocrx_word' id='word_1_367' title='bbox 635 3707 733 3772; x_wconf 91' lang='lat' dir='ltr'>altum</span> <span class='ocrx_word' id='word_1_368' title='bbox 765 3706 939 3771; x_wconf 80' lang='lat' dir='ltr'>attollunt?</span> <span class='ocrx_word' id='word_1_369' title='bbox 985 3707 1162 3793; x_wconf 89' lang='lat' dir='ltr'>Imperium</span> <span class='ocrx_word' id='word_1_370' title='bbox 1194 3730 1322 3793; x_wconf 88' lang='lat' dir='ltr'>quoque</span> <span class='ocrx_word' id='word_1_371' title='bbox 1353 3708 1535 3771; x_wconf 86' lang='lat' dir='ltr'>Romanum</span> <span class='ocrx_word' id='word_1_372' title='bbox 1565 3709 1710 3772; x_wconf 90' lang='lat' dir='ltr'>nituntur</span> <span class='ocrx_word' id='word_1_373' title='bbox 1739 3709 1848 3773; x_wconf 85' lang='lat' dir='ltr'>facere</span> <span class='ocrx_word' id='word_1_374' title='bbox 1881 3709 2047 3774; x_wconf 92' lang='lat' dir='ltr'>Babiloni-</span> <span class='ocrx_word' id='word_1_375' title='bbox 2063 3737 2085 3774; x_wconf 81' lang='lat' dir='ltr'>ro</span> 
     </span>
    </p>

    <p class='ocr_par' dir='ltr' id='par_1_13' title="bbox 393 3811 2048 3901">
     <span class='ocr_line' id='line_1_32' title="bbox 393 3811 2048 3901; baseline 0 -21"><span class='ocrx_word' id='word_1_376' title='bbox 393 3838 476 3896; x_wconf 90' lang='lat' dir='ltr'>curn,</span> <span class='ocrx_word' id='word_1_377' title='bbox 509 3825 541 3878; x_wconf 90' lang='lat' dir='ltr'>et</span> <span class='ocrx_word' id='word_1_378' title='bbox 571 3814 657 3901; x_wconf 91' lang='lat' dir='ltr'>quod</span> <span class='ocrx_word' id='word_1_379' title='bbox 681 3815 774 3900; x_wconf 90' lang='lat' dir='ltr'>peius</span> <span class='ocrx_word' id='word_1_380' title='bbox 799 3825 847 3877; x_wconf 87' lang='lat' dir='ltr'>cst</span> <span class='ocrx_word' id='word_1_381' title='bbox 878 3837 1013 3898; x_wconf 88' lang='lat' dir='ltr'>regnum</span> <span class='ocrx_word' id='word_1_382' title='bbox 1038 3813 1249 3877; x_wconf 89' lang='lat' dir='ltr'>christianum</span> <span class='ocrx_word' id='word_1_383' title='bbox 1272 3813 1385 3878; x_wconf 83' lang='lat' dir='ltr'>volunt</span> <span class='ocrx_word' id='word_1_384' title='bbox 1409 3837 1479 3878; x_wconf 90' lang='lat' dir='ltr'>esse</span> <span class='ocrx_word' id='word_1_385' title='bbox 1503 3837 1684 3900; x_wconf 90' lang='lat' dir='ltr'>paganum:</span> <span class='ocrx_word' id='word_1_386' title='bbox 1704 3811 1769 3879; x_wconf 86' lang='lat' dir='ltr'>¹vel</span> <span class='ocrx_word' id='word_1_387' title='bbox 1793 3827 1880 3880; x_wconf 87' lang='lat' dir='ltr'>certe</span> <span class='ocrx_word' id='word_1_388' title='bbox 1905 3816 1946 3880; x_wconf 92' lang='lat' dir='ltr'>de</span> <span class='ocrx_word' id='word_1_389' title='bbox 1971 3816 2048 3880; x_wconf 92' lang='lat' dir='ltr'>duo·</span> 
     </span>
    </p>

    <p class='ocr_par' dir='ltr' id='par_1_14' title="bbox 393 3919 2047 4008">
     <span class='ocr_line' id='line_1_33' title="bbox 393 3919 2047 4008; baseline 0.001 -24"><span class='ocrx_word' id='word_1_390' title='bbox 393 3921 452 3985; x_wconf 91' lang='lat' dir='ltr'>bus</span> <span class='ocrx_word' id='word_1_391' title='bbox 481 3920 740 4008; x_wconf 86' lang='lat' dir='ltr'>repugnantibus</span> <span class='ocrx_word' id='word_1_392' title='bbox 771 3920 902 3984; x_wconf 87' lang='lat' dir='ltr'>insimul</span> <span class='ocrx_word' id='word_1_393' title='bbox 933 3920 1075 3984; x_wconf 86' lang='lat' dir='ltr'>confusis</span> <span class='ocrx_word' id='word_1_394' title='bbox 1098 3931 1282 3984; x_wconf 89' lang='lat' dir='ltr'>restaurant</span> <span class='ocrx_word' id='word_1_395' title='bbox 1312 3943 1447 4004; x_wconf 88' lang='lat' dir='ltr'>regnum</span> <span class='ocrx_word' id='word_1_396' title='bbox 1471 3919 1638 3985; x_wconf 89' lang='lat' dir='ltr'>Babilonis</span> <span class='ocrx_word' id='word_1_397' title='bbox 1663 3931 1695 3985; x_wconf 89' lang='lat' dir='ltr'>et</span> <span class='ocrx_word' id='word_1_398' title='bbox 1718 3924 1914 3986; x_wconf 88' lang='lat' dir='ltr'>resuscitant</span> <span class='ocrx_word' id='word_1_399' title='bbox 1937 3945 2047 4008; x_wconf 88' lang='lat' dir='ltr'>regern</span> 
     </span>
    </p>

    <p class='ocr_par' dir='ltr' id='par_1_15' title="bbox 251 4026 2048 4115">
     <span class='ocr_line' id='line_1_34' title="bbox 251 4026 2048 4115; baseline 0.001 -24"><span class='ocrx_word' id='word_1_400' title='bbox 251 4054 373 4102; x_wconf 58' lang='lat' dir='ltr'>reasons.</span> <span class='ocrx_word' id='word_1_401' title='bbox 393 4030 472 4110; x_wconf 91' lang='lat' dir='ltr'>eius,</span> <span class='ocrx_word' id='word_1_402' title='bbox 498 4028 538 4092; x_wconf 89' lang='lat' dir='ltr'>dc</span> <span class='ocrx_word' id='word_1_403' title='bbox 563 4051 626 4113; x_wconf 91' lang='lat' dir='ltr'>quo</span> <span class='ocrx_word' id='word_1_404' title='bbox 650 4027 811 4091; x_wconf 88' lang='lat' dir='ltr'>Dominus</span> <span class='ocrx_word' id='word_1_405' title='bbox 840 4028 873 4089; x_wconf 94' lang='lat' dir='ltr'>in</span> <span class='ocrx_word' id='word_1_406' title='bbox 897 4026 1056 4112; x_wconf 90' lang='lat' dir='ltr'>propheta</span> <span class='ocrx_word' id='word_1_407' title='bbox 1079 4026 1219 4090; x_wconf 87' lang='lat' dir='ltr'>Ieremia</span> <span class='ocrx_word' id='word_1_408' title='bbox 1247 4027 1456 4112; x_wconf 85' lang='lat' dir='ltr'>conqueritur</span> <span class='ocrx_word' id='word_1_409' title='bbox 1480 4027 1609 4092; x_wconf 88' lang='lat' dir='ltr'>dicens:</span> <span class='ocrx_word' id='word_1_410' title='bbox 1636 4029 1725 4092; x_wconf 63' lang='lat' dir='ltr'>tir-er</span> <span class='ocrx_word' id='word_1_411' title='bbox 1747 4030 1911 4115; x_wconf 78' lang='lat' dir='ltr'>dispersus</span> <span class='ocrx_word' id='word_1_412' title='bbox 1935 4029 2048 4108; x_wconf 83' lang='lat' dir='ltr'>Israel,</span> 
     </span>
    </p>

    <p class='ocr_par' dir='ltr' id='par_1_16' title="bbox 392 4134 2089 4328">
     <span class='ocr_line' id='line_1_35' title="bbox 394 4134 2047 4206; baseline 0 -7"><span class='ocrx_word' id='word_1_413' title='bbox 394 4137 494 4200; x_wconf 82' lang='lat' dir='ltr'>leones</span> <span class='ocrx_word' id='word_1_414' title='bbox 517 4135 715 4198; x_wconf 81' lang='lat' dir='ltr'>comederunt</span> <span class='ocrx_word' id='word_1_415' title='bbox 737 4159 813 4198; x_wconf 80' lang='lat' dir='ltr'>error.</span> <span class='ocrx_word' id='word_1_416' title='bbox 862 4134 991 4198; x_wconf 75' lang='lat' dir='ltr'>Priamo</span> <span class='ocrx_word' id='word_1_417' title='bbox 1015 4135 1148 4197; x_wconf 71' lang='lat' dir='ltr'>conradi!</span> <span class='ocrx_word' id='word_1_418' title='bbox 1170 4159 1238 4196; x_wconf 83' lang='lat' dir='ltr'>crrrrr</span> <span class='ocrx_word' id='word_1_419' title='bbox 1263 4159 1319 4198; x_wconf 80' lang='lat' dir='ltr'>rar</span> <span class='ocrx_word' id='word_1_420' title='bbox 1342 4135 1463 4206; x_wconf 64' lang='lat' dir='ltr'>Aesim·</span> <span class='ocrx_word' id='word_1_421' title='bbox 1495 4138 1550 4199; x_wconf 78' lang='lat' dir='ltr'>r&#39;ate</span> <span class='ocrx_word' id='word_1_422' title='bbox 1581 4139 1770 4200; x_wconf 79' lang='lat' dir='ltr'>rrorrr‘asirrraa</span> <span class='ocrx_word' id='word_1_423' title='bbox 1801 4139 1959 4201; x_wconf 80' lang='lat' dir='ltr'>earossarr&#39;t</span> <span class='ocrx_word' id='word_1_424' title='bbox 1980 4162 2047 4200; x_wconf 85' lang='lat' dir='ltr'>eum</span> 
     </span>
     <span class='ocr_line' id='line_1_36' title="bbox 392 4238 2089 4328; baseline 0.001 -24"><span class='ocrx_word' id='word_1_425' title='bbox 392 4242 681 4306; x_wconf 71' lang='lat' dir='ltr'>Nobrrelrodoaosor</span> <span class='ocrx_word' id='word_1_426' title='bbox 704 4267 761 4304; x_wconf 81' lang='lat' dir='ltr'>rar</span> <span class='ocrx_word' id='word_1_427' title='bbox 784 4241 962 4304; x_wconf 78' lang='lat' dir='ltr'>Babilonis.</span> <span class='ocrx_word' id='word_1_428' title='bbox 1011 4240 1098 4303; x_wconf 78' lang='lat' dir='ltr'>Vere</span> <span class='ocrx_word' id='word_1_429' title='bbox 1129 4239 1238 4303; x_wconf 89' lang='lat' dir='ltr'>leones</span> <span class='ocrx_word' id='word_1_430' title='bbox 1268 4238 1415 4304; x_wconf 88' lang='lat' dir='ltr'>bestialis</span> <span class='ocrx_word' id='word_1_431' title='bbox 1446 4241 1623 4305; x_wconf 88' lang='lat' dir='ltr'>ferocitatis</span> <span class='ocrx_word' id='word_1_432' title='bbox 1647 4243 1811 4328; x_wconf 88' lang='lat' dir='ltr'>principes</span> <span class='ocrx_word' id='word_1_433' title='bbox 1836 4242 2049 4306; x_wconf 91' lang='lat' dir='ltr'>comederunt</span> <span class='ocrx_word' id='word_1_434' title='bbox 2066 4266 2089 4306; x_wconf 80' lang='lat' dir='ltr'>a</span> 
     </span>
    </p>

    <p class='ocr_par' dir='ltr' id='par_1_17' title="bbox 393 4345 2049 4434">
     <span class='ocr_line' id='line_1_37' title="bbox 393 4345 2049 4434; baseline 0.002 -24"><span class='ocrx_word' id='word_1_435' title='bbox 393 4371 525 4432; x_wconf 87' lang='lat' dir='ltr'>gregem</span> <span class='ocrx_word' id='word_1_436' title='bbox 554 4347 704 4410; x_wconf 88' lang='lat' dir='ltr'>Domini:</span> <span class='ocrx_word' id='word_1_437' title='bbox 737 4357 768 4410; x_wconf 90' lang='lat' dir='ltr'>et</span> <span class='ocrx_word' id='word_1_438' title='bbox 798 4348 921 4432; x_wconf 91' lang='lat' dir='ltr'>primus</span> <span class='ocrx_word' id='word_1_439' title='bbox 952 4368 1011 4410; x_wconf 93' lang='lat' dir='ltr'>rex</span> <span class='ocrx_word' id='word_1_440' title='bbox 1039 4345 1152 4426; x_wconf 81' lang='lat' dir='ltr'>Assur,</span> <span class='ocrx_word' id='word_1_441' title='bbox 1185 4345 1273 4431; x_wconf 88' lang='lat' dir='ltr'>quia&#39;</span> <span class='ocrx_word' id='word_1_442' title='bbox 1292 4348 1414 4432; x_wconf 84' lang='lat' dir='ltr'>primus</span> <span class='ocrx_word' id='word_1_443' title='bbox 1445 4348 1598 4434; x_wconf 90' lang='lat' dir='ltr'>princeps</span> <span class='ocrx_word' id='word_1_444' title='bbox 1622 4348 1841 4434; x_wconf 84' lang='lat' dir='ltr'>Assyriorum,</span> <span class='ocrx_word' id='word_1_445' title='bbox 1873 4349 2049 4413; x_wconf 90' lang='lat' dir='ltr'>ludeorum</span> 
     </span>
    </p>

    <p class='ocr_par' dir='ltr' id='par_1_18' title="bbox 394 4452 2050 4540">
     <span class='ocr_line' id='line_1_38' title="bbox 394 4452 2050 4540; baseline 0.003 -25"><span class='ocrx_word' id='word_1_446' title='bbox 394 4453 517 4518; x_wconf 85' lang='lat' dir='ltr'>scilicet</span> <span class='ocrx_word' id='word_1_447' title='bbox 546 4455 669 4539; x_wconf 88' lang='lat' dir='ltr'>seipsos</span> <span class='ocrx_word' id='word_1_448' title='bbox 699 4452 917 4537; x_wconf 89' lang='lat' dir='ltr'>dirigentium,</span> <span class='ocrx_word' id='word_1_449' title='bbox 943 4453 1084 4516; x_wconf 90' lang='lat' dir='ltr'>comedit</span> <span class='ocrx_word' id='word_1_450' title='bbox 1107 4476 1192 4533; x_wconf 89' lang='lat' dir='ltr'>eum,</span> <span class='ocrx_word' id='word_1_451' title='bbox 1216 4452 1268 4516; x_wconf 84' lang='lat' dir='ltr'>vel</span> <span class='ocrx_word' id='word_1_452' title='bbox 1293 4453 1422 4538; x_wconf 92' lang='lat' dir='ltr'>quando</span> <span class='ocrx_word' id='word_1_453' title='bbox 1446 4453 1582 4540; x_wconf 89' lang='lat' dir='ltr'>Pylatus</span> <span class='ocrx_word' id='word_1_454' title='bbox 1606 4477 1717 4518; x_wconf 89' lang='lat' dir='ltr'>eorum</span> <span class='ocrx_word' id='word_1_455' title='bbox 1741 4455 1905 4518; x_wconf 86' lang='lat' dir='ltr'>tetrarcha</span> <span class='ocrx_word' id='word_1_456' title='bbox 1929 4455 2050 4520; x_wconf 89' lang='lat' dir='ltr'>occidit</span> 
     </span>
    </p>

    <p class='ocr_par' dir='ltr' id='par_1_19' title="bbox 394 4559 2050 4648">
     <span class='ocr_line' id='line_1_39' title="bbox 394 4559 2050 4648; baseline 0.002 -25"><span class='ocrx_word' id='word_1_457' title='bbox 394 4559 568 4638; x_wconf 83' lang='lat' dir='ltr'>Christum,</span> <span class='ocrx_word' id='word_1_458' title='bbox 595 4559 740 4644; x_wconf 87' lang='lat' dir='ltr'>disperso</span> <span class='ocrx_word' id='word_1_459' title='bbox 764 4581 863 4644; x_wconf 89' lang='lat' dir='ltr'>grege</span> <span class='ocrx_word' id='word_1_460' title='bbox 889 4559 1119 4644; x_wconf 86' lang='lat' dir='ltr'>discipulorum</span> <span class='ocrx_word' id='word_1_461' title='bbox 1144 4561 1223 4640; x_wconf 91' lang='lat' dir='ltr'>eius,</span> <span class='ocrx_word' id='word_1_462' title='bbox 1245 4559 1297 4622; x_wconf 83' lang='lat' dir='ltr'>vel</span> <span class='ocrx_word' id='word_1_463' title='bbox 1314 4560 1444 4644; x_wconf 91' lang='lat' dir='ltr'>quando</span> <span class='ocrx_word' id='word_1_464' title='bbox 1469 4561 1548 4648; x_wconf 90' lang='lat' dir='ltr'>ipsis</span> <span class='ocrx_word' id='word_1_465' title='bbox 1564 4561 1674 4624; x_wconf 89' lang='lat' dir='ltr'>Iudeis</span> <span class='ocrx_word' id='word_1_466' title='bbox 1699 4560 1939 4625; x_wconf 89' lang='lat' dir='ltr'>concitantibus</span> <span class='ocrx_word' id='word_1_467' title='bbox 1964 4564 2050 4626; x_wconf 90' lang='lat' dir='ltr'>misit</span> 
     </span>
    </p>

    <p class='ocr_par' dir='ltr' id='par_1_20' title="bbox 393 4664 2091 4860">
     <span class='ocr_line' id='line_1_40' title="bbox 393 4664 2049 4753; baseline 0.003 -26"><span class='ocrx_word' id='word_1_468' title='bbox 393 4688 453 4730; x_wconf 87' lang='lat' dir='ltr'>rex</span> <span class='ocrx_word' id='word_1_469' title='bbox 468 4664 618 4728; x_wconf 88' lang='lat' dir='ltr'>Herodes</span> <span class='ocrx_word' id='word_1_470' title='bbox 642 4688 767 4746; x_wconf 89' lang='lat' dir='ltr'>marrus,</span> <span class='ocrx_word' id='word_1_471' title='bbox 791 4676 827 4728; x_wconf 92' lang='lat' dir='ltr'>ut</span> <span class='ocrx_word' id='word_1_472' title='bbox 850 4664 1010 4750; x_wconf 85' lang='lat' dir='ltr'>affligeret</span> <span class='ocrx_word' id='word_1_473' title='bbox 1027 4664 1183 4751; x_wconf 90' lang='lat' dir='ltr'>quosdam</span> <span class='ocrx_word' id='word_1_474' title='bbox 1204 4664 1244 4728; x_wconf 93' lang='lat' dir='ltr'>de</span> <span class='ocrx_word' id='word_1_475' title='bbox 1261 4666 1431 4730; x_wconf 90' lang='lat' dir='ltr'>aecclesia.</span> <span class='ocrx_word' id='word_1_476' title='bbox 1467 4667 1597 4732; x_wconf 87' lang='lat' dir='ltr'>Deinde</span> <span class='ocrx_word' id='word_1_477' title='bbox 1614 4668 1732 4753; x_wconf 89' lang='lat' dir='ltr'>reliqui</span> <span class='ocrx_word' id='word_1_478' title='bbox 1754 4668 1865 4732; x_wconf 89' lang='lat' dir='ltr'>leones</span> <span class='ocrx_word' id='word_1_479' title='bbox 1882 4691 1901 4732; x_wconf 91' lang='lat' dir='ltr'>a</span> <span class='ocrx_word' id='word_1_480' title='bbox 1918 4669 2049 4733; x_wconf 87' lang='lat' dir='ltr'>Nerone</span> 
     </span>
     <span class='ocr_line' id='line_1_41' title="bbox 395 4770 2091 4860; baseline 0.001 -24"><span class='ocrx_word' id='word_1_481' title='bbox 395 4794 496 4857; x_wconf 89' lang='lat' dir='ltr'>usque</span> <span class='ocrx_word' id='word_1_482' title='bbox 518 4771 560 4834; x_wconf 91' lang='lat' dir='ltr'>ad</span> <span class='ocrx_word' id='word_1_483' title='bbox 580 4770 822 4834; x_wconf 88' lang='lat' dir='ltr'>Diocletianum</span> <span class='ocrx_word' id='word_1_484' title='bbox 846 4794 905 4856; x_wconf 88' lang='lat' dir='ltr'>per·</span> <span class='ocrx_word' id='word_1_485' title='bbox 921 4771 954 4834; x_wconf 91' lang='lat' dir='ltr'>X</span> <span class='ocrx_word' id='word_1_486' title='bbox 970 4770 1170 4836; x_wconf 91' lang='lat' dir='ltr'>universales</span> <span class='ocrx_word' id='word_1_487' title='bbox 1193 4774 1435 4856; x_wconf 86' lang='lat' dir='ltr'>persecutiones</span> <span class='ocrx_word' id='word_1_488' title='bbox 1460 4775 1505 4838; x_wconf 88' lang='lat' dir='ltr'>ita</span> <span class='ocrx_word' id='word_1_489' title='bbox 1528 4774 1738 4839; x_wconf 88' lang='lat' dir='ltr'>comederunt</span> <span class='ocrx_word' id='word_1_490' title='bbox 1762 4797 1801 4838; x_wconf 92' lang='lat' dir='ltr'>ac</span> <span class='ocrx_word' id='word_1_491' title='bbox 1825 4774 2050 4860; x_wconf 89' lang='lat' dir='ltr'>disperserrmt</span> <span class='ocrx_word' id='word_1_492' title='bbox 2067 4799 2091 4837; x_wconf 85' lang='lat' dir='ltr'>ro</span> 
     </span>
    </p>

    <p class='ocr_par' dir='ltr' id='par_1_21' title="bbox 230 4876 2049 4967">
     <span class='ocr_line' id='line_1_42' title="bbox 230 4876 2049 4967; baseline 0.002 -25"><span class='ocrx_word' id='word_1_493' title='bbox 230 4905 374 4952; x_wconf 65' lang='lat' dir='ltr'>censear.</span> <span class='ocrx_word' id='word_1_494' title='bbox 394 4901 528 4964; x_wconf 85' lang='lat' dir='ltr'>gregem</span> <span class='ocrx_word' id='word_1_495' title='bbox 551 4877 696 4958; x_wconf 91' lang='lat' dir='ltr'>Domini,</span> <span class='ocrx_word' id='word_1_496' title='bbox 726 4889 760 4941; x_wconf 92' lang='lat' dir='ltr'>ut</span> <span class='ocrx_word' id='word_1_497' title='bbox 791 4877 845 4941; x_wconf 90' lang='lat' dir='ltr'>illa</span> <span class='ocrx_word' id='word_1_498' title='bbox 874 4876 981 4941; x_wconf 89' lang='lat' dir='ltr'>bestia</span> <span class='ocrx_word' id='word_1_499' title='bbox 1004 4878 1037 4941; x_wconf 88' lang='lat' dir='ltr'>X</span> <span class='ocrx_word' id='word_1_500' title='bbox 1062 4876 1213 4940; x_wconf 88' lang='lat' dir='ltr'>cornibus</span> <span class='ocrx_word' id='word_1_501' title='bbox 1245 4876 1398 4943; x_wconf 89' lang='lat' dir='ltr'>terribilis</span> <span class='ocrx_word' id='word_1_502' title='bbox 1422 4880 1554 4944; x_wconf 87' lang='lat' dir='ltr'>Danieli</span> <span class='ocrx_word' id='word_1_503' title='bbox 1585 4891 1785 4966; x_wconf 91' lang='lat' dir='ltr'>preostensa,</span> <span class='ocrx_word' id='word_1_504' title='bbox 1816 4883 1881 4944; x_wconf 90' lang='lat' dir='ltr'>iarn</span> <span class='ocrx_word' id='word_1_505' title='bbox 1913 4881 2049 4967; x_wconf 87' lang='lat' dir='ltr'>singulis</span> 
     </span>
    </p>

    <p class='ocr_par' dir='ltr' id='par_1_22' title="bbox 394 4982 2050 5071">
     <span class='ocr_line' id='line_1_43' title="bbox 394 4982 2050 5071; baseline 0.001 -21"><span class='ocrx_word' id='word_1_506' title='bbox 394 4983 547 5050; x_wconf 89' lang='lat' dir='ltr'>cornibus</span> <span class='ocrx_word' id='word_1_507' title='bbox 576 4985 608 5046; x_wconf 92' lang='lat' dir='ltr'>in</span> <span class='ocrx_word' id='word_1_508' title='bbox 633 4983 767 5068; x_wconf 88' lang='lat' dir='ltr'>singulis</span> <span class='ocrx_word' id='word_1_509' title='bbox 791 4983 1072 5069; x_wconf 88' lang='lat' dir='ltr'>persecutionibus</span> <span class='ocrx_word' id='word_1_510' title='bbox 1097 4982 1279 5048; x_wconf 87' lang='lat' dir='ltr'>debachata</span> <span class='ocrx_word' id='word_1_511' title='bbox 1303 4997 1335 5049; x_wconf 91' lang='lat' dir='ltr'>et</span> <span class='ocrx_word' id='word_1_512' title='bbox 1358 4988 1515 5071; x_wconf 86' lang='lat' dir='ltr'>sanguine</span> <span class='ocrx_word' id='word_1_513' title='bbox 1545 4997 1728 5052; x_wconf 89' lang='lat' dir='ltr'>sanctorum</span> <span class='ocrx_word' id='word_1_514' title='bbox 1752 4988 1876 5051; x_wconf 88' lang='lat' dir='ltr'>saciata</span> <span class='ocrx_word' id='word_1_515' title='bbox 1899 4989 1942 5052; x_wconf 91' lang='lat' dir='ltr'>sit</span> <span class='ocrx_word' id='word_1_516' title='bbox 1965 4987 2050 5052; x_wconf 87' lang='lat' dir='ltr'>ultra</span> 
     </span>
    </p>

    <p class='ocr_par' dir='ltr' id='par_1_23' title="bbox 208 5089 2050 5212">
     <span class='ocr_line' id='line_1_44' title="bbox 208 5089 2050 5212; baseline 0.002 -58"><span class='ocrx_word' id='word_1_517' title='bbox 208 5153 259 5212; x_wconf 58' lang='lat' dir='ltr'>me</span> <span class='ocrx_word' id='word_1_518' title='bbox 280 5157 373 5206; x_wconf 79' lang='lat' dir='ltr'>decern</span> <span class='ocrx_word' id='word_1_519' title='bbox 394 5115 491 5178; x_wconf 91' lang='lat' dir='ltr'>quam</span> <span class='ocrx_word' id='word_1_520' title='bbox 516 5090 581 5154; x_wconf 88' lang='lat' dir='ltr'>dici</span> <span class='ocrx_word' id='word_1_521' title='bbox 605 5091 715 5175; x_wconf 87' lang='lat' dir='ltr'>possit.</span> <span class='ocrx_word' id='word_1_522' title='bbox 762 5090 805 5152; x_wconf 84' lang='lat' dir='ltr'>Et</span> <span class='ocrx_word' id='word_1_523' title='bbox 830 5091 906 5175; x_wconf 90' lang='lat' dir='ltr'>quia</span> <span class='ocrx_word' id='word_1_524' title='bbox 929 5089 1042 5153; x_wconf 93' lang='lat' dir='ltr'>ultima</span> <span class='ocrx_word' id='word_1_525' title='bbox 1065 5092 1289 5175; x_wconf 87' lang='lat' dir='ltr'>persecutione</span> <span class='ocrx_word' id='word_1_526' title='bbox 1315 5091 1521 5156; x_wconf 90' lang='lat' dir='ltr'>Diocletiano</span> <span class='ocrx_word' id='word_1_527' title='bbox 1547 5103 1578 5156; x_wconf 92' lang='lat' dir='ltr'>et</span> <span class='ocrx_word' id='word_1_528' title='bbox 1601 5093 1801 5158; x_wconf 88' lang='lat' dir='ltr'>Maximiano</span> <span class='ocrx_word' id='word_1_529' title='bbox 1825 5095 2050 5158; x_wconf 88' lang='lat' dir='ltr'>tirannizanti·</span> 
     </span>
    </p>

    <p class='ocr_par' dir='ltr' id='par_1_24' title="bbox 209 5195 2091 5388">
     <span class='ocr_line' id='line_1_45' title="bbox 209 5195 2050 5284; baseline 0.001 -23"><span class='ocrx_word' id='word_1_530' title='bbox 209 5215 357 5278; x_wconf 74' lang='lat' dir='ltr'>&#39;cominus</span> <span class='ocrx_word' id='word_1_531' title='bbox 394 5197 453 5262; x_wconf 88' lang='lat' dir='ltr'>bus</span> <span class='ocrx_word' id='word_1_532' title='bbox 485 5198 517 5260; x_wconf 88' lang='lat' dir='ltr'>X</span> <span class='ocrx_word' id='word_1_533' title='bbox 546 5197 639 5260; x_wconf 91' lang='lat' dir='ltr'>annis</span> <span class='ocrx_word' id='word_1_534' title='bbox 669 5207 789 5260; x_wconf 82' lang='lat' dir='ltr'>vexata</span> <span class='ocrx_word' id='word_1_535' title='bbox 820 5206 868 5259; x_wconf 87' lang='grc' dir='ltr'><strong>θεῖ</strong></span> <span class='ocrx_word' id='word_1_536' title='bbox 897 5195 1071 5276; x_wconf 88' lang='lat' dir='ltr'>aecclesia,</span> <span class='ocrx_word' id='word_1_537' title='bbox 1108 5197 1176 5259; x_wconf 85' lang='lat' dir='ltr'>sire</span> <span class='ocrx_word' id='word_1_538' title='bbox 1207 5197 1240 5259; x_wconf 94' lang='lat' dir='ltr'>in</span> <span class='ocrx_word' id='word_1_539' title='bbox 1272 5198 1305 5260; x_wconf 87' lang='lat' dir='ltr'>X</span> <span class='ocrx_word' id='word_1_540' title='bbox 1332 5197 1569 5262; x_wconf 87' lang='lat' dir='ltr'>universalibus</span> <span class='ocrx_word' id='word_1_541' title='bbox 1599 5198 1884 5284; x_wconf 89' lang='lat' dir='ltr'>persecutionibus</span> <span class='ocrx_word' id='word_1_542' title='bbox 1915 5201 1985 5264; x_wconf 86' lang='lat' dir='ltr'>sive</span> <span class='ocrx_word' id='word_1_543' title='bbox 2017 5202 2050 5262; x_wconf 94' lang='lat' dir='ltr'>in</span> 
     </span>
     <span class='ocr_line' id='line_1_46' title="bbox 232 5295 2091 5388; baseline 0.002 -21"><span class='ocrx_word' id='word_1_544' title='bbox 232 5295 354 5360; x_wconf 72' lang='lat' dir='ltr'>bestrae]</span> <span class='ocrx_word' id='word_1_545' title='bbox 394 5304 427 5368; x_wconf 89' lang='lat' dir='ltr'>X</span> <span class='ocrx_word' id='word_1_546' title='bbox 450 5305 547 5368; x_wconf 88' lang='lat' dir='ltr'>annis</span> <span class='ocrx_word' id='word_1_547' title='bbox 567 5302 699 5366; x_wconf 89' lang='lat' dir='ltr'>ultimae</span> <span class='ocrx_word' id='word_1_548' title='bbox 730 5304 964 5388; x_wconf 89' lang='lat' dir='ltr'>persecutionis</span> <span class='ocrx_word' id='word_1_549' title='bbox 995 5301 1157 5387; x_wconf 86' lang='lat' dir='ltr'>intelligas</span> <span class='ocrx_word' id='word_1_550' title='bbox 1182 5302 1215 5365; x_wconf 91' lang='lat' dir='ltr'>X</span> <span class='ocrx_word' id='word_1_551' title='bbox 1239 5326 1361 5368; x_wconf 87' lang='lat' dir='ltr'>cornua</span> <span class='ocrx_word' id='word_1_552' title='bbox 1391 5304 1531 5368; x_wconf 89' lang='lat' dir='ltr'>crudelis</span> <span class='ocrx_word' id='word_1_553' title='bbox 1562 5304 1697 5386; x_wconf 89' lang='lat' dir='ltr'>bestiae,</span> <span class='ocrx_word' id='word_1_554' title='bbox 1728 5305 1867 5370; x_wconf 88' lang='lat' dir='ltr'>Romani</span> <span class='ocrx_word' id='word_1_555' title='bbox 1894 5305 2050 5370; x_wconf 88' lang='lat' dir='ltr'>videlicet</span> <span class='ocrx_word' id='word_1_556' title='bbox 2067 5330 2091 5369; x_wconf 81' lang='lat' dir='ltr'>a</span> 
     </span>
    </p>

    <p class='ocr_par' dir='ltr' id='par_1_25' title="bbox 216 5407 2049 5498">
     <span class='ocr_line' id='line_1_47' title="bbox 216 5407 2049 5498; baseline 0.001 -23"><span class='ocrx_word' id='word_1_557' title='bbox 216 5436 374 5482; x_wconf 63' lang='lat' dir='ltr'>crossen.</span> <span class='ocrx_word' id='word_1_558' title='bbox 393 5411 531 5496; x_wconf 88' lang='lat' dir='ltr'>imperii,</span> <span class='ocrx_word' id='word_1_559' title='bbox 563 5419 729 5493; x_wconf 87' lang='lat' dir='ltr'>gratanter</span> <span class='ocrx_word' id='word_1_560' title='bbox 753 5410 865 5494; x_wconf 91' lang='lat' dir='ltr'>accipe</span> <span class='ocrx_word' id='word_1_561' title='bbox 889 5407 1146 5472; x_wconf 90' lang='lat' dir='ltr'>humiliationem</span> <span class='ocrx_word' id='word_1_562' title='bbox 1170 5431 1212 5472; x_wconf 87' lang='lat' dir='ltr'>ex</span> <span class='ocrx_word' id='word_1_563' title='bbox 1236 5420 1313 5473; x_wconf 89' lang='lat' dir='ltr'>tunc</span> <span class='ocrx_word' id='word_1_564' title='bbox 1336 5409 1422 5474; x_wconf 90' lang='lat' dir='ltr'>illius</span> <span class='ocrx_word' id='word_1_565' title='bbox 1446 5409 1581 5493; x_wconf 89' lang='lat' dir='ltr'>bestiae,</span> <span class='ocrx_word' id='word_1_566' title='bbox 1610 5412 1656 5475; x_wconf 90' lang='lat' dir='ltr'>ita</span> <span class='ocrx_word' id='word_1_567' title='bbox 1679 5421 1714 5475; x_wconf 88' lang='lat' dir='ltr'>ut</span> <span class='ocrx_word' id='word_1_568' title='bbox 1738 5412 1847 5476; x_wconf 89' lang='lat' dir='ltr'>fenum</span> <span class='ocrx_word' id='word_1_569' title='bbox 1872 5414 1965 5498; x_wconf 88' lang='lat' dir='ltr'>qua-si</span> <span class='ocrx_word' id='word_1_570' title='bbox 1989 5411 2049 5476; x_wconf 87' lang='lat' dir='ltr'>bos</span> 
     </span>
    </p>

    <p class='ocr_par' dir='ltr' id='par_1_26' title="bbox 270 5515 2050 5603">
     <span class='ocr_line' id='line_1_48' title="bbox 270 5515 2050 5603; baseline 0.001 -23"><span class='ocrx_word' id='word_1_571' title='bbox 270 5541 334 5583; x_wconf 68' lang='lat' dir='ltr'>erra.</span> <span class='ocrx_word' id='word_1_572' title='bbox 343 5541 374 5582; x_wconf 81' lang='lat'>12.</span> <span class='ocrx_word' id='word_1_573' title='bbox 395 5515 569 5579; x_wconf 86' lang='lat' dir='ltr'>comedens</span> <span class='ocrx_word' id='word_1_574' title='bbox 600 5525 633 5578; x_wconf 90' lang='lat' dir='ltr'>ct</span> <span class='ocrx_word' id='word_1_575' title='bbox 660 5537 797 5601; x_wconf 90' lang='lat' dir='ltr'>presepe</span> <span class='ocrx_word' id='word_1_576' title='bbox 821 5515 956 5578; x_wconf 92' lang='lat' dir='ltr'>Domini</span> <span class='ocrx_word' id='word_1_577' title='bbox 987 5516 1038 5578; x_wconf 86' lang='lat' dir='ltr'>sui</span> <span class='ocrx_word' id='word_1_578' title='bbox 1068 5537 1248 5598; x_wconf 88' lang='lat' dir='ltr'>agnoscens</span> <span class='ocrx_word' id='word_1_579' title='bbox 1279 5538 1350 5579; x_wconf 88' lang='lat' dir='ltr'>rore</span> <span class='ocrx_word' id='word_1_580' title='bbox 1376 5516 1458 5580; x_wconf 90' lang='lat' dir='ltr'>caeli</span> <span class='ocrx_word' id='word_1_581' title='bbox 1489 5518 1590 5581; x_wconf 89' lang='lat' dir='ltr'>tincta</span> <span class='ocrx_word' id='word_1_582' title='bbox 1618 5519 1674 5600; x_wconf 84' lang='lat' dir='ltr'>sit;</span> <span class='ocrx_word' id='word_1_583' title='bbox 1707 5516 1871 5603; x_wconf 89' lang='lat' dir='ltr'>baptizato</span> <span class='ocrx_word' id='word_1_584' title='bbox 1896 5518 2050 5584; x_wconf 85' lang='lat' dir='ltr'>videlicet</span> 
     </span>
    </p>

    <p class='ocr_par' dir='ltr' id='par_1_27' title="bbox 369 5619 2048 5708">
     <span class='ocr_line' id='line_1_49' title="bbox 369 5619 2048 5708; baseline 0.002 -23"><span class='ocrx_word' id='word_1_585' title='bbox 369 5655 370 5664; x_wconf 27' lang='grc' dir='ltr'><strong>θ</strong></span> <span class='ocrx_word' id='word_1_586' title='bbox 395 5621 607 5685; x_wconf 76' lang='lat' dir='ltr'>Constantino</span> <span class='ocrx_word' id='word_1_587' title='bbox 632 5623 837 5706; x_wconf 90' lang='lat' dir='ltr'>imperatore,</span> <span class='ocrx_word' id='word_1_588' title='bbox 869 5644 934 5684; x_wconf 91' lang='lat' dir='ltr'>non</span> <span class='ocrx_word' id='word_1_589' title='bbox 958 5632 993 5684; x_wconf 91' lang='lat' dir='ltr'>ut</span> <span class='ocrx_word' id='word_1_590' title='bbox 1016 5619 1152 5684; x_wconf 89' lang='lat' dir='ltr'>heretici</span> <span class='ocrx_word' id='word_1_591' title='bbox 1176 5622 1383 5704; x_wconf 87' lang='lat' dir='ltr'>contendunt,</span> <span class='ocrx_word' id='word_1_592' title='bbox 1412 5622 1454 5687; x_wconf 90' lang='lat' dir='ltr'>ab</span> <span class='ocrx_word' id='word_1_593' title='bbox 1478 5623 1621 5687; x_wconf 90' lang='lat' dir='ltr'>heretico</span> <span class='ocrx_word' id='word_1_594' title='bbox 1646 5623 1789 5688; x_wconf 85' lang='lat' dir='ltr'>Eusebio</span> <span class='ocrx_word' id='word_1_595' title='bbox 1813 5625 1965 5708; x_wconf 88' lang='lat' dir='ltr'>Arriano,</span> <span class='ocrx_word' id='word_1_596' title='bbox 1990 5625 2048 5688; x_wconf 86' lang='lat' dir='ltr'>sed</span> 
     </span>
    </p>

    <p class='ocr_par' dir='ltr' id='par_1_28' title="bbox 395 5725 1619 5814">
     <span class='ocr_line' id='line_1_50' title="bbox 395 5725 1619 5814; baseline 0.002 -23"><span class='ocrx_word' id='word_1_597' title='bbox 395 5739 429 5791; x_wconf 92' lang='lat' dir='ltr'>ut</span> <span class='ocrx_word' id='word_1_598' title='bbox 453 5727 605 5790; x_wconf 90' lang='lat' dir='ltr'>catholici</span> <span class='ocrx_word' id='word_1_599' title='bbox 629 5727 781 5807; x_wconf 88' lang='lat' dir='ltr'>sentiunt,</span> <span class='ocrx_word' id='word_1_600' title='bbox 810 5726 1012 5791; x_wconf 89' lang='lat' dir='ltr'>acatholico</span> <span class='ocrx_word' id='word_1_601' title='bbox 1037 5725 1125 5790; x_wconf 89' lang='lat' dir='ltr'>urbis</span> <span class='ocrx_word' id='word_1_602' title='bbox 1149 5727 1250 5791; x_wconf 87' lang='lat' dir='ltr'>Rome</span> <span class='ocrx_word' id='word_1_603' title='bbox 1275 5729 1428 5814; x_wconf 89' lang='lat' dir='ltr'>pontifice</span> <span class='ocrx_word' id='word_1_604' title='bbox 1453 5729 1619 5794; x_wconf 84' lang='lat' dir='ltr'>Silvestre.</span> 
     </span>
    </p>
   </div>
   <div class='ocr_carea' id='block_1_8' title="bbox 0 0 2202 6390">
    <p class='ocr_par' dir='ltr' id='par_1_29' title="bbox 0 0 2202 6390">
     <span class='ocr_line' id='line_1_51' title="bbox 0 0 2202 6390; baseline 0 0"><span class='ocrx_word' id='word_1_605' title='bbox 0 0 2202 6390; x_wconf 95' lang='lat' dir='ltr'> </span> 
     </span>
    </p>
   </div>
  </div>
 </body>
</html>
