4544 6420
805 435 943 492 SUMMA
967 434 1126 492 atoma.

675 625 705 686 9.
749 620 866 702 Quod
896 633 991 686 rex⁸
1021 625 1077 686 sit
1106 619 1252 687 laicus.

246 745 315 812 Sed
339 746 483 834 garrulib
506 747 664 812 fortasse⁰
688 745 811 812 tumido
836 747 921 811 fastu
945 745 1145 812 contendunt
1174 769 1285 834 regem
1315 770 1381 812 non
1409 770 1480 812 esse
1511 747 1552 813 de
1576 772 1709 814 numero
1733 751 1790 815 lai·

138 875 263 935 corum,
287 877 363 919 eum
387 863 503 918 unctus
528 854 569 918 sit
593 853 686 918 oleo‘l
710 852 916 918 sacerdotum
927 859 948 918 ¹.
995 853 1065 918 Hos
1095 854 1269 919 manifesta
1296 856 1401 919 rstio⁹
1424 855 1628 921 insensatos¹
1653 856 1789 940 deridet,

140 970 173 1025 et
203 959 457 1048 imprudentium
487 959 652 1026 hominum
682 961 921 1046 ignorantiam?
951 971 1124 1047 perspecta
1154 962 1277 1026 veritas
1308 959 1531 1026 obmutescere
1563 963 1677 1028 faciet.
1723 964 1791 1029 Aut

105 1069 229 1132 neuim
253 1090 312 1132 rex
337 1078 386 1132 est
408 1066 512 1132 laicus
535 1078 592 1132 aut
615 1067 763 1132 clericus.
803 1066 892 1132 Sedh
916 1069 943 1130 si
965 1090 1032 1132 non
1055 1079 1104 1132 est
1126 1067 1239 1150 laicus,
1264 1067 1360 1133 tunc¹
1388 1080 1437 1133 est
1453 1068 1600 1134 clericus.
1640 1070 1682 1135 Et
1699 1072 1726 1134 si
1742 1083 1792 1136 est

141 1174 291 1254 clericus,
315 1187 393 1239 tune
416 1186 473 1238 aut
496 1174 567 1238 θεῖι
590 1175 741 1240 ostiarius
765 1184 821 1238 aut
843 1171 945 1239 lector
968 1184 1025 1239 aut
1041 1176 1203 1240 exorcista
1227 1186 1282 1240 aut
1305 1174 1482 1241 acolithus¹
1501 1189 1556 1240 sut
1572 1175 1791 1242 subdiaconus

141 1293 199 1346 aut
229 1280 385 1346 diaconus
415 1291 473 1346 aut
501 1280 713 1368 presbyterm.
761 1279 819 1345 Sin
849 1279 890 1345 de
921 1280 971 1345 his
1002 1281 1157 1366 gradibus
1188 1305 1253 1346 non
1283 1291 1342 1364 est,
1373 1293 1450 1347 tunc
1482 1283 1619 1348 clericus
1642 1306 1707 1348 non
1732 1297 1790 1350 est.

140 1388 245 1452 Porro
274 1388 302 1453 si
332 1411 393 1454 nec
422 1387 525 1453 laicus
548 1411 610 1452 nec
634 1387 794 1453 clericus⁰
818 1399 899 1470 este,
930 1397 1007 1452 tunc
1038 1388 1215 1453 monachus
1246 1400 1327 1454 esta
1375 1389 1442 1454 Sed
1472 1390 1666 1454 monachum
1696 1403 1789 1456 eumr

142 1503 279 1559 excusat
301 1517 386 1560 uxor
409 1507 441 1558 et
463 1493 601 1581 gladius.
648 1495 722 1560 Nou
752 1497 834 1560 enirn
864 1499 932 1560 sine
962 1520 1057 1560 causo
1085 1497 1231 1583 gladium
1254 1511 1381 1584 portat,
1411 1499 1529 1562 uindex
1550 1513 1595 1562 est
1617 1501 1698 1562 enim
1723 1503 1792 1565 irae
1810 1523 1944 1572 nontam.

94 1627 124 1666 ιο
143 1603 210 1667 Dcs‘
231 1605 265 1667 in
288 1603 344 1667 doc
368 1605 471 1689 disum
494 1605 705 1668 coasts'tutus'.
753 1601 821 1666 Sed
842 1605 924 1665 nee¹
950 1601 1109 1666 monacho
1133 1625 1194 1666 nec
1219 1605 1339 1667 etiamu
1363 1603 1482 1669 elerico
1505 1603 1582 1668 licet
1606 1627 1696 1668 anna
1719 1628 1791 1692 por-

141 1719 244 1773 tare'.
290 1708 396 1794 Igitur
419 1731 492 1772 cum
517 1708 661 1772 evidenti
684 1709 809 1773 ratione
834 1709 875 1772 sit
898 1707 1011 1790 laicus,
1036 1708 1122 1772 sedw
1145 1731 1205 1796 per
1228 1709 1370 1774 officium
1394 1710 1619 1775 sacerdotale¹
1642 1712 1792 1777 omnibus

141 1814 258 1880 laicisy
281 1814 455 1903 prefectus,
480 1825 615 1902 oportet,
639 1827 675 1879 ut
698 1837 758 1902 per
781 1816 891 1880 omnia
914 1837 1038 1880 summo
1063 1814 1235 1897 sacerdoti,
1260 1827 1393 1902 utputa²
1418 1818 1517 1904 capiti
1542 1817 1732 1898 aecclesiae,
1757 1821 1791 1884 in

142 1921 263 1986 divinis
294 1923 336 1986 sit
365 1920 548 2004 subiectus,
580 1932 612 1986 et
642 1932 797 1986 econtra⁸
828 1944 971 1986 summus
1003 1921 1154 1988 sacerdos
1185 1945 1259 1987 cum
1283 1925 1370 1987 omni
1394 1923 1481 1988 clero
1511 1925 1545 1987 in
1568 1924 1791 1990 secularibusb

141 2030 224 2114 regi,
254 2029 369 2117 quasie
397 2027 598 2115 precedenti,
630 2029 693 2093 sitd
724 2028 871 2093 subditus
881 2038 904 2092 ⁰.
952 2027 1071 2116 Sisque
1103 2029 1136 2092 hi
1164 2029 1228 2093 duo
1252 2030 1439 2116 principes¹
1463 2029 1574 2117 populi
1604 2031 1725 2098 honore
1755 2055 1791 2098 se
1811 2057 1967 2106 inarasse.

97 2160 123 2198 rs
142 2137 284 2200 invicem
308 2137 547 2222 prevenientes,
571 2157 649 2201 vero
672 2136 742 2221 regi
767 2146 800 2200 et
823 2134 994 2217 sacerdoti,
1020 2134 1159 2216 Christo,
1190 2135 1325 2201 firmiter
1353 2137 1549 2220 inherentes,
1581 2138 1633 2203 hic
1658 2138 1790 2224 clerum,

141 2241 196 2306 ille
213 2241 368 2329 populum
384 2241 426 2306 ad
442 2263 618 2328 supernum
634 2265 771 2328 regnum
787 2242 1010 2329 pertrahuntss,
1034 2240 1091 2307 ubi
1115 2241 1173 2307 soli
1198 2243 1386 2308 sacerdotes
1410 2254 1443 2308 et
1466 2244 1583 2330 regesh
1605 2247 1792 2332 perenniter

141 2348 336 2434 regnabunt.

328 2531 378 2593 10.
415 2526 532 2608 Quod
561 2527 726 2614 Moyses
757 2550 835 2591 non
866 2549 1020 2613 regem,
1052 2527 1123 2592 sed
1154 2527 1418 2593 sacerdotem
1448 2531 1608 2594 statuit.

253 2651 318 2717 Sed
341 2654 405 2717 iarn
428 2651 560 2739 Moyses
591 2669 665 2716 cum
694 2650 815 2716 lumine
842 2650 943 2738 legis¹
971 2651 1013 2716 ad
1035 2651 1179 2716 medium
1202 2653 1314 2717 veniat
1336 2663 1369 2717 et
1392 2652 1565 2738 caliginem
1588 2656 1790 2741 ignorantiae

94 2783 122 2821 so
142 2759 184 2825 de
215 2759 376 2825 mentibus
406 2760 523 2824 nostris
552 2758 705 2845 penitusk
735 2759 888 2823 excutiat.
935 2757 999 2823 Hic
1030 2758 1185 2846 populum
1208 2759 1274 2823 Dei
1298 2758 1338 2824 de
1362 2759 1494 2846 Egypto
1519 2759 1661 2826 educens
1685 2761 1790 2848 legem

143 2879 176 2932 et
199 2869 270 2931 iura
293 2868 324 2930 ei
347 2868 459 2930 statuit
483 2877 515 2930 et
538 2865 689 2930 adhunc
714 2863 961 2952 gubernandum
985 2888 1050 2930 non
1074 2887 1195 2951 regem,
1220 2865 1278 2929 sed
1301 2866 1504 2931 sacerdotem
1524 2869 1706 2952 constituit,
1732 2868 1788 2934 ab¹

143 2974 334 3060 huiusquem
356 2972 478 3037 fratre¹²
501 2971 614 3037 Aaron
637 2971 742 3058 legale
767 2971 985 3036 sacerdotium
1010 2971 1181 3036 exordium
1205 2973 1341 3058 sumpsit
1350 2983 1371 3012 ⁰·
1383 2979 1403 3037 ².
1450 2973 1480 3037 A
1504 2986 1649 3061 tempore
1680 2977 1790 3063 itaque

141 3080 272 3166 Moysis
298 3083 414 3166 'usque
439 3079 482 3143 ad
505 3089 652 3166 tempora
676 3077 837 3144 Samuelis
860 3077 998 3165 populus
1022 3078 1088 3143 Dei
1111 3101 1176 3142 non
1199 3078 1343 3165 regibus,
1368 3079 1425 3168 sed
1450 3080 1674 3146 sacerdotibus
1698 3106 1790 3169 rege·
1810 3106 1839 3146 ·.
1874 3109 1888 3146 ¹.

141 3185 270 3268 barura,
301 3198 333 3251 et
359 3185 495 3268 iudices,
527 3187 582 3273 qui
606 3185 726 3272 populo
750 3186 806 3249 in¹¹
830 3184 1031 3250 secularibus
1055 3196 1208 3272 preesser
1233 3185 1439 3269 videbantur,
1470 3211 1530 3274 per
1553 3190 1662 3253 onmia
1684 3212 1790 3255 sacer-

95 3317 123 3355 ss
143 3293 254 3359 dotum
279 3293 439 3358 decretis·
463 3291 726 3358 moderabantur.

488 3492 538 3554 11.
582 3489 699 3570 Quod
729 3487 829 3554 Saul
859 3487 1045 3553 Samueli
1075 3487 1270 3553 subditus
1301 3489 1441 3554 luerit.

250 3612 332 3679 Cum
363 3625 471 3679 autem
500 3613 639 3700 populus
670 3623 854 3678 recusasset
884 3612 1119 3678 sacerdotalem
1149 3613 1234 3677 ferre
1261 3614 1553 3698 mansuetudinem,
1586 3627 1617 3679 et
1646 3617 1789 3702 regalem

143 3720 343 3785 decrevisset
372 3721 516 3807 experiri
545 3719 812 3806 magnitudinem,
846 3719 977 3786 Samuel
1005 3719 1164 3807 propheta
1195 3731 1227 3784 et
1250 3718 1403 3784 sacerdos
1427 3721 1517 3785 iussu
1541 3721 1672 3787 divinot
1697 3726 1791 3789 unxit

143 3827 191 3890 eis
214 3849 325 3914 regem
348 3828 505 3914 regnique
529 3837 628 3891 mox¹¹
653 3828 846 3913 conscripsit
869 3825 1007 3912 legem3.
1055 3825 1120 3908 Qui
1144 3848 1203 3890 rex
1233 3827 1266 3889 in
1291 3825 1439 3891 omnibus
1463 3827 1600 3914 parebat
1623 3829 1790 3897 Samueliv

97 3959 125 3999 so
143 3935 177 3998 in
199 3933 260 4017 his,
285 3957 368 4020 quae
384 3933 546 3998 divinaeW
569 3933 634 4020 legi
651 3931 883 4020 congruebant.
920 3932 1076 3998 Similiter
1092 3942 1123 3998 et
1140 3931 1272 3997 Samuel
1295 3933 1366 4018 regi
1382 3932 1581 3999 obaudiebat
1603 3937 1636 3999 in
1653 3941 1789 4020 cunctis,

249 4187 276 4254 a)
294 4207 342 4256 seq.
361 4193 413 4242 iste
427 4198 515 4256 postca
532 4190 580 4240 del.
601 4190 633 4240 Β.
706 4185 734 4252 b)
753 4190 789 4240 bis
806 4206 862 4250 sca,
880 4190 953 4240 sanet
970 4189 1017 4240 dcl.
1038 4191 1071 4240 A.
1145 4186 1172 4253 e)
1191 4190 1313 4240 fortassis
1334 4191 1368 4241 D.
1451 4187 1479 4255 d)
1499 4191 1562 4244 oleo
1582 4195 1617 4244 sit
1635 4203 1735 4248 unctus
1754 4198 1790 4248 D.

143 4275 170 4342 e)
189 4279 372 4330 manifestatio
392 4279 504 4340 B.Bl;
523 4297 587 4329 corr.
607 4279 749 4329 manifesta
768 4281 838 4329 ratio
859 4279 890 4328 Β.
962 4274 1170 4342 Oinsenssstos
1193 4279 1219 4329 C.
1292 4275 1321 4344 g)
1340 4280 1497 4346 ignorantia
1519 4281 1545 4331 0.
1617 4279 1646 4346 h)
1665 4284 1732 4335 deest
1748 4287 1791 4348 D,-

143 4367 195 4430 Qui
215 4367 323 4419 Β.Β1.
395 4364 416 4432 i)
435 4367 502 4420 deest
519 4368 554 4418 D.
627 4364 656 4432 k)
677 4369 860 4418 estautBl.
936 4364 955 4432 l)
976 4367 1061 4417 escol.
1084 4368 1137 4418 01.
1210 4364 1247 4432 m)
1265 4368 1325 4418 add.
1346 4375 1392 4419 aut
1412 4371 1557 4436 episeopus
1578 4372 1611 4422 D.
1684 4370 1714 4438 n)
1735 4375 1789 4426 Sed

145 4457 247 4519 C.Cl;
273 4475 337 4508 corr.
356 4459 379 4508 si
400 4458 426 4508 0.
524 4452 552 4520 ο)
579 4473 628 4507 nec
649 4456 683 4506 cl.
702 4473 753 4507 nec
773 4457 867 4522 laycus
889 4457 915 4508 0.
931 4457 991 4517 (11;
1018 4456 1091 4506 verbu
1109 4473 1190 4523 porro
1210 4475 1230 4506 s.
1251 4474 1276 4507 n.
1296 4456 1329 4507 cl.
1350 4474 1375 4507 n.
1396 4457 1481 4509 laicus
1506 4459 1559 4509 alia
1577 4478 1645 4511 murt.
1664 4461 1692 4513 in
1710 4481 1788 4529 nsarq.

100 4559 126 4597 se
142 4546 254 4612 repetivit
273 4546 300 4597 0.
372 4542 401 4612 p)
420 4546 486 4597 deest
506 4547 532 4596 0.
549 4546 601 4596 01.
675 4542 765 4610 q)est
783 4545 932 4596 monachus
954 4545 980 4596 Ο.
1051 4541 1076 4607 r)
1094 4562 1215 4610 superscr.
1228 4563 1296 4596 naun.
1310 4548 1334 4596 1.
1354 4547 1396 4608 .l,·
1413 4547 1473 4597 odd.
1493 4564 1552 4599 esse
1571 4549 1606 4599 D.
1679 4547 1703 4614 s)
1724 4568 1787 4604 con·

143 4636 231 4685 stituit
249 4635 281 4685 Β.
300 4635 361 4686 Β1.
433 4631 455 4699 t)
473 4635 511 4685 ita
529 4635 564 4696 D,
586 4635 658 4686 ceteri
676 4634 746 4685 codd.
765 4635 834 4684 mnu.
906 4630 935 4697 u)
954 4633 1021 4684 deest
1041 4635 1093 4684 01.
1167 4631 1195 4698 v)
1215 4641 1324 4701 portare
1344 4652 1419 4686 arma
1438 4637 1470 4687 Β.
1490 4637 1549 4687 Β1.
1622 4636 1657 4704 w)
1672 4658 1722 4705 pro
1741 4644 1788 4692 sed

142 4741 188 4774 err.
207 4731 235 4775 et
252 4725 382 4775 sacerdos
401 4723 435 4775 D.
496 4720 525 4788 x)
540 4724 643 4789 punctis
661 4723 725 4784 ded,
744 4721 837 4788 regale
856 4723 959 4774 wnicar
974 4723 1003 4773 in
1021 4740 1100 4788 mury.
1118 4741 1209 4773 marm
1226 4723 1317 4774 maruli
1336 4724 1426 4776 XVII.
1447 4727 1506 4776 .s1.
1572 4723 1601 4792 y)
1620 4728 1680 4778 add.
1700 4732 1736 4780 sit
1755 4731 1789 4782 Β.

143 4808 168 4876 z)
188 4819 282 4880 utpote
302 4812 337 4863 D.
410 4809 437 4877 a)
457 4829 490 4863 eo
510 4815 568 4863 iure
591 4813 645 4863 01.
718 4808 746 4875 b)
764 4811 825 4862 add.
845 4813 898 4878 ipsi
917 4812 951 4861 D.
1015 4807 1041 4875 c)
1062 4827 1143 4876 quam
1165 4812 1197 4873 03
1216 4819 1355 4877 tamquam
1373 4813 1408 4863 D.
1473 4811 1501 4877 d)
1522 4821 1563 4866 est
1581 4816 1615 4867 D.
1680 4814 1707 4883 e)
1727 4821 1788 4870 sub·

143 4903 230 4953 iectus
251 4903 304 4953 Cl.
319 4902 354 4952 D.
425 4899 513 4968 Oscq.
533 4900 635 4969 populo
654 4901 703 4951 del.
717 4901 741 4950 Β
754 4904 776 4950 1.
848 4896 877 4966 g)
898 4901 1059 4967 protrahunt
1078 4901 1117 4962 B;
1136 4903 1330 4968 pertrahuntur
1346 4919 1409 4953 corr.
1427 4903 1481 4954 clia
1499 4921 1567 4956 mco.
1585 4908 1745 4971 pertrahunt
1762 4909 1788 4960 d.

100 4987 170 5054 tols)
189 4990 336 5052 deestB13
363 4992 407 5042 hie
427 4990 529 5042 clerum
548 4992 566 5040 i.
587 5007 612 5056 p.
633 5007 656 5040 a.
676 5007 697 5040 s.
716 5006 737 5040 r.
757 5007 792 5056 p.‚
811 4990 858 5040 ubi
878 5007 899 5039 s.
919 5005 940 5040 s.
960 4996 987 5040 et
1006 5006 1085 5054 reges
1103 4989 1154 5040 des.
1174 4989 1208 5040 D.
1281 4987 1301 5054 i)
1323 4990 1397 5056 leges
1418 4990 1520 5043 lumine
1539 5010 1602 5044 corr.
1623 4993 1691 5061 legis
1712 4996 1728 5047 l.
1748 4998 1787 5058 B;

144 5077 204 5146 lega
224 5078 324 5131 lumine
344 5079 403 5131 Β1.
476 5076 506 5142 k)
525 5079 606 5140 deest5
623 5079 666 5130 sed
683 5079 752 5139 add,
772 5086 801 5128 ut
817 5078 923 5139 uidetur,
943 5078 1027 5129 endan
1044 5096 1112 5129 man.
1130 5078 1159 5129 in
1177 5096 1256 5145 murq.
1275 5079 1308 5130 B.
1326 5080 1385 5130 Β1.
1460 5077 1480 5144 l)
1500 5081 1535 5133 ad
1556 5081 1583 5132 O.
1655 5080 1693 5147 m)
1711 5085 1787 5136 ,huis-

144 5184 195 5234 que
214 5168 275 5231 1313
293 5169 373 5220 huius
386 5184 494 5234 quoque
507 5168 542 5220 D.
605 5164 634 5232 n)
652 5168 718 5219 deest
732 5168 759 5218 U.
823 5162 851 5230 ο)
871 5169 986 5233 sumpsit
1005 5167 1145 5221 exordium
1165 5168 1199 5219 D.
1263 5164 1292 5235 p)
1311 5168 1414 5235 Moysis
1433 5170 1469 5220 D.
1533 5167 1561 5236 q)
1582 5174 1710 5224 utebatur
1727 5174 1787 5226 Β1.

144 5254 167 5323 r)
185 5273 256 5325 pene
274 5274 338 5309 corr.
356 5275 424 5308 man.
442 5258 562 5308 recentior
580 5273 689 5324 praesse
708 5258 735 5308 O.
807 5253 831 5320 s)
851 5257 969 5308 decertis
986 5274 1050 5308 corr.
1063 5257 1180 5308 decretis
1200 5257 1233 5307 Β.
1304 5252 1327 5322 1)
1348 5259 1458 5311 domino
1474 5261 1500 5310 0.
1573 5256 1603 5324 u)
1623 5264 1709 5313 morit
1727 5264 1787 5315 Β1.

144 5343 172 5410 v)
191 5346 313 5398 Samueli
331 5347 348 5396 i.
364 5362 389 5397 0.
408 5347 522 5413 parabat
541 5346 575 5396 D.
647 5341 681 5409 w)
702 5346 788 5396 divini
809 5345 848 5406 .1;
868 5346 970 5397 domini
992 5348 1018 5398 C.

101 5606 128 5646 ss
254 5589 283 5660 l)
306 5590 353 5646 Dc
375 5589 555 5648 coronatione
578 5598 604 5646 et
624 5590 753 5647 unctione
775 5609 872 5666 repom
898 5591 942 5646 oet
970 5589 1171 5665 imperamrum
1202 5590 1242 5660 cf.
1268 5609 1341 5666 quae
1363 5591 1456 5649 attulit
1479 5591 1612 5650 Martem
1636 5593 1693 5651 ‘Dc
1715 5595 1811 5653 anti»

144 5697 206 5773 puis
221 5695 351 5755 ecclmiuc
364 5695 478 5754 ritibus’
502 5697 520 5753 1.
539 5695 579 5766 11,
604 5715 626 5753 c.
645 5695 740 5752 9.10.
776 5696 868 5772 Reges
891 5705 917 5752 ct
938 5696 1123 5772 imperatores
1145 5697 1204 5754 oleo
1227 5697 1494 5769 catechumenorum,
1517 5701 1678 5758 sacerdotes
1696 5709 1788 5759 auton

144 5804 203 5860 olco
224 5804 400 5862 sacmdomm
423 5803 440 5860 i.
466 5822 488 5860 e.
514 5803 663 5860 chrimate
684 5801 868 5880 anpeduntur.
961 5802 991 5872 2)
1018 5803 1113 5860 Esod.
1140 5802 1190 5859 28.
1209 5802 1259 5860 29.
1353 5803 1384 5874 3)
1412 5805 1438 5861 1.
1456 5805 1527 5882 Iisp.
1545 5805 1563 5863 8
1580 5826 1622 5883 sq.
1643 5807 1682 5864 10
1699 5827 1740 5884 sq.
