4410 6406
573 368 691 424 LIBER
713 368 766 424 DE
789 367 1055 426 NOVITATIBUS
1080 368 1198 426 HUIUS
1222 368 1429 424 TEMPORJS.
1763 360 1825 424 301

167 555 448 644 qualemcumque
473 556 687 642 desinantque
711 579 813 620 novos
837 555 877 620 de
900 557 994 620 novis
1016 554 1185 620 beneficiis
1208 553 1434 642 multiplicare,
1462 555 1604 618 maxime
1629 554 1669 619 de
1693 553 1828 619 decimis

168 685 216 728 ac
241 664 358 728 ceteris
387 661 604 729 oblationibus
635 662 858 727 ecclesiastico
880 663 954 726 usui
978 661 1112 744 collatis,
1136 672 1172 726 ut
1193 660 1251 725 fiat
1274 660 1453 725 secundum
1474 659 1613 725 verbum
1637 659 1758 726 Christi
1782 661 1827 726 di-

170 773 298 834 centis:
322 771 459 836 Reddite
482 796 541 857 que
563 784 634 835 auat
657 772 811 834 ‘camaris
832 773 966 849 caesari,
990 784 1019 834 ct
1040 793 1098 856 que
1121 784 1193 833 suat
1207 769 1274 834 Dei
1287 769 1365 849 Deo,
1390 767 1467 832 dum
1488 778 1520 832 et
1537 766 1666 832 Christo
1689 770 1830 833 servitur
1847 756 2005 860 lss'ffif'sth

170 876 218 941 de
244 877 379 942 decimis
404 887 436 941 et
459 875 569 941 liberis
593 873 811 940 oblationibus
830 873 985 956 fidelium,
1010 886 1042 939 et
1064 877 1134 961 regi
1158 876 1227 939 sive
1248 875 1436 961 imperatori
1460 874 1501 939 de
1517 873 1703 960 regalibus⁸
1727 887 1759 939 et
1782 876 1827 938 in-

131 982 356 1069 sperialibus
380 982 573 1070 obsequium
596 980 792 1069 persolvitur
821 983 855 1046 in
878 981 1021 1046 consiliis
1044 981 1138 1048 bonis
1163 993 1195 1046 et
1218 978 1477 1068 competentibus
1508 981 1638 1046 auxiliis
1669 981 1828 1046 ecclesiae

173 1090 274 1154 simul
297 1100 330 1155 et
352 1113 453 1176 regno
468 1088 601 1154 utilibus
618 1099 715 1174 atque
732 1098 806 1153 ante
824 1090 932 1153 omnia
947 1087 1063 1153 honori
1087 1099 1119 1153 et
1141 1089 1247 1152 timori
1272 1087 1384 1153 divino
1409 1086 1677 1173 competentibus.
1712 1088 1828 1153 Petrus

174 1197 266 1260 enim
296 1196 459 1283 apostolus
490 1196 651 1261 dicturus:
684 1196 799 1283 Reponi
829 1198 1042 1283 honorificate,
1071 1195 1233 1281 premisit:
1266 1196 1369 1259 Deum
1399 1199 1517 1278 timete,
1546 1205 1582 1258 ut
1611 1196 1644 1258 in
1669 1194 1828 1274 omnibns,
1849 1219 2006 1268 trauan.

176 1301 298 1389 quibus
328 1325 439 1390 regem
469 1301 716 1367 honorificamus
741 1300 793 1366 vel
823 1282 1102 1366 honorificandum
1133 1300 1349 1388 predicamus,
1380 1302 1526 1366 timorem
1551 1301 1616 1365 Dei
1646 1324 1704 1388 pre
1729 1301 1830 1366 oculis

178 1407 370 1474 habeamus.
406 1409 535 1490 Quanto
559 1409 663 1494 magis
686 1408 720 1471 in
737 1409 854 1472 ceteris
870 1405 1072 1493 principibus
1096 1418 1128 1472 et
1150 1407 1243 1472 laicis
1266 1405 1519 1472 honorificandis
1543 1419 1575 1472 et
1597 1407 1739 1472 ditandis
1764 1409 1830 1495 epi-

125 1541 158 1580 ro
180 1517 274 1602 scopi
305 1517 468 1603 ceterique
499 1515 659 1602 spiritales
682 1515 755 1598 viri,
787 1513 904 1601 quibus
935 1515 1108 1579 commissa
1138 1525 1212 1578 sunt
1235 1513 1390 1578 victualia
1419 1536 1608 1600 pauperum,
1640 1537 1698 1601 pre
1729 1515 1831 1580 oculis

180 1621 303 1686 habere
328 1621 448 1687 debent
475 1622 556 1686 illud
585 1621 740 1686 iudicium
770 1621 984 1704 tremendum,
1009 1643 1072 1708 quo
1096 1621 1212 1707 impios
1236 1631 1352 1706 arguet
1374 1621 1535 1685 Dominus
1565 1643 1623 1708 pro
1654 1624 1831 1686 mansuetis
1850 1646 1977 1696 squas.

179 1741 267 1793 terre
269 1778 476 1794 .......
1323 1795 1326 1804 ,

291 1837 432 1900 ‘Verum
455 1835 496 1900 de
520 1835 570 1900 his
593 1835 686 1922 plura
708 1835 797 1922 loqui
820 1834 864 1900 ad
886 1857 1020 1922 presens
1044 1835 1219 1899 omittimus
1244 1844 1276 1898 et
1298 1833 1372 1916 tibi,
1403 1845 1497 1922 pater
1517 1835 1678 1924 Adriane,
1703 1837 1760 1923 qui
1782 1859 1831 1901 re·
1851 1859 1940 1910 unu.

180 1944 292 2028 gimen
316 1953 407 2008 tenes
437 1943 471 2006 in
494 1942 589 2007 domo
612 1941 724 2024 Iacob,
754 1941 833 2006 talia
862 1941 964 2007 multa
992 1941 1042 2005 his
1073 1941 1190 2004 similia
1220 1963 1280 2027 per
1301 1951 1334 2006 te
1359 1940 1597 2006 consideranda
1619 1942 1832 2029 relinquimus

132 2075 160 2113 rs
179 2059 291 2135 atque,
319 2060 356 2114 ut
382 2049 416 2114 id
440 2051 674 2136 competentius
703 2051 819 2136 possis,
850 2047 995 2113 libellum
1026 2047 1065 2112 de
1096 2047 1355 2112 consideratione
1382 2047 1424 2113 ab
1448 2047 1566 2113 abbate
1590 2047 1831 2114 Clarevallense

179 2155 407 2242 predecessori
436 2166 491 2221 tuo
523 2167 654 2221 sanctae
683 2155 918 2221 recordationis
941 2153 1091 2240 Eugenio
1121 2177 1206 2240 pape
1230 2154 1387 2219 dictatum
1412 2155 1458 2219 sic
1481 2154 1594 2241 legens
1625 2156 1832 2221 considerare

180 2273 306 2344 curato,
323 2263 417 2349 quasi
440 2263 560 2349 optime
584 2273 817 2348 congruentem
841 2272 953 2327 saneto
977 2260 1171 2346 apostolatui
1194 2271 1259 2326 tuo.
1305 2260 1389 2325 Nam
1406 2283 1479 2326 cum
1494 2272 1531 2326 tu
1554 2263 1637 2326 sicut
1660 2262 1713 2327 ille
1737 2263 1832 2328 homo

180 2391 218 2432 es
242 2368 303 2433 sub
325 2379 485 2456 potestate
510 2368 622 2433 divina
645 2369 837 2433 constitutus
862 2379 894 2434 et
916 2366 1121 2454 regularibus
1144 2366 1324 2454 disciplinis
1348 2369 1546 2433 exercitatus
1570 2368 1694 2434 habens
1717 2369 1777 2434 sub
1801 2381 1832 2434 te

181 2476 362 2562 pontifices.
410 2475 453 2540 Et
482 2476 545 2540 hoc
575 2485 624 2540 est
653 2474 848 2558 miserabile,
880 2475 968 2562 quod
997 2475 1078 2540 dicis
1109 2474 1201 2538 huic:
1234 2474 1357 2538 ‘Vade'
1390 2485 1421 2539 et
1450 2497 1515 2539 non
1538 2475 1638 2558 vadit,
1667 2487 1699 2540 et
1721 2476 1832 2541 alteri:

133 2609 162 2648 so
183 2582 311 2664 ‘Veni',
336 2594 368 2647 et
391 2605 457 2647 non
478 2584 578 2648 venit.
626 2581 661 2648 Si
691 2593 800 2646 tamon
831 2593 865 2646 tu
893 2581 974 2646 illud
1003 2581 1096 2663 diois,
1127 2580 1214 2667 quod
1244 2591 1468 2646 antecessores
1491 2582 1539 2646 tui
1562 2582 1715 2648 dixerunt
1737 2583 1834 2648 Inno-

183 2691 309 2753 centius
326 2699 358 2754 et
373 2689 551 2776 Eugenius‚
576 2688 694 2776 quibus
719 2687 938 2752 emittentibus
957 2697 1114 2774 precepta
1137 2686 1350 2752 saluberrima
1372 2689 1407 2751 in
1430 2690 1496 2752 suis
1520 2687 1667 2754 conciliis
1691 2689 1834 2755 nondum

183 2807 234 2860 est
260 2795 448 2861 obedientia
477 2795 624 2860 exhibita
645 2795 720 2860 Deo
750 2795 887 2860 fortasse
911 2793 1091 2876 ordinante,
1115 2805 1152 2859 ut
1174 2793 1262 2881 quod
1283 2794 1337 2858 illi
1366 2795 1608 2860 seminaverunt
1636 2805 1672 2860 tu
1695 2807 1834 2861 meteres

184 2915 217 2968 et
239 2905 273 2967 in
295 2901 425 2968 labores
448 2925 559 2967 eorum
582 2915 617 2968 tu
640 2904 801 2967 introires.
847 2902 886 2965 In
908 2900 970 2966 hoc
994 2902 1080 2966 enim
1096 2900 1233 2965 verbum
1248 2912 1393 2966 vostrum
1418 2912 1476 2984 est,
1501 2903 1578 2988 quia
1601 2902 1682 2967 alius
1706 2913 1756 2967 est
1778 2905 1834 2990 qui
1854 2928 1972 2978 nasu.

184 3011 332 3092 seminat,
357 3009 439 3074 alius
463 3011 591 3096 estqui
615 3019 723 3074 metet.

516 3172 568 3235 20.
607 3169 666 3234 De
689 3167 912 3233 inauribus
936 3166 1179 3233 therebinto
1204 3167 1502 3233 suffodiendis.

293 3366 364 3430 “De
388 3389 524 3452 quorum
541 3365 690 3430 doctrina
711 3387 777 3428 non
799 3363 903 3448 fulget
925 3363 1074 3446 ecclesia,
1099 3363 1157 3428 sed
1179 3363 1305 3428 fumant
1328 3363 1435 3428 scolae
1458 3363 1568 3451 plures
1592 3366 1626 3428 in
1641 3365 1783 3431 Francia
1802 3377 1834 3430 et
1853 3391 1941 3441 unas.

185 3473 257 3538 aliis
287 3474 382 3537 terris
410 3473 611 3559 permaxime
639 3493 660 3536 a
687 3469 814 3534 duabus
845 3470 957 3534 caudis
987 3471 1143 3534 ticionum
1173 3469 1401 3556 fumigantium
1425 3470 1578 3536 videlicet
1601 3471 1690 3536 Petri
1712 3471 1832 3537 Abaio·
1853 3499 1905 3539 uu.
1915 3499 1934 3547 ι,
1942 3500 1963 3537 ι.

184 3578 268 3644 lardi
292 3590 325 3644 et
347 3580 493 3665 episcopi
510 3576 705 3642 Gilliberti1.
741 3576 888 3657 Quorum
904 3575 1055 3663 discipuli
1079 3599 1189 3641 eorum
1214 3575 1310 3641 dictis
1334 3587 1367 3641 et
1389 3578 1519 3664 scriptis
1542 3577 1648 3642 inbuti
1671 3579 1832 3643 hominem

140 3713 167 3752 so
184 3685 286 3751 verbo
309 3685 375 3750 Dei
397 3685 522 3750 unitum
545 3694 666 3770 negant
689 3706 760 3748 esse
782 3683 885 3747 filium
907 3683 973 3746 Dei
1003 3683 1125 3748 domini
1156 3682 1330 3747 dicendum
1359 3684 1423 3747 nisi
1447 3684 1651 3767 accidentali,
1676 3695 1710 3749 ut
1733 3688 1833 3769 aiunt,

186 3815 388 3857 connexione
392 3840 598 3856 .......

141 4282 168 4322 ss
265 4255 463 4319 “Forsitan
493 4264 526 4318 et
553 4254 589 4318 in
618 4251 733 4318 diebus
762 4253 880 4317 nostris
911 4251 1066 4316 doctrinis
1090 4254 1189 4317 variis
1220 4263 1253 4318 et
1282 4255 1464 4340 peregrinis
1494 4254 1667 4320 demedio
1696 4256 1834 4322 ecclesie
1854 4280 1944 4332 ense.

186 4361 304 4428 ablatis
328 4371 360 4426 et
383 4361 567 4448 dampnatis
590 4358 746 4442 hostibus,
770 4358 908 4424 ecclesie
932 4369 1035 4423 terror
1057 4359 1237 4424 incucietur
1259 4370 1292 4424 et
1314 4360 1479 4425 Romanus
1497 4361 1659 4447 ‘pontifex
1677 4362 1730 4426 vel
1754 4362 1836 4428 alter
1854 4387 1889 4437 a.
1898 4388 1944 4428 ιιι.

187 4467 288 4534 Iacob
311 4491 397 4533 nunc
420 4467 548 4555 fugiens
572 4466 704 4532 eosdem
727 4466 845 4548 hostes,
869 4466 1011 4529 maxime
1034 4466 1124 4529 cives
1147 4466 1310 4530 Romanos
1322 4472 1342 4549 ²,
1371 4468 1451 4552 ipsis
1475 4467 1650 4533 humiliatis
1674 4468 1835 4535 habitabit

188 4599 301 4641 secure
325 4576 358 4639 in
381 4574 507 4658 Bethel,
532 4575 587 4661 qui
609 4575 840 4660 interpretatur
863 4572 977 4637 domus
1000 4571 1066 4635 Dei
1076 4576 1097 4635 ³.
1123 4621 1130 4636 .
1223 4621 1230 4636 .
1256 4622 1263 4636 .
1289 4622 1296 4637 .

833 4751 886 4813 22.
920 4748 980 4814 De
1002 4749 1184 4835 legistis.

143 4907 171 4946 ιο
295 4877 437 4943 Possunt
459 4898 587 4965 quoque
610 4876 689 4940 haut
712 4872 852 4940 absurde
876 4873 982 4938 surdis
1006 4873 1049 4938 ad
1071 4873 1177 4959 legem
1193 4874 1258 4939 Dei
1281 4873 1414 4939 auribus
1438 4876 1535 4941 etad
1558 4875 1647 4962 leges
1663 4877 1836 4942 Iustiniani

189 4985 307 5073 patulis
331 5006 370 5049 ac
386 4984 512 5070 pruritu
534 5005 652 5069 magno
677 4979 877 5046 estuantibus
900 4981 934 5044 in
958 5003 1063 5063 aures,
1088 5003 1169 5067 quas
1191 4991 1302 5046 amant
1317 5003 1475 5068 quasque¹
1488 4981 1643 5047 decenter
1665 4985 1699 5047 in
1714 4983 1835 5048 forensi

190 5102 353 5158 conventu
375 5101 547 5172 ostentant,
575 5091 609 5153 in
633 5089 728 5154 domo
751 5086 852 5153 Iacob
876 5087 1042 5174 denegari,
1066 5086 1122 5152 ubi
1146 5087 1314 5152 decentius
1340 5087 1505 5154 iudicatur
1528 5089 1706 5155 secundum
1729 5089 1834 5177 legem

190 5199 255 5264 Dei
279 5221 376 5286 quam
400 5195 578 5262 secundum
607 5195 713 5281 legem
736 5194 908 5259 Iustiniani
930 5193 983 5258 vel
1006 5192 1192 5276 Theodosii,
1217 5217 1352 5280 quorum
1383 5205 1493 5261 tamen
1522 5195 1611 5282 leges
1639 5219 1705 5260 non
1727 5198 1836 5284 inpro-

296 5361 323 5426 a)
344 5362 499 5429 raegalibus
518 5379 538 5413 c.

144 5527 172 5567 m
300 5507 330 5584 l)
352 5503 981 5583 Pictaoiensisquisedita.1143—1154;
1005 5505 1046 5576 cs.
1065 5503 1099 5560 L.
1116 5504 1151 5560 de
1165 5503 1266 5561 ordine
1281 5505 1417 5562 ἀοιιονιιιιι
1437 5526 1459 5562 s.
1476 5505 1592 5581 spir-ints
1609 5527 1700 5582 supra
1712 5528 1746 5584 p.
1763 5507 1835 5566 275.

192 5614 391 5690 21111155,
415 5614 478 5672 Iun.
496 5613 545 5670 19.
569 5633 628 5670 cum
652 5613 822 5688 imperatore
837 5610 958 5667 Romam
979 5610 1149 5686 reliquerat;
1172 5629 1198 5667 o.
1215 5609 1302 5683 Jaff6
1321 5609 1361 5680 II,
1380 5631 1414 5687 p.
1431 5610 1502 5667 112.
1573 5609 1604 5686 3)
1627 5612 1695 5672 Isid.
1714 5615 1836 5690 Etpmol.

190 5722 381 5795 XV,1‚22:
405 5723 512 5779 Bethel
533 5723 563 5776 id
587 5727 631 5777 est
654 5721 751 5776 domus
773 5718 840 5774 Dei.
