4410 6406
632 110 749 164 LIBER
773 109 932 165 CONTRA
956 104 1060 166 DUAS
1085 108 1267 164 HERESES.
1712 104 1775 166 285

124 297 245 383 gloriae
276 299 441 384 potentiae
473 320 512 361 ac
541 297 671 360 virtutis
702 318 799 382 quam
830 296 928 360 Pater
958 298 1028 360 eius
1058 297 1222 360 asseritur.
1274 296 1313 359 In
1344 295 1448 360 altera
1474 319 1552 361 vero
1583 298 1653 385 ipse
1685 296 1776 362 Anti·

124 403 262 468 christus
287 403 524 490 magnificetur,
552 403 630 468 dum
660 403 884 468 sacerdotibus
908 425 928 466 a
951 401 1080 467 Christo
1104 403 1240 489 precisis
1264 411 1297 466 et
1320 403 1382 488 ipsi
1404 402 1605 468 Antichristo
1628 405 1776 490 incorpo-

125 511 201 574 ratis
226 510 412 576 attribuitur
436 511 585 575 efficacia
607 521 698 574 tanta
722 512 755 574 in
772 510 993 592 sacramentis,
1015 519 1137 595 quanta
1161 507 1385 574 sacerdotibus
1402 509 1581 594 catholicis,
1599 511 1686 597 quod
1703 535 1777 576 cum

126 628 247 704 quanta
271 629 304 682 et
326 640 424 704 quam
447 617 559 704 lupina
588 615 729 681 falsitate
761 615 820 681 sub
852 618 972 703 agnina
994 615 1277 680 verisimilitudine
1307 615 1374 698 fiat,
1403 617 1540 703 epistola
1564 616 1775 705 subsequens,

69 755 103 793 ε»
127 747 222 810 quam
247 723 289 788 de
313 725 441 789 scriniis
464 724 631 788 Romanae
656 725 766 788 curiae
790 725 987 810 accepimus,
1011 723 1125 787 lectori
1148 721 1308 787 benevolo
1332 723 1517 809 patefaciat.

232 850 417 915 Karissimo
446 874 502 914 suc
533 849 659 913 dom-ino
689 848 734 912 W.
766 849 876 912 abbati
903 848 997 935 Huqo
1020 849 1169 936 fratrum
1199 847 1452 935 Badinqensium
1486 874 1596 914 seruus
1627 851 1778 937 *rndiqnus

127 982 235 1022 sanum
260 981 370 1043 sapere
395 971 423 1021 et
444 971 527 1020 recta
552 956 669 1020 docere.
706 954 816 1035 Illum,
840 979 930 1040 quem
946 956 1084 1035 uoluisti,
1108 969 1246 1019 nochum
1266 956 1327 1019 tibi
1348 958 1480 1020 retinere
1497 957 1638 1021 libellum
1654 957 1777 1038 audivi,

128 1079 176 1127 aur
204 1064 368 1144 uoluntate,
398 1087 458 1128 non
483 1077 589 1127 nosue
613 1065 807 1127 concessione
824 1064 951 1148 passim
975 1064 1147 1148 expositum
1172 1076 1209 1142 et,
1233 1075 1267 1126 ut
1289 1064 1356 1147 epse
1380 1065 1514 1143 testaris,
1542 1078 1704 1149 qratanter
1727 1089 1777 1128 ac-

128 1185 257 1256 ceptum,
281 1185 415 1256 excepto,
440 1169 526 1255 quod
546 1194 608 1234 non
631 1171 705 1234 bene
727 1171 906 1256 musinium
927 1168 1014 1232 illud
1035 1168 1073 1232 de
1096 1169 1255 1233 sacerdote
1279 1168 1419 1254 deposito
1443 1170 1493 1232 uel
1514 1174 1778 1236 excommunicato

71 1308 112 1346 ιο
128 1277 242 1341 ibide-m
268 1280 314 1341 ita
337 1275 463 1341 dicaam.
503 1277 600 1354 Quaem
623 1279 728 1362 itaque
751 1275 895 1340 Christus
910 1299 974 1361 per
997 1276 1180 1338 aecclessiam
1206 1275 1387 1360 deponendo
1411 1276 1461 1339 vel
1482 1278 1779 1342 eucommunicando

128 1384 268 1448 destrtsdt
289 1385 328 1448 ab
353 1384 475 1472 officia,
505 1386 538 1448 si
558 1386 593 1448 in
615 1397 809 1448 sacramento
832 1384 947 1446 altaris
969 1384 1152 1446 ministrare
1171 1397 1344 1467 presumat,
1375 1384 1435 1468 qui
1461 1385 1526 1446 iam
1551 1386 1695 1448 minister
1718 1409 1779 1449 non

127 1505 178 1569 est,
211 1491 314 1555 nichil
328 1491 427 1579 fac-it.
476 1489 531 1554 Sic
559 1493 641 1556 enim
668 1514 705 1555 ea
729 1489 817 1554 Deus
840 1489 963 1577 apenda
993 1490 1137 1569 instituit,
1165 1488 1247 1552 unde
1279 1491 1346 1552 nisi
1366 1513 1430 1575 per
1452 1492 1632 1555 ministrum
1656 1493 1781 1556 araleant

121 1599 207 1684 fleri.
255 1597 296 1661 In
319 1599 378 1662 hac
400 1600 550 1662 sente-ntia
581 1597 706 1662 uidetur
734 1611 814 1662 recte
844 1596 961 1660 dictum
992 1611 1055 1660 tam
1085 1598 1210 1675 nostris,
1241 1619 1334 1681 quam
1366 1598 1600 1683 quibuscunque
1623 1599 1779 1684 humuque

127 1705 302 1785 catholicis,
326 1707 403 1790 quia
426 1729 521 1793 aqens
545 1707 579 1768 in
594 1718 788 1769 sacramento
811 1704 936 1783 altares,
960 1705 1038 1788 quia
1054 1704 1197 1766 arinates
1212 1727 1274 1766 non
1289 1717 1342 1783 est,
1366 1703 1469 1767 nichil
1488 1704 1581 1790 facit.
1624 1705 1655 1767 A
1673 1709 1778 1792 patri-

89 1841 110 1879 u
127 1812 182 1874 bus
206 1811 357 1875 auditum
387 1813 518 1900 leqimus
542 1825 570 1875 et
591 1826 694 1876 ratum
723 1825 867 1890 mnemia,
899 1812 976 1895 quia
1001 1808 1143 1896 Spiritus
1163 1811 1342 1896 qratiamms
1366 1834 1427 1873 non
1450 1813 1591 1895 sequitur
1607 1836 1778 1898 personam

126 1917 221 2004 diqni
241 1933 297 1982 aut
318 1920 463 2005 maliqni,
487 1918 545 1983 sed
559 1918 703 1982 ordinem
719 1917 912 1996 traditionis,
937 1931 978 1998 ut,
1003 1919 1148 2002 quamvis
1163 1917 1285 2002 aliquis
1301 1917 1377 1981 boni
1397 1919 1506 1981 meriti
1525 1920 1576 1998 sit,
1600 1942 1661 1982 non
1678 1934 1778 1983 tamen

125 2047 308 2090 corssecrare
325 2028 439 2111 poss-it,
470 2029 538 2091 nissi
551 2027 660 2114 suerit
686 2025 862 2104 ordinatus,
895 2038 926 2088 ut
947 2025 1091 2088 minister
1114 2024 1257 2087 cuilibeat
1280 2024 1444 2111 officium,
1474 2023 1541 2088 Dei
1561 2049 1633 2089 vero
1657 2039 1702 2090 est
1723 2029 1778 2090 tri-

126 2131 218 2194 buere
241 2134 484 2197 consecrationis
507 2157 561 2196 seu
584 2132 809 2196 benedictionis
832 2132 981 2217 effectum.
1019 2131 1124 2208 Quare
1147 2133 1223 2216 quia
1244 2155 1303 2194 non
1321 2145 1431 2195 temere
1447 2131 1565 2217 suerat
1586 2132 1780 2219 sequendum

126 2237 212 2322 quad
240 2239 292 2302 ibi
318 2239 469 2303 aecclesia
500 2253 571 2303 teste
594 2239 711 2326 fuerat
734 2241 893 2324 positam,·
927 2237 983 2300 hoc
1007 2240 1117 2323 potius
1148 2236 1312 2301 videbatur
1342 2263 1362 2301 a
1388 2237 1548 2302 dubitante
1578 2239 1779 2324 querendum,

85 2375 109 2412 ra
126 2359 230 2407 ¹utra-m
261 2369 350 2430 quem
381 2347 477 2410 semel
496 2348 609 2432 pacarit
638 2346 790 2408 aecclesia
819 2346 999 2408 ministrum
1029 2343 1075 2408 ad
1102 2344 1255 2431 aqendum
1287 2343 1421 2429 aliquod
1449 2359 1676 2409 sacramentum
1709 2348 1780 2432 ipsa

120 2454 227 2537 possit
256 2453 350 2538 culpa
372 2467 570 2539 promerente
600 2451 775 2538 aliquando
806 2450 959 2536 deponere
989 2451 1040 2514 vel
1068 2453 1346 2530 excommunicare,
1378 2453 1421 2515 ita
1455 2465 1487 2516 ut
1515 2454 1548 2515 in
1575 2455 1781 2517 sacramentis

126 2582 219 2644 apere
242 2573 374 2644 nequeat
395 2559 481 2645 quod
502 2574 572 2624 ante
594 2561 704 2644 potuit.
749 2557 806 2622 Ad
827 2559 884 2622 hoe
907 2558 1160 2643 respondendum
1177 2558 1260 2645 suit,
1285 2560 1362 2643 quia
1387 2560 1477 2622 vivus
1500 2572 1544 2622 est
1567 2573 1595 2622 et
1610 2574 1780 2646 prepotens

125 2689 228 2730 sermo
251 2666 395 2746 Domini,
425 2669 486 2752 qui
506 2667 594 2730 claci
613 2667 793 2746 aecclesia-e,
819 2689 915 2751 quam
936 2666 1156 2751 sanctificavit,
1180 2666 1225 2728 ita
1249 2663 1350 2728 dimit:
1380 2664 1606 2750 ‘Quodcunque
1629 2667 1781 2754 lsqaeeris
1799 2691 1957 2740 mitaneas.

126 2796 222 2858 super
253 2787 379 2852 terram
411 2776 472 2837 erit
501 2774 631 2860 liqatum
662 2786 690 2836 et
720 2775 754 2836 in
784 2771 904 2836 caelis'.
953 2770 1007 2834 Eu
1036 2772 1092 2835 hoc
1121 2772 1294 2857 apostolica
1324 2770 1413 2835 sedes
1436 2785 1465 2836 et
1486 2773 1600 2858 ubique
1624 2786 1780 2838 terrarum

83 2908 109 2948 ss
127 2879 279 2944 catholici
300 2879 449 2961 doctores,
473 2894 507 2943 ut
528 2883 648 2966 scripta
672 2893 821 2944 testantur
844 2881 1055 2963 antiquorum,
1079 2877 1253 2964 predicare
1276 2878 1384 2958 solent,
1412 2878 1498 2964 quod
1520 2893 1583 2942 tam
1605 2880 1781 2944 sacerdotes

127 3010 221 3072 quam
248 2989 282 3050 in
298 2987 445 3051 clericali
465 2987 576 3050 ordine
599 2988 743 3050 ministri
763 2986 895 3070 quilibet
916 2999 1051 3070 tempore
1075 2985 1280 3071 depositionis
1304 2984 1354 3049 vel
1375 2987 1705 3050 eucommunicotionis
1727 3009 1800 3052 sue

125 3096 266 3178 qratr'am
294 3094 390 3157 semel
418 3108 576 3180 acceptam
606 3093 733 3178 quidem
756 3093 897 3173 retinent,
927 3090 984 3156 sed
1006 3091 1117 3178 officio
1140 3105 1254 3154 carent.
1302 3090 1437 3154 Addunt
1458 3094 1562 3171 etiam,
1594 3096 1670 3177 quia
1693 3096 1780 3158 siin

127 3203 334 3264 sacramentis
363 3225 416 3265 seu
443 3203 477 3265 in
504 3214 768 3264 sacramentorum
801 3200 924 3287 officiis
947 3221 1128 3262 cortsecrare
1144 3211 1342 3283 presumunt,
1373 3200 1432 3282 qui
1452 3200 1596 3262 ministri
1615 3223 1676 3263 non
1699 3215 1780 3282 sunt,

129 3307 232 3371 nichil
253 3310 359 3392 utique
368 3308 511 3395 faciunt.
552 3307 667 3371 Beatus
689 3331 764 3370 sanc
774 3331 866 3392 papa
883 3305 1082 3370 Innocentius
1106 3329 1144 3369 eu
1166 3305 1357 3391 apostalicae
1380 3303 1466 3369 sedis
1489 3329 1618 3370 assensu
1640 3309 1779 3394 scripsit,

82 3443 110 3482 so
129 3413 216 3498 quod
237 3413 369 3499 quidam
384 3413 520 3478 Neeelon
543 3415 583 3478 ab
599 3414 744 3478 hereticis
768 3413 943 3492 ordinatus,
968 3415 1045 3498 quia
1069 3411 1170 3475 nichil
1192 3411 1310 3491 habuit,
1336 3411 1413 3475 dare
1437 3414 1469 3476 ei
1489 3412 1592 3476 nichil
1607 3417 1715 3498 potuit
1729 3417 1784 3478 cui

130 3545 241 3584 manus
265 3523 422 3606 imposuit.
458 3520 523 3584 Hic
547 3520 701 3605 equidem,
724 3523 757 3584 si
777 3546 797 3584 a
821 3521 977 3584 ministris
1001 3520 1073 3582 licet
1094 3518 1248 3605 indiqnis,
1272 3542 1334 3582 uon
1357 3532 1459 3583 tamen
1482 3518 1634 3604 depositis
1658 3521 1708 3584 uel
1729 3545 1780 3585 eu·

129 3629 366 3692 communicatis
389 3627 554 3692 ordinatus
570 3629 703 3716 fuisset,
733 3641 762 3691 et
784 3629 851 3713 ipse
874 3641 1144 3712 qrmntumcunque
1175 3624 1326 3713 indiqnus
1348 3627 1381 3690 si
1401 3627 1544 3690 minister
1568 3630 1719 3708 asisteret,
1744 3653 1782 3693 eu

130 3735 241 3822 officio
270 3736 303 3798 ei
326 3737 432 3819 utique
460 3735 628 3822 conferret,
659 3737 714 3798 eui
741 3759 852 3797 manus
882 3736 941 3797 rite
971 3735 1149 3819 imponeret.
1198 3731 1253 3796 Da
1283 3734 1462 3796 ministrum
1493 3747 1702 3820 quantumque
1732 3738 1780 3799 in·

130 3841 271 3928 diqnum,
303 3841 345 3904 da
375 3843 566 3920 ministrum,
589 3841 736 3928 fatemur
765 3865 833 3903 eum
863 3839 976 3904 habere
1006 3839 1160 3926 officium.
1209 3838 1315 3903 Aliud
1337 3852 1382 3902 est
1404 3839 1494 3924 loqui
1515 3837 1553 3903 de
1575 3856 1780 3923 sacramento,

83 3975 111 4014 ss
129 3947 224 4011 aliud
246 3947 336 4032 loqui
357 3947 395 4011 de
412 3948 533 4035 officia.
572 3946 727 4033 Officium
744 3949 824 4010 enim
841 3946 1034 4010 sacerdotale
1058 3970 1152 4031 quam
1168 3947 1276 4010 multis
1293 3945 1502 4025 interdicitur,
1526 3946 1584 4010 sed
1605 3949 1651 4011 eis
1673 3973 1780 4013 sacra-

129 4068 263 4118 mentum
286 4077 348 4118 nan
372 4055 528 4142 aufertur.
576 4052 656 4118 Inde
672 4055 724 4140 fit,
749 4053 842 4139 quod,
867 4077 935 4117 cum
958 4054 1128 4117 aecclesiae
1144 4053 1262 4140 placet,
1287 4053 1517 4138 utaliquando
1541 4068 1670 4134 reuocet,
1693 4079 1779 4120 reac-

129 4175 214 4225 catos
240 4161 375 4225 absolvit
397 4175 426 4224 et
447 4162 640 4240 rasorio-ilint,
670 4185 731 4224 non
763 4159 889 4245 quidem
918 4159 1090 4224 reordinat.
1137 4159 1244 4224 Aliud
1265 4173 1309 4224 est
1332 4163 1424 4224 etiam
1449 4159 1553 4224 dicere
1577 4160 1616 4224 de
1640 4162 1784 4249 officiali

128 4269 213 4332 analo
236 4267 318 4352 quid
338 4291 401 4331 non
424 4269 496 4332 bene
519 4269 688 4347 rrssnrstrat,
712 4269 771 4351 qui
792 4281 903 4346 manen,
927 4266 1000 4330 dum
1017 4269 1160 4330 minister
1176 4281 1228 4346 est,
1253 4281 1523 4352 qrmntumcunque
1538 4268 1652 4348 malus,
1675 4271 1781 4355 utique

129 4377 298 4439 ministrat.
345 4374 451 4438 Aliud
472 4388 516 4438 est
538 4375 643 4460 ipsum
666 4375 705 4438 ab
729 4374 840 4461 officio
865 4373 1027 4458 deponere,
1056 4398 1092 4436 ne
1116 4375 1326 4437 ministerium
1342 4373 1462 4460 faciat.
1509 4372 1564 4436 An
1587 4376 1780 4460 iqnoramus,

83 4509 111 4548 so
129 4483 207 4567 quia
229 4495 426 4545 samamenta
448 4482 517 4545 alia
539 4495 612 4544 sunt
633 4482 821 4559 necessaria,
845 4480 913 4543 alia
937 4479 1124 4566 officialia?
1169 4480 1356 4566 Baptismus
1379 4483 1496 4567 quippe
1520 4484 1715 4546 necessarius
1738 4496 1781 4546 est

130 4589 290 4670 munibus5
312 4587 520 4652 sacerdotalis
543 4611 614 4652 uero
637 4611 691 4651 seu
714 4587 875 4651 clericalis
898 4586 1053 4671 quaelibet
1076 4587 1215 4674 diqnitas
1231 4586 1276 4651 ad
1290 4587 1436 4674 officium
1453 4588 1592 4652 traditur
1607 4589 1778 4673 aliquibus.

130 4695 331 4782 Baptieandi
358 4718 436 4781 opus
466 4695 552 4759 nulli
579 4693 790 4772 interdicitur,
822 4717 876 4756 nec
906 4695 989 4756 enim
1019 4695 1058 4757 ab
1082 4717 1174 4779 opere
1203 4694 1377 4758 christiano
1408 4695 1582 4781 baptizatus
1612 4697 1780 4780 quisquam

128 4801 349 4889 suspersditur5
373 4803 451 4886 quin
467 4804 587 4887 potius,
610 4802 643 4864 si
664 4799 738 4863 inde
761 4802 925 4880 errauerit,
949 4801 1144 4864 multimodis
1165 4814 1338 4865 revocatur.
1383 4799 1585 4866 Sacerdotula
1609 4825 1680 4866 uero
1704 4802 1779 4889 offi-

130 4912 213 4973 cium
236 4932 290 4973 seu
313 4908 460 4972 clericale
476 4908 633 4994 plurimis
653 4931 715 4992 pro
738 4907 833 4993 culqm
863 4931 958 4992 quam
987 4931 1058 4994 sepe
1083 4907 1261 4988 *reciditum
1285 4922 1313 4972 et
1335 4909 1375 4972 ab
1398 4932 1433 4972 eo
1462 4909 1612 4972 nonnulli
1640 4909 1780 4972 crebrius
1798 4933 1856 4973 ⁸..

84 5041 112 5080 ss
130 5015 335 5102 deponuntur.
385 5013 447 5078 Illo
471 5037 575 5077 omnes
598 5015 633 5078 in
660 5011 783 5078 Christo
807 5016 925 5094 uiuunt,
949 5016 1008 5078 isto
1032 5015 1152 5078 iubente
1174 5016 1344 5079 aecclesiae
1367 5016 1475 5101 aliqui
1494 5018 1642 5080 seruiunt.
1692 5014 1783 5079 Illud

129 5123 299 5186 aecclesiae
329 5121 455 5185 domum
475 5120 622 5206 edificat,
653 5120 741 5184 istud
769 5120 947 5207 edificatam
978 5121 1148 5207 dispensat.
1196 5121 1402 5208 Dispensatio
1432 5124 1494 5186 ista
1516 5147 1578 5186 non
1601 5147 1621 5186 a
1645 5123 1781 5207 quolibet
1818 5129 1822 5138 '

129 5231 246 5316 apium
268 5228 326 5293 sed
347 5229 387 5292 ab
411 5228 556 5314 officiali
575 5228 615 5291 ab
631 5228 783 5291 aecclesia
792 5229 900 5313 posito
916 5229 1123 5292 ministratur.
1163 5227 1256 5305 Quod
1276 5231 1310 5292 si
1324 5252 1387 5314 per
1403 5230 1586 5293 aecclesiam
1609 5229 1649 5292 ab
1669 5229 1780 5317 officio

130 5335 307 5422 deponitur,
337 5349 441 5399 manet
464 5337 497 5398 ei
515 5348 742 5398 sacramentum
765 5334 861 5398 semel
882 5335 1071 5420 inpositum:
1094 5358 1177 5422 erqo,
1204 5337 1286 5398 sicut
1308 5337 1341 5398 in
1364 5349 1469 5399 nostro
1493 5335 1600 5423 lepisti
1621 5336 1780 5422 opuscula,

129 5457 233 5507 manet
261 5442 307 5507 ad
335 5441 506 5522 iudicium,
537 5465 598 5506 raon
628 5440 673 5505 ad
702 5441 862 5528 officium,
892 5443 939 5504 sic
968 5454 997 5512 et
1026 5441 1198 5507 christiano
1228 5441 1357 5506 cuilibet
1386 5443 1649 5506 eacommnnicato
1679 5455 1782 5505 manet
