4396 6390
576 336 888 394 COMMENTARIUS
911 336 952 392 IN
975 335 1165 392 PSALMUM
1189 337 1294 393 LXIV.
1700 333 1764 396 483

109 534 309 587 emerserunt
344 526 603 606 controversiae,
638 526 671 589 in
702 523 820 611 quibus
855 523 1029 611 plurimum
1064 522 1241 589 dementati
1277 535 1352 588 sunt
1381 524 1515 612 Egyptii
1551 535 1700 611 potentes
1733 538 1766 591 et

109 631 237 714 tyranni
261 653 321 716 per
343 631 388 712 id,
409 630 494 717 quod
518 632 552 694 in
577 653 636 695 sua
659 641 748 696 secta
771 630 907 696 clericos
931 629 1096 694 habebant
1120 629 1267 694 valenter
1289 630 1457 712 litteratos,
1482 633 1570 695 etin
1595 632 1764 699 identitate

108 748 396 819 sacramentorum,
428 749 583 823 tanquam
613 739 647 801 in
678 736 888 802 similitudine
919 737 1085 822 signorum
1115 736 1292 821 gloriantes
1321 748 1434 802 contra
1461 737 1664 822 aecclesiam,
1691 763 1764 804 oum

107 843 170 928 ipsi
200 854 311 907 essent
334 855 428 908 extra
451 843 661 926 aecclesiam,
693 865 757 907 non
781 843 985 908 attendentes
1009 843 1062 907 vel
1085 842 1254 907 attendere
1277 842 1434 926 volentes,
1459 844 1556 930 quod,
1586 847 1647 909 etsi
1671 857 1765 910 extra

80 949 304 1014 saecclesiam
327 951 369 1014 sit
391 949 480 1014 locus
504 951 574 1014 veri
597 949 802 1030 sacramenti,
833 972 899 1014 ηοη
922 960 1031 1014 tamen
1061 950 1122 1013 nisi
1154 950 1188 1013 in
1212 959 1324 1014 sancta
1349 949 1508 1014 catholica
1531 951 1692 1017 aecclesia
1715 962 1765 1018 est

107 1054 199 1120 locus
222 1058 293 1120 veri
318 1057 481 1138 sacrificii,
505 1067 541 1120 ut
563 1055 679 1121 beatus
703 1056 905 1142 Augustinus
930 1057 1045 1120 asserit
1056 1061 1077 1120 ¹.
1782 1121 1848 1168 (m,

215 1163 377 1249 Tempore
401 1164 490 1227 Petri
512 1163 634 1228 Leonis
664 1164 849 1244 scismatici,
880 1160 1061 1227 fautoribus
1092 1164 1162 1227 eius
1186 1186 1251 1226 uua
1282 1165 1449 1249 cumipse
1474 1166 1764 1230 excommunicatis
1785 1174 1899 1242 [Mando
1920 1178 1996 1228 Petri

107 1269 204 1332 valde
228 1269 441 1354 gloriantibus
465 1271 499 1334 in
514 1269 685 1334 identitate
709 1279 995 1350 sacramentorum,
1020 1280 1085 1334 tanr
1110 1269 1198 1355 apud
1221 1270 1308 1356 ipsos
1325 1293 1423 1356 quarn
1440 1269 1527 1356 apud
1543 1273 1764 1335 exeommuni-
1829 1244 1949 1312 ¹⁴⁰⁰¹¹⁵⁸l

108 1386 252 1440 catorem
283 1378 427 1462 ipsorum
456 1376 574 1440 beatae
604 1377 780 1440 memoriae
811 1398 930 1462 papam
954 1376 1190 1457 Innocentium,
1216 1398 1418 1442 cumessam
1443 1387 1520 1440 tnnc
1549 1379 1702 1463 temporis
1730 1379 1764 1442 in

69 1507 91 1544 η
109 1483 200 1546 curia
216 1483 363 1546 Romana
373 1489 393 1564 ²,
419 1492 550 1548 coactus
575 1506 645 1548 sum
668 1482 777 1568 plures
802 1482 842 1546 de
867 1483 1034 1569 scripturis
1049 1483 1199 1546 veritatis
1223 1484 1432 1547 auctoritates
1457 1482 1621 1568 colligere,
1646 1483 1764 1569 quibus

108 1588 278 1653 evidenter
301 1590 416 1653 enituit
439 1600 643 1654 sacramenta
666 1588 798 1674 quidem
821 1589 884 1652 ritu
908 1587 1151 1654 aecclesiastico
1176 1587 1341 1654 celebrata
1365 1599 1431 1654 tam
1454 1590 1532 1654 ioris
1556 1612 1655 1676 quam
1678 1592 1764 1655 intus

109 1717 180 1758 esse
204 1694 406 1760 inviolabilia
414 1719 425 1778 3¹
447 1694 506 1760 scd
527 1696 561 1759 irr
586 1696 796 1759 sacramentis
821 1705 914 1758 extra
930 1694 1102 1760 celebratis
1119 1719 1185 1760 non
1199 1696 1305 1780 magis
1322 1697 1451 1783 operari
1466 1698 1614 1782 spiritum
1632 1695 1763 1779 Christi,

108 1824 207 1887 quarn
237 1802 269 1864 in
301 1803 402 1887 signia
433 1824 601 1887 magorum
624 1801 841 1887 Egyptiorum
871 1801 991 1887 digitus
1015 1802 1081 1865 Dei
1109 1801 1315 1887 operabatur,
1341 1804 1396 1888 qui
1425 1803 1556 1866 tandem
1585 1804 1664 1889 ipsis
1689 1827 1764 1868 con·

107 1906 274 1972 fitentibus
304 1910 338 1972 in
361 1909 462 1994 signis
486 1909 594 1995 Moysi
617 1919 650 1971 et
672 1906 783 1973 Aaron
808 1908 933 1972 claruit.
981 1908 1036 1974 Sic
1065 1919 1097 1972 et
1127 1909 1160 1972 in
1184 1908 1239 1973 illa
1261 1931 1335 1973 mea
1359 1911 1611 1990 concertatione,
1643 1911 1764 1996 astipu-

67 2041 90 2078 ιο
108 2014 194 2078 lanto
218 2014 298 2078 mihi
327 2027 404 2080 turre
428 2014 608 2080 venerabili
631 2016 701 2079 viro
725 2014 841 2080 beatae
865 2016 1040 2079 memoriae
1066 2014 1266 2079 Gwaltherio
1290 2015 1537 2102 archiepiscopo
1561 2017 1762 2099 Ravennate,

109 2119 249 2206 palmam
274 2124 414 2208 optinuit
446 2124 531 2187 inter
554 2123 731 2186 sententias
755 2121 871 2186 multas
894 2121 929 2185 id
951 2121 1040 2207 quod
1062 2121 1142 2186 dicit
1165 2144 1251 2208 papa
1273 2121 1444 2207 Pelagius:
1470 2122 1604 2204 Scr'arrro,
1627 2123 1732 2209 inquit
1741 2127 1763 2205 ³,

108 2232 224 2314 ipsum,
248 2230 334 2314 qaod
351 2230 487 2294 Grecam
508 2253 618 2293 nomen
640 2244 693 2308 est,
716 2231 888 2293 scissuram
911 2244 1018 2306 sonum
1045 2229 1102 2294 sed
1124 2231 1158 2292 in
1181 2231 1298 2293 areima
1321 2232 1461 2294 recasura
1486 2254 1549 2294 csse
1574 2254 1634 2294 troo
1653 2244 1761 2316 potest.

107 2335 182 2399 Non
213 2360 284 2423 erpo
315 2339 432 2400 urritati
458 2338 694 2400 communicant.
741 2335 853 2400 Partes
876 2337 945 2421 ipsi
971 2337 1037 2400 sibi
1055 2336 1215 2423 fecerant,
1246 2350 1275 2399 ct
1296 2337 1335 2399 ab
1359 2359 1393 2399 co
1424 2337 1510 2421 quod
1537 2361 1631 2400 airu-m
1655 2351 1708 2416 est,
1732 2351 1766 2402 at

108 2444 248 2527 apostoli
273 2442 353 2506 Iade
384 2444 487 2506 verbis
517 2444 581 2506 iam
613 2443 736 2527 loquar,
771 2445 950 2527 semetipsos
979 2457 1173 2528 seprcpantar
1201 2444 1350 2528 spiritam
1380 2467 1441 2506 aaa
1472 2443 1591 2506 habeat.
1644 2442 1764 2520 Quibus
1783 2467 1874 2513 rouro.

65 2574 89 2612 ro
108 2550 252 2612 orrraibua
276 2549 361 2612 illud
374 2550 527 2636 efficitur,
551 2563 585 2612 at
606 2551 684 2634 quia
707 2551 741 2612 ia
757 2551 874 2613 unitate
890 2573 986 2612 anum
1002 2572 1064 2612 noa
1078 2563 1159 2627 suat,
1184 2562 1217 2612 at
1239 2551 1316 2633 quia
1340 2551 1373 2613 in
1383 2563 1479 2635 porte
1503 2573 1567 2613 csse
1591 2551 1763 2630 coluerunt,

109 2669 143 2718 at
164 2657 242 2739 quia
264 2657 413 2740 spiritum
437 2679 498 2719 ooo
521 2656 643 2735 habeut,
666 2657 810 2740 corporis
830 2653 953 2718 Christi
973 2656 1168 2741 sacrificium
1198 2655 1311 2719 habere
1339 2679 1399 2718 aaa
1422 2658 1557 2741 possint.
1605 2655 1708 2719 Multa
1730 2657 1764 2718 in

108 2761 194 2824 hunc
224 2760 356 2825 modum
387 2761 608 2845 congessimus
639 2770 715 2824 tunc
745 2760 780 2824 in
803 2783 902 2823 unum
925 2760 1073 2824 veridica
1102 2769 1231 2846 patrum
1254 2761 1449 2842 testimonia,
1475 2760 1593 2847 quibus
1618 2784 1764 2848 compro·

110 2866 220 2931 batum
245 2878 277 2931 et
300 2867 461 2932 Eimerieo
486 2877 563 2931 tune
586 2866 742 2952 temporis
766 2865 983 2930 οοηοοΙΙοτίο4
1007 2877 1175 2952 satagente
1200 2865 1414 2953 approbatum
1439 2879 1497 2948 est,
1523 2878 1616 2932 extra
1640 2868 1764 2933 aeccle-

109 2975 191 3037 siam
215 2971 380 3037 oelebrata
402 2975 575 3038 missarum
599 2972 717 3056 officia,
742 2973 802 3036 etsi
830 2971 972 3037 habeant
996 2972 1244 3038 sacramentalia
1274 2973 1367 3058 signa
1398 2974 1500 3058 signis
1531 2973 1764 3039 catholicorum

65 3106 91 3144 rs
109 3079 237 3160 similia,
261 3101 332 3143 esse
357 3091 466 3144 tamen
488 3080 580 3144 irrita
603 3089 635 3142 at
651 3101 766 3160 vacua,
783 3089 894 3165 utpote
910 3102 1017 3166 neque
1035 3079 1192 3166 Spiritum
1208 3091 1356 3144 sanctum
1381 3102 1486 3166 neque
1508 3103 1625 3166 corpus
1643 3079 1763 3146 Christi

109 3184 272 3251 habentia.
319 3186 454 3251 Preliati
484 3197 559 3250 sunt
588 3196 697 3249 tamen
722 3196 754 3249 et
777 3184 883 3250 adhuc
907 3185 1039 3272 preliari
1063 3209 1127 3249 non
1151 3185 1304 3250 desinunt
1331 3197 1443 3250 contra
1473 3187 1568 3250 istam
1591 3189 1763 3252 veritatem

110 3294 256 3358 veritatis
285 3293 425 3357 inimici:
458 3315 594 3379 quorum
625 3291 744 3379 plures,
777 3315 849 3357 cunr
880 3293 945 3355 sint
974 3293 1103 3356 uxorati
1131 3291 1184 3354 vel
1215 3291 1438 3356 concubinarii
1463 3292 1537 3356 vel¹
1563 3292 1763 3375 conductitii,

110 3400 295 3464 sacrificant
316 3400 393 3464 licet
414 3398 589 3464 interdicti.
632 3399 676 3462 Et
699 3400 775 3484 quia
799 3421 991 3483 magnarum
1015 3399 1304 3484 congregationum
1329 3397 1532 3462 cathedrales
1556 3399 1666 3463 clerici
1690 3411 1764 3464 sunt

110 3505 294 3570 huiusmodi
313 3505 589 3571 conducticiorum
607 3505 820 3570 conductores
837 3516 870 3568 et
885 3515 1095 3590 protectores,
1119 3527 1185 3568 ηοη
1202 3515 1251 3568 est
1273 3504 1346 3568 leve
1363 3505 1501 3591 prelium
1517 3504 1605 3591 quod
1621 3517 1762 3570 movent.

65 3640 91 3678 ro
109 3613 243 3677 Preliati
273 3613 372 3698 ergob
396 3623 471 3676 sunt
501 3622 534 3676 at
555 3611 688 3698 preliari
718 3634 783 3676 non
813 3611 974 3693 desinunt,
1005 3610 1231 3697 persequendo
1263 3632 1374 3675 omnes
1405 3613 1462 3696 qui
1491 3613 1525 3676 in
1550 3611 1678 3676 Christo
1709 3614 1763 3699 pie

109 3720 221 3783 vivere
237 3719 365 3801 volunt3
391 3718 449 3784 sed
472 3719 556 3782 malo
580 3740 649 3800 suo,
674 3719 751 3804 quia
773 3718 883 3782 taliter
898 3718 1089 3803 congregati
1112 3718 1145 3780 in
1162 3717 1309 3803 prelium,
1328 3717 1614 3803 congregabuntur
1631 3720 1665 3782 in
1681 3719 1762 3784 iudi-

110 3826 205 3889 cium.
252 3826 359 3908 Unde,
384 3848 457 3890 cum
482 3826 619 3890 dixisset
648 3825 701 3889 hic
725 3847 925 3911 congregare
949 3823 1020 3888 illos
1051 3825 1085 3887 in
1107 3823 1256 3910 prelium,
1288 3823 1415 3888 addidit
1438 3823 1568 3889 dicens:
1599 3825 1656 3891 Ad
1678 3828 1762 3892 diem
1783 3855 1936 3905 Amarea.

110 3957 255 4020 mappam
282 3933 517 4020 Oorrapoteotia.
565 3931 649 3996 Nam
681 3931 751 3995 dies
781 3954 918 4017 magnus
943 3931 1182 4016 Omnipotentis
1213 3929 1283 3994 dies
1315 3931 1376 3994 erit
1405 3930 1532 4012 iudicii,
1565 3933 1634 3996 sine
1663 3931 1761 3997 dubio

110 4061 257 4125 magnus,
282 4040 366 4105 sicut
387 4038 546 4125 propheta
570 4038 665 4102 dicit:
690 4038 785 4103 Iusto
808 4053 852 4103 eat
875 4038 943 4103 dies
959 4039 1096 4103 Domini
1115 4062 1257 4125 mapaua,
1281 4041 1370 4102 imao
1394 4052 1423 4102 et
1444 4040 1535 4104 veles
1558 4041 1663 4104 airnrir.
1697 4040 1764 4103 Vox
1781 4067 1917 4116 saprum

65 4169 92 4209 aa
112 4146 196 4210 ‘diei
215 4147 352 4211 Domini
371 4172 493 4210 amaro.
546 4145 576 4208 T
572 4147 765 4210 ribalabitur
789 4148 838 4210 ibi
851 4146 956 4232 sortis
980 4155 1011 4208 et
1035 4153 1153 4208 cetera.
1781 4173 1853 4213 aaa.

215 4251 313 4316 quta
337 4263 394 4333 est,
419 4253 465 4316 ait
487 4251 558 4334 ille,
583 4262 615 4315 et
631 4273 744 4314 verum
768 4261 826 4314 est.
865 4250 949 4315 Nam
974 4251 1035 4314 etsi
1057 4250 1167 4336 aliqua
1191 4272 1281 4314 mora
1297 4249 1436 4332 videtur,
1462 4273 1503 4314 ex
1528 4273 1591 4337 qno
1616 4251 1669 4316 ille
1689 4275 1762 4338 pro·
1781 4227 1899 4348 liiidie

110 4357 258 4444 phetavit
272 4380 375 4444 usque
398 4357 440 4422 ad
466 4357 600 4446 [illunc]
625 4357 712 4421 diem
736 4379 889 4443 magnum
906 4357 1162 4442 omnipotentis,
1188 4355 1259 4420 set‘1
1276 4367 1363 4420 certe
1387 4379 1489 4443 prope
1513 4367 1562 4421 est
1586 4358 1761 4444 unicuique
1781 4351 1901 4422 magna]

109 4487 196 4529 mors
226 4475 259 4529 et
287 4465 448 4550 presentis
471 4466 558 4529 vitae
585 4464 668 4545 finis,
694 4474 726 4528 et
749 4464 914 4528 nescitur⁰
939 4461 1069 4549 quando
1092 4474 1248 4527 venturus
1279 4465 1330 4526 sit.
1377 4462 1435 4526 Ait
1465 4485 1542 4549 ergo
1574 4464 1760 4529 confestim:

110 4571 192 4636 Ecce
215 4575 305 4637 venio
328 4575 409 4637 sicat
423 4574 499 4660 sur.
546 4570 652 4635 Malus
676 4592 790 4634 servus
814 4569 893 4634 dicit
922 4571 956 4632 in
980 4570 1078 4633 corde
1102 4591 1177 4633 suo:
1202 4569 1327 4633 Moram
1350 4569 1430 4634 facit
1452 4568 1614 4634 Dominus
1638 4572 1761 4635 venire.

64 4702 93 4740 ro
110 4675 271 4741 Dominus
301 4688 409 4742 autern
434 4677 528 4742 dicit:
559 4678 641 4742 Ecce
665 4701 781 4757 aarum,
805 4680 864 4742 cito
889 4679 996 4759 oern'o,¹
1026 4675 1257 4762 addiditque‘:
1288 4680 1370 4766 sicut
1384 4678 1460 4764 sar,
1484 4675 1638 4741 videlicet
1661 4677 1762 4762 negli·
1782 4706 1934 4756 spaeram.

110 4783 262 4868 gentibus
286 4795 319 4848 et
342 4783 576 4848 dormientibus
600 4782 833 4847 formidandus.
875 4782 970 4846 Furia
994 4803 1134 4868 namque
1158 4781 1402 4846 similitudinem
1424 4784 1496 4868 ipse
1521 4781 1583 4847 sibi
1607 4782 1761 4848 adhihere

111 4889 336 4976 dignatusest,
354 4889 604 4976 dnmpremisso
629 4890 731 4953 servis
756 4890 822 4953 suis
843 4890 999 4975 precepit,
1016 4899 1051 4952 ut
1067 4887 1219 4974 vigilent:
1247 4889 1331 4966 Quia
1354 4892 1490 4969 nescitis,
1514 4890 1676 4975 inquiens,
1701 4916 1764 4976 qua
1783 4919 1941 4970 nasama.

218 5088 395 5154 11)le
414 5093 447 5142 A.
527 5090 556 5154 b)
578 5109 598 5142 s.
619 5107 683 5157 ergo
703 5091 737 5142 B.
819 5089 845 5152 c)
865 5089 983 5141 deutri.
1061 5087 1090 5152 d)
1111 5089 1191 5140 atB.
1271 5087 1406 5151 eluserit
1428 5091 1459 5140 sl.
1538 5087 1710 5156 Oudditque
1730 5091 1765 5142 B.

221 5252 251 5330 l)
275 5255 414 5332 Prosperi
429 5255 552 5313 Cantent.
570 5275 606 5312 aa
622 5256 737 5332 Aapast.
756 5275 779 5312 c.
796 5254 854 5323 15,·
878 5255 918 5325 cs.
942 5273 1033 5328 supra
1050 5273 1084 5328 p.
1102 5251 1176 5323 425,
1201 5273 1229 5310 a.
1249 5252 1277 5308 2.
1361 5253 1391 5328 2)
1407 5254 1442 5309 A.
1460 5254 1554 5324 1133,
1571 5255 1644 5329 Apr.
1663 5254 1703 5310 30
1720 5286 1764 5294 —

64 5375 92 5415 ta
111 5361 176 5418 Iun.
202 5361 239 5432 8,·
268 5382 294 5419 v.
319 5382 410 5438 supra
427 5382 460 5437 p.
480 5361 554 5417 240.
579 5371 605 5419 et
628 5360 709 5430 m,-
741 5361 781 5434 cf.
805 5360 888 5417 Bacis
918 5361 936 5415 l.
961 5360 978 5415 ἰ.
1005 5380 1038 5435 p.
1062 5359 1101 5414 33
1111 5381 1121 5428 ,·
1150 5358 1275 5428 Jalcsclr,
1301 5359 1441 5417 ‘diittlrcil
1467 5362 1515 5418 dea
1538 5365 1637 5418 δηΐων.
1661 5360 1764 5418 Ιοοιίί.’

118 5467 166 5538 VI,
186 5489 219 5544 p.
245 5468 318 5539 259,
349 5489 377 5526 n.
404 5469 441 5538 5,·
473 5466 561 5526 Gerh.
588 5468 665 5544 epist.
685 5466 735 5524 21.
839 5465 869 5535 3)
895 5464 964 5524 Call.
988 5465 1063 5521 Brit.
1089 5485 1132 5540 ep.
1151 5463 1202 5534 22,
1227 5465 1276 5521 ‘N
1293 5466 1391 5523 Arch'
1415 5467 1446 5537 V,
1465 5487 1499 5542 p.
1518 5466 1591 5537 545,
1618 5467 1718 5524 Mami
1739 5467 1763 5538 Ι,

112 5576 163 5633 col.
179 5575 252 5633 731.
267 5575 349 5645 ‘1325
373 5573 459 5633 Crat.
479 5573 509 5632 C.
527 5575 642 5644 XXIV,
666 5594 712 5650 qu.
728 5575 756 5644 1,
774 5594 798 5630 ο.
817 5573 867 5629 34.
939 5571 970 5642 4)
987 5571 1033 5628 De
1050 5591 1080 5628 co
1102 5591 1128 5628 v.
1148 5571 1342 5642 Mulelacha,
1360 5572 1427 5630 ‘Die
1441 5573 1564 5650 atreitipe
1579 5573 1763 5649 Papstwahl’

106 5701 141 5756 p.
160 5681 199 5738 69
217 5701 297 5758 aqq.;
322 5683 361 5753 cs.
381 5679 486 5739 Coacil.
504 5680 641 5738 Piranum
666 5699 689 5737 c.
707 5680 737 5752 4,
764 5678 857 5738 Conse.
881 5680 949 5754 imp.
966 5678 1006 5748 ΙΙ,
1025 5698 1058 5753 p.
1077 5677 1151 5734 578.

1498 5799 1550 5850 61*
