4544 6420
626 373 631 382 ¹
693 383 928 439 Tuatt'rs'rus
952 385 1004 438 DE
1029 381 1280 437 stuslts'rlcls
1756 376 1816 436 117

161 571 306 652 hibetur,
337 572 401 656 ipsi
425 572 525 656 capiti
549 569 731 651 exhibetur,
757 571 894 634 veritate
919 581 1010 650 teste,
1043 593 1105 655 qne
1137 569 1233 633 dicit:
1268 569 1361 646 Qrtod
1392 572 1473 634 aaut*
1503 595 1542 634 er
1571 573 1713 636 anicianis
1742 574 1820 636 occis
1839 597 1997 646 narraturo.

155 682 301 767 fecem,
325 679 408 742 neila·
422 681 561 766 jecistis.

275 784 332 850 Set
363 783 463 848 dicitb
495 784 629 870 aliquis:
662 783 878 848 ‘'Obediencin
902 783 942 846 dc
966 782 1052 847 bono
1076 781 1163 846 bona
1187 793 1291 846 estet
1315 783 1463 846 meritum
1495 782 1604 864 habet,
1636 785 1819 870 cuicunque

166 891 387 980 exhibeatur'.
434 891 535 954 Dicat
565 893 679 954 etiam:
713 889 837 954 ‘Cultus
870 889 999 953 divinus
1030 901 1078 952 est
1108 889 1212 953 bonus
1242 901 1274 952 et
1297 891 1446 952 meritum
1474 889 1581 968 habet,
1614 892 1818 976 cuicunquec

132 997 387 1062 sexbibeatur'.
433 998 523 1083 Ergo
553 996 674 1062 bonum
706 1009 755 1060 est
786 1007 817 1060 et
848 998 1114 1060 remuneracione
1145 995 1280 1080 dignum
1311 996 1458 1059 divinum
1482 995 1602 1060 cultum
1628 996 1820 1062 demonibus

168 1105 351 1168 exhibere?
388 1104 473 1169 Sane
498 1106 582 1168 sicut
598 1103 708 1167 divino
734 1103 822 1167 cultu
846 1126 940 1166 nemo
966 1102 1120 1166 colendus
1145 1114 1194 1166 est
1217 1103 1279 1166 nisi
1305 1102 1391 1166 solus
1407 1102 1510 1184 Deae,
1536 1104 1581 1166 ita
1598 1103 1819 1169 ecclesiastico

167 1211 256 1275 cultu
281 1223 313 1275 et
329 1213 469 1290 nomine,
487 1212 702 1274 veneracione
723 1223 755 1273 et
771 1209 964 1274 obediencia
981 1209 1142 1274 ecclesied
1157 1232 1252 1272 nemo
1270 1209 1423 1273 colendus
1441 1221 1490 1272 est
1505 1211 1567 1272 nisi
1585 1209 1652 1274 sola
1670 1210 1819 1274 ecclesia.

168 1319 226 1382 Sie
251 1320 454 1382 scismaticus
472 1318 551 1381 dicit
566 1317 729 1402 mancipio
747 1339 821 1380 sno:
848 1316 912 1380 ‘Da
927 1317 1064 1402 pauperi
1082 1315 1300 1380 elemosinam’
1328 1328 1359 1379 et
1383 1315 1458 1379 huic
1475 1315 1602 1398 similia,
1628 1331 1660 1380 et
1684 1319 1710 1380 si
1735 1317 1821 1382 bona

168 1437 218 1488 est
241 1424 296 1488 illa
319 1423 521 1500 obediencia,
545 1424 692 1509 nunquid
718 1424 836 1487 iccirco
861 1424 980 1486 iustum
1005 1435 1062 1494 est,
1088 1423 1287 1487 catholicas‘
1312 1445 1389 1486 oves
1408 1421 1528 1486 Christi
1552 1424 1583 1486 in
1605 1422 1762 1506 abbaciis,
1787 1426 1820 1488 in

123 1558 149 1594 ιο
168 1532 395 1617 preposituris,
432 1532 465 1594 in
495 1530 676 1616 parrochiis
707 1553 726 1594 a
757 1531 949 1594 scismaticis
984 1531 1149 1616 suscipere
1181 1541 1213 1593 et
1244 1529 1305 1592 hiis
1337 1529 1563 1593 occasionibus
1594 1529 1820 1596 obedienciam

170 1637 255 1726 [iisssl
288 1639 475 1723 promittere
500 1651 532 1701 et
555 1636 722 1712 exhibere,
754 1660 834 1722 qnos
866 1648 991 1700 constat
1022 1636 1194 1700 ecelesiam
1226 1637 1408 1700 deseruisse
1441 1649 1472 1700 et
1502 1636 1580 1700 foris
1605 1661 1676 1701 esse
1701 1640 1820 1724 atque¹¹

168 1745 243 1808 ideo
268 1747 365 1808 etiam
388 1746 482 1808 iuxta
505 1757 653 1808 sanctum
678 1742 900 1830 Cyprianum¹
925 1766 1019 1808 omne
1051 1744 1100 1806 ius
1131 1745 1164 1806 in
1196 1742 1335 1807 eeclesia
1366 1742 1573 1829 perdidisse?
1621 1745 1718 1825 Quod
1742 1768 1819 1831 ergo

169 1851 276 1915 adhuc
306 1851 493 1930 kathedras,
525 1851 650 1914 scilicet
679 1850 751 1915 loca
783 1850 1015 1914 catholicorum
1046 1861 1173 1933 tenent3
1206 1850 1292 1936 qnod
1323 1850 1429 1913 adhuc
1461 1873 1539 1914 oves
1568 1849 1687 1915 Christi
1719 1854 1819 1938 possi-

169 1958 279 2038 dentl,
310 1981 376 2022 non
406 1959 485 2032 iure,
518 1969 567 2021 set
598 1981 656 2043 per
686 1959 833 2043 rapinam
865 1969 897 2020 et
928 1951 1134 2041 sacrilegium
1166 1969 1276 2020 tenent
1307 1968 1338 2020 et
1368 1956 1545 2042 possident.
1598 1958 1680 2022 Esse
1713 1971 1819 2023 autem

125 2091 149 2128 rs
170 2063 375 2149 saerilegium
406 2087 516 2128 sacras
547 2087 599 2127 res
631 2087 803 2150 usurpare,
835 2086 929 2127 inemo
961 2063 1126 2149 prudcmsk
1156 2065 1293 2148 ignorat.
1349 2063 1438 2142 Seth
1464 2087 1557 2144 ecee,
1589 2089 1667 2128 ostes
1699 2065 1819 2130 Christi

170 2171 322 2257 baptismi
347 2172 564 2257 percepcione
589 2181 714 2234 sacrate
740 2184 823 2247 sunt,
849 2170 988 2257 quedam
1015 2193 1056 2233 cx
1081 2171 1127 2234 eis
1152 2172 1257 2234 eciam
1274 2172 1445 2234 sanctitate
1471 2183 1581 2234 sancte
1599 2173 1664 2236 rite
1691 2171 1819 2258 [saneti-

168 2277 297 2365 tieatess]
330 2291 413 2341 sunt.
462 2278 531 2342 Has
560 2301 679 2356 sacras,
711 2277 770 2341 bns
795 2289 924 2341 sanctas
949 2299 999 2340 res
1025 2276 1146 2342 Christi
1178 2279 1352 2342 scismatici
1384 2279 1450 2341 suis
1482 2277 1695 2364 participibus
1727 2281 1819 2364 quasi

169 2385 352 2470 pascendas
376 2371 516 2464 tradunt,
541 2386 639 2447 immo
656 2385 803 2448 vendunt
826 2407 883 2470 pro
909 2383 1100 2448 obediencia
1126 2395 1158 2447 et
1182 2386 1331 2463 servicio,
1357 2397 1450 2470 quom
1468 2376 1514 2449 eis
1532 2408 1573 2448 ex
1590 2385 1672 2450 lacte
1691 2398 1722 2449 et
1737 2386 1819 2450 lanis

171 2493 326 2572 seruiunt,
352 2503 384 2555 et
406 2493 451 2555 ita
467 2489 646 2555 vendentes
672 2504 864 2555 sternentes
887 2494 1017 2555 inmane
1035 2491 1241 2577 sacrilegium
1265 2501 1297 2555 et
1322 2493 1468 2576 rapinam
1486 2487 1711 2556 committunt}
1736 2493 1818 2557 Nam

123 2627 151 2664 so
171 2621 251 2684 (luas
274 2599 322 2662 illi
344 2623 404 2685 per
427 2600 573 2684 rapinam
598 2610 630 2662 et
653 2597 859 2684 sacrilegium
876 2598 1053 2684 possident,
1078 2601 1155 2684 quia
1177 2600 1249 2684 ipsa
1273 2600 1306 2662 in
1323 2599 1493 2683 euangelio
1518 2611 1599 2662 teste
1617 2601 1753 2663 veritate
1778 2584 1989 2682 ad10h,ilj,1„‚
2068 2589 2069 2592 Ἴ

171 2729 226 2768 eos
249 2729 314 2770 non
329 2706 503 2791 pertinent,
529 2728 584 2768 eas
609 2706 661 2768 isti
686 2707 755 2768 sine
779 2707 895 2790 rapina
919 2717 950 2768 et
974 2705 1145 2789 sacrilegio
1169 2728 1233 2768 non
1249 2705 1395 2791 mulgent
1418 2728 1524 2790 neque
1541 2705 1685 2769 tondent.
1726 2707 1819 2770 Hanc

169 2815 318 2899 rapinam
346 2813 455 2898 prodit
479 2824 510 2875 et
533 2814 681 2897 increpat
705 2835 724 2874 a
746 2811 926 2875 minoribus
951 2811 1129 2896 Gregorius
1161 2811 1274 2875 dicens
1306 2814 1339 2875 in
1363 2812 1491 2876 lehn-²:
1524 2813 1671 2899 ipocrite
1704 2841 1821 2880 aceres

172 2900 280 3006 raptor
310 2935 363 3000 est,
394 2923 480 3005 qm'a.
513 2921 587 2984 sltem
618 2923 729 3004 titique
760 2945 855 3006 eryciis
885 2920 1046 2984 desideret
1069 2921 1106 2983 cte
1129 2924 1290 2984 sanctitate
1317 2924 1469 2996 vericensi,
1502 2921 1627 2984 lacedem
1653 2925 1711 2984 rite
1736 2925 1822 3007 repit

171 3029 281 3091 aliene,
329 3025 431 3092 Multo
455 3026 559 3110 magis
583 3026 682 3110 igitur
705 3027 844 3111 raptoris
873 3048 991 3089 nomen
1023 3039 1054 3090 et
1085 3049 1203 3112 penam
1232 3037 1384 3100 meretur,
1418 3029 1472 3112 qui
1497 3026 1688 3112 dignitatem
1713 3041 1745 3091 et
1768 3051 1820 3092 res

125 3160 152 3198 ss
171 3133 304 3214 alienae,
335 3155 433 3218 quam
464 3135 518 3219 qni
550 3132 689 3197 alienam
713 3155 828 3218 rapere
851 3132 983 3196 laudem
1011 3156 1075 3196 non
1100 3145 1240 3196 veretur.
1289 3132 1416 3213 Quibus
1440 3156 1517 3218 ergo
1542 3136 1741 3220 argumentis
1766 3135 1819 3198 de—

171 3239 260 3303 fendi
283 3250 390 3325 potest
413 3239 468 3304 illa
492 3239 695 3318 obediencia,
720 3242 811 3302 cuius
836 3241 994 3326 premium
1020 3252 1094 3304 sunt
1116 3263 1167 3303 res
1192 3239 1296 3303 aliene
1322 3264 1394 3304 curn
1420 3242 1593 3326 symonia?
1641 3243 1758 3306 nisenus
1781 3246 1820 3308 ab

171 3349 326 3432 ‹rbaeqaiq
358 3348 404 3410 ait
428 3345 605 3431 Gregorius
636 3347 670 3408 in
694 3346 873 3429 ornelia⁰·³,
905 3363 949 3411 eat
977 3350 1125 3412 siclrr'cctio
1158 3348 1292 3412 indebite
1325 3351 1463 3432 depensa.
1514 3347 1616 3411 Valde
1641 3361 1750 3411 autem
1773 3351 1819 3412 in-

171 3452 282 3518 debita
313 3465 370 3535 est,
402 3454 479 3539 quia
509 3453 616 3516 aliena
647 3463 678 3516 et
709 3452 823 3516 alicnis
855 3465 887 3516 et
917 3476 975 3538 pro
1007 3453 1121 3516 alienis
1153 3455 1339 3539 symoniace
1372 3455 1507 3538 inpensa
1531 3455 1591 3518 hec
1616 3454 1818 3520 obediencia.

172 3559 384 3638 Obcdiencia,
417 3583 479 3646 qne
511 3559 695 3623 horninibus
728 3559 909 3641 exhibetur,
941 3583 1039 3623 urium
1071 3571 1120 3623 est
1151 3559 1190 3622 de
1217 3559 1334 3622 mediis
1359 3558 1463 3638 bonis,
1496 3583 1558 3646 qne
1583 3560 1634 3623 vel
1659 3560 1742 3625 bene
1768 3563 1819 3625 vel

125 3695 151 3732 so
170 3667 253 3730 male
277 3667 347 3730 fieri
371 3679 515 3753 possunt.
561 3667 706 3752 Ideoque
732 3667 933 3730 seeundump
958 3689 1083 3740 causas,
1116 3689 1158 3730 cx
1189 3665 1307 3751 quibus
1338 3666 1510 3752 prodeunt,
1542 3679 1574 3730 et
1605 3666 1722 3752 quibus
1754 3692 1818 3732 ser-

171 3775 271 3854 viunt,
295 3775 342 3837 ita
366 3773 420 3854 illi,
447 3774 689 3838 contradicente
714 3773 869 3858 apostole,
894 3774 1092 3858 coniungere
1110 3772 1274 3836 Christum
1297 3796 1370 3836 cnm
1392 3772 1522 3837 diabolo
1539 3773 1660 3850 volunt,
1686 3776 1730 3838 ita
1755 3775 1819 3838 luci
1839 3759 1996 3860 segida,

171 3882 359 3944 societatem
391 3904 464 3944 cum
496 3879 638 3943 tenebris
670 3903 740 3942 esse
772 3880 894 3943 volunt.
948 3879 1005 3944 Set
1035 3895 1207 3965 utrumque
1238 3879 1333 3943 valde
1366 3881 1505 3943 inaniter
1534 3880 1655 3944 volunt.
1706 3881 1819 3966 Longe

171 3987 258 4051 aliud
289 3987 482 4051 volueruntq
512 3986 658 4050 membra
682 3986 813 4068 Christi,
844 3987 939 4071 longe
971 3985 1059 4050 alind
1088 3987 1213 4066 volunt,
1245 3986 1340 4071 longe
1372 3985 1460 4050 aliud
1492 3987 1624 4050 faciunt.
1673 3988 1761 4073 Ergo
1793 3990 1818 4051 si

170 4093 316 4157 membra
340 4093 460 4157 Christi
486 4092 547 4156 sibi
572 4115 643 4157 esse
667 4094 829 4174 videntur,
862 4105 999 4178 pensent
1024 4093 1170 4172 sollicite,
1200 4093 1276 4156 dum
1301 4115 1439 4178 pensare
1464 4093 1549 4176 licet,
1580 4095 1606 4157 si
1630 4094 1778 4158 membra
1801 4119 1820 4158 a

128 4229 154 4266 ss
172 4199 324 4264 membris
349 4201 574 4286 discrepaneia
598 4223 670 4264 esse
695 4213 751 4264 atrt
774 4200 838 4264 dici
862 4202 1006 4286 possintr
1033 4198 1194 4264 ullomodo
1212 4199 1340 4264 Christo
1361 4201 1459 4286 capiti
1477 4202 1598 4285 pariter
1615 4202 1819 4285 cohereneia,

171 4308 312 4371 Domino
336 4307 533 4390 iudicante³,
559 4318 593 4370 ut
616 4308 670 4371 vel
693 4309 866 4392 “premium
891 4307 943 4370 vel
968 4321 1101 4370 mortem
1126 4308 1192 4370 suis
1217 4305 1381 4370 actoribus
1406 4319 1590 4392 operentur.
1839 4327 1922 4367 *nno

276 4414 340 4478 Att
368 4414 518 4499 exempla
542 4414 674 4499 quidem
697 4414 837 4500 plurima
867 4423 1074 4499 suppetunt¹¹‚
1107 4425 1156 4477 set
1186 4437 1283 4476 unum
1309 4413 1360 4476 hie
1385 4413 1426 4476 ob
1451 4413 1645 4478 brevitatem
1671 4416 1819 4480 sufficiat.

172 4520 285 4584 Ctdtus
309 4523 437 4585 divinus
461 4520 566 4584 bonus
590 4534 640 4584 est
664 4544 704 4584 ex
729 4543 838 4602 eausa,
870 4522 967 4584 immo
992 4520 1232 4600 saluberrimus,
1258 4520 1388 4606 quando
1413 4521 1487 4584 Deo
1510 4522 1543 4584 in
1567 4523 1705 4585 veritate
1731 4523 1819 4586 exhi-

172 4628 276 4710 betur,
300 4630 352 4692 cni
377 4629 445 4691 iure
471 4627 617 4691 debetur.
664 4627 755 4690 ldern
779 4629 849 4713 ipsc
874 4627 978 4691 cultus
1003 4649 1161 4690 excausa
1184 4626 1286 4690 malus
1312 4639 1369 4704 est,
1393 4628 1491 4690 immo
1516 4628 1819 4712 perniciosissimae,

125 4765 153 4801 ιο
172 4735 302 4820 quando
327 4733 518 4799 demonibus
547 4734 751 4820 appenditur,
784 4733 901 4819 quibus
931 4756 1139 4819 nequaquam
1170 4732 1316 4796 debetur.
1364 4734 1413 4796 lta
1438 4733 1631 4797 obediencia
1656 4757 1696 4797 ex
1722 4757 1821 4799 causa

172 4841 258 4905 bona
281 4853 330 4906 est
354 4854 386 4905 et
411 4842 698 4905 remuneracionev
723 4841 832 4925 digna,
864 4841 993 4925 quando
1018 4840 1184 4904 catholicis
1209 4839 1390 4920 exhibetur,
1417 4839 1534 4925 quibus
1558 4853 1631 4926 post
1655 4841 1763 4905 Deurn
1789 4857 1820 4905 et.

279 5041 305 5102 a)
328 5053 374 5093 uni
393 5061 413 5092 c.
515 5039 541 5102 bl
564 5043 607 5092 dic
626 5061 646 5092 o.
747 5041 772 5104 c)
800 5045 954 5106 quicunque
973 5061 1036 5090 corr.
1057 5042 1166 5090 rmteudo
1186 5043 1340 5105 cuicunque
1360 5059 1379 5090 c.
1481 5040 1508 5098 d)
1538 5048 1599 5091 eece
1620 5061 1681 5091 corr.
1703 5044 1780 5094 eccle
1799 5061 1819 5093 c.

173 5128 197 5186 cl
219 5135 241 5181 si
259 5133 312 5181 elie
330 5149 489 5182 mertucorr.
510 5133 577 5182 Sic.
650 5128 841 5194 ilcatholieos
860 5149 880 5180 e.
953 5129 982 5195 g)
1001 5131 1104 5180 decute.
1177 5129 1204 5192 h)
1227 5132 1315 5194 adque
1334 5147 1355 5180 c.
1428 5133 1447 5182 il
1470 5133 1598 5195 possit::,
1618 5132 1714 5180 'laabin
1733 5133 1821 5182 litteris

171 5222 267 5271 circiter
284 5222 369 5282 erasis,
388 5221 435 5271 det.
454 5229 478 5270 et
496 5221 523 5270 ἰιι
541 5239 620 5286 uterq.
638 5221 690 5270 atie
708 5239 786 5270 ιιιαιιιι
804 5221 864 5270 add.
883 5221 1024 5287 possident
1043 5237 1062 5268 c.
1119 5216 1147 5281 k)
1167 5217 1283 5284 prudent
1300 5219 1354 5268 alie
1367 5238 1443 5268 ιιιιιιιιι
1455 5237 1518 5269 corr.
1532 5221 1650 5284 prudens
1664 5238 1683 5269 c.
1741 5220 1759 5284 l)
1779 5229 1820 5271 set

126 5325 153 5362 aa
170 5319 226 5375 pon
243 5327 306 5362 cerr.
326 5311 373 5360 Set
392 5327 411 5359 c.
494 5307 530 5370 nr)
551 5327 564 5359 c
582 5328 645 5360 corr.
663 5327 753 5360 ιιιαιιιιι
768 5311 912 5374 posterioris
930 5327 950 5358 c.
1033 5307 1060 5366 nl
1082 5311 1127 5374 iop
1147 5327 1209 5358 corr.
1231 5310 1276 5359 iob
1295 5326 1315 5358 c.
1390 5311 1417 5367 ol
1441 5309 1515 5358 orrici
1533 5327 1552 5358 c.
1633 5308 1661 5374 pl
1683 5313 1737 5358 ιιι-ιιι
1757 5327 1819 5358 cerr.

173 5397 247 5450 sedin
267 5417 288 5449 c.
352 5396 379 5462 ql
402 5398 456 5450 nol.
475 5397 607 5449 cornrol.
626 5417 646 5448 c.
711 5399 733 5452 ι)
756 5407 869 5464 possunt
888 5416 951 5448 corr.
971 5400 1076 5464 possint
1095 5417 1114 5448 e.
1180 5395 1202 5458 s)
1224 5397 1348 5447 iudicant
1367 5415 1386 5446 e.
1450 5395 1470 5456 t)
1492 5399 1532 5447 Ad
1552 5417 1572 5447 e.
1636 5401 1663 5454 ιι)
1686 5397 1782 5464 suppa
1800 5417 1819 5448 c.

172 5495 199 5540 vl
222 5490 425 5539 remuneraciee
444 5507 464 5537 c.

283 5633 310 5700 1)
335 5635 365 5690 V.
390 5655 479 5709 siqua
499 5655 530 5708 p.
552 5633 713 5704 111,1.·2.
734 5635 760 5689 3.
833 5633 862 5702 2)
889 5633 996 5690 illoral.
1021 5633 1049 5688 in
1068 5632 1123 5688 Iob.
1142 5635 1159 5688 l.
1177 5633 1225 5702 18,
1251 5629 1327 5706 313
1354 5631 1388 5708 (c.
1409 5635 1458 5691 27.
1478 5629 1527 5706 8,³;
1552 5633 1624 5708 opp.
1652 5637 1693 5690 cd.
1713 5635 1819 5692 liened.

174 5743 213 5812 Il,
239 5744 288 5797 col.
309 5742 380 5796 561.
475 5742 504 5806 3)
530 5741 563 5796 In
589 5741 702 5818 Evanq.
730 5741 832 5798 sumit.
858 5741 882 5810 l,
909 5741 937 5810 4,
963 5741 1027 5796 ibid.
1054 5742 1103 5796 col.
1123 5741 1195 5796 444.
