4478 6396
455 383 516 448 188
744 391 923 448 cssflcffl
946 391 1178 448 PRAEPOSITI
1201 391 1607 449 RElCHERSBERGENSIS
1631 391 1796 448 LIBELLI.

452 579 505 644 vel
528 577 678 644 monachi
702 577 754 644 vel
778 578 897 644 milites
920 589 1036 666 putant
1059 578 1122 643 sibi
1139 580 1365 666 episcoporum
1389 579 1489 644 semel
1512 579 1632 644 factam
1657 581 1691 642 in
1707 579 1843 644 decimis
1867 577 2033 642 dationem
2048 573 2104 638 vel

451 687 683 772 prestationem
699 686 854 750 transisse
874 687 907 750 in
923 685 1029 772 legem
1046 697 1203 773 perpetuo
1219 685 1415 751 servandam
1438 708 1499 750 nec
1523 685 1564 750 ab
1581 685 1645 750 ullo
1663 707 1887 751 successorum
1903 682 2104 762 violandam,

452 791 621 858 videamus
639 791 809 880 quidinde
827 803 992 874 censeant,
1012 815 1077 857 non
1094 791 1196 858 solum
1213 792 1404 874 aecclesiae,
1421 791 1480 857 sed
1496 803 1528 856 ct
1544 792 1666 858 sacculi
1682 793 1781 878 leges,
1799 793 1877 878 quia
1892 813 2005 878 pugna
2021 789 2105 853 hacc

452 899 560 984 agitur
582 921 646 964 non
666 898 767 964 solum
786 909 898 964 contra
921 899 1182 964 aecclesiasticas
1202 899 1362 985 quasdam
1384 921 1552 986 personas,
1577 899 1755 964 sedetiam
1779 909 1893 964 contra
1916 895 2106 962 saeculares

452 1004 652 1070 decimarum
668 1005 773 1092 legale
789 1016 1017 1070 testamentum
1034 1007 1160 1071 solvere
1176 1005 1356 1072 molientes.
1390 1006 1578 1087 Videamus,
1603 1007 1745 1092 inquam,
1762 1017 1870 1070 utrum
1886 1005 1989 1092 possit
2005 1015 2106 1084 stare,
2125 1023 2139 1062 s

452 1111 541 1200 quod
553 1123 666 1177 contra
682 1135 824 1178 canones
837 1111 889 1176 vel
905 1135 989 1177 novo
1006 1112 1177 1199 privilegio
1193 1112 1325 1196 firmari,
1338 1113 1391 1178 vel
1407 1114 1526 1177 iniusta
1542 1114 1678 1177 militum
1693 1113 1824 1176 iusticia
1838 1111 1947 1176 fulciri
1962 1110 2106 1175 videtur.

335 1235 433 1276 ¹¹¹¹⁸V¹⁰⁸
562 1244 620 1292 tta.
649 1237 707 1292 Ειι
726 1242 831 1308 synodo
851 1259 939 1308 papac
959 1241 1067 1307 Hylarii
1087 1257 1147 1308 cap.
1168 1237 1281 1292 11110.²:
1307 1243 1390 1302 Illud,
1416 1243 1482 1309 qnod
1499 1242 1601 1308 quisqam
1618 1241 1738 1292 commisit
1754 1242 1881 1308 episcopus
1904 1241 1998 1300 illicite,
2023 1249 2071 1290 ant
2090 1257 2108 1288 a

354 1299 420 1342 W
452 1331 614 1382 mrodbru
632 1329 727 1381 invasit
743 1331 888 1394 admissum,
907 1331 929 1382 ei
943 1332 1077 1398 proprium
1095 1331 1149 1382 cult
1167 1332 1246 1382 vitare
1260 1333 1409 1398 peiurium,
1428 1331 1583 1397 dompnrobit.
1620 1330 1733 1381 Nomia
1750 1348 1782 1391 se,
1801 1331 1919 1399 quioquid
1936 1331 1965 1380 in
1982 1330 2034 1380 alio
2052 1347 2107 1379 non

322 1429 434 1472 (letatur.
452 1419 574 1480 resecabit,
594 1419 708 1470 investiet.
746 1419 873 1470 Gelasius
889 1419 1044 1480 cresconio,
1064 1421 1181 1472 Iohanni
1196 1427 1224 1472 ct
1235 1419 1354 1472 Messala
1368 1422 1514 1487 episeopis,
1534 1422 1605 1470 inter
1618 1413 1742 1470 cetera¹:
1762 1416 1921 1469 Decescornm
1933 1427 2029 1468 stomto
2040 1419 2109 1468 sieut

323 1519 434 1570 Patmos.
453 1509 561 1574 tastum
580 1517 603 1558 et
621 1509 687 1558 insta
705 1526 863 1559 suoemsorm
881 1509 1004 1560 mutodire
1022 1509 1141 1570 meotis,
1161 1510 1196 1560 ita
1216 1510 1290 1560 etiam
1308 1511 1376 1560 debet
1394 1510 1528 1574 malefacta
1545 1509 1673 1575 corripere.
1711 1507 1841 1574 Pelagius
1855 1509 2028 1558 Armentario
2047 1523 2107 1557 mn·
2129 1515 2154 1552 tc

453 1599 539 1664 gisna
554 1596 677 1658 militum,
698 1599 769 1648 inter
782 1593 904 1650 cetera⁴:
926 1597 1090 1664 Posteaquam
1106 1599 1235 1650 mocksiae
1253 1599 1312 1648 iura
1329 1599 1531 1650 docummmrnm
1549 1615 1643 1665 quoqne
1660 1597 1863 1648 intercedentium
1876 1596 1980 1662 fiterint
1996 1597 2108 1646 caetori

314 1697 434 1738 nonnas.
454 1694 502 1738 tote
516 1687 603 1752 strato,
628 1687 773 1738 nullatenus
790 1687 821 1737 ab
839 1687 878 1737 tu
896 1687 1037 1738 discedendi
1055 1687 1157 1738 libram
1172 1687 1296 1753 pmitifeoe,
1321 1688 1360 1738 vet
1376 1687 1398 1737 si
1416 1688 1480 1748 vetit,
1504 1688 1666 1752 pemittatrn
1683 1687 1771 1737 babere
1795 1686 1928 1736 licentiam.
1965 1687 2108 1738 Adrianus

305 1787 435 1836 crunnus.
454 1769 677 1840 lingelrammol:
700 1776 890 1828 monumen
907 1785 994 1827 corum
1011 1785 1097 1826 macto
1115 1777 1212 1826 decreto
1228 1777 1398 1826 Rornanorum
1413 1777 1544 1842 praalum
1562 1775 1658 1826 nudius
1676 1776 1727 1826 sint
1744 1775 1868 1826 monurtti.
1905 1776 2057 1840 Gregorius
2077 1777 2108 1825 in

454 1865 571 1930 Regesto
580 1857 604 1914 ⁸:
626 1865 754 1930 imperiali
766 1865 939 1916 eorntimtione
949 1873 1034 1930 aperte
1045 1865 1181 1916 sanodtum
1192 1873 1234 1927 est,
1254 1873 1283 1915 ut
1300 1882 1329 1916 ca
1346 1883 1409 1931 qrtoe
1421 1874 1512 1916 contra
1523 1866 1584 1930 leqffl
1592 1867 1663 1930 finnt
1680 1883 1731 1915 non
1748 1865 1828 1914 solnm
1845 1865 1956 1924 inutilia,
1975 1865 2018 1914 sed
2030 1866 2107 1914 etiam

288 1945 435 2050 ”ffuffffll'
449 1973 498 2020 pro
517 1953 616 2020 infectis
633 1953 746 2004 laburdo
764 1954 822 2004 rint.
860 1955 899 2004 Ex
915 1955 1043 2006 Romanis
1064 1947 1203 2020 legibus':
1222 1954 1256 2006 Id
1275 1962 1373 2005 matrem
1390 1955 1421 2004 de
1439 1972 1511 2004 rana
1528 1954 1685 2019 responsione
1702 1953 1865 2003 adstantium
1883 1961 2019 2014 manetur,
2038 1953 2107 2020 φωτὶ
2126 1957 2153 1996 1⁵

454 2043 534 2108 lequm
551 2043 649 2094 aemilia
664 2051 836 2108 persecuntur.
874 2044 958 2093 ltcm:
980 2043 1101 2092 Gomale
1115 2051 1259 2108 paeceptum
1276 2043 1391 2110 bersefieio
1408 2043 1509 2109 spetioii
1521 2043 1711 2108 anteferendum
1724 2051 1766 2092 est.
1803 2043 1838 2092 Et
1857 2044 1937 2093 item:
1959 2043 2053 2094 &aba
2065 2042 2106 2092 ius

452 2133 573 2198 resmipta
598 2149 648 2182 non
673 2132 779 2192 manni,
806 2149 950 2197 quincunque
975 2131 1046 2182 nwdo
1060 2131 1162 2197 suerint
1186 2133 1328 2198 impetrata.
1366 2133 1439 2194 Quod
1464 2133 1530 2182 enim
1544 2133 1647 2198 publico
1671 2132 1730 2182 iura
1744 2131 1910 2197 presombunt,
1935 2131 2014 2198 maqis
2037 2133 2106 2197 sequi

364 2235 434 2276 tals.
453 2221 546 2272 iudices
564 2221 658 2272 deberit.
697 2221 730 2270 nt
749 2221 834 2272 inira:
856 2219 1002 2272 Personolia
1016 2217 1155 2286 'rnaipta
1175 2238 1237 2287 quoe
1255 2239 1311 2272 cunr
1328 2221 1384 2272 iure
1401 2221 1559 2281 cmscorrlont,
1579 2222 1677 2272 caleam
1695 2238 1761 2271 more
1779 2229 1902 2271 munim:
1920 2229 1944 2271 et
1955 2221 2055 2287 neqotii,
2074 2222 2106 2272 de

454 2329 501 2378 qno
520 2311 630 2378 loquitur
647 2319 733 2360 noina
751 2309 885 2374 rescriptio,
904 2309 968 2374 finis
986 2310 1052 2360 lotoe
1076 2309 1209 2360 mrterrtioe
1235 2311 1346 2360 termims
1367 2319 1502 2362 caueatur.
1541 2311 1653 2376 Speeiale
1676 2319 1759 2359 ouoem
1777 2309 1799 2360 si
1817 2309 1878 2375 quid
1896 2309 1988 2376 Ιῳίὺω
2006 2328 2035 2360 ac
2053 2311 2106 2360 iuri

453 2401 572 2466 importat
597 2399 726 2460 ininn'om,
752 2399 869 2449 obolitum
894 2397 1038 2464 extirpetur.
1078 2400 1161 2448 ltcm:
1189 2399 1242 2449 llio
1267 2400 1360 2466 scripta
1385 2401 1577 2466 unicornimque
1600 2399 1765 2464 mppticantis
1781 2399 1903 2450 desidoio
1920 2417 2032 2449 wacessa
2047 2417 2105 2465 pre-
2123 2405 2151 2443 2⁰

454 2491 553 2540 oubam
571 2497 594 2538 et
612 2489 707 2554 spiutni
725 2488 915 2552 manupastus,-
940 2505 986 2554 qus
1004 2505 1059 2536 cum
1077 2487 1141 2536 iuris
1159 2496 1181 2536 et
1200 2488 1280 2552 leqnm
1297 2489 1395 2539 sutiam
1413 2489 1577 2539 cormmdant:
1603 2505 1631 2538 eo
1653 2505 1717 2548 vero,
1741 2505 1787 2553 qne
1804 2488 1959 2553 surreptione
1976 2489 2015 2538 ael
2027 2488 2106 2554 salsis

451 2587 566 2654 precibus
579 2585 692 2652 forsitan
710 2587 885 2652 impetrantur,
905 2587 1004 2636 nullum
1021 2585 1219 2650 nspplicantibus
1226 2586 1316 2652 serant
1333 2588 1478 2637 rentedinm.
1515 2573 1597 2638 lien]
1614 2572 1647 2636 ln
1664 2571 1800 2637 00nsslll0
1816 2572 2001 2658 presidente
2019 2595 2106 2659 papa

456 2679 652 2766 Symmacho
668 2679 770 2743 Rome
795 2677 991 2760 celebrato⁸,
1017 2701 1090 2742 cum
1114 2678 1229 2743 fuisset
1252 2679 1458 2766 presentibus
1483 2680 1608 2744 cunctis
1632 2701 1735 2765 prava
1759 2678 1900 2764 quedam
1917 2680 2105 2743 constitutio

306 2813 436 2856 consutum.
456 2787 601 2868 recitata,
633 2785 828 2850 Laurentius
860 2787 1031 2872 episcopus
1055 2784 1309 2850 Mediolanensis
1341 2786 1521 2850 aecclesiae
1553 2785 1652 2849 dixit:
1685 2786 1762 2850 ‘Ista
1792 2789 1952 2872 scripsero
1981 2788 2105 2850 nnllrtm

449 2897 556 2982 poterit
582 2895 722 2980 obliqarc
738 2895 932 2980 porittflcem,
963 2895 1100 2957 macinae
1130 2919 1199 2956 cam
1229 2919 1283 2958 acc
1300 2919 1393 2981 popo
1422 2896 1653 2980 subscripserit,
1683 2918 1738 2957 nec
1768 2893 1906 2957 alienius
1934 2894 2105 2957 secundnm
2123 2910 2151 2949 25

456 3025 589 3066 cationes
618 3001 854 3086 metropolitani
882 3001 1002 3086 loqutur
1031 2999 1199 3064 assenssts'.
1248 3000 1359 3064 Petrus
1389 3003 1552 3086 episcopus
1581 3000 1775 3064 Ravennatis
1805 3001 1973 3064 aecclesiae
2005 3000 2106 3064 dimit:

457 3107 679 3194 ‘Scripturann
710 3132 768 3192 que
794 3109 825 3170 in
849 3121 955 3170 nocua
980 3109 1215 3194 conqrcqatione
1238 3107 1365 3194 oithata
1389 3121 1441 3186 est,
1472 3108 1570 3170 nullis
1600 3108 1723 3170 viribus
1746 3109 1876 3170 existere
1900 3107 2106 3194 manifestam

457 3229 513 3294 est,
549 3217 625 3300 qtiia
656 3215 827 3278 canonibus
856 3238 917 3277 non
948 3214 1114 3278 conruml’.
1170 3213 1321 3277 Enlrrlins
1352 3216 1515 3299 episcopus
1546 3211 1766 3300 Syracusanae
1800 3214 1969 3278 oecclmiae
2004 3213 2106 3278 desit:

457 3321 677 3408 ‘dormieram
702 3345 760 3406 qne
784 3323 815 3384 in
832 3321 1026 3385 sacerdotali
1048 3321 1180 3384 eoncilia
1203 3323 1334 3384 recitata
1350 3334 1403 3400 est,
1427 3319 1671 3384 evidentissimis
1694 3320 1884 3384 docurnentis
1908 3319 2106 3384 invalidam:

449 3431 595 3517 primum
619 3427 704 3514 qnod
726 3441 832 3492 contra
850 3441 982 3514 patrant
1006 3429 1130 3510 repulus
1146 3428 1243 3515 facta
1267 3427 1408 3508 videtur,·
1436 3425 1549 3490 deinde
1573 3426 1658 3511 qnod
1680 3427 1800 3490 arellius
1816 3428 1960 3512 presulis
1982 3441 2105 3513 aposto·
2124 3445 2152 3484 ω

457 3537 537 3600 lione
560 3535 645 3600 sedis
667 3536 895 3621 subscriptione
912 3537 1044 3620 firmata
1076 3534 1229 3598 docetnr’.
1277 3533 1384 3598 Idem:
1408 3531 1596 3596 ‘Ouiraslibet
1614 3535 1795 3618 provintiae
1822 3533 1997 3597 sacerdotes
2021 3536 2106 3596 intra

456 3667 528 3706 suos
551 3643 698 3706 terminos
722 3641 856 3705 ‹toracilio
872 3641 976 3704 totto
993 3640 1148 3726 quicquid
1161 3643 1229 3704 sine
1244 3640 1480 3725 metropolitani
1499 3641 1554 3702 sui
1574 3641 1757 3703 anctoritate
1779 3643 1953 3718 emanarint,
1978 3642 2105 3704 irritum

457 3773 520 3812 asse
539 3762 648 3834 patres
671 3749 775 3812 sartcti
795 3762 974 3811 sarmerrnst.
1022 3746 1120 3834 Erqo,
1151 3745 1237 3832 qnod
1258 3760 1476 3832 presrnnptnm
1506 3748 1711 3829 coquoscitur,
1741 3747 1886 3810 uiribus*
1910 3771 2018 3810 carere
2045 3771 2106 3810 non

457 3855 585 3920 dtdn'uru
617 3869 669 3932 ast,
700 3879 754 3918 ricc
775 3877 867 3940 posse
899 3855 978 3918 inter
1005 3855 1237 3918 aecclesiastica
1267 3853 1332 3916 ullo
1362 3852 1453 3916 ruodo
1482 3866 1595 3915 statuta
1627 3851 1772 3916 censeri'.
1821 3851 1938 3916 Sancta
1967 3853 2106 3938 sqnodm

458 3963 558 4026 derit:
581 3961 693 4048 ‘Apud
714 3985 770 4026 rios
794 3975 908 4024 certum
929 3961 1051 4024 uidetur
1067 3961 1147 4024 barte
1171 3963 1273 4046 squam
1289 3962 1479 4045 scripturam
1504 3959 1624 4022 nullius
1647 3981 1711 4022 esse
1734 3962 1883 4022 momenti
1902 3984 1997 4044 quam
2012 3962 2105 4024 etiarn
2124 3977 2152 4017 ss

451 4068 593 4158 procido
624 4067 802 4132 beattnlinis
833 4082 951 4131 uestrae
980 4070 1130 4131 scatentia
1161 4067 1309 4130 enervari
1336 4067 1544 4144 contremebat,
1575 4079 1603 4128 et
1633 4067 1667 4129 in
1698 4068 1824 4129 irritam
1856 4066 1980 4146 deduci,
2011 4090 2048 4130 ne
2074 4069 2105 4130 in

458 4175 631 4260 crisirtplum
655 4187 827 4238 ranimirum
842 4173 1053 4260 presumendi
1074 4173 1263 4258 quibuslibet
1287 4173 1390 4252 laicis,
1422 4173 1566 4257 qnarnris
1596 4173 1757 4258 reliqiosis
1787 4173 1837 4236 cel
1851 4175 2041 4258 potentibus,
2073 4176 2104 4236 iu

458 4305 651 4368 quarumque
675 4283 799 4344 ct'ritate
819 4281 955 4366 qnalibet
972 4280 1060 4344 modo
1077 4279 1206 4364 aliquid
1221 4279 1383 4343 decernere
1407 4279 1445 4342 de
1467 4277 1709 4343 aecclesiasticis
1717 4279 1931 4366 sanctitatibus
1938 4304 1948 4360 ,·
1971 4305 2106 4366 quarum

285 4415 438 4466 serundo..
456 4388 534 4454 solis
564 4387 777 4452 sacerdotibus
810 4387 983 4451 indiscusse
1008 4413 1027 4450 a
1052 4387 1119 4450 Deo
1150 4412 1227 4450 cura
1258 4388 1421 4450 corrtrnt'ssa
1453 4385 1604 4449 docetur'.
1653 4384 1858 4472 Syrnrrsaclius
1881 4411 1974 4472 papa
2005 4388 2107 4454 dicit:

458 4497 559 4582 ‘tipus
582 4509 634 4572 cst,
659 4508 692 4558 ut
713 4495 958 4558 sollicitudiuem
976 4507 1112 4556 teristrum
1130 4495 1303 4557 transetum
1321 4493 1367 4554 ad
1374 4495 1548 4578 presentia,
1570 4493 1628 4556 sed
1642 4496 1735 4555 etiarn
1755 4492 1956 4557 adsecutum
1979 4496 2106 4560 saecula
2124 4513 2151 4552 ⁴⁰

450 4604 668 4690 porriqamus.
716 4601 802 4686 Erqn
833 4615 939 4664 cotnra
956 4601 1019 4686 fas
1047 4603 1080 4664 si
1104 4601 1190 4685 qnod
1211 4613 1388 4684 corruptam
1404 4600 1514 4687 fucrit
1542 4598 1756 4662 docuimustum
1788 4603 1943 4666 rrrtirer‘sis
1973 4605 2106 4683 viribus,

360 4735 438 4776 ·t.ta·.
459 4711 617 4794 ‘pertransis
641 4710 679 4772 ab
698 4711 795 4772 inicio
819 4709 925 4772 rudius
948 4708 1093 4770 babrrert't
1107 4705 1293 4793 effecteturl'.
1334 4705 1379 4769 Et
1401 4707 1494 4769 liccat
1516 4707 1749 4791 quibuscunque
1772 4709 2013 4773 aecclesiasticis
2030 4735 2105 4795 per-

457 4818 543 4880 sonis
568 4841 669 4880 rorem
693 4814 951 4879 crnurrulictionis
975 4815 1098 4900 offerre,
1123 4829 1152 4877 et
1173 4815 1403 4877 oe‹·clesiastica
1429 4815 1611 4876 arictort'tate
1627 4814 1778 4901 fulciri'.

459 4915 579 4922 -ι--ι--ι-
742 4915 879 4920 ....—....—.

376 4981 439 5028 trs.
565 4967 624 5022 lico
647 4967 752 5022 tercius
776 4964 916 5036 episcopis
932 4960 1135 5020 Britanniacl:
1160 4963 1206 5020 De
1229 4963 1325 5019 libellis
1348 4971 1374 5020 ct
1397 4962 1602 5019 corrirnentariis
1624 4963 1744 5019 aliorum
1768 4983 1824 5018 iton
1848 4963 1975 5019 conticuit
1996 4962 2107 5039 aliquos

457 5073 584 5130 iudicare
607 5081 632 5130 et
653 5081 812 5128 uitulorum
837 5071 1013 5127 unu-iliorum
1036 5089 1157 5126 cartonen
1176 5071 1334 5144 relinquere
1357 5101 1401 5109 —
1416 5101 1459 5109 —
1482 5070 1524 5126 ad
1537 5071 1668 5142 affectum
1684 5089 1763 5126 arura
1779 5070 1900 5125 retium
1922 5071 1967 5126 oei
1980 5071 2105 5128 medae.
2123 5089 2150 5128 so

564 5209 590 5264 al
613 5213 716 5260 iuriluts
734 5227 755 5260 s.
829 5209 856 5264 bl
878 5211 913 5258 itn
931 5227 1002 5274 spru:
1021 5208 1146 5258 etletetnr
1163 5225 1184 5257 e.

567 5341 595 5406 1)
622 5339 772 5413 Srqinmtcs
796 5338 849 5394 lori
871 5357 964 5392 zitrenus
987 5357 1023 5392 cs·
1047 5335 1202 5392 lirnsdcrlit
1224 5337 1312 5392 libello
1336 5347 1434 5393 corana
1459 5337 1604 5392 invasores
1627 5335 1650 5404 l,
1675 5331 1762 5408 §12
1790 5336 1889 5391 Libelli
1911 5335 1951 5405 II,
1971 5357 2004 5410 p.
2030 5335 2104 5392 310.

458 5443 489 5518 2)
507 5447 575 5518 δμη.
593 5465 620 5502 a.
636 5445 708 5504 485.
727 5465 750 5500 r.
766 5447 794 5512 l,
815 5444 893 5499 'l'lrirl
907 5443 931 5510 Ι,
943 5463 976 5518 p.
991 5443 1062 5498 161.
1122 5443 1151 5496 31
1168 5441 1236 5500 Coll.
1250 5442 1324 5499 Brit.
1343 5445 1420 5518 epist.
1439 5464 1483 5499 nr.
1498 5443 1549 5498 42.
1609 5443 1639 5510 4)
1655 5441 1723 5500 Cott.
1737 5442 1812 5498 Brit.
1826 5441 1886 5498 Pel.
1901 5441 1979 5517 epist.
1992 5462 2039 5498 nr.
2052 5443 2104 5498 42.

458 5553 488 5612 bl
524 5551 775 5627 lep..·luqilrutnuri
790 5571 812 5606 c.
831 5551 882 5618 36,
901 5549 1185 5623 llinsrliiusp.llii.
1256 5549 1286 5616 6)
1306 5550 1518 5624 t5p.1X,ltt‚
1545 5549 1612 5604 EE.
1630 5548 1670 5616 Il,
1683 5569 1715 5623 p.
1734 5549 1804 5604 186.
1866 5550 1896 5618 ἶ)
1916 5548 1964 5621 Cf.
1984 5549 2045 5606 Lib.
2063 5549 2104 5620 II,

453 5679 485 5735 p.
504 5660 576 5728 311,
598 5681 625 5716 n.
644 5659 672 5714 5.
744 5657 775 5724 8)
793 5657 943 5732 Seqirrritin
959 5656 1069 5712 albius.
1087 5675 1172 5729 nsque
1187 5656 1324 5734 arlsinrrn
1342 5677 1404 5730 cop.
1422 5655 1492 5710 150.
1512 5675 1547 5712 cx
1564 5655 1656 5730 Epist.
1675 5656 1790 5728 spiriru,
1815 5657 1840 5711 T
1837 5656 1892 5712 biel
1907 5656 1976 5731 tp.
1991 5656 2106 5712 688—
2123 5671 2151 5709 so

458 5766 536 5826 oss:
562 5765 713 5822 lliusrliius
725 5763 960 5838 peon-662.
1023 5761 1054 5834 ll)
1073 5762 1130 5818 Leo
1147 5761 1201 5832 IV,
1220 5761 1288 5819 Call.
1308 5761 1380 5816 Brit.
1399 5781 1441 5835 cp.
1458 5763 1515 5830 18,
1540 5763 1580 5832 cs.
1597 5761 1706 5818 Desisti.
1723 5761 1764 5833 H,
1781 5759 1800 5834 ξ
1816 5762 1864 5831 13,
1891 5761 2103 5832 Lit.11,331.
