4386 6390
1435 263 1453 304 ο

461 367 525 431 596
636 367 638 372 ’
876 373 1110 431 TRACTATUS
1133 373 1210 430 PRO
1236 373 1492 431 CLERICORUM
1515 371 1701 431 CONUBIO.

457 563 576 650 pratea,
599 562 657 626 aed
671 563 856 641 voluntarie,
880 587 977 648 neque
992 576 1026 626 ut
1041 561 1236 626 dominantes
1259 564 1293 626 ia
1309 563 1443 642 elert'cia,
1467 561 1647 651 redforma
1657 563 1751 651 facti
1767 563 1865 650 prepi
1885 574 1915 625 et
1937 585 1975 624 ea
1995 564 2089 630 auiae.

460 667 554 732 Nunc
578 689 656 732 vero
680 667 872 754 complures,
903 689 968 732 non
996 666 1070 732 dico
1099 689 1164 731 non
1194 678 1342 754 pascunt,
1374 667 1432 732 sed
1460 667 1608 732 lacerant
1636 689 1770 754 gregem
1794 666 1874 748 Dei,
1906 675 2017 730 coacte
2044 690 2093 734 non

296 795 440 845 uastat.
461 785 637 860 spontanee
662 784 694 838 et
716 775 819 860 turpis
842 773 925 838 lucri
945 775 1050 860 grstia
1066 783 1097 838 et
1113 784 1149 837 ut
1164 772 1368 838 dominantes
1383 775 1419 837 in
1435 773 1573 857 clericis,
1598 775 1653 860 qui
1677 772 1855 838 alleviant*
1877 776 1997 861 previa
2018 798 2095 842 onae

461 895 489 944 et
510 882 718 968 inportabilia
742 895 771 945 et
792 884 946 968 inponunt
967 883 1001 946 ia
1020 881 1163 946 lamma
1185 881 1355 961 lominum,
1381 881 1480 968 dipita
1503 896 1604 946 autem
1628 905 1684 946 aaa
1707 881 1819 946 nolant
1839 905 1879 946 ea
1902 903 2033 961 movere,
2055 885 2096 968 qui

369 1009 441 1049 rurs.
460 985 617 1050 mundent
645 985 680 1050 id
704 987 790 1074 quod
811 987 937 1075 deforis
959 1002 1003 1052 est
1025 988 1137 1052 calicis
1158 1001 1250 1074 atque
1270 988 1475 1074 parapsidis,
1499 1009 1573 1052 curn
1603 987 1687 1051 intro
1710 985 1809 1073 plens
1836 995 1915 1050 sunt
1944 987 2057 1072 rapina
2073 1001 2117 1055 ets

367 1115 440 1154 aar.
460 1093 645 1180 iniquitate,
675 1103 707 1157 et
737 1092 857 1158 similes
889 1101 963 1158 sunt
992 1095 1168 1180 sepulchris
1198 1094 1353 1159 dealbatis
1383 1115 1442 1181 qap
1472 1093 1597 1182 defertis
1626 1093 1753 1180 quidem
1783 1107 1945 1180 apparent
1973 1096 2096 1179 epatica

460 1199 648 1280 hominibus,
677 1203 761 1264 intus
783 1224 855 1265 vero
872 1201 973 1287 plena
996 1213 1068 1265 aaut
1090 1203 1210 1266 ossibus
1233 1215 1435 1282 mortuorum,
1459 1215 1488 1266 et
1509 1203 1598 1266 anat
1616 1200 1810 1288 epureieiab.
1858 1199 1931 1264 Vos
1955 1221 2032 1285 ergo
2053 1199 2097 1265 filii

363 1327 441 1368 uer.
461 1304 618 1394 catholice
644 1305 796 1393 'ecclesie
820 1307 876 1392 qui
900 1307 1019 1371 eretiee
1048 1305 1171 1370 fraudis
1194 1306 1355 1393 pravitate
1378 1305 1478 1393 pollui
1507 1306 1670 1393 respuitis,
1700 1305 1799 1371 nolite
1823 1307 1942 1371 timere
1968 1327 2033 1388 eos,
2055 1309 2097 1393 qui

461 1411 714 1476 eeclesiasticam
738 1413 910 1477 veritatem
934 1411 1123 1478 subvertere
1146 1414 1300 1496 nimiruu,
1326 1412 1454 1500 quibus,
1479 1415 1506 1478 si
1530 1423 1650 1478 statuta
1672 1435 1844 1498 canonum,
1869 1414 1900 1478 si
1922 1413 2019 1500 vigor
2039 1435 2097 1479 aet·

461 1517 661 1583 clesiestieus
684 1521 811 1604 vigeret
833 1518 1014 1602 incolumis,
1038 1519 1147 1584 timori
1170 1541 1241 1584 esse
1265 1517 1439 1585 deberetis.
2111 1551 2127 1589 u

567 1751 594 1818 ι)
616 1754 731 1821 alligent
749 1754 820 1822 Vulq.
893 1751 921 1816 b)
943 1756 1076 1822 sparticia
1093 1771 1114 1806 c.
