4544 6420
455 397 517 459 124
988 387 1213 458 reserares
1236 360 1284 432 DE
1316 375 1580 458 Sctsnmrcrs

454 603 563 654 tamen
587 592 651 654 iarn
676 613 787 654 eorum
812 593 1009 656 beattsar'mus
1027 615 1117 677 papa
1149 589 1216 651 sine
1247 585 1392 668 nomine,
1425 589 1530 652 setin
1554 612 1678 653 canone
1703 601 1828 653 tantum
1853 589 1953 654 sedet.
2000 590 2052 654 Ita
2074 593 2107 654 in

455 708 603 762 canone⁸
626 721 746 783 papam
770 699 839 761 sine
864 699 993 761 nomine
1017 695 1148 776 habent,
1180 705 1273 758 extra
1297 713 1457 760 canonem
1481 696 1603 759 nullum
1627 694 1764 778 habent,
1795 696 1882 760 unde
1907 698 2010 761 eciam
2035 720 2106 760 cum

455 803 551 890 plebe
583 827 642 868 sua
665 804 774 868 Deum
806 804 928 868 orando
960 804 1108 889 fatigant,
1138 814 1174 866 ut
1205 803 1308 867 eciam
1334 815 1427 866 extra
1458 825 1616 866 canonem
1647 802 1798 884 habeant,
1831 826 1927 889 quem
1959 805 2036 890 quia
2067 827 2108 868 ex

455 913 585 975 nomine
616 911 839 975 demonstrare
869 923 1045 997 nequeunt,
1077 921 1113 974 ut
1143 921 1304 996 putamus,
1335 912 1441 996 ipsum
1466 921 1498 972 et
1521 932 1638 972 nomen
1664 911 1732 972 eius
1760 912 1792 974 in
1816 912 2020 996 presciencia
2043 911 2108 974 Dei

456 1040 528 1082 esse
553 1018 674 1081 dicunt.
722 1017 780 1082 Set
802 1018 948 1105 nunquid
972 1018 1095 1082 ideirco
1119 1015 1309 1080 Alexander
1331 1017 1495 1102 legitimus
1520 1018 1692 1102 episcopus
1715 1040 1780 1082 non
1805 1029 1862 1098 est,
1888 1020 1965 1104 quia
1988 1019 2139 1104 prescits

456 1126 558 1205 Deus,
584 1126 656 1210 quis
679 1124 726 1188 illi
751 1125 895 1210 legitima
920 1125 1126 1188 successione
1144 1147 1354 1188 successurus
1364 1125 1376 1162 '¹
1402 1123 1466 1186 sit?
1513 1124 1584 1187 Nisi
1609 1123 1690 1188 forte
1708 1124 1829 1206 dicunt,
1855 1147 1926 1188 esse
1944 1124 2108 1210 quandam

456 1231 638 1295 mirabilem
664 1232 752 1295 etin
777 1232 896 1294 sanctis
921 1233 1089 1316 scripturis
1117 1231 1295 1294 inauditam
1319 1230 1383 1294 Dei
1414 1232 1661 1316 prescieuciam,
1693 1232 1726 1293 in
1750 1255 1814 1316 qua
1837 1255 1957 1318 papam
1981 1243 2107 1314 strum⁰,

457 1339 692 1424 nescioquem,
718 1337 805 1423 quod
822 1347 854 1400 θῖ
873 1339 936 1423 ipsi
952 1339 1111 1418 nesciunt,
1128 1337 1318 1401 Alexandro
1336 1337 1426 1400 Deus
1445 1337 1752 1422 superordinurerit,
1778 1351 1810 1402 et
1834 1341 1860 1401 si
1885 1339 1949 1403 diei
1974 1339 2023 1402 fas
2048 1348 2107 1418 θεῖ,

458 1446 709 1531 superposuerit,
741 1444 859 1530 quemd
889 1456 1012 1508 tantum
1044 1444 1187 1508 nondum
1212 1445 1349 1508 ecclesie
1375 1443 1480 1525 dedit,
1513 1467 1555 1506 ex
1579 1467 1643 1530 quo
1667 1455 1776 1508 tamen
1800 1444 1990 1508 Alexander
2013 1447 2107 1510 mira·

457 1551 514 1615 bili
538 1551 634 1615 modo
659 1552 856 1637 apostaticus
881 1553 937 1614 sit!
2128 1575 2153 1613 ιο

565 1659 750 1739 Quorsum⁰
776 1669 883 1722 autem
907 1659 986 1722 istas
1011 1657 1165 1722 ridiculas
1195 1659 1342 1744 inepcias
1370 1657 1629 1744 persequemur?
1676 1657 1834 1722 Dicamus
1865 1660 1989 1745 pocius,
2021 1659 2107 1745 quod
2183 1669 2191 1680 “

458 1764 633 1830 dicendum
664 1777 722 1828 est,
770 1765 879 1828 Unum
911 1767 1019 1851 itaque
1051 1788 1068 1828 e
1100 1764 1226 1828 duobus
1262 1767 1391 1829 omnino
1422 1788 1537 1828 verum
1568 1776 1631 1828 est:
1668 1776 1724 1828 aut
1753 1764 1943 1828 Alexander
1977 1779 2109 1852 propter

457 1872 628 1937 Pascalem
651 1871 850 1956 legittimus‘
875 1873 1048 1958 episeopus
1078 1894 1143 1936 non
1174 1883 1232 1953 est,
1265 1883 1320 1935 aut
1344 1871 1511 1935 Pascalisss
1535 1881 1667 1957 propter
1690 1871 1915 1938 Alexandrum
1946 1871 2109 1957 legitimus

457 2003 522 2043 nou
547 1990 604 2043 est.
653 1977 688 2043 Si
712 1978 874 2064 legitimus
891 1979 1035 2042 Pascalis
1061 1989 1119 2059 est,
1143 1978 1334 2042 Alexander
1356 2001 1421 2042 nen
1446 1991 1504 2042 est.
1552 1978 1589 2042 Si
1611 1978 1801 2042 Alexander
1824 1978 2024 2063 legittimus‘
2050 1990 2107 2060 est,

457 2085 603 2150 Pascalis
626 2108 692 2148 iton
716 2095 775 2166 θεῖ,
800 2087 876 2170 quia
899 2085 986 2148 nulla
1010 2087 1140 2149 omnino
1165 2085 1229 2148 alia
1252 2108 1352 2148 causa
1375 2097 1433 2166 θεῖ,
1458 2108 1558 2170 quare
1583 2083 1745 2170 legitimus
1770 2109 1834 2148 non
1859 2098 1907 2148 est
1930 2085 2021 2166 alter,
2046 2087 2108 2149 nisi
2129 2107 2153 2146 ιε

458 2217 507 2275 ea,
537 2192 625 2278 quod
648 2190 730 2256 alter
760 2215 818 2278 per
841 2194 1032 2256 canonicam
1058 2193 1248 2256 electionem
1273 2204 1305 2255 θῖ
1330 2191 1487 2256 catholice
1513 2191 1650 2256 ecclesie
1675 2193 1921 2256 unanimitatem
1945 2192 2107 2277 legitimus

458 2313 516 2363 est.
553 2298 589 2364 Si
605 2299 751 2363 Pascalis
768 2298 851 2362 hane
869 2299 1059 2363 electionem
1085 2311 1116 2362 et
1140 2300 1384 2362 unanimitatem
1402 2298 1547 2379 haberet,
1571 2298 1762 2362 Alexander
1780 2298 1977 2384 legittimusf
1997 2298 2106 2387 [nonh]

458 2419 554 2469 esset.
602 2405 659 2470 Set
683 2407 760 2491 quia
784 2405 867 2468 hanc
890 2404 1081 2469 Alexander
1107 2405 1215 2484 habet,
1248 2419 1280 2470 et
1302 2406 1448 2469 Pascalis
1479 2429 1543 2468 non
1567 2403 1675 2486 habet,
1700 2405 1889 2469 Alexander
1911 2405 2108 2491 legittimuss

459 2525 516 2594 est,
542 2512 631 2598 quod
654 2511 776 2575 idcirco
793 2511 939 2576 Pascalis
964 2536 1116 2576 essenon
1134 2524 1249 2598 potest.
1285 2511 1392 2576 Ambo
1409 2512 1455 2576 illi
1472 2512 1663 2598 illegittimif
1681 2535 1833 2576 essenon
1851 2526 1994 2598 possunt,
2020 2512 2108 2599 quod

458 2631 567 2683 tamen
584 2620 700 2682 fratres
717 2621 817 2683 nostri
834 2620 931 2682 etiam
948 2619 1172 2683 Alexandrum
1189 2643 1271 2700 csse,
1296 2620 1406 2683 nescio
1430 2619 1526 2698 unde,
1551 2619 1673 2700 volunt,
1698 2621 1760 2682 nisi
1784 2620 1865 2683 forte
1890 2621 2052 2705 quispiam
2076 2622 2108 2683 in
2128 2643 2154 2682 so

458 2725 602 2790 tantum¹
622 2725 747 2806 deliret,
773 2727 828 2812 qui
852 2735 985 2811 propter
1002 2725 1164 2790 obiectum
1182 2727 1403 2790 contenciouis
1421 2749 1494 2790 eum
1513 2725 1622 2814 [nonh]
1649 2726 1861 2811 legittimumr
1879 2711 1949 2790 θεεθ
1975 2726 2106 2790 iudicet.

460 2833 494 2898 si
518 2855 613 2896 nemo
638 2833 668 2896 ei
693 2832 732 2896 de
758 2834 969 2896 contencione
994 2832 1211 2918 calumpniam
1236 2845 1347 2914 struat,
1377 2834 1548 2897 contencio
1573 2856 1614 2897 ex
1638 2845 1730 2919 parte
1755 2832 1839 2897 illius
1864 2846 1922 2908 est,
1954 2835 2010 2920 qui
2034 2857 2108 2897 eum

459 2942 626 3025 inpugnat.
668 2939 784 3024 *lpse*
809 2962 873 3002 non
897 2939 1073 3003 contendit.
1120 2939 1323 3003 Violeneiam
1347 2941 1477 3026 patitur,
1502 2963 1566 3003 non
1591 2941 1678 3003 facit.
1727 2940 1964 3004 Tantummodo
1988 2951 2107 3018 memet,

459 3047 547 3131 quod
570 3069 629 3132 per
645 3047 835 3110 eanonicam
853 3045 1051 3110 eleccionem
1075 3059 1107 3109 et
1131 3046 1269 3110 ecclesie
1293 3048 1540 3110 unanimitatem
1556 3047 1662 3110 faetus
1687 3058 1744 3110 est.
1793 3046 1828 3111 Si
1852 3046 1913 3110 hoe
1938 3048 2107 3110 contencio

459 3165 517 3235 est,
542 3152 602 3216 hec
627 3152 828 3217 solummodo
853 3154 921 3216 eius
946 3155 1116 3216 contencio
1134 3165 1190 3216 est.
1226 3153 1311 3217 Nam
1328 3154 1415 3239 quod
1439 3155 1473 3216 in
1485 3154 1652 3216 Victorem
1669 3165 1701 3216 et
1717 3153 1929 3217 Paschalems
1947 3167 1979 3217 et
1996 3177 2107 3218 eorum
2128 3175 2154 3214 aa

459 3261 601 3324 fautores
632 3259 775 3323 officium
807 3283 899 3323 suum
930 3261 1087 3342 exercuit,
1120 3261 1152 3323 in
1178 3262 1246 3323 eius
1270 3260 1405 3324 arbitrio
1435 3259 1544 3348 [nonh]
1577 3260 1646 3334 fuit,
1678 3283 1738 3322 nee
1770 3259 1831 3323 hoc
1862 3260 2036 3324 dicendum
2061 3272 2109 3324 θεῖ

459 3368 639 3449 contencio,
665 3366 752 3453 quod
777 3377 825 3430 est
848 3367 1018 3453 pastoralis
1043 3367 1142 3432 officii
1166 3378 1198 3430 et
1220 3367 1364 3452 legitime
1389 3369 1557 3452 potestatis
1582 3367 1771 3430 execucio¹.
1819 3367 1914 3430 Nova
1936 3389 2001 3431 non
2024 3379 2108 3448 sunt,

459 3496 521 3560 que
553 3476 584 3538 in
610 3497 684 3538 eum
709 3485 821 3538 contra
845 3473 952 3537 Deum
984 3485 1016 3536 et
1047 3475 1207 3537 iusticiam
1238 3475 1328 3538 fiunt.
1377 3473 1431 3538 Sic
1463 3487 1594 3538 sanetus
1619 3473 1790 3537 Comelius
1814 3496 1899 3559 papa
1931 3485 1962 3537 θῖ
1985 3487 2109 3560 martyr

459 3581 635 3667 apostolice
661 3580 747 3644 sedis
771 3582 955 3644 invasorem
976 3581 1211 3660 Novacianum‚
1237 3581 1418 3645 Romanum
1441 3580 1679 3667 presbyterum,
1704 3605 1767 3644 non
1793 3582 1958 3657 sustinuit3
1985 3583 2030 3644 sic
2048 3581 2107 3667 Sy-

459 3688 592 3752 machus
616 3711 703 3773 papa
725 3688 954 3770 Laurencium,
980 3689 1027 3750 sic
1051 3688 1265 3752 Innocencius
1289 3711 1375 3773 papa
1398 3689 1531 3751 Petrum
1555 3688 1710 3768 Leonem,
1740 3689 1787 3751 sic
1812 3687 1990 3772 Gregorius
2011 3688 2106 3751 Vll¹¹³
2129 3710 2156 3750 au

459 3794 663 3858 Wicbertum
688 3817 707 3857 a
731 3795 857 3857 seniore
881 3817 958 3879 rege
979 3795 1152 3858 Henricom
1172 3796 1340 3875 intrusum,
1366 3796 1412 3858 sie
1429 3794 1618 3858 Pasehalis‘
1634 3817 1721 3880 papa
1737 3794 1916 3857 Burdinum
1941 3817 1961 3857 a
1983 3795 2108 3858 iuniore

459 3903 632 3966 Henricom
656 3903 831 3965 intrusum:
857 3912 889 3966 et
912 3913 1021 3965 tamen
1040 3902 1180 3965 ecelesia
1204 3913 1336 3987 propter
1358 3903 1526 3964 invasores
1551 3913 1583 3964 et
1607 3903 1831 3964 contensiosos
1855 3901 2017 3985 legitimos
2042 3902 2108 3986 epi-

459 4032 574 4094 scopos
599 4031 664 4072 nou
688 4008 865 4087 abhorruit,
890 4031 955 4072 non
972 4009 1124 4088 deseruit,
1150 4019 1199 4072 set
1222 4031 1277 4071 eos
1300 4009 1427 4072 fortiter
1442 4010 1554 4072 tenuit.
1603 4007 1670 4072 Soli
1694 4007 1841 4070 infelices
1865 4009 2052 4070 invasorum
2076 4019 2107 4070 et

460 4116 732 4179 contentiosorum
762 4115 905 4178 fautores
930 4138 1004 4179 cum
1028 4115 1106 4199 ipsis
1131 4116 1352 4200 perversitatis
1376 4113 1561 4200 capitibusn
1585 4138 1619 4178 se
1644 4139 1663 4178 a
1686 4125 1799 4177 sancta
1823 4114 1961 4178 ecclesie
1986 4116 2107 4178 unitate

460 4221 634 4286 sciderunt.
681 4221 769 4284 Nulli
793 4233 880 4302 tune,
905 4221 992 4307 quod
1017 4222 1243 4306 comperimus,
1267 4223 1373 4284 neutri
1398 4221 1536 4284 fuerunt.
1579 4221 1672 4284 Unde
1697 4221 1818 4307 pudeat
1842 4243 1907 4300 eos,
1933 4222 1987 4306 qui
2012 4221 2107 4284 modo
2129 4243 2154 4282 aa

459 4341 543 4408 sunt,
576 4339 608 4390 et
637 4327 877 4391 neutralitatem
908 4351 998 4391 suam
1030 4327 1182 4391 deserant
1206 4339 1238 4391 θῖ
1261 4339 1316 4393 aut
1340 4328 1509 4392 Pascalem
1534 4340 1628 4392 extra
1651 4330 1808 4392 unitatem
1832 4327 1981 4408 ecclesie,
2013 4339 2107 4391 extra

460 4457 557 4521 quam
587 4446 697 4497 tamen
724 4434 912 4497 Psscalistis
943 4434 1119 4497 deformius
1150 4447 1224 4497 sunt
1254 4447 1286 4498 et
1315 4434 1553 4517 ridiculosius0,
1585 4447 1640 4498 aut
1667 4434 1891 4498 Alexandrum
1921 4436 1954 4498 in
1986 4437 2108 4498 unitate

460 4541 597 4606 ecclesie
622 4551 763 4604 teneant.
811 4540 868 4605 Set
887 4553 1037 4604 neutmm
1054 4540 1173 4605 habere
1190 4541 1323 4622 malunt,
1349 4541 1509 4627 quiahoc
1534 4565 1678 4606 cesarem
1704 4552 1736 4604 et
1752 4541 1835 4604 velle
1861 4554 1893 4605 θῖ
1916 4552 2108 4626 supportare

459 4656 629 4712 noverunt.
678 4646 765 4726 Quid
789 4658 897 4711 autem
921 4649 1102 4732 suspicarip
1127 4670 1307 4733 possumus,
1340 4671 1440 4733 quare
1464 4649 1676 4712 Paschalem‘
1700 4672 1759 4734 pro
1782 4648 1927 4733 legitimo
1953 4649 2108 4734 episeopo

459 4779 525 4820 non
547 4753 700 4836 habeant,
731 4755 794 4817 nisi
819 4754 905 4839 quod
929 4778 949 4818 a
972 4778 1031 4818 sua
1055 4755 1261 4818 consciencia
1285 4767 1479 4818 accusantur
1502 4755 1726 4820 Alexandrum
1749 4755 1929 4840 legitimum
1954 4778 2035 4830 esse,
2061 4766 2110 4818 set
2128 4777 2155 4815 ao

459 4860 638 4925 miserabili
661 4862 775 4924 timore
799 4860 959 4946 perdendi
983 4863 1085 4946 paula,
1116 4874 1151 4924 ut
1181 4884 1280 4946 supra
1310 4861 1432 4925 dictum
1464 4875 1522 4940 est,
1555 4885 1627 4925 eum
1659 4874 1769 4925 tenere
1793 4885 1858 4924 non
1883 4862 2004 4947 posse?
2052 4861 2109 4926 Set

283 4993 439 5042 narratura.
459 4968 607 5055 nunquid
630 4966 885 5031 excusabiliter?
921 4967 1122 5053 Augustinus
1147 4969 1316 5053 superiusq
1340 4968 1541 5046 contradicit,
1567 4969 1720 5054 precipue
1742 4970 1814 5054 ipsa
1829 4971 1966 5032 veritas:
1992 4969 2108 5048 Nolite,

460 5077 620 5161 lnquieuS,
646 5079 753 5140 timere
777 5100 837 5154 eos,
862 5078 920 5160 qui
942 5075 1086 5139 occidunt
1109 5100 1231 5161 corpas,
1256 5079 1395 5138 astraea
1420 5091 1520 5139 certem
1544 5101 1602 5138 iton
1620 5077 1773 5154 occidunt,
1797 5091 1841 5140 set
1850 5081 1966 5162 pocius
1990 5079 2108 5140 timeter

460 5209 539 5262 earn,
563 5186 622 5268 qui
636 5197 739 5268 potest
762 5197 789 5246 et
812 5207 925 5267 corpus
949 5197 977 5246 et
999 5185 1137 5246 unimam
1155 5182 1293 5267 perdere
1317 5185 1350 5244 iu
1372 5183 1552 5268 palatinum.

568 5414 594 5480 a)
615 5435 700 5467 canne
720 5435 739 5466 c.
815 5415 841 5479 b)
862 5433 1022 5466 secessurus
1041 5433 1103 5464 corr.
1124 5432 1197 5464 succ.
1217 5435 1237 5465 c.
1303 5411 1328 5480 c)
1348 5419 1431 5465 sirmu
1452 5434 1472 5466 r.
1546 5413 1574 5480 d)
1595 5401 1630 5482 lin
1649 5435 1669 5466 r.
1743 5413 1768 5478 e)
1790 5420 1941 5478 Quorstmm
1961 5419 2014 5467 alia
2031 5436 2109 5467 amau
2127 5430 2155 5469 tt>

459 5525 522 5558 rcrr.
543 5508 677 5568 Quorsum
697 5525 717 5555 c.
808 5503 829 5567 f)
850 5505 927 5554 itale.
947 5507 963 5554 l.
983 5523 1003 5554 c.
1094 5505 1122 5569 g)
1142 5506 1290 5555 Pacalisc.
1381 5503 1409 5568 h)
1429 5507 1494 5555 deest
1511 5524 1531 5555 c.
1624 5499 1709 5568 illim
1728 5523 1748 5555 c.
1841 5505 1868 5568 k)
1883 5507 1982 5571 J214t.
2001 5508 2109 5557 innoeo

458 5597 557 5646 binicus
575 5597 655 5645 alteru
673 5613 762 5644 triusiae
777 5595 860 5660 per-pit
878 5613 898 5643 c.
998 5590 1017 5655 l)
1045 5596 1158 5643 excucio
1177 5613 1240 5643 corr.
1261 5596 1391 5644 execucio
1411 5612 1431 5644 c.
1528 5591 1566 5656 m)
1593 5597 1627 5644 H.
1647 5614 1667 5644 c.
1759 5590 1786 5659 n)
1812 5614 1858 5661 seq.
1879 5597 1934 5646 suis
1954 5604 2068 5660 captasset.
2088 5614 2108 5645 c.

456 5689 487 5756 ol
511 5686 565 5736 red.
585 5704 647 5734 corr.
668 5686 717 5734 rid.
736 5703 756 5734 c.
854 5682 882 5749 p)
904 5685 1045 5748 suspicare
1064 5701 1084 5732 c.
1176 5679 1202 5747 ql
1223 5685 1334 5749 snpcius
1353 5701 1416 5732 corr.
1435 5685 1635 5748 superscribendo
1654 5687 1776 5750 superius
1795 5703 1815 5734 c.
1907 5681 1930 5748 r)
1951 5701 1974 5734 a.
1994 5703 2018 5735 a.
2038 5690 2053 5732 t‘r
2074 5701 2108 5743 o.,

460 5785 501 5826 set
521 5793 545 5841 p.
566 5781 584 5824 t.
602 5793 623 5824 r.
