4386 6390
393 349 457 412 534
596 353 797 411 DhtLOGUS
821 353 873 409 DE
897 351 1164 410 PONTIFICATU
1189 351 1368 408 SANCTAE
1395 349 1589 408 ROMANAE
1614 349 1842 406 EOCLESIAE.

391 540 596 630 patriarche¹
619 539 792 627 eliguntur,
816 561 876 626 per
898 537 992 604 binos
1016 549 1151 620 tantum,
1176 537 1331 604 videlicet
1353 538 1481 604 bloisen
1505 548 1537 603 et
1559 537 1681 620 Aaron,
1705 537 1765 601 filii
1789 536 1893 601 Israel
1916 536 1954 601 de
1975 561 2027 602 ser-

244 673 371 724 uauit
390 650 513 713 vitute·
536 648 716 713 Pharaonis
741 645 955 712 educunturl’.
991 645 1090 733 Apud
1114 667 1216 732 aquas
1240 643 1368 732 probati
1392 646 1489 732 pauci
1513 655 1730 727 assumuntur,
1755 666 1816 730 per
1840 665 1921 729 quos
1943 643 2029 726 multi,

280 753 674 836 ·r.1ss·.Gede0ne'duee,
699 754 912 818 salvarentur.
947 753 1000 836 Et,
1023 763 1060 817 ut
1083 751 1228 816 breviter
1250 751 1368 836 dicam,
1393 776 1451 839 per
1475 775 1556 839 quos
1579 751 1718 818 mundus
1743 750 1787 815 ad
1811 749 1910 814 fidem
1927 749 2033 816 Christi

213 887 371 936 nasaniam.
390 871 525 927 vocatus
557 873 619 944 est,
649 860 718 924 ΧΠ
748 858 972 926 tantummodo
1003 859 1194 940 extiterunt,
1226 870 1259 924 et
1288 858 1331 923 ad
1360 859 1527 924 ultimum:
1566 859 1666 924 Multi
1693 861 1812 940 vocati,
1842 860 1948 944 pauci
1974 883 2034 922 nero

246 967 371 1070 ,ζξζξζξξ
390 971 492 1048 electi,
522 977 554 1032 et
583 967 682 1054 multe
714 967 807 1054 palae
837 964 967 1053 ignibus
998 965 1181 1048 exurenda,
1212 989 1319 1054 pauca
1348 989 1453 1052 grarm
1481 966 1516 1029 in
1547 964 1661 1030 horreo
1690 963 1916 1029 recondenda.
1960 963 2034 1028 Hinc
2049 995 2086 1033 ιι
2172 1001 2181 1040 i

391 1077 489 1140 etiam
513 1075 645 1162 quidam
670 1076 839 1161 sapiens²:

978 1181 1159 1266 Numquam
1183 1205 1215 1244 se
1239 1205 1316 1244 cura
1340 1180 1469 1244 deorum

764 1287 820 1354 Sic
836 1290 967 1374 premit,
991 1301 1024 1352 iit
1039 1289 1147 1374 plebis
1169 1290 1266 1352 morti
1283 1289 1447 1373 plebisque
1470 1289 1570 1352 saluti

767 1395 849 1460 Fata
874 1409 999 1476 uacent,
1015 1418 1185 1480 procerum
1209 1409 1308 1458 mettis
1331 1395 1385 1458 hec
1408 1407 1517 1464 cuncta
1540 1407 1703 1458 secuntur:

764 1503 947 1566 Humanum
964 1503 1084 1588 paucis
1107 1504 1186 1566 uiuit
1205 1525 1312 1588 penna.
2056 1531 2072 1564 r
2167 1526 2192 1561 ιι

496 1624 785 1714 A[lexander].
820 1623 959 1690 Profluis
989 1625 1024 1688 in
1054 1622 1164 1690 verbis
1195 1634 1227 1690 et
1255 1621 1554 1710 presumptionibus
1582 1645 1698 1710 parum
1728 1633 1785 1688 aut
1808 1622 1891 1687 nihil
1915 1620 2040 1686 adrem

394 1731 636 1798 attinentibus⁰.

498 1839 710 1928 Vlictorld.
754 1838 855 1904 Sine⁰
886 1837 1062 1925 paulisper,
1096 1846 1133 1902 ut
1167 1847 1297 1924 ceptum
1332 1859 1514 1902 sermonem
1549 1837 1725 1924 perficiam.
1781 1836 1932 1901 Clericus
1960 1834 2043 1900 besti

392 1944 481 2012 Petri
505 1946 547 2010 ad
569 1947 780 2032 ignominiam
804 1968 912 2010 meam
933 1944 1196 2032 pseudoclericos
1221 1954 1254 2008 et
1277 1943 1554 2009 circumcelliones
1578 1943 1734 2031 appellas,
1764 1945 1934 2030 ignorans,
1963 1940 2044 2028 quod

391 2054 626 2118 conviciatores
650 2061 683 2116 et
707 2051 905 2117 detractores
929 2073 1066 2117 censura
1081 2050 1212 2137 legum‘
1228 2052 1343 2136 puniat
1358 2051 1508 2116 deensi:
1533 2051 1574 2117 Si
1594 2055 1666 2138 quis
1689 2051 1768 2116 adeo
1788 2074 1917 2137 procax
1931 2049 2046 2138 fuerit,
2063 2077 2100 2114 t

391 2176 503 2226 utnon
525 2163 657 2240 ratione,
680 2160 738 2224 sed
754 2162 885 2246 probris
902 2162 1066 2246 putaiieri't
1088 2183 1151 2224 esee
1175 2159 1366 2238 cermndnm,
1391 2161 1553 2245 opinionis
1574 2183 1628 2246 sue
1651 2160 1860 2222 imminutione
1881 2159 2044 2242 quatietur.

393 2268 458 2333 Nec
482 2269 564 2332 enim
588 2269 785 2332 corii'acutiat
809 2267 1035 2331 commodanda
1067 2280 1120 2346 est,
1150 2280 1185 2329 ut
1213 2267 1379 2351 quisquam
1409 2268 1530 2352 negotio
1561 2265 1708 2330 derelicto
1731 2267 1765 2328 iu
1789 2264 1980 2328 aduersarii
1998 2265 2050 2326 sui

393 2375 610 2440 contumeliam
634 2388 688 2438 ant
703 2376 819 2460 pastam
836 2387 953 2460 pergat
974 2387 1030 2438 aut
1050 2372 1208 2438 subdoleh.
1258 2370 1294 2436 Si
1325 2372 1397 2458 quis
1427 2381 1536 2436 autem
1565 2370 1638 2435 aliis
1662 2370 1805 2435 honestis
1830 2379 1863 2434 et
1887 2368 2047 2453 religiosis

394 2481 520 2544 clericis
552 2480 704 2562 exclusis,
736 2479 957 2544 cathedrales¹
984 2501 1042 2542 seu
1066 2477 1249 2542 cardinales
1273 2487 1397 2542 tanturn
1420 2487 1513 2563 putat
1542 2476 1763 2558 adhibendos3
1794 2499 1914 2564 parum
1944 2475 2047 2540 consi-

393 2587 486 2651 derat
509 2584 589 2650 illud
612 2585 795 2650 Innocentii
818 2607 903 2672 pape
912 2585 936 2668 ¹¹,
968 2585 1023 2671 qui
1048 2587 1129 2649 ait‘:
1165 2586 1258 2663 Quod
1284 2588 1317 2650 si'
1342 2587 1477 2650 enclesis
1507 2587 1667 2673 religiosis
1690 2586 1796 2650 electio
1814 2585 1927 2672 fuerit
1941 2585 2047 2670 fama,
2064 2611 2109 2649 ξ

393 2719 452 2780 que
475 2696 590 2779 absque
614 2719 718 2758 eorum
743 2718 891 2758 consevreu
915 2708 943 2758 et
966 2695 1141 2757 eminentia
1158 2693 1287 2780 factum
1309 2693 1421 2778 fuerit,
1446 2694 1574 2756 irritum
1597 2693 1748 2757 habeatur
1768 2706 1797 2756 et
1811 2716 1957 2756 vacuum.
1995 2688 2047 2754 Sic

394 2823 471 2884 ergo
495 2809 530 2863 ut
554 2798 669 2864 electio
694 2797 830 2863 aliorum
855 2800 1082 2885 episcoporum
1106 2821 1170 2872 non
1194 2821 1215 2861 a
1239 2797 1315 2862 solis
1340 2795 1592 2878 cathedralibus,
1616 2798 1663 2862 ita
1686 2798 1784 2861 etiam
1808 2797 1930 2860 summi
1945 2797 2047 2883 ponti·

394 2906 465 2970 licis
489 2928 554 2970 non
577 2928 598 2969 a
620 2905 713 2970 solis¹
741 2903 971 2987 cardinalibus,
995 2927 1110 2969 verum
1134 2905 1231 2968 ctiam
1256 2903 1298 2968 ab
1322 2903 1393 2968 aliis
1417 2904 1576 2990 religiosis
1601 2914 1651 2968 est
1673 2902 1835 2968 facienda.

499 3029 786 3118 A[lexander].
822 3028 908 3094 Nota
931 3051 986 3095 eos
1009 3053 1074 3093 non
1091 3028 1323 3111 excludendos,
1347 3029 1405 3093 scd
1421 3027 1464 3092 ad
1479 3026 1712 3094 considendum
1729 3038 1761 3091 et
1776 3025 2048 3092 consentiendum

289 3163 318 3205 ·r.
327 3165 373 3204 isi.
394 3136 625 3201 'admittendos
634 3147 665 3218 ¹¹¹,
690 3137 774 3200 sicut
797 3147 888 3224 patet
909 3147 975 3200 tam
999 3159 1041 3200 cx
1064 3136 1126 3201 hoc
1150 3138 1231 3222 ipso,
1256 3158 1353 3222 quam
1378 3157 1420 3198 ex
1441 3136 1504 3200 alio
1526 3157 1649 3200 canone
1666 3133 1859 3214 Innocentii,
1881 3133 1941 3197 ubi
1964 3135 2046 3197 aiii:
2065 3162 2108 3199 t

394 3243 459 3309 Sub
489 3245 696 3309 anathematis
726 3245 850 3308 iu'nculo
881 3245 1110 3324 interdicimus,
1139 3269 1177 3308 ue
1205 3246 1353 3308 canonici
1381 3243 1419 3307 de
1442 3243 1514 3307 sede
1537 3243 1714 3328 epiecopali'
1740 3243 1780 3306 ab
1810 3243 1960 3306 eiecti'oue
1983 3243 2048 3328 epi·

393 3375 557 3437 scaporum
588 3352 756 3415 ereliidant
785 3353 949 3438 religiosos
979 3354 1076 3430 iiiios,
1106 3351 1164 3414 sed
1191 3375 1296 3415 eorum
1324 3351 1457 3430 coiiailio
1487 3349 1613 3413 honesta
1642 3363 1670 3412 et
1693 3349 1807 3413 idonea
1823 3359 1992 3434 persona¹¹
2016 3351 2049 3412 in

394 3460 572 3544 episcopam
603 3459 747 3544 eli’patur.
794 3457 840 3521 Ut
869 3467 1000 3521 autem⁰
1030 3457 1172 3538 noveris,
1204 3456 1288 3520 solos
1319 3454 1502 3519 cardinales
1532 3455 1605 3518 iusi
1637 3464 1670 3518 et
1698 3463 1895 3541 potestatem
1926 3453 2047 3519 habere

394 3561 537 3648 eligendi
566 3563 713 3651 Romane
744 3563 830 3628 sodis
861 3565 1052 3644 antistitem,
1088 3562 1166 3627 audi
1196 3561 1387 3648 synodalem
1417 3560 1563 3647 regulam
1593 3559 1743 3624 Nicolai‘l
1772 3565 1898 3647 pape⁶:
1932 3562 2046 3626 Decer-

393 3673 511 3751 nimus,
543 3670 601 3752 ait,
632 3686 724 3756 atque
753 3674 928 3752 statuimus,
958 3685 993 3735 iit
1021 3673 1146 3736 obeiinte
1176 3672 1270 3735 haim
1300 3671 1492 3734 uniuersalis
1522 3670 1648 3756 ecclesie
1672 3671 1834 3755 pontifice,
1865 3671 1901 3732 in
1927 3671 2048 3755 primis
2065 3694 2184 3734 ΞΞ

394 3779 576 3842 cardinales
599 3781 742 3865 epiecopi
763 3778 1003 3866 diligentissime
1026 3779 1142 3842 simuir
1174 3777 1212 3842 ile
1240 3777 1384 3840 electione
1412 3791 1588 3855 tractantes,
1618 3799 1691 3839 aion
1720 3789 1834 3839 ‹iemros
1864 3776 2048 3840 cardi-'nahe

393 3885 564 3948 adhibeant
592 3888 698 3970 sicque
728 3886 870 3969 reliquus
899 3885 1001 3948 clerus
1029 3898 1057 3948 et
1074 3885 1213 3970 populas
1236 3884 1282 3948 ad
1303 3908 1483 3947 coiisensnm
1506 3907 1582 3946 noue
1605 3882 1925 3946 electioniaaccedat.
1962 3881 2048 3945 Nota

394 4011 471 4075 ergo
503 4013 558 4054 eos
588 3989 709 4054 adsciri
738 4013 803 4054 non
834 3989 877 4054 ad
907 3989 1102 4075 eligendum,
1134 3990 1193 4054 sed
1221 3988 1263 4053 ad
1293 3987 1561 4054 consentiendum
1573 3993 1592 4051 ³.
1640 3987 1707 4052 Sed
1737 3987 1778 4052 de
1801 3986 1852 4050 his
1876 3987 2046 4052 hactenus.

395 4096 431 4160 Si
454 4095 555 4160 habes
579 4095 677 4178 aliud,
703 4097 789 4182 quod
813 4097 913 4178 dicas,
937 4097 1047 4182 profer
1069 4098 1102 4159 in
1126 4097 1279 4161 medium.

500 4219 691 4308 Vlictcr].
730 4221 781 4284 lta
803 4221 869 4284 fiat.
916 4221 968 4284 De
1000 4219 1176 4285 idoneitate
1206 4243 1345 4306 persone
1374 4219 1557 4306 eligende⁸,
1588 4217 1676 4304 quod
1707 4217 1850 4284 secundo
1881 4219 1954 4283 loco
1980 4219 2046 4282 exi·
2064 4245 2113 4284 3⁵

237 4357 375 4406 aroniim.
394 4329 490 4414 gitur,
515 4327 629 4409 hcsitc,
655 4327 733 4414 quid
751 4327 868 4409 dicam,
892 4349 951 4413 pro
968 4349 1017 4407 ec,
1042 4327 1128 4412 quod
1145 4327 1279 4391 dicitur:
1305 4328 1430 4392 Laiiilet
1445 4342 1471 4392 te
1487 4329 1623 4391 alienum
1642 4352 1685 4406 as,
1709 4349 1770 4389 aian
1787 4341 1881 4389 tun-m.
1920 4325 2046 4389 Tamen

395 4435 422 4497 si
446 4434 578 4519 gloriari
602 4443 738 4520 oportet,
769 4433 874 4498 habeo
899 4445 931 4497 et
954 4433 1038 4497 hanc
1062 4432 1198 4497 formam
1223 4433 1264 4497 ab
1288 4434 1444 4520 apostolo,
1477 4434 1541 4519 qui,
1572 4455 1613 4496 ne
1645 4433 1750 4496 minor
1774 4432 1982 4496 estimaretur
2005 4431 2045 4496 ad

216 4570 375 4619 maenaa,
395 4540 572 4626 dampnum
588 4552 620 4605 et
635 4541 815 4627 periculum
832 4540 1042 4621 subditorum,
1059 4542 1272 4604 necessitate²
1291 4540 1407 4604 ductus
1424 4541 1481 4603 ait:
1508 4539 1549 4602 Si
1559 4541 1702 4626 gloriari
1715 4553 1833 4625 oportet
1856 4547 1889 4602 ct
1905 4549 2043 4602 ceteras.

500 4790 527 4854 a)
548 4794 659 4859 sequi-itur
677 4796 743 4844 locris
761 4811 841 4843 rasus.
905 4791 933 4855 li)
956 4775 1064 4844 educiti
1080 4811 1100 4844 c.
1157 4792 1182 4854 c)
1206 4811 1239 4844 eu
1257 4795 1285 4844 in
1304 4812 1381 4858 τηαν).
1400 4793 1461 4843 add.
1526 4793 1553 4856 d)
1577 4793 1609 4843 V.
1628 4810 1648 4843 c.
1713 4788 1738 4852 e)
1762 4793 1798 4842 δι’]
1817 4810 1837 4842 c.
1901 4791 1923 4853 f)
1947 4809 1964 4841 u
1982 4809 2042 4842 aco

393 4901 456 4933 corr.
475 4895 495 4933 c.
574 4881 603 4948 gl
626 4885 783 4932 concientia
800 4899 921 4947 siiperscr.
940 4900 1003 4933 corr.
1024 4885 1189 4934 coniventia.
1269 4880 1297 4944 li)
1319 4883 1429 4948 sipiritu-r
1444 4891 1568 4946 pinianus
1587 4882 1699 4931 rubrum.
1779 4877 1799 4941 i)
1822 4880 2006 4931 catthcdrales
2024 4897 2042 4930 c.
2059 4895 2079 4933 to

394 4971 423 5032 k)
445 4973 481 5038 pp
499 4991 519 5022 c.
604 4971 621 5032 Ι)
644 4978 661 5020 1'1
681 4990 696 5021 a
716 4967 806 5034 slolis]
827 4984 864 5027 c.‚·
892 4972 957 5022 liiica
976 4989 1050 5036 maier
1068 4989 1086 5022 n
1104 4973 1140 5022 bis
1158 4973 1238 5022 deleta
1257 4972 1391 5036 litterisque
1410 4972 1479 5021 aiacis
1498 4971 1600 5022 i'iiclusi‘s
1625 4971 1652 5020 in
1672 4973 1722 5021 loco
1740 4987 1796 5020 raso
1814 4977 1956 5019 atramaite
1969 4969 2042 5035 palli·

393 5061 462 5112 dione
479 5061 589 5111 adiectis.
680 5059 716 5122 in)
740 5061 919 5110 admutendos
939 5061 1050 5111 radenda
1069 5079 1131 5112 coir.
1152 5061 1343 5112 admittendos.
1434 5057 1462 5116 nl
1485 5056 1541 5125 pic.
1630 5057 1659 5120 o)
1681 5040 1706 5108 as
1721 5076 1742 5108 c.
1833 5055 1862 5124 p)
1884 5075 2005 5124 ammeca
2023 5075 2041 5108 c

395 5149 422 5214 q)
445 5150 536 5200 Nicoli
555 5167 575 5199 c.
649 5147 671 5212 r)
694 5148 768 5200 simil
785 5167 805 5200 c.
879 5146 903 5210 s)
926 5151 1027 5216 dignae
1047 5168 1109 5200 corr.
1130 5149 1247 5215 eligfide.
1319 5147 1341 5210 t)
1363 5132 1490 5200 nuditate
1509 5167 1529 5200 c.
1603 5145 1632 5212 u)
1654 5163 1668 5195 c
1687 5166 1707 5198 c.

505 5383 534 5453 1)
559 5385 713 5442 Duodecim
736 5383 840 5442 scilicet
854 5385 913 5463 filii
935 5385 1029 5443 Iacob.
1133 5385 1164 5455 2)
1191 5387 1300 5442 Liican.
1326 5385 1385 5442 bell.
1411 5385 1461 5441 civ.
1482 5385 1513 5454 V,
1539 5382 1737 5439 340-343.
1838 5379 1870 5455 3)
1895 5381 1963 5440 cod.
1988 5382 2040 5438 iur.

395 5492 446 5549 civ.
464 5492 504 5561 II,
523 5491 552 5560 6,
576 5488 596 5564 ἓ
613 5492 641 5546 6.
712 5489 743 5564 4)
762 5491 861 5548 Iniioc.
878 5491 919 5547 ΙΙ.
945 5492 972 5547 in
991 5512 1067 5548 coiic.
1087 5493 1226 5549 Lateran.
1251 5513 1279 5548 a.
1296 5491 1390 5547 1139.
1416 5491 1508 5548 habite
1528 5511 1550 5548 c.
1569 5489 1608 5545 28
1628 5512 1669 5538 =
1688 5488 1774 5547 Grat.
1792 5489 1880 5545 Decr.
1898 5489 1973 5546 Dist.
1991 5489 2040 5559 63,
2058 5505 2082 5546 is

396 5619 419 5654 c.
438 5599 488 5654 35.
581 5595 612 5670 5)
636 5597 772 5654 Irididem.
866 5597 895 5666 6)
921 5597 1035 5655 Nicolm'
1057 5598 1098 5654 ΙΙ.
1124 5599 1237 5655 Deerat.
1263 5601 1337 5654 elect.
1363 5619 1385 5655 c.
1405 5597 1470 5652 2.3
1497 5592 1626 5672 (Constit.
1651 5597 1717 5672 imp.
1740 5596 1764 5666 Ι,
1784 5616 1817 5671 p.
1836 5591 1932 5670 539);
1957 5594 2040 5653 Grai.

396 5705 483 5761 Deir.
509 5703 583 5761 Dist.
596 5704 652 5775 163,
678 5725 701 5761 c.
718 5705 745 5759 1.
839 5701 870 5778 7)
896 5702 944 5775 Cf.
964 5702 1049 5762 Grat,
1068 5705 1154 5762 Dicin
1172 5705 1247 5762 Dist.
1268 5705 1319 5775 63,
1345 5725 1367 5762 c.
1387 5703 1438 5760 26.
