4426 6398
371 373 601 430 THEOBALDI
625 372 863 428 STAMPENSIS
887 372 1080 428 EPISTOLA
1103 374 1158 428 AD
1181 372 1444 431 ROSCELINUM.
1667 367 1730 429 607

84 560 177 624 dotia.
224 561 330 624 illaria
353 561 450 624 etiam
481 571 584 623 mater
607 559 741 624 Domini
772 571 803 624 et
834 558 875 624 de
902 558 1096 624 sacerdotali
1124 561 1279 646 progenie
1305 559 1483 642 descendit,
1509 583 1582 624 curn
1606 560 1734 624 dicatur

84 678 224 754 cognata
247 665 426 748 Elisabeth,
451 689 534 752 quae
559 665 599 730 de
615 664 727 731 Aaron
751 668 909 752 originem
933 665 1036 729 duxit.
1073 665 1108 731 Si
1133 677 1240 730 autem
1264 666 1383 731 vellem
1406 688 1596 731 enumerare
1621 689 1731 730 omnes
1752 690 1902 742 clarnos.

84 774 123 838 de
147 773 243 860 lapsu
265 775 372 838 carnis
395 771 620 859 procedentes,
646 774 702 858 qui
725 774 941 860 principatum
972 774 1005 837 in
1036 783 1150 838 sancta
1180 773 1320 837 ecclesia
1350 785 1532 854 tenuenmt,
1563 774 1653 859 prius
1677 773 1732 836 de-

83 880 196 944 ficeret
211 881 279 944 vita
295 902 392 966 quarn
408 879 560 965 exempla
570 884 591 942 ¹.
626 879 708 943 Inde
732 881 830 944 etiam
848 880 965 945 Ιαοοί)2
984 905 1098 960 ornnes,
1122 905 1198 966 quoa
1222 880 1259 944 de
1284 882 1393 946 liberie
1416 895 1444 945 et
1466 881 1596 946 ancillis
1615 883 1732 968 genuit,
1751 905 1910 956 cremnos.

55 1013 66 1051 s
76 989 168 1074 filios
191 989 323 1073 aequali
343 988 458 1052 bonore
480 988 607 1051 heredes
631 988 806 1068 constituit,
830 1011 885 1052 nec
908 987 998 1073 opud
1020 989 1110 1052 illurn
1119 989 1320 1074 praefertur,
1345 991 1403 1074 qni
1423 986 1592 1052 secundnm
1608 1011 1731 1052 carnem

84 1096 223 1159 nobilior
244 1092 427 1157 videbatur.
470 1093 674 1179 spirantique3
689 1093 790 1180 fidem
815 1093 951 1158 Domini
964 1108 1173 1180 promeretur,
1202 1095 1300 1158 nullis
1323 1095 1457 1158 oraculis
1488 1095 1629 1158 carnalia
1651 1097 1732 1158 noti-

86 1203 191 1265 ritotis
214 1201 407 1288 obfnacotnr.
454 1199 527 1263 Hoc
557 1208 666 1263 autem
689 1197 789 1263 Iacob
820 1198 942 1263 idcirco
966 1199 1083 1262 fecisse
1107 1199 1225 1286 legitur
1234 1204 1256 1280 ⁴,
1280 1210 1315 1263 ut
1339 1198 1533 1282 ostenderet,
1558 1197 1645 1285 quod
1668 1222 1732 1263 non

84 1321 128 1372 est
151 1307 309 1386 discretio,
332 1306 470 1371 [adorna
493 1332 535 1370 cn
550 1305 701 1385 Graecae,
726 1308 880 1372 barbaras
903 1331 945 1370 an
961 1306 1087 1393 Scytha,
1110 1331 1219 1370 sarona
1234 1332 1276 1370 on
1292 1308 1373 1370 liber
1387 1309 1439 1386 ar't,
1462 1309 1539 1391 qnia
1552 1331 1612 1392 per
1627 1309 1732 1371 omnio
1751 1331 1869 1382 cotan.

84 1429 114 1477 et
134 1417 169 1478 t'n
193 1415 334 1478 omatibus
362 1413 505 1477 Chr-rietus
535 1423 593 1476 est.
640 1412 811 1498 Propterea
835 1416 916 1478 enim
939 1414 1079 1478 sal-octor
1102 1427 1203 1477 noster
1227 1427 1255 1477 et
1277 1413 1434 1477 Dorninna
1457 1411 1631 1476 humanam
1646 1415 1732 1500 fipe-

42 1546 67 1584 1o
84 1545 154 1584 rom
185 1520 290 1585 induit
313 1534 341 1584 et
355 1544 421 1606 pro
445 1521 542 1584 libero
567 1534 595 1583 et
615 1544 704 1588 servo
731 1522 871 1599 sereret,
901 1535 933 1583 nt
963 1521 1104 1584 ornnr'hnr
1136 1523 1168 1584 in
1191 1505 1228 1584 se
1247 1520 1442 1584 credentibus
1461 1523 1543 1606 pari
1570 1521 1684 1584 honore
1707 1536 1735 1584 et

81 1627 188 1715 glorio
219 1627 362 1692 coelestia
385 1629 536 1713 proemia
566 1625 748 1712 largiretur.
796 1624 949 1690 Salomon
980 1626 1077 1689 etiarn
1107 1627 1161 1713 qui
1191 1625 1337 1707 feliciter,
1369 1627 1542 1712 sapienter,
1574 1624 1734 1689 subtiliter

84 1733 243 1818 regnavit,
268 1732 388 1814 docuit,
419 1732 635 1818 prophetavit,
660 1733 721 1795 etsi
745 1731 784 1795 de
808 1731 902 1818 lapsu
927 1733 1033 1795 carnis
1057 1744 1144 1795 ortus
1169 1733 1218 1814 sit,
1243 1731 1335 1795 Deus
1359 1733 1422 1817 ipsi
1446 1743 1554 1796 tamen
1578 1731 1732 1818 templum

85 1861 177 1903 suum
201 1838 374 1903 aedificare
399 1838 569 1920 concessit,
594 1837 680 1924 quod
703 1838 814 1903 David
845 1839 930 1924 patri
961 1862 1029 1919 suo,
1062 1838 1205 1923 legitimo
1228 1837 1318 1902 Iesse
1349 1839 1425 1920 filio,
1456 1861 1497 1902 ne
1521 1849 1731 1920 construeret,

84 1944 265 2031 prohibuit3
293 1947 327 2008 in
351 1968 415 2032 quo
437 1943 532 2009 nobis
555 1945 647 2008 Deus
671 1955 820 2031 patenter
842 1946 957 2026 innuit,
983 1944 1069 2031 quod
1093 1947 1197 2030 magis
1221 1944 1382 2031 approbat
1405 1947 1492 2010 vitae
1518 1947 1731 2026 sanctitatem,

41 2079 66 2117 rs
84 2073 209 2117 morum
226 2051 437 2132 honestatem,
462 2074 558 2138 quam
582 2051 745 2136 legitimae
761 2053 939 2115 nativitatis
956 2054 1216 2138 generositatem.
1253 2052 1325 2115 Non
1350 2053 1449 2137 igitur
1472 2051 1535 2115 sibi
1556 2051 1732 2138 applaudat

86 2158 176 2223 dives
201 2170 233 2222 et
255 2157 372 2223 nobilis
395 2181 456 2222 neo
480 2157 608 2222 diffidat
630 2180 755 2244 pauper
777 2169 810 2223 et
832 2157 971 2242 humilis,
996 2161 1073 2245 quia
1097 2161 1234 2224 arcelane
1257 2160 1414 2223 Derrima
1441 2160 1577 2224 humilio
1604 2162 1871 2246 respicerentur.

85 2281 113 2330 et
134 2267 200 2330 olto
223 2293 243 2330 a
268 2268 355 2354 longe
378 2268 540 2352 eopnoeor't.
587 2264 737 2329 Humiles
760 2266 904 2351 respicit,
928 2275 964 2329 ut
987 2265 1120 2347 attollat,
1150 2264 1242 2348 altos,
1271 2264 1304 2329 id
1330 2277 1379 2329 est
1402 2263 1569 2351 superbos,
1593 2264 1731 2350 alonge

85 2373 261 2458 cognoscit,
285 2382 321 2436 ut
343 2372 473 2436 deiciat.
520 2370 612 2436 Sicut
643 2373 728 2436 enirn
752 2372 915 2458 apostolus
939 2371 1034 2436 dicit:
1065 2372 1164 2436 Nem
1189 2375 1398 2452 coronabitur,
1429 2375 1498 2437 arisi
1518 2375 1576 2458 qni
1597 2373 1732 2459 legitime
1751 2397 1892 2447 aneas.

84 2482 258 2561 certaverit,
281 2501 421 2543 —cum
445 2477 525 2542 dicit
547 2503 645 2559 nemo,
676 2478 781 2542 nullus
806 2477 999 2561 excluditur,
1030 2479 1152 2564 inquo
1177 2477 1317 2564 superba
1340 2477 1435 2542 huius
1458 2477 1572 2542 mundi
1596 2477 1731 2542 stultitia

40 2611 66 2650 ao
85 2585 277 2667 confutatur,
309 2607 392 2671 quae
417 2607 490 2649 eum
514 2583 662 2670 exlegem
686 2584 828 2671 appellat
853 2597 884 2648 et
906 2585 1031 2649 iudicat
1061 2586 1094 2648 in
1120 2586 1225 2666 terris,
1257 2607 1352 2671 quem
1376 2585 1469 2649 Deus
1493 2583 1535 2649 ad
1562 2584 1730 2649 dexteram

84 2713 176 2755 suam
201 2692 337 2757 collocat
360 2702 393 2755 et
416 2703 549 2755 coronat
572 2693 605 2754 in
630 2691 740 2755 coelis.

193 2913 222 2982 1)
249 2912 297 2985 cs.
321 2933 411 2988 apra
429 2933 462 2988 p.
481 2912 554 2968 594.
660 2913 691 2983 2)
717 2901 1061 2989 sequestremne
1085 2914 1113 2970 n
1131 2912 1261 2971 <retreat
1286 2934 1309 2970 c.
1328 2914 1378 2982 31,
1403 2911 1490 2986 §aa
1510 2914 1561 2983 eo,
1588 2911 1661 2990 opp.
1687 2913 1729 2969 eo.

84 3020 224 3078 Arevalns
245 3020 278 3091 V,
300 3039 334 3096 p.
358 3020 437 3076 358:
464 3020 617 3085 Quaeritur
640 3027 736 3076 autem
759 3022 795 3076 de
819 3021 903 3076 lacob
934 3029 994 3089 etc,
1025 3021 1125 3077 ordine
1153 3019 1353 3077 sententiamrnr
1384 3021 1588 3096 aliquantulum
1617 3027 1730 3076 mutato.

85 3125 116 3196 3)
143 3125 191 3198 Of.
214 3146 305 3202 supra
323 3147 355 3201 p.
374 3127 448 3197 575,
472 3147 500 3183 n.
516 3127 545 3197 l,
571 3125 644 3196 594,
669 3147 697 3183 n.
716 3127 745 3196 4,
768 3126 815 3182 nbi
837 3127 908 3182 idem
932 3128 1007 3183 locres
1030 3128 1174 3183 laudatur.
1267 3125 1298 3200 4)
1322 3128 1409 3201 Apud
1429 3126 1569 3184 Isidorum
1592 3126 1650 3183 scil.
1676 3128 1694 3182 l.
1712 3128 1729 3182 l.
