4396 6390
452 395 517 456 478
745 399 925 455 GERHOHI
948 398 1183 456 PRAEPOSITI
1206 397 1614 456 REICHERSBERGENSIS
1637 399 1803 455 LIBELLI.

451 589 536 653 etin
559 590 658 652 ceter-i
678 602 706 652 et
728 590 762 652 in
786 611 863 651 ricco
888 601 1062 652 testamento
1086 587 1244 651 evidenter
1267 587 1456 666 ostenditur3
1479 611 1548 650 cum
1571 585 1713 674 Moysen,
1736 601 1765 652 ct
1780 601 1857 672 post
1871 585 2007 672 Moysen
2023 583 2102 652 Ionis

452 695 595 758 omnibus
610 694 698 780 filiis
721 693 836 773 lsrael,
860 708 888 758 ct
910 693 1021 757 Aaron
1045 697 1154 758 ceteris
1178 695 1292 774 levitis,
1315 692 1442 756 Petrum
1472 716 1593 778 quoque
1623 695 1732 757 ceteris
1756 693 1931 778 discipulis
1955 691 2103 758 Dominus

245 823 294 862 ron.
303 824 335 872 u,
346 823 432 864 15-1r.
447 803 680 886 preposuerit⁸.
720 799 855 878 Qualisb
879 815 978 864 autern
1004 825 1067 864 esse
1091 800 1200 865 debeat
1222 801 1281 885 qui
1294 800 1473 887 prefertur,
1498 801 1583 862 trina
1599 799 1736 863 Domini
1757 801 1964 886 interropatio
1982 812 2011 862 et
2028 802 2104 863 trina

222 1107 275 1174 [De
293 1112 363 1162 trina
375 1111 431 1160 Do-

220 1183 286 1232 mini
318 1184 431 1232 interro·

244 1255 356 1317 gatione
376 1269 408 1304 ac

220 1326 293 1374 trina
321 1341 431 1390 reapon-

230 1397 306 1447 sione
326 1391 421 1458 Petri]

450 905 542 970 Petri
562 908 730 994 manifeste
755 921 905 972 incrustrat
926 909 1097 993 responsio.
1136 905 1213 971 Cum
1230 909 1313 972 enim
1330 905 1566 991 pascendarum
1590 907 1695 968 ocium
1718 929 1795 970 curo
1820 906 1877 969 illi
1898 907 2105 984 committitur,

452 1027 497 1077 ter
512 1013 670 1078 Dominus
694 1015 865 1100 interropct
879 1011 1016 1092 Petrum,
1040 1015 1072 1077 si
1094 1013 1219 1100 dilipat,
1243 1027 1271 1077 et
1293 1026 1338 1077 ter
1352 1010 1465 1076 Petrus
1487 1011 1651 1098 respondit
1673 1015 1750 1096 quia
1774 1026 1869 1091 ανααε,
1894 1025 1940 1074 ter
1953 1010 2133 1076 Dominuss

451 1120 547 1198 iubet,
579 1133 612 1183 ct
634 1133 758 1204 pascat.
812 1119 841 1181 T
839 1122 945 1183 rinam
975 1121 1073 1205 ipitur
1098 1118 1233 1184 Donn'ni
1261 1119 1534 1205 interrogationem
1565 1119 1650 1182 trina
1677 1116 1768 1182 Petri
1796 1117 1834 1182 de
1864 1117 2035 1182 dilectione
2064 1141 2106 1181 rc·

450 1227 597 1312 sponsio,
620 1239 647 1289 et
670 1228 784 1289 trinam
810 1228 877 1289 eius
901 1228 1131 1310 responsionem
1156 1228 1239 1289 tricia
1257 1223 1420 1311 pascendi
1436 1227 1543 1311 crepis
1566 1225 1719 1288 iniunctio
1741 1226 1892 1309 sequitur.
1941 1221 2011 1288 Sed
2032 1247 2108 1287 nunc

451 1332 604 1418 quomodo
629 1335 713 1396 trina
738 1332 864 1396 dilectio
891 1334 923 1395 in
948 1332 1102 1418 eligendis
1125 1333 1238 1396 labori
1259 1332 1375 1410 debeat,
1400 1330 1572 1394 rideamus.
1625 1329 1655 1392 T
1652 1332 1757 1394 rinam
1782 1332 1887 1415 itaque
1912 1329 2108 1394 dilectionem

452 1440 507 1502 ille
530 1439 630 1518 tates,
660 1440 719 1524 qui
739 1439 841 1502 Deum
866 1453 995 1523 atquae
1018 1438 1176 1502 Deisunt
1205 1452 1302 1502 'niente
1325 1437 1427 1501 credit
1448 1451 1477 1501 et
1498 1451 1593 1516 anat,
1624 1460 1695 1500 uoce
1719 1437 1880 1522 confitetur
1903 1450 1933 1500 ct
1948 1435 2108 1522 predicat,

452 1569 543 1631 opere
568 1547 710 1608 imitarier
733 1559 761 1608 et
782 1559 894 1609 servat.
943 1543 1043 1608 Trina
1067 1559 1168 1608 autem
1192 1558 1262 1608 tunc
1278 1546 1322 1631 stt
1343 1545 1558 1628 interropatio,
1582 1567 1661 1621 cum,
1684 1544 1766 1606 sicat
1789 1542 1944 1622 debemus,
1969 1543 2108 1626 exquiri-
2126 1569 2148 1605 n

452 1675 530 1730 mus,
554 1651 761 1736 precidamus
784 1665 812 1715 et
835 1651 1030 1730 discutimus,
1054 1665 1157 1714 romum
1180 1650 1342 1736 elipandus
1372 1650 1452 1714 lianc
1483 1652 1599 1712 trinam
1627 1649 1824 1712 dilectionem
1847 1649 1969 1712 babeat
2022 1647 2111 1724 Quod

451 1759 484 1821 si
504 1756 611 1821 cordis
626 1757 728 1844 fide-m
751 1772 780 1821 et
802 1756 998 1820 dilectionem
1028 1771 1199 1842 competens
1228 1781 1329 1821 sermo
1353 1769 1489 1820 stactus
1505 1756 1599 1843 foris
1622 1755 1771 1832 ostendat,
1802 1757 1905 1818 trinae
1935 1757 2108 1840 interroga·

452 1865 534 1927 tioni
554 1865 620 1926 iam
642 1864 803 1950 satisfecit
824 1865 909 1926 trina
932 1865 1103 1949 responsio.
1144 1861 1208 1927 Cari
1228 1866 1322 1928 eniam
1345 1863 1418 1926 bene
1442 1876 1487 1926 ter
1504 1861 1664 1947 pascendi
1681 1864 1788 1948 precis
1811 1885 1890 1924 cura
1913 1862 2109 1946 iniungitur,-

452 1972 529 2054 quia
560 1971 704 2056 quisquis
735 1993 805 2033 oues
818 2015 821 2020 ·
829 1969 1010 2055 pascendas
1039 1971 1186 2055 suscepit,
1217 1969 1324 2034 cordis
1355 1971 1427 2056 iupi
1455 1970 1624 2055 cipilantia
1648 1970 1849 2053 prospicere,
1880 1969 1968 2030 cocis
2001 1967 2109 2054 officio

452 2099 574 2140 monere
598 2100 636 2140 nc
660 2075 841 2163 defendere,
865 2089 893 2140 et
915 2090 1038 2138 actuum
1062 2077 1213 2162 caesniplis
1235 2099 1357 2162 semper
1380 2099 1433 2138 cas
1456 2075 1501 2139 ad
1527 2073 1685 2138 Christum
1709 2074 1796 2138 debet
1811 2073 2011 2159 pertrahere.
2053 2072 2113 2136 Illi
2127 2097 2188 2140 ιαῆ

452 2206 524 2269 erpo
548 2196 627 2247 recte
642 2181 805 2268 pascendi
823 2184 929 2269 crepis
953 2206 1029 2244 cura
1055 2185 1240 2268 iuiunpitur,
1272 2184 1331 2267 qui
1360 2183 1392 2245 in
1417 2195 1514 2244 rncrrte
1530 2181 1663 2266 plenam
1686 2181 1777 2244 habet
1791 2180 1893 2267 fidem
1917 2193 1946 2244 et
1969 2179 2109 2243 dilectio-

353 2311 383 2352 ·.
418 2313 432 2350 ’.
451 2311 520 2352 nem
545 2291 696 2353 interius:
724 2303 753 2353 ct
779 2290 813 2352 in
837 2312 908 2352 coce
925 2289 1069 2376 perfecte
1092 2288 1250 2368 monendi,
1276 2288 1386 2352 'libere
1410 2287 1576 2374 arguendi,
1600 2285 1775 2372 prudenter
1798 2286 1993 2350 exhortandi
2013 2288 2109 2350 scic-n-

240 2842 313 2908 [an
334 2861 421 2910 usque

221 2911 434 2980 veranas[ca]·

247 2987 279 3037 lis
299 2983 435 3102 papaplss).

370 4011 434 4059 (ras).

452 2396 528 2458 tiam
553 2408 581 2458 ct
600 2396 842 2480 possibilitatem
866 2397 1020 2474 caterius,
1043 2408 1077 2458 ut
1099 2396 1159 2479 qui
1179 2418 1270 2480 opere
1293 2418 1472 2480 quecunque
1496 2393 1645 2478 loquitu-r,
1668 2405 1772 2456 seruat
1795 2406 1823 2455 et
1844 2394 1997 2476 sequitur.
2045 2391 2110 2456 Nm

452 2503 619 2586 quisquam
637 2525 702 2587 pro
729 2502 869 2586 qrrclibct
891 2501 984 2586 culpan
1007 2504 1040 2564 si
1060 2503 1124 2564 iam
1148 2501 1351 2588 satisfecerit,
1382 2503 1416 2564 in
1446 2500 1502 2563 loc
1532 2499 1643 2586 officio
1675 2498 1867 2562 recreandus
1897 2513 1960 2580 cst,
1991 2523 2060 2562 cum
2084 2513 2110 2562 et

451 2605 544 2670 Petro
561 2621 637 2692 post
658 2609 761 2672 trinae
777 2609 951 2694 nepotianis
968 2608 1197 2670 lacrimabilem
1213 2607 1474 2694 satisfactionem,
1498 2608 1574 2690 quia
1594 2607 1649 2668 in⁰
1666 2629 1733 2669 curn
1751 2607 1836 2668 trina
1853 2605 1983 2668 dilectio
1992 2607 2109 2690 patuit,
2126 2629 2188 2667 rc:

449 2715 556 2800 prepis
579 2739 599 2776 a
623 2713 761 2777 Domino
784 2715 926 2777 iniuncta
949 2715 991 2776 sit
1006 2716 1124 2799 pastio.
1171 2713 1240 2778 Hcc
1263 2716 1361 2799 ipitcr
1385 2715 1486 2776 mirice
1510 2712 1688 2776 dilectionis
1704 2713 1831 2800 forma,
1852 2712 1984 2798 fratres
2007 2713 2109 2775 learns-

452 2821 538 2898 sirni,
562 2821 597 2884 in
606 2822 716 2906 primo
726 2833 856 2906 pastore
879 2843 940 2884 non
956 2821 996 2884 ab
1012 2820 1078 2883 alic
1102 2844 1194 2904 quam
1220 2817 1384 2885 aClrrssto
1401 2821 1590 2904 prasianata
1614 2819 1648 2880 in
1664 2817 1818 2904 eligendis
1835 2831 1879 2882 est
1894 2817 2108 2903 precidenda,

453 2947 515 2990 non
537 2925 639 2988 solum
655 2927 834 3012 prioribus,
857 2925 914 2990 sed
935 2939 963 2989 et
986 2927 1127 2989 onrrribus
1144 2928 1294 3010 personis
1317 2927 1352 2988 ia
1375 2925 1526 2988 aecclesia
1544 2924 1762 3010 preferendis.

560 3029 648 3096 Huic
671 3031 792 3116 scripto
817 3029 944 3094 insede
969 3029 1147 3116 apostolica
1170 3030 1295 3094 firmato
1313 3039 1345 3093 et
1362 3027 1543 3115 approbato
1561 3027 1824 3114 subscripserunt
1839 3029 1945 3114 primo
1962 3029 2108 3094 Pascalis

454 3158 550 3222 papa,
579 3135 698 3200 deinde
729 3135 911 3201 cardinales
943 3147 1075 3200 sanctae
1099 3136 1265 3200 Romanae
1296 3135 1487 3216 aecclesiae,
1517 3157 1653 3221 quorum
1684 3134 1816 3198 nentina
1839 3144 1914 3198 sunt
1937 3145 2108 3200 annotata:
2126 3161 2188 3198 Ε

454 3240 662 3306 Crescentius
687 3241 878 3306 Sabinensis
909 3243 1092 3328 epiecopus,
1120 3241 1236 3306 Petrus
1260 3241 1448 3306 Portuensis
1480 3242 1664 3327 episcopus,
1690 3238 1780 3305 Ocno
1804 3240 2020 3305 Prenestinus
2044 3243 2108 3327 epi-

455 3370 582 3434 scopus,
600 3347 718 3412 Vitalis
735 3347 882 3412 Albanus
907 3341 1090 3434 episco'pus,
1114 3347 1304 3412 Boniiacius
1328 3345 1503 3411 cardinalis
1527 3347 1640 3412 Sancti
1656 3347 1770 3428 Marci,
1795 3345 1983 3411 Deusdedit
2007 3347 2109 3412 cardi-

453 3453 536 3518 nalis
553 3453 666 3520 Sancti
680 3453 859 3536 Laurentii,
875 3453 1068 3518 Desiderius
1091 3451 1267 3517 cardinalis
1291 3452 1410 3518 Sancte
1430 3451 1601 3533 Braxedis,
1620 3451 1751 3516 Gvidod
1775 3451 1951 3516 cardinalis
1968 3452 2109 3518 Sanctae

453 3558 623 3641 Balbinae,
653 3559 770 3624 Petrus
801 3559 976 3624 cardinalis
1008 3559 1201 3625 Sanctorum
1231 3558 1348 3623 Cosme
1379 3569 1411 3622 et
1440 3557 1610 3640 Damiani,
1641 3558 1757 3622 Petrus
1788 3557 1964 3623 cardinalis
1997 3559 2109 3624 Sancti

453 3664 601 3748 Adriani,
633 3665 873 3730 Rossemannus
904 3665 1060 3730 diaconus
1092 3665 1204 3731 Sancti
1229 3663 1373 3750 Georgii,
1398 3663 1516 3729 Comes
1549 3664 1727 3729 diaconus⁶
1758 3664 1936 3730 cardinalis
1967 3665 2108 3730 Sanctae
2126 3690 2188 3728 cz

453 3771 578 3836 Mariae
602 3772 635 3834 in
651 3769 787 3858 Aquir0,
805 3770 983 3858 Gregorius
1007 3771 1181 3836 cardinalis
1205 3771 1362 3835 diaconus
1379 3770 1492 3836 Sancti
1508 3770 1638 3858 Angeli,
1663 3772 1719 3857 qui
1742 3770 1949 3858 postmodum
1974 3772 2108 3836 effectus

454 3887 503 3942 est
526 3901 613 3964 papa
637 3875 743 3942 dictus
766 3877 986 3960 Innocentius,
1010 3878 1173 3942 Iohannes
1197 3876 1372 3942 cardinalis
1396 3875 1552 3941 diaconus
1577 3877 1717 3942 Sanctae
1740 3877 1874 3942 Lueiae.

562 3983 655 4064 Quae
672 4006 747 4048 cum
762 3985 808 4048 ita
824 4007 858 4047 se
875 3982 1026 4064 habeant,
1044 3985 1071 4048 ei
1087 3983 1235 4048 doctrina
1250 3983 1331 4048 haec
1348 3982 1528 4068 apostoliea
1543 3985 1599 4048 nni
1612 3995 1736 4048 tantum
1749 3985 1995 4070 congregationi
2012 3985 2106 4048 desti-

454 4100 540 4170 nata,
565 4089 792 4154 universaliter
816 4099 901 4154 esset
924 4091 1107 4170 enunciata,
1132 4099 1259 4176 poterat
1282 4089 1357 4153 inde
1374 4088 1542 4154 absorberi
1558 4112 1644 4176 aqua
1659 4089 1760 4154 multa
1784 4101 1816 4153 et
1839 4089 1971 4154 turbida
1993 4113 2106 4156 exere

454 4194 604 4259 draconis
629 4197 757 4276 emissa,
782 4197 874 4260 cuius
897 4218 962 4261 non
979 4195 1107 4260 modica
1121 4195 1240 4260 lacuna
1264 4204 1313 4258 est
1336 4196 1370 4258 in
1393 4195 1448 4260 illa
1471 4195 1585 4280 regula
1608 4217 1685 4282 sepe
1709 4206 1829 4278 notam,
1855 4207 1887 4260 et
1910 4195 2020 4261 adhuc
2036 4197 2106 4261 Deo
2123 4221 2149 4260 a

453 4301 582 4366 volente
596 4301 734 4388 amplius
747 4302 890 4366 notanda
903 4313 935 4366 et
948 4302 1168 4367 cauterianda.
1193 4302 1252 4366 Est
1265 4303 1351 4365 enim
1364 4301 1477 4386 regula
1490 4302 1561 4383 ista,
1579 4303 1612 4364 ni
1625 4301 1728 4382 fallor,
1747 4301 1886 4394 quedam
1899 4301 1941 4366 de
1953 4301 2105 4368 flumine¹

453 4407 507 4471 illo
538 4430 656 4494 magno
679 4408 846 4495 Euphrate
871 4408 1008 4472 collecta
1030 4409 1083 4474 vel
1111 4431 1243 4494 egressa
1274 4407 1460 4488 exundatis,
1492 4409 1526 4471 in
1550 4429 1615 4493 qua
1638 4430 1738 4493 purae
1763 4430 1802 4472 ac
1826 4407 1978 4474 turbidae
2003 4432 2105 4496 aquae

453 4512 646 4578 Babilonica
669 4515 808 4599 quedam
833 4525 881 4578 est
906 4514 1063 4578 confusio.
1110 4513 1198 4595 Quid
1222 4515 1309 4578 enim
1331 4515 1453 4598 punina,
1479 4535 1576 4599 quam
1602 4513 1689 4599 quod
1711 4515 1745 4578 in
1769 4513 1955 4580 collectario
1980 4527 2105 4580 senteu-

453 4620 572 4682 tiarum
601 4631 809 4706 paternarum
840 4619 971 4705 regulae
1002 4620 1078 4684 huie
1106 4621 1360 4706 antepositamm
1383 4620 1451 4683 vita
1480 4621 1659 4684 communis
1683 4621 1886 4706 apertissime
1911 4621 2104 4703 declaratur,

454 4725 487 4788 in
511 4747 577 4811 qua
600 4725 675 4788 solis
699 4724 773 4806 illis,
797 4748 877 4811 quos
901 4727 1079 4790 necessitas
1110 4737 1166 4790 aut
1189 4725 1338 4789 voluntas
1368 4748 1530 4811 pauperes
1560 4725 1648 4806 iecit,
1680 4726 1876 4812 stipendium
1908 4740 2104 4814 competens,
2122 4751 2143 4789 n

453 4842 549 4916 prout
566 4831 683 4916 cuique
701 4853 780 4916 opus
803 4841 861 4912 est,
887 4831 1070 4896 ordinatur:
1094 4833 1209 4918 inqua
1233 4832 1330 4896 etiam
1353 4831 1425 4894 talis
1450 4831 1656 4918 dispensator
1671 4832 1848 4897 eorundem
1871 4833 2106 4920 stipendiorum

454 4935 708 5017 commendatur,
734 4937 799 5022 qui,
824 4947 858 5000 ut
881 4937 1023 5024 Prosper
1050 4939 1105 5019 ait,
1129 4937 1181 5002 vel
1213 4938 1321 5001 omnia
1351 4959 1410 5001 sua
1439 4937 1638 5024 pauperibus
1669 4937 1834 5003 distribuit
1862 4939 1916 5004 vel
1948 4940 2105 5006 ecclesiae

454 5041 551 5105 rebus
575 5041 750 5106 adiunxit?
787 5042 885 5124 Quid,
910 5045 1052 5129 inquam,
1077 5045 1189 5130 purius
1205 5043 1267 5108 hoc
1284 5043 1477 5108 documento
1494 5042 1705 5108 saluberrimo
1723 5044 1921 5130 apostolicae
1938 5046 2105 5110 doctrinae

453 5169 513 5232 per
543 5149 650 5211 omnia
682 5147 849 5212 consono?
897 5148 985 5229 Quid
1014 5171 1090 5213 vero
1121 5148 1281 5213 turbidius
1312 5171 1351 5213 eo
1376 5147 1597 5214 Saduceorum
1621 5150 1789 5231 fermento,
1814 5174 1877 5236 quo
1901 5151 2035 5237 plenum
2059 5163 2107 5217 est

454 5253 598 5317 eiusdem
615 5253 725 5339 regule
743 5253 822 5318 illud
839 5255 1025 5341 capitulum,
1050 5277 1114 5342 quo
1133 5256 1312 5342 precipitur
1323 5261 1343 5336 ¹,
1367 5255 1463 5325 utin
1487 5278 1552 5318 una
1575 5254 1754 5342 eademque
1778 5259 2034 5343 congregatione
2057 5257 2106 5323 his
2123 5282 2146 5322 u

559 5415 586 5477 a)
609 5417 767 5484 Capitulum
787 5420 911 5482 quintum
936 5418 996 5468 add.
1017 5419 1049 5468 A.
1158 5417 1186 5479 b)
1213 5419 1308 5480 eralis
1335 5427 1426 5471 autem
1451 5421 1479 5469 in
1503 5422 1553 5470 loco
1578 5437 1634 5470 raso
1660 5420 1692 5469 B.
1795 5417 1820 5482 α)
1848 5423 1920 5471 trina
1945 5423 1974 5472 in
1993 5439 2055 5474 eum
2075 5424 2105 5474 B.

453 5502 481 5564 d)
504 5505 600 5556 Gwido
621 5505 653 5554 B.
727 5503 752 5568 e)
775 5507 848 5555 card.
869 5507 938 5558 diac.
958 5506 991 5557 B.
1063 5504 1084 5566 f)
1106 5507 1154 5558 illo
1173 5508 1199 5558 fl.
1219 5508 1252 5558 B.

563 5627 592 5704 1)
618 5630 722 5689 Concil.
740 5632 913 5709 Aquispran.
938 5653 966 5689 a.
983 5633 1056 5703 816,
1082 5653 1104 5690 c.
1121 5633 1192 5704 121,
1220 5634 1326 5704 Mami,
1354 5634 1437 5692 Conc.
1453 5635 1536 5706 XIV,
1562 5638 1612 5693 col.
1627 5635 1707 5690 231:
1733 5637 1825 5692 cibum
1850 5645 1879 5694 et
1895 5645 1994 5710 potum
2010 5657 2105 5696 omnes

453 5739 613 5809 aequaliter
636 5741 786 5810 accipiant.
