4478 6396
452 380 512 442 184
741 385 920 439 GERHOHI
944 383 1177 439 PRAEPOSITI
1201 381 1608 438 REICHERSBERGENSIS
1633 381 1798 435 LIBELLI.

292 599 427 646 666166.
556 574 629 636 138.
666 570 742 651 Sed,
774 572 850 656 quia
874 593 939 634 vox
971 570 1120 634 caelestis
1144 571 1241 634 Petro
1272 570 1420 657 precepit
1449 591 1490 631 ne
1522 569 1707 632 communia
1734 567 1786 630 vel
1815 565 1974 630 inmunda
2006 566 2106 644 dieat,

447 701 530 766 quae
547 679 639 742 Deus
663 678 706 742 ad
730 700 822 740 suam
846 678 1036 740 servitutem
1053 677 1202 741 vocando
1228 688 1260 740 et
1284 699 1303 740 a
1327 675 1498 739 multorum
1521 675 1740 738 communium
1765 672 1908 737 dominio
1932 671 2107 736 liberando

447 785 596 872 purificat
620 797 652 848 et
676 784 826 866 mundat;
852 806 916 846 non
934 794 983 846 est
999 783 1260 869 contempnenda
1275 793 1369 868 porta
1385 780 1587 867 sterquilinii,
1607 781 1691 866 'quia
1714 781 1747 843 in
1771 803 1811 843 ea
1834 779 1915 842 fiunt
1939 799 2108 865 pauperes

447 893 543 956 amici
574 891 711 955 divitum
743 890 783 954 de
815 912 1000 955 mammona
1029 891 1220 975 iniquitatis,
1251 901 1287 952 ut
1317 889 1477 974 recipiant
1508 909 1563 951 eos
1593 888 1627 950 in
1651 899 1785 950 aeterna
1813 884 2044 962 tabernacula3
2080 887 2108 950 si

446 1009 555 1062 tamen
579 997 698 1062 divites
723 996 874 1061 donando
900 1020 959 1060 sua
980 1019 1046 1060 uon
1069 998 1210 1060 retinent
1233 996 1350 1060 aliena.
1396 995 1473 1081 Ipsa
1502 996 1588 1058 enirn
1618 995 1749 1079 propria
1773 993 1916 1078 legitime
1941 993 2141 1077 acquisitae

448 1106 599 1171 dicuutur
621 1127 807 1168 mammona
830 1104 1020 1189 iniquitatis,
1045 1104 1122 1190 quia
1145 1105 1203 1166 vix
1226 1102 1433 1189 possidentur
1463 1103 1532 1165 sine
1564 1101 1714 1186 contagio
1744 1100 1936 1186 iniquitatis
1984 1098 2109 1162 Aliena

447 1235 525 1276 vero
548 1234 614 1275 non
637 1211 703 1276 iarn
726 1210 879 1275 dicuntur
902 1231 1087 1274 mammona
1109 1210 1301 1296 iniquitatis,
1326 1208 1384 1272 sed
1401 1209 1531 1271 omnino
1549 1207 1654 1271 scelus
1671 1208 1862 1293 iniquitatis.
1899 1205 2008 1286 Unde,
2030 1228 2108 1270 cum

448 1341 541 1382 sacra
565 1319 726 1404 scriptura
749 1317 842 1403 quasi
867 1339 1000 1380 causam
1023 1315 1184 1396 redderet,
1210 1338 1311 1402 quare
1335 1316 1508 1401 impiorum
1527 1314 1723 1377 elemosinae
1740 1313 1812 1378 Deo
1836 1336 1901 1376 uon
1923 1312 2107 1398 placerent,

447 1424 569 1489 idcirco
594 1447 649 1488 eas
674 1424 758 1488 dixit
781 1423 854 1487 Deo
882 1446 947 1487 non
971 1422 1112 1509 placere,
1137 1423 1214 1508 quia
1238 1422 1416 1486 offeruntur
1439 1443 1481 1484 ex
1506 1419 1638 1501 scelere,
1670 1421 1812 1483 maxime
1837 1420 1863 1482 si
1888 1418 2030 1483 offerens
2057 1429 2109 1481 est

447 1531 554 1596 adhuc
578 1533 612 1594 in
635 1531 737 1617 ipsius
762 1529 894 1593 sceleris
918 1529 1153 1615 approbatione
1178 1553 1236 1593 seu
1259 1528 1459 1592 defensione.
2129 1550 2154 1590 10

559 1659 630 1719 139.
667 1655 702 1720 Si
731 1656 817 1718 enim
841 1654 1035 1718 offerrentur
1065 1653 1105 1718 de
1137 1676 1320 1718 mammona
1350 1653 1540 1738 iniquitatis,
1571 1652 1605 1715 id
1635 1662 1683 1715 est
1714 1673 1756 1714 ex
1786 1652 1926 1738 propriis
1958 1650 2107 1734 legitime

448 1763 616 1849 possessis,
642 1785 706 1826 non
723 1771 897 1848 propterea
913 1761 1156 1847 repellerentur,
1174 1760 1262 1847 quod
1278 1759 1319 1824 ab
1336 1761 1436 1845 impio
1453 1760 1609 1844 pietatem
1633 1769 1743 1822 tamen
1767 1767 1923 1843 querente
1948 1756 2108 1822 offerren-

449 1881 515 1952 tur3
541 1869 599 1933 sed
622 1869 729 1955 ipsum
752 1868 938 1956 largitorem
963 1868 1128 1933 traherent
1152 1867 1193 1932 ad
1217 1868 1389 1953 pietatem:
1415 1868 1498 1930 sieut
1523 1867 1640 1951 impius
1665 1877 1697 1928 et
1720 1864 1849 1950 gentilis
1874 1865 2021 1928 centurio
2046 1887 2108 1949 per

449 1999 523 2040 suas
555 1976 749 2040 elemosinas
779 1987 902 2039 tractus
933 1987 982 2038 cst
1013 1975 1053 2039 ad
1085 1975 1364 2038 christianitatem.
1412 1972 1491 2036 ldco
1521 1974 1554 2035 in
1579 1972 1683 2058 figura
1706 1971 1791 2035 illius
1815 1995 1854 2035 ac
1878 1971 1923 2035 illi
1949 1971 2106 2034 similium

295 2075 429 2178 ,afflig
450 2084 489 2147 dc
508 2087 707 2147 *mammona
731 2083 920 2168 iniquitatis,
945 2105 1008 2145 non
1033 2082 1073 2145 dc
1095 2082 1217 2145 scelere
1242 2081 1445 2145 offerentium
1464 2079 1585 2143 dictum
1603 2091 1652 2142 cst
1667 2079 1782 2142 Petro:
1808 2079 1925 2158 Marto,
1950 2094 2051 2142 666666
2079 2093 2108 2142 et
2127 2102 2152 2140 ra

357 2219 429 2257 666.
449 2191 624 2271 mandueo3
654 2190 843 2253 etiterum:
871 2189 936 2267 Quae
960 2190 1047 2253 Deris
1069 2190 1244 2268 mirodoor't,
1272 2203 1304 2252 tu
1328 2191 1504 2252 communio
1528 2213 1565 2251 66
1589 2188 1722 2268 dicteria,
1747 2187 1824 2272 quia
1847 2185 1960 2250 talium
1985 2184 2105 2248 elemo-

449 2298 520 2361 sina
549 2319 615 2361 non
639 2307 689 2360 est
711 2319 732 2359 a
755 2296 875 2359 sanctis
906 2294 1101 2381 respuenda,
1132 2295 1244 2359 talium
1275 2297 1384 2359 anima
1413 2318 1478 2358 non
1510 2305 1559 2358 cst
1588 2293 1745 2358 inmunda
1768 2293 1821 2357 vel
1844 2293 2025 2358 communis
2057 2291 2105 2355 di·

449 2403 570 2484 cenda3
602 2402 661 2466 scd
684 2425 704 2466 a
726 2403 836 2482 Petro,
866 2402 901 2465 id
926 2413 975 2466 est
1005 2401 1150 2488 quelibet
1180 2413 1293 2467 saneto
1325 2403 1358 2465 in
1383 2401 1512 2465 Christo
1543 2400 1690 2480 solidato,
1721 2401 1754 2464 in
1779 2423 1897 2486 eorpus
1921 2399 2104 2464 aecclesiae

371 2539 400 2576 6.
410 2541 429 2576 r.
448 2509 640 2574 traicienda.
687 2509 760 2573 Hoc
792 2510 878 2574 enim
909 2510 1025 2594 agitur,
1057 2509 1134 2572 dum
1158 2520 1324 2574 eteorum
1350 2509 1526 2573 elemosina
1555 2509 1589 2571 in
1613 2507 1713 2572 caelis
1744 2517 1880 2592 accepta
1904 2506 2103 2592 predicatur,

450 2627 482 2680 et
505 2615 627 2680 salubri
651 2615 809 2696 doctrina,
834 2615 924 2679 velut
947 2615 1089 2701 quadam
1119 2614 1323 2702 baptismatis
1355 2638 1450 2702 aqua,
1481 2638 1573 2678 mens
1604 2638 1716 2678 eorum
1747 2613 1912 2700 baptizata
1937 2612 2102 2677 Christum
2123 2640 2150 2676 so

450 2723 564 2804 induit,
589 2732 633 2803 ut,
659 2723 808 2809 quamvis
838 2722 934 2786 homo
965 2721 1029 2802 ille,
1061 2724 1114 2808 qui
1140 2724 1186 2786 sie
1211 2724 1289 2788 facit
1312 2723 1531 2804 elemosinam,
1556 2745 1630 2786 cum
1654 2722 1843 2786 centurione
1868 2719 2020 2784 Cornelio
2045 2743 2104 2806 per

450 2829 594 2893 actiones
618 2828 730 2892 mundi
753 2828 988 2915 aliquantulum
1005 2829 1218 2910 distendatur,
1243 2842 1351 2894 tamen
1368 2831 1530 2894 veraciter
1553 2827 1718 2893 aChristo
1743 2828 1939 2892 christianus
1963 2827 2102 2890 dicatur.

559 2955 632 3018 140.
669 2953 724 3018 Sic
749 2955 867 3016 etenim
891 2954 1073 3038 ingreditur
1096 2955 1269 3018 caelestem
1293 2953 1472 3019 Ierusalem
1499 2976 1558 3039 per
1581 2964 1707 3039 portam
1732 2952 1926 3039 sterquilinii
1950 2951 2102 3016 faciende

451 3059 513 3124 sibi
544 3061 666 3124 amieos
697 3060 737 3123 de
769 3083 952 3124 mammona
982 3062 1171 3148 iniquitatis.
1220 3061 1284 3141 Qui
1313 3073 1420 3126 autem
1444 3061 1586 3125 alienum
1610 3061 1787 3124 retinentes
1811 3059 1852 3123 de
1877 3058 2000 3123 scelere
2026 3059 2102 3122 offc—

319 3177 537 3249 uastarunt,
569 3166 676 3230 Deum
708 3167 872 3230 irritantes
903 3179 935 3230 et
966 3169 1148 3252 proximum
1179 3168 1324 3232 ledentes
1356 3191 1414 3254 per
1444 3178 1554 3254 portas
1585 3167 1681 3230 inferi
1712 3166 1755 3230 ad
1785 3177 1920 3230 mortem
1951 3177 2101 3246 currunt,
2122 3191 2149 3229 ss

450 3285 575 3360 portam
599 3296 677 3337 vero
702 3265 907 3360 sterquilinii,
939 3298 1004 3360 qua
1034 3276 1068 3338 in
1098 3277 1262 3339 civitatem
1295 3286 1441 3339 sanctam
1468 3273 1701 3359 ingrediantur,
1733 3296 1798 3338 non
1828 3274 2007 3354 inveniunt,
2041 3273 2102 3336 nisi

450 3381 600 3462 alienum,
624 3391 721 3466 prout
744 3392 889 3466 possunt,
913 3381 1114 3445 restituendo
1138 3382 1290 3445 studeant
1305 3383 1394 3468 prius
1411 3380 1614 3445 reconciliari
1637 3380 1730 3444 fratri
1754 3403 1829 3463 su03
1854 3391 1886 3443 et
1908 3390 1986 3444 tunc
2012 3403 2045 3442 se
2071 3391 2104 3443 et

451 3511 510 3551 sua
533 3511 649 3552 munus
674 3485 875 3573 acceptabile
900 3488 1022 3551 faciant
1045 3488 1175 3551 domino
1200 3511 1239 3553 ae
1263 3489 1336 3552 Deo
1361 3511 1428 3570 sue,
1460 3489 1525 3551 iarn
1556 3510 1620 3550 666
1647 3486 1733 3551 61666
1764 3510 1951 3551 communes
1975 3499 2032 3550 aut
2054 3488 2102 3549 in-

451 3593 563 3658 mundi
593 3593 790 3680 appellandi.
839 3594 926 3674 Quia
955 3617 1020 3658 non
1050 3594 1223 3658 multorum
1251 3595 1453 3659 dominorum
1477 3595 1554 3679 iugo
1578 3596 1670 3680 gravi
1696 3606 1729 3658 et
1751 3595 1879 3658 insuavi
1903 3607 2102 3679 prementur,

272 3729 433 3778 6666666.
452 3699 509 3765 sed
533 3701 628 3765 unius
652 3701 786 3764 Domini
811 3723 891 3765 onus
916 3701 988 3764 leve
1012 3713 1044 3764 et
1067 3702 1179 3786 iugum
1203 3725 1303 3766 suave
1327 3713 1504 3788 portantes,
1536 3712 1630 3766 erunt
1659 3703 1764 3765 saneti
1788 3715 1821 3765 et
1843 3701 1966 3783 mundi,
1997 3723 2059 3764 nec
2083 3724 2103 3764 a
2121 3727 2148 3764 ao

453 3809 558 3888 Petro,
582 3807 617 3871 id
641 3817 690 3872 est
714 3807 859 3893 quolibet
882 3807 1051 3889 catholico,
1077 3819 1209 3895 propter
1231 3819 1323 3873 aetus
1346 3810 1518 3894 preteritas
1542 3807 1783 3889 abhominandi,
1808 3809 1885 3894 quia
1909 3831 1993 3894 6666
2010 3807 2102 3870 Deus

451 3913 630 3994 mundavit,
655 3937 750 3978 nemo
775 3913 874 3978 debet
897 3916 1082 3978 communia
1106 3915 1157 3978 rel
1182 3916 1337 3979 inmunda
1361 3915 1487 3996 dicero,
1514 3917 1592 4000 quin
1616 3916 1724 3996 immo,
1750 3938 1822 3978 cnm
1840 3915 1938 3979 ctiam
1958 3914 2101 3978 studiose

341 4015 434 4108 ’ἶξῑ-’ξξζ
452 4020 559 4084 adhuc
583 4030 730 4106 peccant,
762 4043 820 4106 pro
850 4020 969 4085 talibus
996 4021 1191 4087 mundandis
1216 4045 1362 4086 exorare.
1409 4023 1528 4086 Potens
1553 4033 1602 4084 est
1626 4024 1710 4085 enim
1736 4021 1828 4085 Deus
1853 4022 1949 4085 etiam
1973 4021 2102 4107 reptilia

453 4137 485 4190 et
507 4124 629 4190 bestias
654 4128 686 4190 in
710 4126 808 4190 linteo
832 4151 911 4192 vase
936 4128 1186 4214 comprehensas
1210 4131 1306 4192 Petro
1338 4129 1528 4193 mactandas
1560 4138 1592 4192 et
1622 4128 1866 4192 manducandas
1897 4128 2031 4210 offerre;
2063 4151 2101 4191 ac

451 4233 492 4296 de
515 4233 710 4297 inmunditia
733 4256 792 4297 sua
815 4244 970 4320 purgatas
994 4236 1026 4297 16
1052 4236 1177 4300 caelum
1203 4236 1321 4317 levare,
1353 4260 1418 4301 non
1448 4235 1620 4299 offerentes
1651 4235 1691 4298 dc
1717 4236 1930 4320 acquisitione
1959 4234 2101 4315 sceleris,
2121 4259 2146 4299 rs

451 4339 510 4403 sed
533 4339 573 4404 de
598 4363 782 4404 mammona
805 4341 994 4426 iniquitatis,
1018 4353 1064 4423 ut,
1089 4365 1163 4406 enm
1180 4342 1369 4424 defecerint,
1393 4343 1594 4428 recipiantur
1617 4343 1650 4404 in
1667 4353 1800 4404 aeterna
1816 4340 2028 4405 tabernacula
2045 4364 2103 4426 per

453 4457 577 4532 portam
601 4448 793 4533 sterquilinii
817 4448 1009 4528 introducti3
1040 4449 1102 4513 hoe
1133 4463 1191 4531 est,
1224 4449 1359 4514 redditis
1390 4449 1514 4529 alienis,
1546 4448 1671 4532 largitis
1703 4450 1842 4534 propriis
1874 4448 2031 4529 mundati,
2063 4472 2101 4512 ac

452 4565 584 4616 sanetae
609 4564 794 4618 sanctorum
821 4555 968 4618 societati
992 4557 1121 4640 penitus
1145 4557 1351 4642 incorporati.

561 4681 632 4741 141.
670 4678 720 4742 Sit
743 4701 822 4762 ergo
846 4680 959 4764 procul
983 4704 1003 4743 a
1026 4691 1138 4744 sancto
1162 4681 1290 4746 edificio
1315 4689 1425 4744 nostro
1449 4691 1543 4766 porta
1567 4681 1672 4762 inferi,
1696 4691 1791 4766 porta
1806 4681 1929 4761 mortis,
1955 4703 2040 4767 quae
2060 4678 2102 4744 ab

452 4784 567 4847 iniuste
593 4783 801 4848 offerentibus
825 4785 1005 4849 fabricatur
1028 4787 1068 4849 de
1093 4789 1306 4873 acquisitione
1332 4787 1472 4850 sceleris.
1509 4786 1694 4851 Colloeetur
1708 4809 1787 4852 vero
1812 4789 1897 4851 16666
1917 4786 2102 4851 saeculares
2121 4813 2148 4851 to

557 5008 588 5060 lu
620 5008 662 5060 his
686 5009 780 5062 verbis
812 5009 888 5063 beati
914 5009 1043 5079 Gregorii
1075 5010 1228 5080 diligenter
1257 5018 1358 5065 notent
1388 5011 1514 5065 monaehi
1540 5019 1569 5066 et
1594 5012 1684 5066 ceteri
1715 5013 1837 5083 religiosi
1862 5012 1998 5078 canonici,
2028 5012 2102 5082 quod

451 5115 608 5184 periculose
632 5115 659 5167 in
686 5115 782 5168 talium
808 5116 979 5169 dominorum
1003 5117 1132 5170 claustris
1155 5125 1298 5172 morantur
1327 5125 1376 5172 aut
1404 5117 1558 5188 aliquorum
1590 5119 1728 5172 hominurn
1754 5120 1913 5174 elemosinis
1937 5127 2101 5190 pascuntur,

452 5238 520 5291 quos
552 5221 644 5274 sciunt
675 5222 825 5292 sacrilegos
858 5222 1111 5277 ecclesiasticarum
1141 5242 1233 5277 rerum
1264 5242 1440 5295 possessores
1465 5233 1494 5279 et
1518 5225 1600 5278 huius
1625 5226 1836 5280 consuetudinis
1865 5227 2027 5296 pertinaces
2051 5227 2102 5279 dc-

450 5327 588 5381 senseras.

558 5434 599 5487 Ex
623 5435 739 5488 66661Ιὶ6
764 5435 932 5489 laodicensi
964 5455 1026 5506 (rap.
1051 5433 1203 5489 xxxw:
1235 5435 1320 5498 Qttod
1341 5457 1397 5492 666
1420 5446 1550 5511 oporteat
1572 5437 1607 5493 ab
1631 5439 1758 5494 hereticis
1785 5469 1822 5478 —
1848 5470 1892 5477 —
1915 5459 2000 5514 parom
2023 5439 2104 5495 beru:-
2123 5456 2148 5494 te

451 5538 593 5595 dictiones.

562 5734 589 5802 l)
618 5734 667 5790 Em
690 5735 834 5810 interpret.
860 5735 1001 5809 Dioreosii,
1029 5737 1127 5792 illaesi
1150 5738 1189 5806 II,
1216 5739 1265 5794 rel.
1285 5737 1365 5806 580,·
1390 5739 1430 5809 rs.
1449 5738 1556 5795 Deusd.
1583 5739 1644 5795 Lib.
1671 5740 1710 5810 II,
1735 5737 1801 5814 ξὸ,
1829 5742 1889 5798 Lib.
1915 5725 1955 5811 II,
1977 5763 2009 5817 p.
2029 5743 2102 5798 326.
