4544 6420
369 4757 385 4795 f.
396 4757 434 4795 w.

460 397 521 458 144
748 401 924 457 GERIIOIII
947 367 1173 454 PRAEPOSITI
1193 343 1617 456 lblthsnsnaaosnsls
1641 401 1806 456 LIBELLI.

562 589 726 668 Attamen,
750 590 904 675 quoniam
921 587 1081 652 Dominus
1105 574 1270 664 excelsus,
1296 585 1459 668 terribilis,
1483 609 1543 652 rex
1568 609 1704 670 magnus
1728 609 1826 672 super
1841 609 1970 651 omnem
1990 599 2109 650 terram

457 695 595 760 subiecit
618 695 754 781 populos
780 696 942 781 episcopis
966 703 998 758 et
1022 705 1135 780 gentes
1160 684 1220 756 sub
1245 694 1384 780 pedibus
1408 717 1530 774 eorum,
1559 694 1629 779 ipse
1654 716 1783 780 quoque
1806 695 1839 756 in
1863 692 2012 758 omnibus
2037 717 2110 780 pro-

457 815 560 866 tector
583 813 615 866 et
639 801 768 866 adiutor
785 825 895 866 eorum
913 815 970 881 est,
996 803 1148 888 quatinus
1165 801 1330 887 principes
1355 800 1468 865 mnndi
1491 823 1555 864 non
1572 799 1714 864 audeant
1736 823 1792 864 eos
1816 823 1836 864 a
1860 823 1894 864 se
1917 801 2110 866 recedentes

458 909 541 973 ultra
563 909 881 994 modnmpersequi,
914 907 998 972 illius
1030 909 1144 972 timore
1168 908 1341 995 perterriti,
1373 930 1432 994 per
1456 929 1552 993 quem
1577 908 1765 993 perterritas
1790 919 1839 971 est
1861 907 1975 972 Laban
2000 929 2110 994 perse-

460 1037 563 1101 quens
588 1016 663 1078 olim
689 1013 788 1078 Iacob
812 1037 831 1078 a
856 1037 890 1076 se
914 1015 1093 1099 fugientem
1117 1029 1149 1079 ct
1173 1017 1281 1080 omnia
1306 1037 1364 1078 suu
1388 1037 1497 1078 secum
1522 1012 1565 1077 ad
1587 1024 1708 1078 terram
1739 1025 1866 1100 patrum
1891 1037 2022 1078 suorum
2046 1027 2146 1078 tra-s

456 1122 596 1186 hentem.
633 1121 745 1208 Usque
770 1121 852 1185 adeo
878 1123 963 1184 enim
988 1120 1087 1206 elegit
1111 1121 1202 1185 Deus
1227 1124 1260 1185 in
1285 1122 1447 1206 episcopie
1471 1120 1685 1184 hereditatem
1710 1143 1811 1200 suam,
1837 1121 1980 1207 speciem
1996 1120 2108 1202 Iacob,

457 1251 554 1315 quam
578 1228 702 1310 dilexit,
728 1241 772 1304 nt,
798 1229 825 1290 si
849 1251 908 1314 per
932 1229 1039 1292 omnia
1064 1230 1190 1314 species
1214 1227 1324 1309 Iacob,
1350 1251 1447 1314 quam
1472 1227 1596 1306 dilexit,
1622 1229 1655 1290 in
1679 1227 1741 1291 illis
1765 1230 1977 1313 exprimatur,
2002 1228 2110 1292 nullus

457 1359 568 1399 coram
592 1337 771 1400 certissimo
792 1335 855 1398 Dei
880 1334 1001 1398 anxilio
1026 1334 1230 1399 destituatur.
1268 1334 1364 1415 Quod
1390 1357 1432 1398 cx
1456 1333 1583 1398 illorum
1608 1333 1764 1420 probatur
1788 1333 1956 1420 exemplis,
1981 1336 2014 1398 in
2039 1337 2109 1422 qui-

456 1441 516 1506 bus
541 1442 697 1506 hactenus
722 1464 879 1528 expressa
903 1453 952 1504 est
975 1442 1082 1526 imago
1099 1440 1210 1518 Iacob,
1235 1442 1380 1506 strennui
1406 1441 1530 1504 scilicet
1553 1441 1730 1520 luctatoris,
1755 1451 1787 1505 et
1803 1441 1906 1505 Israel
1921 1443 1983 1505 viri
2000 1441 2108 1507 Deum

456 1549 606 1613 videntis.
653 1549 804 1634 Longum
835 1559 884 1612 ost
914 1548 967 1611 hic
999 1549 1143 1612 inserere
1176 1548 1343 1624 Martinos,
1373 1549 1572 1633 Augustinus
1604 1561 1795 1634 ceterosque
1827 1561 1956 1612 sanctos
1987 1563 2157 1636 patrosin

457 1657 512 1741 qui
542 1679 607 1719 non
639 1679 697 1742 per
721 1655 960 1720 ecclesiasticas
990 1655 1160 1719 facultates
1192 1655 1386 1735 ditaverunt,
1419 1655 1476 1718 sed
1508 1655 1686 1740 perfidem
1710 1657 1859 1719 vicerunt
1882 1679 1994 1740 regna.
2043 1657 2107 1737 Qui

457 1763 553 1826 etiam
578 1785 634 1827 ora
658 1763 797 1842 leonum,
829 1762 889 1826 hoc
918 1774 967 1825 cst
997 1785 1110 1846 regum
1141 1763 1446 1848 potentissimorum,
1478 1785 1542 1826 non
1574 1761 1614 1825 de
1646 1761 1817 1847 stipendiis
1846 1785 2026 1848 pauperum
2050 1764 2108 1826 im-

360 1891 388 1930 ·.
423 1893 437 1930 ¹.
458 1868 652 1954 'piaverunt
684 1869 742 1934 scd
764 1867 866 1932 verbo
889 1869 1036 1932 veritatis
1068 1867 1320 1932 obduraverunt.
1367 1868 1450 1932 Illud
1481 1881 1590 1933 tamen
1619 1869 1818 1954 singulorum
1843 1881 1939 1956 atque
1964 1871 2108 1934 omnium

456 1977 683 2062 episcoporum
708 1986 739 2038 et
763 1975 865 2038 oculis
889 1976 1038 2059 ingerere
1063 1987 1095 2038 et
1118 1975 1250 2040 auribus
1281 1976 1445 2040 inculcare
1476 1974 1626 2057 delectat,
1659 1976 1746 2062 quod
1775 1975 1890 2041 beatus
1914 1975 2108 2040 Ambrosius

455 2081 543 2168 apud
574 2083 679 2168 ipsum
710 2083 950 2167 imperatorem,
980 2083 1032 2145 cni
1055 2081 1228 2146 facultates
1252 2083 1432 2148 aecclesiae
1458 2083 1588 2146 omnino
1613 2083 1790 2164 interdixit,
1822 2107 1919 2168 quem
1943 2085 2041 2147 ctiam
2067 2084 2108 2147 de
2130 2111 2154 2148 rs

457 2200 591 2274 peccato
616 2211 674 2253 suo
698 2189 744 2252 ita
765 2187 868 2252 libere
893 2189 1058 2274 corripuit,
1083 2201 1118 2252 nt
1140 2189 1319 2254 aecclesiae
1344 2191 1509 2253 introitum
1534 2189 1579 2252 illi
1596 2189 1782 2274 denegaret,
1808 2189 1911 2253 donec
1936 2189 2026 2254 illum
2050 2213 2107 2276 pu-

456 2295 541 2360 blica
557 2295 759 2380 paenitentia
774 2294 1001 2358 reconciliaret
1013 2299 1032 2375 ¹,
1058 2295 1145 2381 apud
1169 2297 1284 2382 ipsum,
1308 2297 1451 2382 inquam,
1477 2297 1528 2359 cni
1546 2307 1658 2360 contra
1675 2297 1844 2360 veritatem
1868 2319 1933 2360 non
1949 2298 2106 2383 pepercit,

456 2403 535 2466 tanti
559 2402 620 2465 fuit
643 2401 796 2488 ponderis
821 2413 853 2464 ct
877 2403 1006 2482 amoris,
1032 2413 1067 2465 ut
1091 2402 1214 2489 liquido
1246 2415 1412 2490 appareat,
1444 2403 1598 2488 quoniam
1628 2402 1713 2466 illius
1744 2415 1848 2466 terror
1878 2404 2106 2488 imperatorem

457 2510 583 2595 pressit,
608 2509 721 2594 quiin
745 2522 857 2572 sancto
883 2508 1036 2594 pontifice
1060 2508 1213 2573 tuebatur
1236 2511 1378 2596 speeiem
1395 2509 1494 2574 Iacob
1519 2532 1616 2596 quam
1634 2510 1758 2574 dilexit.
1795 2511 1886 2574 Sicut
1903 2512 1989 2574 enim
2006 2509 2107 2574 Iacob

457 2615 574 2700 legitur
597 2616 726 2700 fugiens
743 2639 763 2678 a
777 2614 904 2696 Laban‚
928 2615 1028 2679 nichil
1053 2615 1141 2680 illum
1166 2639 1264 2702 supra
1287 2615 1415 2680 filiabus
1440 2617 1622 2702 ceterisque
1647 2616 1689 2680 ad
1713 2640 1747 2680 se
1771 2616 2007 2704 pertinentibus
2031 2640 2107 2682 con·
2128 2646 2154 2682 so

456 2721 605 2802 suluisse,
630 2723 676 2786 sic
701 2723 761 2785 iste
786 2721 826 2785 de
851 2721 1004 2786 curandis
1029 2721 1197 2786 animabus
1222 2735 1254 2786 et
1278 2723 1488 2809 disponendis
1512 2722 1692 2787 aecclesiae
1708 2723 1917 2788 facultatibus
1933 2747 1997 2788 non
2015 2747 2108 2787 cura-

457 2829 513 2892 bat
536 2829 765 2914 imperatorem
789 2829 963 2914 respicere,
988 2852 1090 2916 usque
1115 2830 1207 2910 adeo,
1231 2841 1268 2894 ut
1290 2853 1348 2915 pro
1372 2830 1556 2894 homicidiis
1580 2829 1703 2917 absque
1728 2830 1840 2895 ordine
1864 2831 2036 2896 iudiciario
2059 2833 2108 2894 iu·

457 2934 552 2999 bento
577 2936 647 3022 ipso
672 2937 868 3021 imperatore
892 2936 988 2999 factis
1012 2935 1174 3022 publicam
1199 2936 1244 2999 illi
1268 2937 1501 3022 paenitentiam
1525 2938 1705 3023 imponeret
1729 2949 1770 3019 et,
1795 2939 1823 3000 si
1846 2939 1925 3024 quid
1948 2938 1989 3002 de
2005 2938 2108 3002 facul-

456 3041 576 3106 tatibus
601 3041 781 3106 aecclesiae
804 3053 945 3129 peteret,
977 3044 1202 3106 incunctanter
1232 3043 1278 3107 illi
1309 3043 1495 3128 denegaret,
1527 3067 1675 3107 asserens
1706 3045 1814 3108 oinnia
1845 3067 1907 3130 que
1939 3057 2004 3109 tam
2035 3048 2106 3132 ipse

456 3171 553 3234 quam
578 3149 738 3212 aecclesia
761 3147 950 3234 possidebat
973 3172 1153 3236 pauperum
1177 3172 1259 3232 esse,
1288 3161 1385 3236 atque
1410 3149 1499 3213 ideo:
1531 3151 1598 3216 Neo
1621 3153 1704 3215 milii
1717 3154 1780 3240 fas
1803 3168 1856 3233 est,
1887 3154 2022 3234 madere,
2052 3179 2108 3218 aec
2127 3179 2153 3217 ss

456 3259 516 3320 lili
539 3259 718 3342 imperator,
749 3259 892 3343 coemere
919 3257 1074 3342 aspellat
1123 3255 1205 3336 Quis
1236 3279 1313 3342 ergo
1345 3257 1429 3320 hanc
1459 3256 1634 3338 licentiam,
1667 3279 1764 3342 quam
1793 3260 1854 3322 iste
1885 3282 1950 3322 non
1981 3258 2106 3339 habuit,

456 3361 618 3426 modernis
643 3363 805 3448 episcopis
830 3361 945 3426 dedit?
993 3361 1058 3442 Qui
1082 3385 1146 3426 non
1171 3363 1274 3427 solum
1291 3362 1385 3428 villas
1400 3363 1474 3428 Deo
1498 3365 1532 3426 in
1556 3364 1751 3428 sacrificinm
1775 3363 1909 3448 oblatas,
1935 3365 1994 3430 sed
2017 3368 2106 3453 ipsas

455 3491 584 3554 quoque
609 3469 753 3532 decimas
770 3468 882 3532 divino
906 3469 1005 3533 cultui
1029 3481 1095 3534 tam
1111 3471 1232 3533 veteris
1249 3493 1346 3556 quam
1363 3472 1440 3534 novi
1463 3473 1646 3534 testamenti
1670 3472 1861 3536 auctoritate
1886 3473 2106 3538 sanctificatas

455 3577 502 3639 sic
526 3574 682 3640 militibus
706 3575 920 3658 tradiderunt,
953 3577 1045 3662 quasi
1070 3576 1119 3639 fas
1143 3599 1215 3640 csso
1241 3579 1336 3662 cepit,
1368 3576 1455 3663 quod
1482 3575 1596 3640 beatus
1620 3575 1813 3641 Ambrosius
1837 3579 1886 3642 fas
1911 3601 1982 3643 esse
2007 3603 2105 3666 nega-

454 3683 526 3746 vit?
574 3682 631 3746 Ille
656 3682 748 3746 nefas
772 3681 911 3746 credidit
934 3705 986 3745 res
1010 3672 1190 3768 pauperum
1213 3705 1278 3747 non
1302 3683 1499 3769 pauperibus
1523 3706 1674 3769 crogare:
1698 3685 1846 3748 moderni
1871 3688 2016 3774 episcopi
2040 3711 2105 3751 non
2126 3713 2152 3751 so

455 3789 516 3854 hoo
539 3790 710 3868 nefarium,
742 3789 800 3854 sed
823 3789 1044 3853 necessarium
1067 3801 1183 3874 putant
1207 3813 1289 3870 esse,
1314 3801 1349 3854 ut
1371 3789 1527 3853 militibus
1552 3791 1689 3876 exlege
1713 3789 1924 3857 beneficiaria
1948 3817 2040 3858 suam
2064 3793 2105 3858 de

455 3895 549 3960 bonis
574 3895 753 3960 aecclesiae
777 3909 1013 3980 recognoscant
1036 3897 1209 3978 iusticiam,
1235 3895 1356 3960 Christi
1379 3919 1457 3960 vero
1482 3897 1603 3960 idcirco
1627 3898 1797 3983 negligant
1820 3901 1991 3980 iusticiam,
2017 3900 2104 3986 quod

559 4102 742 4157 Innocentius
765 4119 840 4172 papa
864 4102 1002 4172 episcopis
1019 4103 1140 4172 Apuliae
1151 4097 1178 4155 ³:
1207 4101 1299 4156 illata
1316 4109 1416 4156 sortire
1433 4119 1554 4156 cationes
1573 4101 1790 4158 aecclesiasticos
1813 4103 1979 4178 decretaque
2002 4135 2046 4144 -
2062 4135 2106 4144 -

454 4207 613 4282 religionem
639 4207 744 4262 violant
766 4207 932 4282 ordinesque
955 4217 1147 4282 corrumpunt.

560 4314 724 4369 Ambrosius
734 4309 761 4368 ¹¹:
794 4315 941 4388 Allepatar
971 4313 1137 4388 imperatori
1165 4314 1248 4370 licere
1277 4313 1381 4383 onirlia,
1412 4313 1499 4389 ipsias
1523 4335 1580 4372 esse
1603 4315 1744 4373 lirrioorsa.
1792 4317 1970 4392 Res-pontico.
1994 4350 2038 4358 —
2061 4351 2104 4358 -
2124 4340 2150 4380 aa

456 4419 633 4476 ftlblicaram
665 4419 712 4475 tibi
741 4439 835 4476 reram
865 4420 908 4476 ias
938 4420 1107 4476 cinrimissam
1133 4429 1180 4490 est,
1212 4441 1268 4476 lion
1291 4424 1487 4478 salictarius&
1533 4423 1623 4491 Idem,
1648 4441 1710 4478 crim
1735 4443 1801 4480 vass
1825 4426 1963 4482 ecclesiae
1988 4429 2103 4482 tradere

454 4522 683 4598 compelleretur,
714 4523 791 4582 ait5:
825 4527 857 4584 Si
880 4529 913 4583 lle
936 4547 978 4582 rac
1001 4527 1111 4602 aliquid
1126 4537 1300 4602 posceretur,
1326 4561 1369 4567 —
1392 4560 1436 4568 -
1464 4529 1489 4586 si
1518 4532 1575 4586 cult
1601 4531 1652 4587 silli
1675 4549 1733 4586 csse
1756 4534 1917 4602 norwalliam,
1949 4535 2063 4590 recedat
2085 4555 2104 4592 a

456 4633 561 4690 tls-isli
582 4633 698 4690 iniuria.

560 4741 723 4796 Ambrosius
754 4742 783 4795 in
807 4759 934 4796 samsone
966 4743 1000 4796 sd
1024 4737 1196 4812 populuml:
1231 4740 1405 4810 alletuiaistis,
1436 4743 1502 4816 quia
1529 4745 1624 4799 latum
1650 4753 1689 4801 est
1718 4745 1808 4814 hodie,
1833 4776 1876 4784 -
1901 4777 1944 4784 -
1972 4767 2040 4804 silas
2063 4751 2107 4805 vel

448 4846 570 4922 proprio
600 4867 701 4902 cruore
731 4847 868 4918 defendit.
915 4849 952 4901 Et
983 4856 1048 4918 post
1078 4867 1183 4918 pauca:
1217 4847 1250 4904 Si
1275 4847 1321 4902 ille
1346 4847 1451 4904 siricam
1475 4869 1554 4904 sliam
1580 4870 1635 4906 riou
1660 4853 1785 4922 tradidit,
1811 4883 1855 4892 -
1879 4884 1922 4892 -
1946 4853 2032 4912 Prius
2055 4865 2102 4924 est,
2123 4875 2150 4912 lo

453 4953 628 5010 sitammam
652 4953 720 5010 resilii
742 4954 863 5024 auferat
886 4973 969 5028 pilam
986 4953 1085 5031 fidem.

560 5143 586 5207 a)
608 5161 747 5196 sacrarum
768 5146 855 5195 Anibr.

563 5329 590 5396 1)
622 5327 653 5383 V.
679 5326 819 5384 Ambrosii
840 5347 868 5383 a.
894 5326 1017 5382 Paulino
1042 5346 1064 5382 c.
1091 5326 1149 5393 24:
1180 5327 1220 5396 cf.
1249 5327 1382 5383 Placidus
1406 5349 1427 5384 r.
1447 5329 1497 5397 60,
1525 5329 1586 5384 Lib.
1612 5329 1652 5400 II,
1679 5351 1711 5405 p.
1738 5332 1810 5388 594.
1910 5335 1940 5396 ‘ll
1967 5335 2106 5392 ,latebrosii

455 5434 546 5509 Epist.
573 5434 623 5490 30.
655 5435 697 5491 acl
720 5434 918 5490 Mareellinam
942 5429 1007 5506 ξῖ,
1042 5432 1114 5507 opp.
1140 5435 1182 5487 erl.
1209 5433 1316 5490 Ifrnrd.
1342 5435 1381 5504 II,
1413 5438 1462 5491 rol.
1489 5437 1562 5492 sol.
1690 5439 1719 5496 3>
1745 5440 1956 5496 Sclamrrmaan
1976 5463 2009 5517 p.
2028 5443 2101 5510 658,

454 5560 496 5615 epi.
515 5540 554 5595 39
563 5562 574 5610 ;
598 5540 751 5598 Hinscllias
770 5561 802 5616 p.
822 5541 894 5596 544,
988 5539 1017 5600 ll
1045 5539 1137 5614 Epist.
1164 5540 1214 5610 20,
1239 5537 1257 5610 ξ
1278 5543 1326 5610 19,
1353 5543 1425 5616 llpp.
1451 5543 1493 5598 ecl.
1520 5543 1628 5600 Benrd.
1653 5544 1709 5604 III.
1735 5547 1784 5600 (rol.
1807 5546 1879 5601 906,
1973 5549 2003 5620 5)
2027 5549 2101 5604 Ibid,
2122 5569 2148 5606 45

453 5643 471 5714 ξ
492 5647 520 5716 8,
547 5649 596 5702 col.
615 5647 687 5715 903,
713 5647 758 5702 adi
780 5647 891 5703 similia.
985 5647 1015 5702 ol
1043 5646 1140 5704 Seruio
1165 5656 1262 5704 roritra
1287 5648 1453 5704 matellam
1478 5647 1497 5718 ,ξ’
1518 5651 1565 5720 ll,
1593 5649 1665 5725 opp.
1692 5651 1731 5710 II.
1758 5655 1806 5708 col.
1826 5653 1907 5722 868,·
1932 5656 1972 5725 cf.
1993 5655 2105 5712 Placidi

455 5753 607 5810 Nostantul.
635 5753 695 5809 Lib.
722 5755 755 5809 ile
779 5755 883 5810 horrore
907 5753 1038 5810 ecclesiae
1062 5773 1085 5808 r.
1107 5753 1177 5824 139,
1204 5755 1264 5811 Lib.
1290 5754 1330 5822 H,
1351 5775 1383 5829 p.
1403 5754 1475 5811 630.
