4396 6390
547 111 858 169 COMMENTARIUS
881 113 922 168 IN
946 111 1133 170 PSALMUM
1156 113 1248 170 LXV.
1666 107 1731 172 495

77 299 127 364 rel
150 298 386 365 concubinatus
411 299 463 364 vel
486 322 591 385 vagae
623 299 846 364 fornicationis
876 309 985 364 reatus
1009 323 1048 364 eo
1072 301 1178 364 minus
1207 301 1347 365 noticiae
1377 300 1491 388 populi
1514 298 1642 386 dubius,
1668 325 1731 390 quo

76 407 171 472 fuerit
195 406 248 472 vel
272 406 440 471 consessus
456 406 508 471 vel
533 408 701 471 convictus
717 405 770 471 vel
795 415 882 470 certe
906 417 1001 493 partu
1024 406 1077 471 rel
1102 406 1341 472 cohabitatione
1366 407 1499 472 assidua
1522 408 1575 474 vel
1599 409 1731 474 alterius

75 525 171 578 notae
201 512 408 578 indubitabili
440 512 605 577 evidentia
632 512 789 599 proditus,
819 513 947 577 etiamsi
977 513 1038 577 hoc
1063 513 1244 578 dissimulet
1267 515 1339 601 quis
1363 513 1533 602 negligens
1558 517 1731 603 episeopus

76 620 128 686 vel
158 621 315 705 infirmus,
339 631 375 684 ut
399 631 468 684 erat
498 619 551 684 ille
575 620 792 705 Augustensis
817 620 989 706 episcopus
1001 625 1021 702 ¹,
1052 622 1086 684 in
1110 622 1202 685 cuius
1225 630 1302 686 tunc
1327 622 1518 708 episcopatu
1544 621 1674 706 fuimus,
1699 634 1732 688 et

38 726 128 794 sille
152 728 379 810 Eistetensis2,
409 728 444 791 in
468 727 559 791 cuius
590 727 814 813 episcopatum
837 736 950 812 postea
973 725 1174 792 devenimus.
1220 727 1370 814 Repertis
1395 751 1472 815 ergo
1496 727 1542 793 ibi
1566 741 1613 794 tot
1636 729 1731 794 idolis

78 833 191 899 domus
214 834 327 917 Israel,
359 857 399 898 ne
428 834 540 898 divina
570 833 633 897 illis
664 835 848 897 reverentia
871 833 1005 898 ulterius
1030 832 1233 917 exhibeatur,
1264 834 1425 900 beneficio
1449 835 1544 900 simul
1568 847 1600 900 et
1623 837 1730 902 officio

78 943 223 1026 privatus
241 952 290 1006 est
313 940 451 1006 clericus
474 941 644 1005 manifeste
668 941 882 1004 incestuosus.
916 940 1081 1020 Attamen,
1099 943 1176 1027 quia
1199 942 1233 1005 iu
1249 951 1340 1006 tanta
1357 942 1489 1007 miseria
1507 944 1731 1009 misericordia

79 1047 135 1112 fuit
158 1049 345 1114 necessaria
362 1047 455 1112 simul
473 1071 546 1112 cum
562 1048 702 1128 iusticia,
720 1044 915 1134 quibusdam
932 1070 1043 1112 eorum
1068 1049 1114 1113 sic
1137 1047 1263 1112 indulta
1279 1059 1353 1113 sunt
1369 1048 1614 1114 aecclesiastica
1632 1049 1730 1116 bene·

80 1153 160 1236 ficia,
180 1165 216 1219 ut
238 1178 303 1219 non
326 1165 514 1242 presumant
531 1154 643 1218 divina
659 1153 777 1236 officia,
802 1154 992 1240 priusquam
1008 1167 1082 1219 acta
1098 1156 1278 1242 penitentia
1300 1154 1357 1220 fiat
1381 1179 1479 1242 super
1501 1156 1551 1220 his
1575 1179 1595 1221 a
1618 1169 1731 1223 sancta

31 1287 66 1326 ro
80 1261 153 1326 sede
177 1262 239 1327 hac
262 1261 465 1348 indulgentia
489 1284 643 1347 congrua.
691 1259 745 1326 Sic
770 1262 875 1324 visum
900 1272 949 1325 est
972 1260 1197 1346 prudentibus,
1222 1264 1279 1349 qui
1302 1262 1448 1344 aderant,
1474 1274 1676 1349 oportunum,
1696 1275 1732 1330 ut

77 1369 232 1456 quicquid
254 1369 348 1434 fieret
371 1369 412 1433 de
435 1367 604 1433 beneficiis
628 1368 670 1433 ad
692 1366 928 1453 indulgentiam
951 1367 1219 1455 qualitercunque
1242 1369 1373 1433 tolerari
1396 1381 1515 1456 posset.
1547 1371 1669 1434 Verum
1688 1372 1728 1436 de

76 1475 192 1540 officiis
222 1487 325 1540 totum
353 1487 556 1540 reservatum
580 1486 630 1539 est
656 1473 761 1555 vobis,
792 1485 886 1560 pater
915 1473 1108 1538 universalis
1139 1475 1331 1558 aecclesiae,
1355 1486 1454 1563 atque
1477 1475 1581 1558 vobis,
1606 1478 1727 1542 domini

72 1582 269 1665 cardinales,
295 1584 372 1670 quia
394 1605 452 1668 pre
477 1583 594 1647 ceteris
610 1580 703 1645 verbi
719 1582 785 1646 Dei
808 1581 963 1644 ministris
979 1580 1072 1645 vobis
1097 1580 1208 1645 datum
1232 1591 1281 1645 est
1303 1605 1399 1646 nosse
1423 1584 1614 1670 mysterium
1637 1586 1729 1671 regni
1749 1611 1908 1660 canneru.

68 1688 149 1770 Dei,
175 1689 264 1776 quod
287 1701 439 1776 operatur
469 1689 605 1753 salutem
634 1690 669 1752 in
699 1688 814 1752 officiis
845 1687 942 1752 licitis
972 1699 1004 1752 et
1030 1689 1221 1774 mysterium
1250 1689 1441 1776 iniquitatis,
1466 1689 1553 1775 quod
1577 1702 1731 1777 operatur
1749 1683 1907 1786 ,Tbssfim

17 1818 43 1856 rs
69 1796 291 1881 perditionem
321 1797 355 1860 in
378 1795 451 1860 filiis
483 1795 694 1877 diffidentiae,
719 1796 776 1881 qui
805 1794 1016 1880 desperantes
1040 1794 1230 1880 semetipsos
1261 1795 1465 1860 tradiderunt
1488 1797 1729 1883 impudiciciae,

72 1903 246 1967 manifeste
271 1904 449 1967 servientes
466 1903 628 1967 Pharaoni
653 1901 760 1966 adhuc
784 1901 964 1988 in'Egypto
981 1903 1077 1987 positi
1101 1911 1134 1965 et
1158 1901 1296 1966 sordidis
1313 1902 1465 1988 operibus
1481 1903 1539 1967 luti
1564 1914 1597 1968 et
1618 1902 1729 1969 lateris
1749 1933 1863 1982 aaran

73 2009 187 2092 dediti,
218 2009 461 2097 propterquod
485 2011 569 2073 sicut
599 2011 632 2072 in
656 2010 746 2073 exitu
769 2007 871 2072 Israel
896 2007 936 2072 de
960 2008 1092 2094 Egypto
1120 2008 1209 2073 facta
1232 2020 1281 2073 est
1303 2008 1407 2073 ludea
1437 2009 1631 2075 santificatio
1660 2013 1729 2076 eius

72 2127 150 2180 tunc
167 2118 318 2203 primum,
336 2117 465 2203 quando
483 2125 636 2201 exempta
659 2115 719 2179 fuit
743 2138 761 2178 a
785 2115 970 2201 turpissimo
987 2114 1041 2178 illo
1058 2116 1212 2179 servicio:
1238 2116 1284 2179 sic
1310 2127 1341 2180 et
1365 2114 1461 2180 modo
1476 2117 1570 2182 tieret
1593 2128 1729 2204 oportet.

76 2223 282 2288 'Notandum
305 2246 394 2306 sane,
419 2223 505 2310 quod
529 2223 643 2287 dicunt
664 2222 795 2308 Moyses
820 2233 853 2286 et
874 2221 987 2286 Aaron
1016 2223 1050 2285 in
1075 2220 1299 2286 sacerdotibus
1330 2221 1475 2287 eiusdem
1499 2223 1610 2310 populi
1634 2226 1731 2310 primi
1750 2253 1827 2294 mut

17 2355 54 2393 κ)
74 2341 106 2394 et
129 2331 295 2416 precipui:
327 2331 494 2412 Douaiuus,
525 2331 685 2416 inquiunt,
714 2329 801 2394 Deus
825 2330 1019 2394 Hebreorum
1035 2332 1183 2416 precepit
1204 2331 1304 2410 nobee,
1328 2344 1362 2394 ut
1383 2356 1489 2395 eamus
1520 2334 1605 2396 uiam
1636 2335 1731 2396 trium
1750 2360 1850 2410 nasa

76 2437 200 2502 dier-um
224 2441 256 2502 in
274 2439 475 2502 solitudinem
499 2453 527 2502 et
548 2439 762 2524 sacrificemus
779 2437 904 2500 dontius
921 2436 988 2499 Deo
1005 2450 1119 2516 nostro,
1143 2461 1180 2500 ue
1189 2437 1280 2522 forte
1304 2437 1430 2502 accidat
1451 2439 1541 2502 nobas
1563 2452 1618 2503 aut
1629 2443 1732 2525 pestis

76 2560 129 2608 arta
149 2545 289 2632 gladius.
322 2544 460 2626 Videtis,
478 2545 554 2629 quia
570 2554 683 2608 contra
698 2552 823 2628 pestem
847 2553 902 2605 aut
918 2541 1062 2627 gladium
1086 2565 1152 2606 non
1176 2541 1376 2607 arbitrantur
1391 2543 1501 2607 valere
1523 2567 1617 2608 suum
1633 2547 1730 2608 sacri-

74 2650 185 2714 ficium
209 2651 271 2714 nisi
296 2652 435 2736 egressis
459 2649 500 2714 de
516 2650 648 2736 Egypto
665 2651 752 2712 viam
769 2649 865 2712 trium
882 2647 1007 2712 dierum
1031 2649 1064 2711 in
1081 2648 1298 2713 solitudinem.
1335 2649 1496 2714 Fortassis
1519 2649 1594 2715 ideo
1619 2662 1732 2716 contra

76 2780 133 2820 nos
158 2757 223 2822 iam
247 2758 331 2822 sevit
353 2769 385 2821 et
407 2758 518 2843 pestis,
544 2758 621 2843 quia
643 2757 677 2819 in
693 2756 824 2841 Egypto
844 2756 941 2840 positi
965 2755 1196 2838 sacrificamus,
1214 2779 1287 2820 cum
1304 2779 1402 2821 verus
1426 2756 1479 2821 ille
1503 2770 1613 2822 noster
1635 2757 1731 2844 legis-

17 2863 158 2928 zelator
181 2875 246 2928 tres
269 2866 357 2950 ipsas
382 2864 485 2929 dietas
509 2863 679 2927 manifeste
704 2862 922 2948 descripserit,
948 2860 1065 2947 quibus
1090 2885 1158 2942 uos,
1183 2873 1357 2948 antequam
1382 2865 1412 2926 ei
1436 2862 1665 2945 sacrificemus,
1690 2865 1731 2929 de

75 2970 208 3056 Egypto
233 2970 386 3035 recedere
410 2970 521 3035 voluit.
568 2970 633 3048 Qui
654 2972 727 3050 aazia,
751 2969 866 3055 inquit,
894 2972 997 3033 semla
1014 2983 1090 3055 post
1112 2995 1170 3050 rue,
1193 2968 1499 3054 videlicet-firgiens
1524 2969 1564 3033 de
1588 2971 1730 3057 Egypto,
1750 3001 1907 3050 mainan.

76 3080 203 3166 abneget
225 3080 433 3164 semetipsum,
458 3076 544 3163 quod
567 3087 618 3140 est
639 3098 705 3140 una
729 3074 826 3158 dieta,
851 3091 879 3140 et
901 3077 990 3139 tollat
1012 3101 1132 3140 crucem
1155 3102 1256 3157 ertum,
1280 3075 1367 3162 quod
1385 3087 1434 3140 est
1457 3076 1560 3140 altera
1583 3077 1680 3160 dieta,
1705 3094 1733 3143 et

76 3185 120 3248 ita
144 3199 293 3270 sequana
315 3210 372 3265 me,
397 3183 484 3270 quod
508 3195 558 3248 est
588 3183 675 3247 dieta
698 3183 809 3246 tercia.
858 3181 943 3262 Quia
975 3205 1051 3266 ergo
1081 3181 1173 3246 multi
1204 3183 1456 3246 sacrificantium
1487 3183 1631 3248 nondum
1658 3207 1730 3271 per-

76 3292 274 3354 transierunt
296 3289 354 3354 has
372 3290 485 3371 dictas,
510 3290 583 3354 ideo
600 3291 684 3353 inter
699 3312 758 3352 nos
775 3288 866 3352 multi
889 3289 1008 3351 infirmi
1032 3299 1064 3351 et
1087 3288 1265 3353 imbecilles
1290 3299 1321 3352 et
1345 3288 1508 3353 dormiunt
1531 3291 1632 3373 multi,
1654 3293 1731 3377 quia

36 3424 60 3462 u
76 3419 140 3461 non
165 3397 381 3462 diiudicamus
409 3420 526 3483 corpus
550 3397 694 3479 Domini,
719 3419 739 3460 a
762 3397 854 3459 cuius
878 3396 1104 3459 communione
1129 3397 1258 3460 omnino
1283 3407 1357 3460 sunt
1380 3396 1514 3460 arcendi
1537 3420 1649 3461 omnes
1674 3401 1730 3485 qui

76 3504 183 3568 adhuc
208 3505 338 3568 suntin
361 3503 514 3590 operibus
538 3503 605 3568 luti.
642 3504 707 3583 Qui
731 3504 884 3588 quoniam
909 3500 1129 3566 sacrificantes
1153 3525 1218 3566 non
1241 3502 1381 3588 placent,
1405 3527 1471 3567 non
1494 3503 1640 3589 placant,
1665 3528 1730 3569 non

76 3612 263 3696 ignoramus
295 3611 334 3674 de
358 3611 560 3696 Augustensi
590 3609 751 3674 aecclesia
779 3608 937 3696 simulque
969 3608 1009 3672 de
1033 3608 1219 3692 Eistetensi,
1243 3609 1299 3674 ubi
1323 3609 1417 3696 plura
1441 3621 1473 3674 et
1496 3612 1620 3675 maiora
1643 3611 1731 3676 idola

75 3718 211 3781 inventa
234 3729 318 3799 sunt,
343 3715 436 3780 vobis
460 3739 575 3803 preces
599 3715 812 3801 porrigendas
837 3715 887 3779 rel
912 3717 977 3779 iarn
1000 3727 1176 3802 porrectae,
1201 3725 1237 3780 ut
1258 3716 1433 3781 interdicta
1463 3718 1640 3782 restituatis
1664 3718 1729 3783 illic

76 3823 195 3888 officia.
243 3822 309 3889 Sed
333 3837 381 3888 est
405 3824 438 3886 in
461 3821 556 3886 vobis
579 3833 669 3886 tanta
691 3821 871 3907 vigilantia,
896 3823 979 3886 sicut
1002 3822 1175 3904 credimus,
1199 3823 1336 3910 utquid
1360 3846 1458 3910 super
1480 3823 1542 3889 hoc
1566 3824 1729 3910 agendum

37 3957 59 3996 u
77 3932 126 4012 sit,
144 3953 202 3994 vos
220 3953 425 3995 commonere
449 3930 581 3993 minimo
605 3927 799 3993 arbitremur
819 3929 1048 4011 necessarium,
1066 3951 1139 3993 cum
1157 3930 1225 3992 sitis
1242 3931 1305 4015 ipsi
1321 3931 1495 4016 sapientes,
1513 3953 1581 4013 voS,
1599 3930 1729 3996 domine

76 4049 178 4123 pater,
199 4047 231 4100 et
245 4060 315 4118 vos,
340 4036 463 4101 domini
486 4035 678 4100 cardinales.
714 4035 823 4099 Nostis
847 4035 934 4120 quod
957 4035 1117 4100 Dominus
1142 4035 1220 4100 dicit
1244 4036 1411 4124 discipulis
1436 4039 1519 4101 suis:
1543 4038 1878 4121 Poeut'vos,10s.1s‚re.

78 4159 108 4210 ut
131 4149 209 4209 entre
233 4160 261 4209 et
275 4147 423 4232 fructura
447 4147 591 4230 afferatis
620 4159 647 4207 et
669 4145 801 4231 fructus
830 4157 927 4207 uester
949 4158 1080 4207 smaaear.
1131 4144 1217 4220 Quoc
1241 4145 1328 4208 Deus
1358 4147 1520 4210 couiunnit
1548 4146 1637 4210 honio
1667 4171 1729 4210 nou
1748 4173 1896 4223 neuturus.

76 4266 206 4338 separet.
261 4251 351 4315 Bene
383 4251 552 4314 coniunxit
581 4249 674 4313 Deus
706 4250 782 4330 ‘ire,
813 4249 953 4312 finctum
983 4248 1099 4312 afferre
1134 4249 1339 4335 fructumque
1372 4251 1526 4333 manere’,
1558 4253 1636 4338 quia
1667 4254 1728 4318 ‘ire

75 4357 281 4444 fructumque
306 4356 443 4438 afferre’,
468 4379 583 4442 parum
606 4355 749 4441 prodest,
773 4356 835 4418 nisi
858 4355 981 4418 fructus
1005 4351 1146 4419 maneat.
1183 4355 1268 4436 Quia
1292 4379 1369 4441 ergo
1392 4356 1521 4442 legatus
1538 4369 1646 4423 vester
1669 4361 1729 4424 ivit

34 4491 60 4529 ro
77 4475 109 4528 et
130 4464 271 4528 fructum
288 4462 413 4546 adtulit,
431 4462 534 4544 vobis,
559 4473 661 4549 pater,
685 4461 844 4525 incumbit
860 4461 1043 4547 providere,
1067 4484 1108 4526 ne
1125 4463 1248 4527 fructus
1265 4463 1317 4527 hie
1334 4462 1499 4550 depereat,
1524 4465 1582 4529 scd
1597 4479 1729 4531 mancat

76 4581 180 4635 stante
205 4571 365 4634 sententia
393 4582 505 4634 contra
529 4569 664 4634 clericos
690 4568 884 4654 impudieoS,
907 4569 1071 4632 usurarios
1095 4592 1134 4633 ac
1158 4569 1363 4634 sacerdotum
1386 4569 1468 4634 filios
1493 4572 1649 4635 canonice
1675 4571 1728 4636 de-

75 4689 235 4764 prompta,
259 4678 322 4741 nisi
339 4689 494 4764 quantum
510 4674 651 4740 relaxari
668 4675 815 4761 deposcit
837 4675 935 4760 longa
958 4685 989 4740 et
1013 4675 1190 4740 secundum
1207 4698 1349 4741 canones
1373 4676 1521 4741 ordinata
1537 4679 1727 4764 penitentia.

76 4783 150 4865 Qua
173 4784 317 4849 nondum
338 4783 392 4847 rel
415 4784 566 4848 inchoata
590 4783 785 4870 quibusdam
809 4783 842 4845 in
867 4783 957 4845 curia
980 4783 1041 4845 ista
1065 4781 1355 4868 supplicationibus
1380 4783 1420 4848 de
1443 4807 1577 4848 nurnero
1600 4783 1728 4848 illorum

76 4891 228 4956 dicrmtur
251 4891 359 4956 officia
382 4893 446 4955 iarn
470 4889 637 4954 relaxata'.

32 5024 58 5064 a
182 4999 244 5062 His
261 4997 356 5063 dictis
379 4997 546 5084 respondit
570 4997 719 5061 dominus
743 5019 844 5082 papa:
871 4995 932 5058 ‘De
957 4995 1064 5058 fructu
1086 4995 1157 5077 isto,
1183 4997 1238 5081 qui
1259 5018 1318 5082 per
1334 4995 1477 5082 legatum
1492 5007 1638 5062 nostrum
1654 5021 1727 5085 pro·
1747 5024 1819 5067 ·r.1r.

74 5106 175 5188 venit,
200 5128 258 5170 nos
282 5129 347 5170 non
370 5105 476 5191 ipsum
500 5103 680 5186 laudamus,
705 5103 763 5167 sed
779 5103 903 5167 auctori
920 5101 1061 5165 omnium
1080 5099 1239 5166 bonorum
1255 5125 1353 5188 super
1376 5127 1414 5168 co
1439 5105 1566 5189 gracias
1590 5106 1726 5190 agimus,
1746 5133 1864 5182 persar.

75 5213 132 5299 qui
155 5212 235 5276 facit
258 5210 419 5276 mirabilia
435 5233 553 5296 magna
577 5210 673 5290 solus,
697 5233 758 5273 nec
776 5221 824 5272 est
847 5210 880 5272 in
897 5207 1080 5272 huiusmodi
1095 5207 1298 5273 mirabilibus
1318 5209 1442 5296 aliquid
1460 5211 1600 5275 humane
1616 5213 1728 5276 virtuti

75 5317 315 5401 ascribendum,
341 5317 398 5382 sed
423 5317 481 5381 soli
497 5317 570 5381 Deo
595 5328 707 5398 totum,
732 5315 820 5402 quod
842 5314 962 5379 bonum
980 5324 1037 5396 est,
1058 5315 1090 5378 in
1115 5315 1265 5379 humanis
1290 5315 1416 5380 actibus
1440 5316 1648 5382 tribuendum
1669 5331 1726 5383 est.

186 5484 215 5562 1)
238 5487 388 5545 ll'alterns.
482 5485 511 5554 2)
537 5485 734 5542 Burcbardua.
