4396 6390
568 112 879 170 COMMENTARIUS
903 115 943 170 IN
967 113 1155 171 PSALMUM
1178 114 1285 170 LXIV.
1692 111 1756 173 485

106 302 175 365 stini
201 301 395 386 premissam
411 299 627 386 possideatur.
663 298 761 380 Quod
777 322 967 365 concessum
984 310 1097 366 sancta
1114 301 1208 366 sedes
1232 301 1411 387 apostolica
1433 324 1498 367 uon
1521 302 1648 389 recipit,
1673 305 1758 370 sicut

104 410 134 471 in
156 408 325 493 premissis
349 405 476 472 Urbani
502 405 632 495 [pape⁸]
658 417 692 471 et
714 408 876 493 martyris,
903 407 981 471 item
1004 405 1132 472 Urbani
1155 429 1239 494 pape
1263 408 1399 473 secundi
1423 420 1455 472 et
1478 431 1563 495 pape
1587 410 1756 476 Paschalis

105 513 245 602 [dictisl’]
272 513 442 578 evidenter
464 513 574 578 claret.
621 513 704 578 Item
720 513 875 578 Nicolaus
899 525 932 578 et
946 513 1136 578 Alexander
1158 515 1327 600 pontifices
1348 515 1486 580 Romani
1509 517 1603 602 quasi
1626 538 1669 581 ex
1692 541 1756 584 uuo

103 643 155 684 ore
180 620 393 708 precipiendo
417 629 608 702 statuerunt,
631 632 668 685 ut
691 643 858 685 sacrorum
882 619 1031 686 ordinum
1055 620 1165 685 clerici
1190 622 1317 685 statutis
1340 632 1469 708 patrum
1492 621 1533 687 de
1558 625 1757 689 continentia

74 755 86 794 s
103 725 292 792 obedientes
315 728 408 792 iuxta
424 726 612 810 aecclesias,
637 725 754 814 quibus
771 727 912 791 ordinati
927 738 1010 808 sunt,
1035 728 1119 791 sicut
1135 737 1262 813 oportet
1275 726 1456 813 religiosos,
1481 728 1576 793 simul
1592 741 1755 814 maneant,

101 833 300 898 manducent
323 843 356 899 et
379 833 556 917 dormiant3
585 855 691 920 neque
715 835 844 920 privata
867 833 930 898 illis
954 833 1138 898 concedunt
1160 831 1357 916 habitacula,
1386 834 1462 898 solis
1487 836 1668 922 coniugatis
1692 837 1755 904 ele-

101 941 176 1005 ricis
202 963 222 1004 a
244 939 341 1006 beato
365 963 452 1026 papa
469 939 628 1026 Gregorio
652 940 777 1005 indulta
800 952 833 1005 et
855 951 944 1005 caste
969 941 1003 1004 in
1026 941 1278 1026 congregatione
1294 939 1480 1005 viventibus
1504 943 1634 1006 omnino
1658 944 1756 1008 inter-

102 1046 200 1128 dicta,
224 1057 335 1133 utpote
363 1049 397 1110 in
421 1046 539 1134 quibus
564 1058 613 1112 est
636 1048 765 1112 occasio
793 1046 895 1112 multa
924 1048 1120 1133 pravitatum
1152 1065 1184 1112 et
1212 1047 1458 1133 turpitudinum.
1506 1047 1603 1129 Quod
1626 1073 1691 1114 non
1714 1051 1757 1115 ad

101 1154 233 1240 plenum
265 1153 478 1241 perpendisse
508 1153 561 1218 vel
595 1155 629 1218 in
659 1176 719 1218 sua
748 1153 862 1240 regula
891 1155 1078 1240 precavisse
1109 1154 1198 1239 pium
1227 1175 1340 1239 regem
1369 1152 1583 1219 Ludevvieum
1612 1179 1677 1220 non
1708 1168 1758 1221 est

54 1287 85 1326 ro
102 1261 235 1344 mirum;
267 1262 345 1346 quia
374 1283 438 1326 non
470 1262 539 1346 regi
569 1260 622 1325 vel
652 1261 849 1347 imperatori,
881 1260 940 1324 sed
961 1261 1059 1325 Petro
1082 1261 1238 1347 piscatori
1261 1260 1339 1324 data
1362 1272 1411 1324 est
1442 1262 1618 1326 auctoritas
1641 1263 1756 1328 confir-

101 1367 210 1431 mandi
236 1367 362 1448 fratres,
386 1366 529 1433 Domino
554 1367 699 1432 dicente:
729 1369 777 1432 Tu
800 1393 832 1434 es
847 1368 959 1432 Petras
982 1382 1010 1433 et
1031 1393 1126 1454 seper
1149 1369 1229 1432 hono
1249 1382 1371 1454 pretram
1396 1368 1550 1455 edificabo
1572 1370 1757 1435 aecclesiam
1775 1393 1934 1444 mturare.

103 1499 210 1538 meam.
247 1475 292 1539 Er
306 1489 422 1561 portae
445 1477 552 1564 anseri
568 1500 631 1540 aon
647 1477 854 1562 prevalebunt
871 1475 1023 1539 adversus
1039 1499 1125 1555 eam,·
1149 1489 1177 1539 et
1191 1476 1252 1538 tibi
1268 1475 1349 1538 dabo
1365 1475 1469 1538 claves
1482 1478 1576 1563 requi
1588 1477 1755 1540 caelorum.
1775 1536 1831 1583 (m)

209 1579 300 1644 Inter
323 1591 433 1667 portas
457 1581 563 1664 inferi,
588 1604 668 1667 quas
691 1580 839 1667 patribus
863 1579 1101 1666 exponentibus
1132 1581 1319 1666 accepimus
1350 1603 1422 1644 esse
1449 1603 1568 1666 pravas
1592 1581 1757 1647 doctrinas
1778 1566 1935 1659 [De'porns

102 1685 154 1750 vel
170 1689 358 1773 tyrannicas
374 1687 556 1768 violentias,
584 1710 650 1751 nou
673 1685 815 1772 absurde
838 1709 1010 1773 possumus
1034 1699 1221 1772 computare
1246 1709 1323 1772 sepe
1343 1686 1450 1751 dictae
1474 1686 1600 1752 aulicae
1624 1689 1756 1774 regulae
1805 1660 1902 1728 insen]

66 1820 87 1858 n
103 1815 238 1879 pravam
270 1793 450 1859 doctrinam
479 1805 570 1859 tanto
598 1794 877 1881 periculosiorem,
906 1803 1026 1880 quanto
1057 1791 1103 1857 ibi
1133 1793 1290 1857 secretius
1320 1792 1422 1858 latent
1451 1794 1607 1879 pestifera
1629 1818 1757 1860 venena

101 1899 200 1964 multo
232 1900 410 1965 salubrium
440 1900 660 1965 doctrinarum
689 1900 870 1965 circumlita
897 1900 1002 1982 melle,
1027 1899 1104 1964 dum
1128 1911 1314 1964 sanctorum
1336 1911 1466 1986 patrum
1489 1900 1577 1964 sanis
1601 1902 1756 1967 institutis

102 2007 253 2094 opposita
277 2011 324 2071 ‘et
353 2008 541 2072 intermixta
571 2019 621 2073 est
649 2007 705 2072 illa
733 2007 899 2072 concessio
929 2006 1058 2093 regalis,
1090 2029 1156 2093 qua
1183 2006 1392 2092 coniungitur
1414 2005 1529 2071 domus
1559 2007 1602 2071 ad
1625 2007 1756 2074 domum
1775 2032 1846 2072 *rra

102 2125 133 2176 et
155 2136 237 2199 ager
266 2136 346 2199 agro
374 2113 552 2202 copulatur.
600 2113 637 2178 Si
665 2115 761 2195 enim,
790 2113 928 2179 docente
954 2114 1124 2201 propheta,
1155 2135 1195 2177 ve
1226 2113 1276 2176 his
1307 2115 1364 2199 qui
1394 2115 1595 2199 coniungunt
1624 2114 1755 2180 domurn
1774 2139 1885 2189 nuiss.

100 2220 153 2284 vel
177 2243 292 2306 agrurn
317 2220 497 2286 secularem
521 2220 631 2286 domui
654 2221 708 2286 vel
732 2243 809 2307 agro
834 2219 972 2285 seculari
996 2219 1173 2306 cupiditate
1198 2221 1380 2284 avariciae:
1412 2231 1534 2307 quanto
1564 2223 1669 2307 magis
1700 2224 1756 2310 qui

63 2339 216 2392 incontra
245 2327 418 2392 interdicta
440 2327 523 2414 legis
547 2327 678 2393 divinae
702 2327 813 2392 domui
835 2327 889 2392 vel
912 2349 991 2412 agro
1015 2327 1223 2413 proprietatis
1247 2349 1335 2408 suae,
1360 2325 1447 2391 unde
1471 2325 1534 2391 sibi
1558 2328 1757 2394 sufficienter

101 2433 280 2516 abundant,
311 2436 445 2520 iungere
476 2434 598 2499 audent
628 2434 759 2499 domum
782 2433 834 2498 vel
858 2457 983 2520 agrum,
1007 2433 1094 2497 unde
1122 2455 1284 2520 pauperes
1314 2433 1414 2498 nichil
1443 2432 1603 2499 habentes
1627 2447 1660 2499 et
1682 2435 1756 2502 Deo

102 2541 257 2626 expedite
288 2542 467 2605 servientes
497 2540 619 2606 debent
648 2541 786 2605 vivere?
832 2540 987 2605 Dubitari
1017 2549 1145 2627 poterat
1174 2539 1350 2626 aliquando
1381 2540 1465 2605 hanc
1496 2541 1643 2626 regulam
1671 2543 1758 2607 inter

101 2659 213 2733 portas
236 2647 332 2711 inferi
356 2647 587 2734 deputandam,
613 2647 743 2734 quando
767 2646 826 2712 sub
851 2669 891 2712 ea
917 2649 952 2711 in
975 2647 1083 2711 multis
1107 2647 1275 2712 aecclesiis
1299 2658 1370 2711 erat
1392 2646 1530 2712 honesta
1552 2651 1756 2716 conversatio

103 2766 135 2818 et
164 2753 332 2839 religionis
363 2757 540 2820 canonicae
572 2755 686 2819 saltem
716 2741 831 2818 umbra
861 2753 1096 2840 qualiscunque
1126 2764 1260 2840 propter
1289 2752 1416 2818 habitas
1447 2765 1480 2818 et
1507 2755 1645 2818 usitatas
1668 2757 1755 2820 vitae

57 2887 85 2926 as
103 2859 285 2926 claustralis
309 2861 467 2947 quasdam
490 2861 655 2944 formulas,
687 2883 771 2947 quae
795 2862 888 2947 quasi
911 2872 1022 2925 vectes
1054 2871 1146 2924 erant
1176 2859 1322 2924 eiusdem
1350 2870 1474 2946 portae,
1499 2860 1644 2946 quandiu
1666 2873 1756 2927 tene·

102 2966 223 3032 bantur
244 2967 278 3031 in
301 2967 545 3033 consuetudine.
592 2967 637 3031 At
666 2990 762 3050 nuuc,
794 2968 917 3032 eisdem
940 2965 1089 3032 vectibus
1120 2965 1256 3030 abiectis
1287 2977 1318 3030 et
1342 2966 1446 3030 valvis
1476 2968 1607 3030 omnino
1637 2968 1756 3055 patulis

102 3073 190 3138 nullo
207 3073 362 3160 repagulo
379 3073 538 3157 tardante,
563 3074 720 3160 neglectis
742 3072 967 3139 claustralibus
990 3073 1184 3138 habitaculis
1207 3072 1374 3137 luxuriose
1397 3075 1559 3160 nimisque
1576 3073 1755 3160 irreligiose

102 3182 225 3244 vivitur
247 3181 281 3244 in
297 3179 447 3245 domibus
470 3183 617 3266 privatis,
641 3195 674 3245 et
697 3182 802 3267 gratia
817 3181 883 3244 Dei
906 3179 1099 3244 transfertur
1122 3181 1156 3243 in
1171 3179 1334 3244 luxuriam
1358 3179 1453 3243 etde
1478 3202 1590 3244 sacrae
1614 3181 1755 3246 miliciae

103 3286 266 3372 stipendio
294 3287 449 3352 militatur
479 3286 618 3352 diabolo.
664 3287 749 3352 Nam
773 3289 871 3352 etiam
895 3286 942 3351 illi
964 3287 1020 3373 qui
1044 3287 1206 3350 communi
1236 3284 1423 3350 dormitorio
1448 3297 1480 3350 et
1502 3286 1674 3352 refectorio
1699 3287 1755 3352 ali-

60 3419 86 3458 so
103 3394 253 3480 quotiens
278 3406 411 3462 utuntur
434 3405 466 3458 et
489 3394 662 3477 interdum,
687 3394 816 3480 quando
841 3403 873 3458 et
896 3403 1052 3480 quantum
1077 3415 1132 3456 eos
1160 3391 1248 3476 libet,
1280 3393 1314 3456 in
1337 3391 1498 3457 cubilibus
1527 3395 1593 3458 suis
1616 3395 1755 3480 propriis

103 3512 270 3564 morantur
299 3502 334 3564 iu
357 3500 570 3565 alternatione
599 3501 656 3565 tali
683 3511 832 3586 patentes
856 3500 1026 3564 inveniunt
1049 3498 1111 3562 sibi
1134 3509 1244 3585 portas
1268 3499 1454 3582 infernales,
1486 3498 1603 3586 quibus
1631 3502 1756 3566 utinam

103 3605 240 3671 sublatis
271 3607 439 3672 eleventur
466 3618 579 3693 portae
608 3607 765 3671 caelestes
789 3618 821 3671 et
844 3607 1015 3688 eternales,
1040 3605 1232 3692 disciplinae
1255 3605 1411 3670 videlieet
1433 3606 1598 3692 regulares
1623 3618 1656 3670 et
1678 3630 1755 3671 vere

104 3713 313 3795 cenobitales,
338 3713 462 3801 absque
487 3716 574 3778 omni
597 3715 727 3778 fictione
752 3737 791 3778 ac
815 3714 965 3778 fermenti
988 3714 1086 3777 totius
1110 3714 1362 3777 intermixtione.

212 3819 295 3885 Cum
319 3822 405 3884 enim
428 3821 491 3884 tria
514 3820 673 3884 fermenta
696 3819 845 3884 cavenda
869 3843 996 3885 sacrum
1020 3819 1137 3884 doceat
1160 3820 1376 3905 euangelium,
1401 3820 1635 3906 phariseorum,
1660 3818 1755 3885 sadu-
1774 3793 1935 3913 llii'tribus

61 3951 86 3991 ss
104 3949 236 3992 ceorum
260 3937 293 3990 et
314 3926 467 4008 Herodis,
498 3929 532 3991 in
559 3926 643 3991 bene
674 3927 838 4014 dispositis
869 3927 1018 3991 claustris
1049 3948 1155 4013 neque
1184 3926 1411 4013 phariseorum
1440 3925 1571 4013 placent
1599 3926 1757 3991 filacteria
1774 3922 1914 3973 sennensis

103 4033 341 4098 inmoderatum
364 4034 506 4119 rigorem
530 4034 736 4120 preferentis,
767 4056 873 4120 neque
898 4032 1112 4098 saduceorum
1136 4031 1213 4097 laxa
1236 4031 1430 4114 dissolutio„
1444 4035 1478 4096 in
1502 4055 1567 4119 qua
1595 4033 1684 4098 nulla
1708 4045 1757 4098 est
1776 3989 1924 4056 cavenda]

104 4139 146 4204 ad
162 4141 433 4204 resurrectionem
450 4140 550 4226 digna
565 4142 762 4227 preparatio,
785 4163 892 4226 neque
909 4139 1086 4205 dominatio
1102 4139 1302 4224 Herodiano,
1325 4141 1359 4204 in
1376 4162 1441 4226 qua
1463 4149 1580 4225 regnat
1602 4139 1757 4226 superbia

104 4269 178 4311 cum
209 4247 342 4311 sevicia.
388 4247 521 4311 Etenim
551 4246 701 4332 theologo
725 4247 869 4310 Iohanne
900 4258 1076 4328 asserente,
1108 4271 1195 4312 omne
1225 4247 1312 4332 quod
1339 4250 1374 4311 r‘n
1401 4248 1457 4312 hoc
1487 4247 1603 4311 mando
1627 4262 1680 4328 est,
1704 4263 1921 4322 calaronam.

104 4357 354 4441 concupiscentia
378 4358 495 4434 corath,
519 4370 574 4419 out
596 4357 846 4440 eonc‘upzseentr'a
869 4355 1039 4434 oculorum,
1063 4369 1118 4418 aret
1139 4355 1288 4440 superbia
1304 4369 1349 4418 eat
1370 4356 1462 4434 vitae,
1485 4354 1519 4416 in
1536 4375 1601 4439 qua
1617 4363 1666 4417 est
1682 4376 1756 4418 con-

58 4484 86 4523 se
105 4461 307 4546 cupiscentia
336 4461 370 4524 in
400 4461 461 4525 hoc
492 4460 600 4526 seculo
632 4459 830 4524 dominandi.
876 4460 930 4524 Ex
959 4459 1063 4524 tribus
1093 4461 1164 4523 istis
1195 4461 1467 4545 concupiscentiis
1498 4459 1564 4543 illa,
1596 4483 1679 4546 quae
1709 4472 1758 4524 est

105 4566 281 4650 oculorum,
312 4565 425 4632 subest
453 4567 487 4631 in
510 4567 675 4632 filacteriis
706 4589 744 4632 ac
772 4565 908 4631 fimbriis
937 4566 1120 4652 magnificis
1151 4568 1332 4652 ceterisque
1357 4564 1626 4631 ostentationibus
1649 4566 1757 4653 phari·

105 4697 243 4738 seorum.
289 4673 350 4738 Illa
374 4696 462 4755 vero,
487 4696 570 4760 quae
595 4686 644 4738 est
667 4674 784 4756 carnis,
815 4674 1017 4760 principatur
1046 4675 1080 4737 in
1104 4674 1262 4738 conviviis
1287 4675 1469 4759 ceterisque
1493 4672 1669 4738 luxuriosis
1693 4672 1756 4736 dis-

104 4779 317 4846 solutionibus
341 4780 555 4846 saduceorum
580 4803 671 4866 spem
694 4781 940 4844 resurrectionis
964 4781 1095 4845 minime
1119 4779 1308 4844 habentium
1332 4789 1365 4843 et
1388 4780 1461 4844 ideo
1485 4781 1646 4865 presentis
1670 4781 1757 4843 vitae

105 4887 224 4952 delitiis
248 4885 460 4953 abutentium.
496 4887 597 4951 Porro
621 4887 686 4968 illa,
711 4909 795 4973 quae
819 4897 868 4951 est
890 4887 924 4949 in
948 4886 1009 4950 hoc
1034 4885 1142 4950 seculo
1167 4885 1366 4968 dominandi,
1390 4886 1576 4971 tyrannizat
1597 4887 1632 4948 in
1656 4885 1757 4950 homi-

58 5018 85 5058 rs
103 4993 200 5058 nibus
224 4991 403 5058 ambitiosis
427 4993 480 5057 vel
504 4992 745 5058 dominantibus
772 4995 806 5057 in
829 4993 891 5058 hoc
914 4992 1052 5075 muud0;
1076 4992 1139 5074 vel,
1164 4992 1252 5079 quod
1274 4993 1368 5078 peius
1392 5003 1450 5074 est,
1475 4993 1573 5056 etiam
1591 4991 1757 5057 dominan-

103 5099 191 5165 tibus
221 5101 255 5164 in
278 5099 375 5165 clero.
422 5101 496 5181 Quo
527 5111 640 5164 contra
668 5098 748 5164 boni
778 5109 810 5164 et
839 5099 983 5184 religiosi
1013 5099 1159 5163 homines
1184 5109 1298 5164 eontra
1320 5097 1536 5163 saduceorum
1563 5097 1756 5163 fermentum

105 5205 223 5287 sobrie,
248 5217 360 5272 eontra
382 5207 606 5292 phariseorum
629 5208 722 5286 iuste,
748 5217 861 5270 contra
876 5205 1018 5269 Herodis
1040 5207 1094 5291 pie
1118 5207 1234 5270 vivunt
1257 5206 1291 5269 iu
1314 5205 1375 5270 hoc
1400 5204 1519 5287 seculo,
1545 5215 1756 5290 expectantes
1776 5231 1927 5281 ceruam.

104 5311 234 5377 beatam
252 5336 342 5399 spem
360 5325 392 5377 et
407 5313 583 5377 adventurn
600 5311 722 5398 gloriae
738 5312 849 5398 magni
863 5310 930 5376 Dei
953 5321 986 5375 et
1008 5311 1179 5376 salvatoris
1207 5313 1309 5375 nostn’
1332 5311 1408 5376 Iesu
1427 5309 1560 5376 Christi.
1596 5309 1697 5375 Cuius
1715 5334 1756 5375 ex
1775 5337 1878 5387 'rusa

211 5476 239 5540 a)
259 5479 325 5529 aar
343 5478 377 5528 A.
450 5477 477 5538 b)
498 5478 565 5528 deest
584 5478 615 5528 B.
