4418 6412
455 309 519 371 354
747 313 927 371 GERHOHI
951 313 1183 370 Pensrosm
1207 313 1614 372 REICHERSBERGENSIS
1637 315 1805 371 LIBELLI.

454 502 511 567 ubi
541 525 600 589 per
629 502 815 566 sacerdotes
846 500 1052 566 laudabiliter
1080 500 1133 566 vel
1163 499 1374 566 tolerabiliter
1403 512 1530 566 utentes
1559 504 1593 566 in
1617 501 1810 590 obsequium
1835 501 1998 588 estangelii
2022 504 2087 570 redi-

454 619 584 695 guntur,
608 610 654 673 ita
677 619 712 673 ut
735 608 897 694 pastorale
922 607 1064 673 officium
1082 609 1275 673 comitentur
1290 607 1343 672 vel
1362 607 1610 696 subsequantur,
1634 633 1700 674 non
1724 611 1822 674 etiam
1846 608 2024 696 precedant
2043 633 2087 678 nec

456 715 595 780 obruant
617 715 670 780 vel
694 717 897 801 extinguant,
922 715 962 779 de
987 713 1105 801 quibus
1130 725 1162 779 et
1185 716 1333 802 superius
1357 725 1529 780 tractatum
1553 727 1611 780 est.

384 919 435 971 (so).
455 897 508 958 46.
550 893 667 975 Quod
696 894 736 957 in
760 905 937 980 utroque
961 892 1131 980 templo,
1162 893 1288 957 idest
1318 917 1396 958 uon
1420 893 1549 958 solum
1579 895 1620 958 in
1643 893 1856 976 breviore,
1889 893 2090 962 sedetiam

454 1002 495 1064 in
531 1000 684 1066 altiore
720 998 984 1065 abominacio
1020 999 1309 1064 desolacionis
1348 1002 1519 1064 steterit
1557 1001 1865 1066 materialiter·
1901 1015 1941 1065 et
1976 1003 2033 1066 sic
2063 1004 2113 1071 ius

1022 1106 1210 1172 ecclesia
1240 1107 1536 1193 spiritualiter.

562 1231 689 1296 Horum
718 1254 797 1296 sane
828 1231 970 1295 omnium
1003 1243 1151 1317 tempora
1181 1232 1390 1296 correctionis
1425 1233 1509 1296 sicut
1543 1234 1681 1296 extremi
1711 1256 1839 1320 quoque
1875 1232 1991 1297 iudicii
2023 1233 2093 1298 dien

455 1348 602 1403 nostrum
625 1339 709 1402 scire
733 1359 798 1401 non
822 1347 881 1419 est,
906 1359 968 1423 que
992 1347 1085 1424 pater
1108 1338 1216 1424 posuit
1244 1339 1277 1401 in
1301 1361 1359 1402 sua
1382 1349 1551 1425 potestate.
1599 1339 1759 1404 Veniente
1786 1354 1896 1405 tamen
1923 1341 2021 1404 etiam
2043 1364 2094 1405 om-

278 1469 435 1520 masnsm.
456 1446 545 1510 nium
568 1445 683 1510 horum
707 1445 916 1509 correctionis
939 1455 1086 1532 tempore
1110 1444 1223 1509 saltem
1239 1456 1326 1526 tunc,
1347 1446 1477 1532 quando
1493 1448 1589 1534 filius
1612 1448 1749 1512 bominis
1770 1451 1867 1512 mitet
1889 1448 2018 1536 arrpelos
2039 1473 2097 1513 scos

456 1568 485 1618 ct
507 1554 653 1640 collr'pent
683 1553 720 1616 de
750 1576 844 1640 repro
874 1554 942 1616 eius
972 1555 1078 1617 onznia
1107 1552 1272 1633 scandalo,
1304 1575 1378 1616 cum
1409 1563 1441 1616 et
1471 1551 1585 1616 domus
1609 1553 1684 1634 Dei,
1710 1567 1866 1640 quaeest
1895 1553 2046 1630 ecclesia,
2074 1557 2199 1621 ἰιιις)ι

456 1660 588 1746 antique
613 1657 813 1723 celsitudinis
836 1668 956 1722 statum
979 1657 1193 1744 reparabitur.
1239 1657 1374 1722 Interim
1399 1681 1475 1723 vero
1499 1659 1641 1723 Domino
1664 1661 1871 1745 permittente
1902 1671 1991 1724 stare
2015 1660 2101 1725 habet

457 1765 655 1830 abominatio
680 1764 889 1829 desolationis
917 1765 950 1828 in
974 1763 1045 1829 loco
1069 1776 1192 1847 sancto,
1223 1766 1366 1846 maxime
1388 1775 1497 1830 autem
1526 1767 1559 1830 in
1581 1766 1701 1852 templo
1725 1765 1874 1830 breviore
1898 1767 1965 1830 LX
1989 1766 2101 1832 cubito·

457 1895 529 1937 rum
552 1871 741 1953 altitudinis,
772 1870 878 1935 idest
903 1873 937 1934 in
959 1871 1020 1954 his,
1045 1871 1122 1958 quib
1147 1872 1304 1936 animales
1335 1883 1409 1936 sunt
1440 1871 1479 1936 de
1512 1871 1652 1937 ecclesia
1674 1872 1727 1936 vel
1755 1873 1790 1936 in
1813 1873 1955 1938 ecclesia
1987 1885 2019 1938 et
2047 1897 2104 1938 non

459 1978 638 2044 secundum
668 1977 893 2064 euangelicam
923 1979 1157 2064 perfectionem
1181 1979 1330 2061 ordinati,
1360 2001 1402 2042 ex
1427 2002 1562 2066 quorum
1592 2002 1765 2044 numerosa
1794 1979 2013 2063 multitudine,
2039 2004 2105 2044 curn

459 2087 523 2150 sint
553 2084 685 2172 quidam
715 2086 749 2148 in
773 2085 910 2149 veritate
941 2087 1098 2171 sinagoga
1128 2097 1255 2168 satane,
1286 2108 1345 2172 per
1375 2085 1537 2150 forensem
1567 2097 1676 2150 tamen
1706 2085 1782 2150 fidei
1811 2087 2051 2172 professionem
2080 2103 2108 2152 et
2123 2114 2143 2152 u
2204 2119 2205 2124 ¹

305 2219 439 2268 sensns.
460 2192 622 2280 quendam
652 2193 779 2257 iusticie
811 2191 941 2274 cultum,
973 2193 1042 2256 sine
1067 2215 1129 2279 quo
1160 2193 1192 2255 in
1217 2191 1356 2256 ecclesia
1379 2194 1499 2278 portari
1528 2215 1593 2256 non
1615 2204 1757 2278 possent,
1782 2194 2015 2259 circumornati
2040 2209 2109 2260 sunt

458 2311 494 2364 ut
517 2299 692 2364 similitudo
716 2298 838 2385 templi.
875 2298 941 2365 Sed
964 2321 1025 2362 nec
1049 2297 1092 2380 hi,
1114 2299 1170 2384 qui
1193 2298 1404 2385 apostolicam
1421 2299 1521 2362 vitam
1545 2297 1737 2385 profitentur
1758 2301 1792 2364 in
1809 2300 1951 2366 ecclesia
1974 2300 2017 2366 ab
2041 2303 2108 2386 hac,

459 2405 499 2470 de
525 2429 589 2493 qua
611 2406 782 2492 loquimur,
806 2405 1046 2470 abominatione
1062 2405 1271 2470 desolationis
1288 2406 1432 2492 perfecte
1448 2406 1607 2470 immunes
1624 2407 1776 2488 existunt,
1793 2429 1867 2472 cum
1885 2409 1950 2472 sint
1974 2421 2007 2473 et
2030 2411 2110 2474 inter

460 2512 540 2578 tales
564 2513 617 2576 vel
648 2535 689 2577 ex
713 2511 831 2577 talibus
853 2511 935 2576 lude
963 2512 1131 2598 proditori,
1156 2511 1291 2577 Nicolao
1322 2513 1519 2595 fornicatori,
1547 2513 1696 2577 Ananiae
1728 2536 1856 2600 quoque
1888 2537 1926 2579 sc
1953 2514 2110 2602 Saphirse
2157 2569 2159 2576 v

460 2619 591 2701 similes,
616 2620 672 2706 qui
696 2641 770 2684 cum
793 2618 990 2705 apostolicae
1007 2619 1093 2683 vitae
1117 2620 1222 2706 magis
1239 2619 1379 2706 quedam
1404 2631 1617 2705 purgamenta
1642 2621 1828 2702 extiterunt,
1853 2644 1952 2707 quam
1977 2645 2019 2687 ex
2045 2645 2111 2686 cor·
2128 2649 2151 2687 a

296 2749 537 2812 1.10s.r‚1s.p0re
569 2727 652 2790 sacri
683 2725 768 2789 illius
799 2724 929 2811 collegii
959 2725 1059 2790 fuisse
1091 2725 1351 2812 comprobentur,
1380 2725 1420 2790 de
1445 2725 1596 2813 qualibus
1625 2737 1657 2791 et
1685 2727 1847 2792 lohannes
1878 2729 2047 2815 apostolus
2077 2756 2113 2794 ca

459 2835 559 2914 sodis,
583 2834 696 2920 inquit,
721 2835 871 2913 esserunt,
895 2833 952 2898 sed
974 2859 1034 2898 non
1057 2849 1147 2898 orout
1169 2859 1207 2898 aar
1230 2836 1329 2914 nobis,
1354 2856 1419 2897 non
1442 2835 1569 2914 mirum,
1594 2835 1620 2898 si
1645 2845 1677 2898 et
1699 2835 1733 2898 in
1756 2833 1876 2898 talibus
1900 2847 2011 2901 nostro
2037 2859 2112 2923 quo·

460 2962 523 3026 que
553 2951 699 3025 ternpore
727 2937 925 3004 abominatio
953 2938 1162 3004 desolationis
1192 2939 1299 3004 locum
1328 2941 1502 3004 invenitur.
1551 2939 1605 3006 Sic
1630 2943 1715 3005 enim
1740 2943 1773 3005 in
1796 2941 1891 3006 huius
1915 2945 2113 3008 monstruosi

460 3045 537 3110 mali
564 3045 701 3132 figuram
725 3044 801 3109 olim
824 3043 1077 3110 abominandum
1101 3047 1188 3110 lovis
1219 3046 1341 3111 idolum
1371 3069 1436 3111 non
1467 3046 1570 3112 solum
1600 3049 1634 3111 in
1657 3047 1711 3112 illo
1736 3047 1879 3113 breviori
1908 3049 2031 3136 templo
2055 3073 2113 3136 per

458 3151 655 3218 Antiochum
679 3152 843 3240 Epifanen
866 3151 1081 3217 collocatum⁰
1111 3165 1169 3235 est,
1198 3151 1286 3239 quod
1315 3152 1438 3218 ibidem
1469 3177 1527 3240 per
1558 3166 1622 3218 tres
1652 3156 1796 3242 integros
1827 3157 1955 3220 stetisse
1986 3157 2111 3223 annos‘¹
2130 3181 2154 3220 ss

459 3259 560 3324 refert
588 3260 742 3346 hystoria,
774 3258 833 3323 sed
863 3270 895 3323 et
924 3260 958 3323 in
981 3261 1062 3345 ipso,
1087 3258 1174 3346 quod
1198 3259 1402 3346 postmodum
1432 3261 1466 3324 in
1489 3263 1651 3346 integrum
1676 3261 1875 3326 celsitudinis
1907 3275 2027 3328 statum
2054 3287 2113 3350 per

459 3365 625 3432 Herodem
648 3377 835 3453 reparatum
859 3377 918 3448 est,
943 3365 1059 3430 eadem
1082 3364 1279 3430 abominatio
1304 3365 1513 3431 desolationis
1537 3390 1579 3431 ex
1603 3367 1667 3433 Gai
1691 3369 1812 3433 cesaris
1836 3381 1993 3456 precepto
2024 3370 2112 3435 illata

460 3484 523 3556 est,
553 3474 600 3537 ita
629 3483 664 3537 ut
693 3475 727 3537 in
757 3471 872 3537 eodem
902 3474 974 3559 ipso
1005 3473 1125 3560 templo
1156 3483 1188 3537 et
1217 3473 1377 3538 Dominus
1408 3485 1612 3559 presentatus
1643 3477 1685 3540 sit
1714 3475 1822 3539 infans
1853 3487 1951 3562 atque
1983 3477 2111 3542 adultus

461 3579 609 3644 docuerit
632 3590 664 3643 et
687 3578 883 3644 abominatio
908 3602 1037 3666 quoque
1061 3578 1270 3644 desolationis
1298 3581 1433 3644 steterit.
1481 3579 1536 3645 Sic
1568 3603 1645 3666 ergo
1676 3593 1709 3646 et
1738 3584 1773 3646 in
1795 3582 1936 3647 ecclesia
1959 3583 2025 3648 Dei
2048 3607 2112 3649 non

305 3717 334 3756 er.
343 3716 383 3756 ros
393 3718 411 3766 1,
420 3715 441 3754 s.
459 3688 587 3776 urimun,
612 3687 638 3750 si
663 3697 695 3750 et
718 3687 847 3772 optimis
871 3687 1013 3772 pessima
1035 3687 1198 3772 permixta
1221 3697 1303 3768 sunt,
1329 3687 1413 3751 sicut
1436 3686 1516 3751 dicit
1539 3689 1708 3774 scriptura,
1728 3689 1893 3774 quoniam,
1918 3715 1987 3756 cum
2012 3695 2111 3757 'oenss-
2129 3715 2153 3754 so

459 3809 526 3858 sest
541 3795 616 3880 flls's'
635 3794 709 3874 Det,
734 3808 766 3857 ut
788 3796 968 3857 assisterent
990 3817 1095 3857 coram
1119 3793 1267 3873 Dorns'no,
1290 3796 1387 3881 affuit
1410 3796 1489 3860 ister
1512 3820 1562 3860 eos
1586 3799 1679 3860 eriam
1702 3811 1801 3861 auton.

389 4000 439 4050 (ss).
516 3973 569 4034 47.
605 3969 810 4056 Culpatur
832 3968 1018 4034 dualitas
1042 3969 1281 4034 sacerdocii
1304 3994 1382 4034 non
1407 3971 1535 4035 solum
1559 3971 1600 4035 in
1624 3972 1955 4057 christianismo,
1982 3975 2054 4039 sed

1000 4077 1122 4141 etiam
1147 4077 1187 4140 in
1211 4079 1382 4163 antiquo
1406 4078 1569 4164 populo.

568 4201 634 4267 Sed
650 4224 709 4267 nec
725 4199 797 4264 illas
821 4199 862 4264 ab
879 4201 1054 4288 impietatis
1071 4202 1214 4266 misterio
1232 4202 1408 4266 divisiones
1425 4225 1561 4266 vacasse
1578 4203 1782 4286 crediderim,
1800 4227 1863 4290 que
1880 4217 1953 4291 post
1968 4205 2110 4271 Herodis

460 4309 620 4373 alieniene
649 4309 683 4371 in
706 4329 807 4393 regno
831 4306 967 4371 Iudaico
991 4306 1251 4373 sublimationem
1282 4308 1463 4373 sacerdocii
1491 4311 1613 4396 pariter
1636 4322 1669 4374 et
1692 4310 1776 4375 illius
1801 4313 1893 4397 regni
1915 4311 2002 4376 facte
2027 4325 2109 4378 sunt.
2129 4338 2154 4376 ss

460 4415 585 4501 Nempe
616 4414 790 4479 sacerdotii
820 4413 1014 4501 pontificalis
1046 4437 1142 4500 apex,
1171 4417 1227 4501 qui
1250 4439 1270 4480 a
1292 4415 1492 4502 temporibus
1516 4415 1628 4481 Aaron
1650 4417 1841 4482 unicuilibet
1871 4417 2011 4484 filiorum
2043 4422 2110 4484 eius

460 4544 563 4606 usque
587 4520 629 4585 ad
652 4543 692 4585 ea
715 4532 861 4607 tempora
884 4522 1060 4585 successim
1083 4520 1243 4585 indivisus
1267 4545 1309 4586 ex
1332 4525 1522 4588 atrctomtate
1539 4523 1605 4588 Dei
1628 4525 1836 4610 precipientis
1853 4539 2060 4611 provenerat,
2077 4539 2111 4591 ut

459 4651 543 4692 unus
567 4627 653 4713 apud
670 4650 724 4692 eos
748 4650 891 4691 summus
915 4628 1068 4693 sacerdos
1084 4626 1137 4691 vel
1153 4628 1304 4714 princeps
1329 4629 1533 4693 sacerdotum
1550 4629 1714 4694 diceretur
1738 4642 1770 4694 et
1793 4643 1888 4714 esset,
1913 4632 2033 4698 abhinc
2052 4657 2110 4720 pro

460 4734 600 4798 humano
625 4733 783 4798 alieniene
807 4735 895 4819 regis
919 4734 1052 4799 arbitrio
1076 4736 1109 4797 in
1126 4734 1206 4798 duos
1231 4758 1371 4798 summos
1388 4735 1491 4799 dictos
1508 4737 1693 4800 sacerdotes
1711 4736 1901 4802 distributus
1918 4749 1977 4803 est.
2014 4740 2110 4805 Unde

329 4872 441 4920 masa.
461 4853 493 4905 et
523 4839 602 4905 illud
630 4841 720 4905 Luce
752 4843 951 4927 euangelista
982 4843 1210 4924 testimonium,
1238 4842 1391 4927 quoniam
1423 4844 1479 4906 sub
1503 4845 1709 4929 principibus
1738 4846 1934 4910 secerdotum
1957 4845 2055 4912 Arma
2086 4865 2113 4913 et
2129 4874 2158 4912 so

465 4948 589 5035 Coepta
606 4950 733 5034 ‚foetetur
757 4964 801 5013 est
825 4951 948 5013 uerbum
965 4949 1100 5013 Domini
1120 4974 1215 5036 super
1230 4948 1400 5012 [chosroem
1416 4949 1572 5014 Zoolrurr'c
1588 4952 1697 5036 filium
1723 4954 1754 5014 in
1781 4952 1907 5016 dese-rto.
1955 4952 2011 5017 Ad
2031 4977 2111 5040 quos

461 5057 558 5118 etiam
581 5064 734 5141 utrosque
765 5055 869 5142 primo
893 5054 1046 5119 videlicet
1076 5054 1119 5119 ad
1141 5055 1270 5136 Annan,
1295 5053 1413 5118 deinde
1438 5054 1479 5118 ad
1504 5054 1654 5142 Caiphan
1685 5055 1833 5121 dominus
1857 5057 1949 5123 Iesus
1979 5061 2015 5124 in
2038 5084 2110 5148 pas·

462 5163 551 5226 sione
575 5184 634 5225 sua
657 5161 816 5226 adductus
840 5184 949 5226 coram
974 5162 1019 5224 eis
1050 5161 1173 5243 irrisus,
1204 5162 1307 5247 sputis
1336 5160 1435 5226 illitus
1460 5173 1491 5226 et
1515 5162 1706 5249 exalapatus
1731 5175 1779 5228 est
1802 5176 1900 5251 atque
1930 5165 1973 5230 ab
1998 5167 2045 5231 eis
2069 5165 2111 5232 ad

364 5297 441 5348 qm.
460 5268 600 5332 Pilatum
631 5269 759 5333 vinctus
790 5267 959 5332 adductus
1006 5265 1107 5331 Cuius
1138 5267 1306 5331 divisionis
1338 5269 1371 5331 in
1396 5269 1549 5333 “ecclesia
1580 5281 1611 5333 et
1642 5281 1754 5335 contra
1784 5271 1956 5337 ecclesiam
1989 5273 2110 5338 Christi

461 5375 624 5462 complere
648 5377 826 5440 misterium
851 5396 892 5438 ex
915 5373 1011 5459 longo
1035 5375 1100 5438 iam
1124 5386 1267 5460 tempore
1292 5375 1444 5439 sathanas
1467 5375 1596 5440 molitus
1613 5388 1671 5440 est.
1718 5377 1757 5442 In
1774 5401 1838 5465 qus
1861 5379 2027 5444 molitione
2052 5403 2112 5444 sua
2128 5407 2157 5444 ss

460 5505 480 5546 a
502 5482 701 5569 temporibus
725 5480 852 5546 Nicolai
882 5503 966 5567 pape
996 5480 1130 5544 secundi
1160 5483 1264 5566 magis
1294 5492 1502 5567 prosperatus
1534 5495 1591 5548 est.
1638 5484 1692 5547 Ex
1722 5495 1798 5550 tunc
1827 5487 1922 5568 enim,
1947 5497 1983 5551 ut
2012 5509 2110 5573 supra

568 5681 595 5745 a)
616 5680 708 5734 mato.
782 5679 810 5744 b)
833 5699 885 5747 que
904 5699 924 5731 c.
997 5679 1023 5744 c)
1045 5681 1176 5732 collatum
1195 5698 1292 5742 c.,·em.
1314 5681 1371 5732 Sela
1446 5679 1473 5743 d)
1496 5685 1524 5732 in
1542 5700 1592 5735 nos
1611 5701 1646 5744 c.;
1664 5701 1709 5735 ern.
1730 5683 1788 5736 Set.
