4568 6428
549 408 753 480 ¹EPlS'POLA
777 411 829 464 DE
854 409 1125 466 SACRAMEN'I'IS
1149 409 1471 466 HAERETICORUM.
1796 406 1835 467 19

185 595 344 658 tationem
369 607 401 660 et
424 595 520 660 facile
544 595 600 660 ubi
624 595 878 676 adnumerentur
901 599 1111 683 reperiemus.
1150 595 1310 684 Apostata
1333 599 1419 662 enim
1441 595 1558 680 Grece,
1583 598 1698 662 Latine
1722 598 1837 684 refuga

186 701 428 788 iuterpretatur.
461 700 529 768 Cur
551 713 660 768 autem
682 703 796 788 refuge
821 702 981 784 dicuntur,
1006 705 1068 767 nisi
1093 704 1170 790 quia
1193 728 1212 768 u
1234 704 1308 768 Deo
1331 703 1529 790 refugerunt,
1553 705 1617 768 nisi
1641 705 1717 790 quia
1737 716 1837 770 retro·

187 806 284 892 gradi
308 832 327 872 a
350 809 452 873 salute
476 832 556 874 vera
579 819 792 890 recesserunt,
817 810 880 873 nisi
903 811 980 896 quia
1003 833 1023 874 a
1046 810 1203 895 religione
1228 834 1322 876 sacra
1337 811 1543 895 tergiversati
1567 820 1651 892 sunt,
1675 813 1737 876 nisi
1761 813 1837 898 quia

187 915 356 997 unitatem,
385 917 419 979 in
443 939 508 1002 qua
531 927 656 980 tantum
678 915 765 980 salus
790 929 848 998 est,
872 916 1081 1002 reliquerunt,
1112 917 1175 981 nisi
1199 919 1277 1004 qnia
1300 919 1468 982 caritatem
1491 918 1666 984 fratemam
1690 918 1836 984 odientes

150 1021 224 1086 siu
248 1019 505 1108 blasphemiam¹⁸
533 1021 674 1110 Spiritus
698 1025 812 1105 sancti,
837 1046 900 1110 que
925 1034 974 1087 est
997 1034 1170 1109 peccatum
1194 1023 1325 1106 diaboli,
1350 1023 1542 1089 inciderunt.
1587 1023 1653 1105 Qui
1676 1026 1737 1089 nisi
1762 1049 1837 1090 con-

189 1138 359 1192 vertantur
381 1141 413 1193 et
437 1129 573 1194 redeant
588 1129 632 1194 ad
646 1130 804 1194 unitatem
828 1129 905 1194 dum
921 1131 1045 1210 vivunt,
1071 1130 1191 1194 nullam
1215 1142 1289 1217 post
1303 1132 1404 1196 vitam
1428 1141 1666 1218 consequentur
1688 1131 1835 1197 salutem.

186 1233 363 1321 Apostolus
387 1258 448 1301 nec
479 1236 600 1300 frustra
623 1236 723 1301 dixit:
754 1236 919 1302 Pocr'eatr'a
943 1237 1010 1302 Dei
1034 1253 1061 1301 te
1084 1237 1129 1300 od
1144 1241 1352 1324 penitentiam
1375 1239 1515 1318 adducit,
1546 1261 1607 1302 nec
1638 1261 1763 1304 narsum
1795 1239 1835 1304 de
1855 1257 2012 1308 stromat.

185 1341 473 1426 perseverantibus
504 1343 623 1408 frustra
654 1342 754 1406 dixit:
787 1343 853 1408 Sed
863 1340 878 1383 ¹³
907 1345 1066 1408 duriciam
1097 1359 1182 1408 tuoni
1213 1360 1241 1409 et
1270 1370 1323 1410 cor
1352 1348 1527 1432 inperitans
1558 1347 1749 1411 thesaurizus
1779 1349 1840 1412 tibi
1855 1373 1874 1420 2,
1883 1369 1904 1409 a.

187 1450 272 1512 iro-m
296 1452 330 1514 ia
354 1450 476 1515 dicire
508 1461 539 1513 θῖ
563 1459 706 1515 caterua
755 1448 851 1514 Unde
875 1449 1078 1535 Augustinus
1103 1450 1145 1514 ad
1168 1451 1411 1526 Bonifacium¹:
1442 1453 1513 1517 Hoc
1539 1477 1601 1518 noa
1618 1456 1774 1540 probatur
1797 1456 1836 1518 ab

136 1584 165 1621 ro
184 1555 295 1640 aliquo
319 1583 384 1621 esec
407 1559 615 1637 canoniorum,
639 1559 707 1622 nasi
727 1582 796 1621 cuni
820 1557 858 1621 de
882 1581 1012 1644 corpore
1037 1561 1156 1622 ear'erit.
1198 1557 1251 1622 Ex
1275 1558 1540 1644 interpretatione
1564 1560 1663 1644 igitur
1685 1557 1836 1624 vocabuli

184 1674 219 1725 et
241 1663 358 1727 intuitu
383 1664 526 1728 criminis
557 1664 730 1750 nequiores
762 1675 794 1728 et
825 1662 1022 1728 sordidiores
1056 1664 1180 1729 cunctis
1205 1664 1234 1726 V
1259 1663 1415 1750 gradibus
1445 1663 1516 1730 illos
1548 1687 1620 1730 esse
1651 1667 1835 1748 asserimus,

184 1769 263 1854 quia
294 1770 474 1835 invisibiles
505 1781 651 1857 apostate
683 1769 759 1835 olim
790 1765 898 1856 angeli
928 1793 1015 1834 nunc
1046 1768 1166 1835 diaboli
1199 1771 1395 1835 consortium
1424 1781 1628 1836 transeuntes
1659 1771 1836 1838 visibilium

186 1876 392 1941 inimicorum
416 1887 541 1941 reatum
565 1877 747 1941 voluntario
771 1887 804 1941 et
831 1875 975 1942 studioso
1007 1876 1119 1941 salutis
1144 1888 1329 1964 contemptu
1359 1877 1639 1943 transcenderunt.
1686 1878 1835 1943 Accessit

186 1995 337 2068 preterea
360 1983 403 2047 ad
426 1984 590 2048 cumulum
615 1983 854 2070 dampnationis
879 1985 1022 2070 ipsorum
1046 1981 1115 2048 falx
1139 1982 1340 2068 euangelica.
1387 1983 1455 2050 Sed
1478 1986 1554 2071 quia
1582 1984 1726 2050 visibiles
1751 1998 1834 2066 sunt,

137 2118 163 2156 rs
186 2089 422 2176 numquidnam
452 2089 576 2154 nullum
606 2092 690 2154 inter
720 2089 926 2154 adversarios
951 2089 1098 2154 visibiles
1129 2091 1306 2155 sortiuntur
1328 2091 1461 2155 locum?
1500 2091 1685 2157 Sortiuntur
1712 2093 1834 2180 utique.

187 2194 293 2276 Quem
318 2196 421 2281 ergo?
459 2195 561 2260 Audi.
610 2194 771 2260 Generale
796 2198 939 2261 omnium
962 2196 1120 2261 malorum
1145 2209 1177 2261 et
1199 2196 1274 2262 ideo
1298 2198 1521 2263 recedentium
1549 2209 1580 2262 et
1604 2199 1834 2264 catholicorum

185 2314 219 2366 et
242 2302 472 2366 ortodoxorum
497 2302 688 2388 religionem
713 2303 964 2390 relinquentium
980 2302 1175 2368 vocabulum
1200 2315 1248 2367 θεῖ
1264 2314 1422 2390 apostata,
1447 2305 1525 2390 quia
1547 2303 1624 2369 licet
1639 2305 1670 2367 V
1692 2307 1776 2369 inter
1800 2329 1834 2370 so

184 2409 345 2494 graduum
370 2409 560 2474 differentiis
585 2409 714 2492 distent,
745 2420 854 2482 tamen
885 2410 945 2475 hoc
969 2409 1130 2474 vocabulo
1161 2409 1317 2497 probroso
1342 2423 1375 2475 et
1404 2421 1497 2475 reatu
1527 2411 1692 2476 mortifero
1722 2435 1834 2476 omnes

186 2515 263 2580 mali
286 2516 505 2598 includuntur,
530 2517 607 2603 quia
627 2515 792 2582 Christum
817 2527 982 2582 auctorem
1006 2517 1118 2581 salutis
1143 2529 1175 2580 et
1198 2517 1377 2582 aecclesiae
1401 2520 1568 2600 unitatem,
1593 2517 1648 2583 ubi
1672 2517 1761 2584 locus
1786 2531 1834 2584 est

134 2653 163 2692 20
186 2622 308 2706 salutis,
326 2624 549 2688 deseruerunt.
581 2623 759 2710 Apostatae
776 2624 876 2709 igitur
890 2622 1035 2709 generali
1050 2622 1210 2688 vocabulo
1228 2634 1409 2704 censentur,
1434 2624 1512 2710 quia
1526 2625 1671 2710 generali
1691 2627 1833 2690 omnium

184 2741 278 2793 reatu
300 2731 505 2817 participant.
554 2731 699 2810 Quorum
724 2730 892 2794 omnium?
939 2729 1059 2816 Utique
1091 2732 1234 2796 omnium
1258 2729 1436 2794 visibilium
1467 2742 1500 2795 et
1527 2731 1747 2796 invisibilium.
1795 2732 1833 2796 In

182 2837 326 2900 omnium
350 2838 436 2902 enim
460 2848 552 2901 reatu
580 2835 776 2923 generaliter
806 2847 839 2900 et
867 2835 1077 2923 spiritualiter
1107 2838 1357 2918 communicant,
1388 2848 1476 2902 tanto
1507 2840 1619 2925 utique
1649 2839 1832 2925 nequiores,

181 2955 271 3009 tanto
295 2943 502 3026 sordidiores,
528 2954 648 3030 quanto
672 2967 737 3008 non
761 2943 967 3029 singularem,
993 2943 1051 3008 sed
1070 2966 1273 3008 communem
1289 2967 1363 3009 cum
1380 2942 1529 3008 omnihus
1552 2944 1708 3030 gradibus
1724 2945 1830 3010 locum

181 3061 214 3114 θῖ
236 3073 405 3116 numerum
431 3049 587 3114 obtinent.
620 3048 702 3115 Cum
726 3047 856 3115 diabolo
882 3049 969 3114 'sunt
993 3060 1025 3113 et
1049 3050 1201 3115 dicuntur
1224 3061 1388 3137 apostate;
1413 3074 1487 3116 cum
1510 3053 1648 3137 paganis
1672 3052 1829 3116 idolatrae
1850 3083 1880 3122 ι.
1916 3111 1921 3122 .

132 3186 160 3224 ss
183 3168 259 3221 sunt
281 3157 486 3242 irreligionis,
512 3180 585 3221 cum
601 3156 712 3221 Iudeis
729 3156 890 3242 sacrilegi,
915 3179 989 3221 cum
1013 3156 1164 3221 hereticis
1188 3156 1314 3244 perfidi,
1340 3181 1413 3222 cum
1436 3159 1628 3223 scismaticis
1653 3158 1829 3240 instabiles,

181 3287 256 3328 curn
280 3263 429 3328 omnibus
455 3263 639 3328 carnalibus
663 3264 873 3349 spurcissimi,
899 3285 972 3327 cum
988 3262 1038 3326 his
1055 3263 1214 3347 omnibus,
1240 3266 1316 3350 quia
1332 3287 1443 3328 omnes
1460 3287 1480 3328 a
1495 3265 1568 3329 Deo
1589 3276 1829 3352 apostaverunt,

182 3381 329 3457 apostate
354 3382 437 3436 sunt.
471 3370 506 3436 Si
530 3393 608 3456 ergo
625 3370 703 3457 quid
727 3369 807 3435 tales
832 3369 1006 3435 conficiant
1028 3372 1192 3457 proponis,
1218 3394 1278 3456 ego
1302 3370 1361 3435 tibi
1386 3395 1428 3435 ex
1452 3372 1548 3436 simili
1573 3372 1651 3458 quid
1667 3373 1830 3437 hereticus

180 3477 332 3543 conficiat
355 3500 511 3564 propono.
548 3477 652 3562 Igitur
676 3499 750 3541 cum
773 3476 988 3540 hereticorum
1013 3487 1046 3541 et
1068 3478 1323 3542 scismaticorum
1347 3480 1451 3542 neniis
1475 3489 1695 3564 apostatarum
1719 3481 1829 3544 incan-

179 3587 318 3649 tationes
342 3607 470 3671 quoque
495 3583 715 3649 exsufflemus.
764 3582 836 3647 Non
860 3584 996 3666 mireris,
1022 3583 1110 3670 quod
1133 3583 1174 3648 ab
1198 3584 1334 3648 exordio
1358 3583 1524 3648 scribendi
1549 3588 1642 3671 quasi
1664 3587 1829 3672 insepara-

131 3721 161 3759 ao
181 3690 264 3755 biles
295 3692 429 3756 comites
459 3690 621 3756 hereticos
653 3701 684 3754 ct
715 3691 915 3754 scismaticos
946 3691 1134 3777 frequenter
1164 3693 1398 3756 coniunxerim.
1451 3681 1589 3777 Utrique
1620 3694 1706 3756 enim
1737 3704 1829 3756 extra

179 3799 335 3862 unitatem
367 3809 442 3863 sunt
472 3809 505 3863 et
535 3797 698 3884 quandam
728 3819 786 3882 pre
818 3797 943 3860 cunctis
974 3796 1130 3884 gradibus
1165 3797 1418 3862 familiaritatem
1453 3797 1495 3861 ad
1526 3799 1666 3862 invicem
1697 3797 1827 3863 habent.

181 3905 295 3970 Omnis
319 3928 459 3992 namque
476 3905 637 3970 hereticus
655 3915 705 3968 est
723 3914 756 3967 et
779 3904 997 3986 scismaticus,
1023 3904 1154 3990 quidam
1177 3927 1255 3968 vero
1280 3904 1482 3968 scismaticus
1498 3928 1563 3968 non
1585 3915 1635 3968 est
1649 3903 1827 3987 hereticus3

179 4010 238 4074 sed
261 4011 331 4076 lieri
355 4023 472 4098 potest,
496 4023 531 4076 ut
555 4033 596 4075 ex
622 4011 806 4076 scismatico
830 4011 990 4095 pertinaci
1013 4011 1070 4074 fiat
1092 4011 1255 4076 hereticus
1279 4033 1451 4097 perversus
1476 4023 1508 4076 ct
1530 4011 1683 4097 perfidus.
1718 4012 1828 4076 Dona·

177 4119 254 4181 tiste
277 4141 418 4204 namque
443 4142 516 4182 cum
540 4119 645 4205 primo
670 4127 778 4180 essent
801 4128 837 4180 ut
860 4118 1047 4199 scismatici,
1071 4116 1227 4203 paulatim
1244 4140 1303 4202 per
1326 4119 1527 4182 incrementa
1543 4117 1696 4183 obstinati
1712 4120 1829 4183 erroris

129 4254 157 4294 ss
176 4223 255 4287 facti
278 4235 353 4288 sunt
375 4224 520 4290 heretici.
1138 4239 1140 4242 ’

286 4331 404 4410 Queris
435 4330 547 4396 itidem
578 4331 619 4394 de
650 4331 866 4394 hereticorum
896 4329 1069 4416 baptismo.
1116 4329 1327 4416 Respondeat
1350 4354 1427 4417 ergo
1458 4354 1516 4417 pro
1540 4355 1591 4395 me
1615 4330 1827 4417 Augustinus

178 4460 276 4524 quem
307 4437 455 4503 Christus
486 4438 529 4502 ad
559 4437 744 4502 murenulas
780 4459 895 4502 aureas
926 4436 1155 4500 vermiculatas
1190 4449 1324 4523 argento
1359 4437 1538 4502 aecclesiae
1575 4461 1713 4525 sponsae
1749 4461 1827 4502 suae
1847 4471 1982 4518 omnipo„

180 4543 388 4609 fabricandas
418 4544 548 4609 fidelem
579 4556 611 4609 et
642 4567 815 4630 operosum
845 4542 973 4607 fabrum
998 4543 1105 4629 clegit.
1152 4543 1262 4630 Inquit
1293 4543 1335 4607 ad
1358 4544 1563 4609 Bonifacium
1586 4544 1826 4631 Augustinus²:

182 4651 260 4716 Cam
281 4651 423 4716 Christus
439 4653 609 4738 discipulis
633 4653 782 4716 dt'oei'sset:
805 4651 959 4737 ‘Accipite
976 4650 1132 4736 Spiritum
1152 4652 1302 4715 sanctuni
1304 4703 1314 4732 ,
1338 4655 1481 4716 continno
1504 4655 1652 4717 subiecit:
1675 4653 1826 4730 ‘Quorum
1847 4685 1978 4736 mirisa,

128 4787 157 4826 ao
185 4761 369 4824 remiserit-tir
386 4774 530 4846 peccota,
553 4761 750 4823 remittuntur
774 4761 829 4839 eth,
853 4773 881 4822 et
896 4781 1028 4843 quorum
1044 4761 1246 4837 retinueritis,
1270 4773 1486 4823 retentarunt.
1520 4758 1560 4822 In
1583 4758 1699 4823 eodem
1715 4758 1826 4844 Augu-

181 4865 321 4928 stinus³:
345 4866 493 4931 Ecclesia
516 4866 670 4930 catholica
693 4867 761 4930 sola
782 4889 896 4951 corpus
919 4878 963 4928 est
981 4861 1110 4944 Christi,
1135 4867 1224 4929 caius
1247 4865 1354 4950 capud
1375 4879 1419 4929 est
1440 4867 1580 4931 solenter
1603 4870 1746 4953 corporis
1765 4869 1824 4930 sui.

179 4973 281 5036 Eatro
304 4975 360 5037 hoc
384 4997 498 5059 corpus
521 4975 674 5038 nemiuem
698 4974 840 5059 vt‘oificot
862 4971 1004 5057 Spiritus
1027 4985 1161 5051 soricius,
1186 4974 1262 5056 prtia
1285 4974 1366 5036 sicut
1389 4973 1468 5036 dicit
1490 4975 1667 5059 apostolus:
1700 4973 1827 5038 Caritas
1847 5007 1968 5056 R0m‚5‚5,

178 5079 245 5142 Dei
266 5080 386 5166 ds'jfusu
410 5094 454 5144 ast
477 5082 511 5143 in
534 5080 682 5144 cordibus
704 5080 820 5142 nostris
836 5103 900 5165 per
923 5077 1080 5164 Spiritum
1103 5092 1252 5158 salictum,
1282 5081 1340 5163 qui
1361 5079 1453 5142 dotus
1476 5077 1560 5166 [estd
1588 5077 1705 5166 trodio).
1754 5078 1826 5143 Non

177 5183 299 5249 habent
322 5187 432 5271 itaque
457 5185 613 5271 Spiritum
638 5196 795 5266 sanctum,
827 5184 883 5270 qui
913 5194 987 5247 sunt
1015 5192 1127 5247 extra⁰
1157 5183 1339 5247 ecclesiam.
1386 5184 1468 5248 Item
1493 5184 1534 5248 ad
1558 5185 1690 5249 Petrum
1714 5185 1825 5272 Augu-

130 5416 158 5456 st
284 5403 310 5465 a)
332 5403 509 5470 blaspemiam
527 5421 548 5454 c.
619 5399 647 5464 b)
669 5403 820 5453 secuudum
840 5403 910 5468 1qu.
977 5399 1002 5462 c)
1027 5402 1099 5464 Ce.;
1120 5401 1296 5452 revelationis
1310 5403 1381 5468 ,thiro
1401 5402 1460 5453 Scir.
1535 5401 1563 5464 dl
1586 5409 1625 5454 est
1644 5405 1723 5454 nobis
1742 5422 1823 5454 orric.

177 5487 204 5552 e)
224 5509 305 5542 onr.c.

286 5672 315 5743 1)
341 5673 433 5749 Epist.
454 5673 525 5743 185,
550 5693 573 5730 c.
593 5673 643 5744 ll,
667 5669 755 5746 549,
781 5673 823 5730 ed.
840 5672 947 5729 Bencd.
969 5671 1008 5742 II,
1033 5674 1084 5728 col.
1103 5671 1213 5730 6626.
1314 5673 1344 5741 2)
1369 5673 1413 5730 lb.
1438 5675 1455 5730 Ι.
1474 5677 1491 5730 l.
1517 5677 1567 5732 col.
1586 5674 1648 5730 662
1661 5674 1695 5730 F.
1721 5673 1825 5730 Paucis

178 5779 298 5836 mutatis.
390 5781 420 5849 3)
445 5779 485 5838 lb.
510 5777 598 5854 §BQ
618 5800 650 5856 p.
670 5779 779 5836 6633.

1576 5903 1609 5953 3*
