4426 6398
420 376 485 441 650
936 374 1171 434 TRACTATUS
1195 372 1485 432 EBORACENSES.
1516 373 1555 428 11.

421 593 502 658 quos
526 567 695 656 glorificat,
720 576 753 630 et
775 589 834 630 nos
858 563 1087 651 glorificemus,
1111 583 1152 627 ne
1177 585 1197 626 a
1212 563 1274 627 viis
1294 562 1397 650 ipsius
1413 562 1602 628 aberremus
1627 573 1660 627 et
1683 562 1859 627 averitate
1885 559 2076 626 iudiciorum

421 679 491 742 eius
521 674 760 741 dissentiamus.
806 673 995 759 Loquamur
1025 693 1103 756 ergo
1134 692 1221 734 nunc
1252 668 1293 733 de
1323 667 1418 734 bonis
1449 692 1561 736 eorum
1591 692 1655 759 que
1685 668 1809 734 habent
1838 691 1902 756 per
1931 679 2078 732 naturam

422 784 616 862 communia,
647 791 762 868 postea
792 779 832 844 de
856 779 906 843 his
930 801 994 866 que
1017 775 1140 842 habent
1162 777 1349 842 communia
1374 779 1606 864 pergratiam,
1630 787 1664 842 et
1689 776 1738 842 illi
1760 776 1878 858 sancti,
1904 776 1961 862 qui
1986 797 2079 860 gene·

422 900 535 956 rantur
557 912 600 955 ex
623 888 767 974 legitimo
792 887 899 950 carnis
924 885 1075 970 coniugio
1100 894 1132 948 et
1155 883 1202 948 illi
1226 884 1282 971 qui
1305 893 1502 970 generantur
1525 907 1568 948 ex
1589 906 1657 949 non
1679 883 1835 970 legitimo.
1872 883 1927 948 Ex
1944 893 2080 969 utroque

423 998 509 1062 enim
534 996 685 1081 coniugio
709 995 813 1058 sancti
837 1002 1046 1079 generantur.
2098 1001 2110 1039 ⁵

530 1101 692 1168 Camale⁸
706 1101 826 1187 quippe
840 1099 1028 1184 coniugium
1044 1096 1133 1162 aliud
1148 1096 1339 1184 legitimum,
1356 1096 1445 1162 aliud
1460 1119 1525 1162 non
1537 1096 1727 1184 legitimum,
1741 1098 1797 1162 et*
1812 1095 2000 1184 legitimum
2016 1098 2082 1183 qui·

424 1211 499 1276 dem
516 1221 574 1292 est,
592 1207 680 1295 quod
696 1206 876 1272 secundum
893 1204 998 1291 legem
1015 1203 1213 1291 descriptam
1231 1201 1318 1292 [ab]¹²
1330 1202 1515 1269 hominibus
1531 1206 1710 1269 institutum
1726 1215 1785 1270 est.
1809 1204 1887 1269 Non
1903 1203 2083 1289 legitimum

425 1339 514 1398 vero,
528 1315 616 1403 quod
630 1315 667 1379 iit
681 1323 794 1379 contra
809 1313 891 1398 legis
904 1312 1166 1398 descriptionem,
1180 1311 1318 1376 etiamsi
1333 1311 1371 1374 iit
1386 1309 1565 1376 secundum
1581 1310 1688 1397 legem
1702 1321 1829 1398 nature.
1852 1311 1909 1375 De
1925 1311 1988 1375 hoc
2001 1321 2084 1374 utro·

426 1445 490 1511 que
508 1422 660 1507 coningio
674 1431 871 1506 generantur
885 1420 999 1502 sancti,
1015 1439 1080 1483 non
1096 1428 1206 1483 tamen
1219 1416 1396 1483 secundum
1410 1416 1499 1504 leges
1512 1416 1688 1498 hominum,
1705 1416 1763 1482 sed
1779 1417 1965 1482 secundum
1980 1415 2085 1502 legem

425 1540 551 1618 nature.
582 1529 655 1593 Lex
675 1538 824 1614 nanque⁰
841 1537 956 1614 nature
975 1527 1103 1613 utrique
1120 1526 1272 1611 coniugio
1289 1525 1395 1589 inesse
1412 1526 1566 1606 cernitur,
1582 1525 1660 1612 qnia
1679 1525 1712 1590 in
1728 1533 1867 1611 utroque
1885 1524 1977 1610 quod
1994 1547 2084 1588 suum
2103 1531 2125 1570 ¹⁰

316 1663 407 1714 -arm
428 1642 491 1702 ‘est
507 1646 668 1723 operatur,
682 1633 821 1699 eundem
839 1657 881 1698 ex
897 1643 1034 1720 utroque
1050 1633 1190 1697 fructum
1206 1632 1341 1714 faciens,
1357 1654 1422 1719 quo
1437 1631 1584 1696 homines
1601 1641 1752 1696 crescunt
1767 1641 1801 1696 et
1816 1630 2085 1718 multiplicantur,

279 1771 407 1818 cennas.
427 1742 515 1831 quod
539 1752 588 1806 est
610 1764 727 1806 munus
751 1751 783 1804 et
806 1741 952 1826 operatio
976 1738 1087 1828 divine
1110 1736 1349 1804 benedictionis
1366 1761 1431 1825 qua
1454 1737 1589 1803 dicitur:
1613 1738 1748 1805 Oreacitc
1770 1753 1800 1805 et
1821 1741 2090 1827 multiplicamini

428 1865 456 1916 et
476 1851 592 1936 replete
615 1863 740 1913 terram.
777 1846 855 1912 Sine
879 1846 941 1911 hac
964 1847 1065 1932 igitur
1078 1843 1319 1929 benedictione,
1340 1868 1403 1934 quc
1420 1857 1470 1910 est
1492 1866 1619 1910 summa
1640 1845 1696 1910 lex
1718 1855 1845 1934 natine,
1870 1845 1963 1909 nulla
1986 1845 2086 1910 homi-

428 1979 504 2020 num
528 1955 695 2042 generatio
721 1955 790 2018 sive
814 1952 1049 2040 multiplicatio.
1088 1951 1142 2016 Ex
1166 1975 1229 2039 quo
1252 1951 1460 2017 manifestum
1484 1963 1543 2035 est,
1567 1953 1645 2040 quia
1668 1953 1772 2017 omnis
1795 1953 1967 2017 hominum
1991 1973 2087 2038 gene-

428 2062 511 2126 ratio
535 2063 604 2126 sive
628 2059 853 2146 multiplicatio
877 2058 1023 2144 legitima
1045 2070 1096 2123 est
1119 2081 1178 2145 per
1199 2069 1349 2124 naturam
1373 2069 1405 2124 et
1428 2057 1602 2125 benedicta
1617 2081 1637 2123 a
1653 2057 1807 2124 Domino.
1847 2059 1935 2123 Nam
1961 2069 1996 2124 et
2019 2060 2087 2146 ipse
2107 2099 2128 2138 ,5

429 2169 590 2233 Dominus
614 2179 646 2232 et
670 2166 818 2232 conditor
840 2177 957 2253 nature
981 2165 1202 2252 dispositionis
1226 2187 1283 2254 sue
1306 2165 1378 2253 lege
1402 2164 1659 2232 incommutabili
1682 2189 1742 2254 per
1762 2167 1960 2254 sapientiam
1985 2189 2087 2246 suam,

429 2299 493 2364 que
517 2285 566 2339 est
588 2274 643 2339 lex
668 2275 811 2339 omnium
834 2273 941 2359 legum
966 2295 1157 2360 summaque
1181 2273 1321 2356 iusticia,
1344 2297 1411 2339 nna
1434 2272 1614 2361 eademque
1637 2274 1762 2339 ratione
1790 2273 1825 2338 in
1848 2284 1990 2361 utroque
2015 2296 2087 2338 con-

429 2383 519 2468 iugio
544 2391 634 2446 creat
656 2381 803 2445 homines
827 2380 870 2445 ad
892 2381 1069 2466 imaginem
1093 2389 1126 2445 et
1148 2378 1390 2444 similitudinem
1408 2403 1510 2461 suam,
1527 2402 1570 2444 ex
1586 2379 1704 2468 quibus
1720 2391 1754 2446 et
1767 2381 1932 2468 presentis
1950 2379 2088 2471 ecclesie

431 2487 558 2554 soboles
582 2487 823 2574 multiplicatur,
849 2497 881 2550 et
905 2486 1033 2574 celestis
1056 2486 1234 2552 Ierusalem
1257 2496 1413 2574 tanquam
1441 2486 1482 2550 de
1505 2487 1591 2551 vivis
1614 2486 1779 2574 lapidibus
1803 2487 1925 2554 cotidie
1949 2487 2088 2552 fabrica-

431 2607 492 2660 tur.
539 2595 613 2658 Non
638 2605 745 2658 tamen
769 2593 840 2658 illos
865 2603 955 2658 creat
978 2593 1019 2658 de
1044 2592 1243 2680 turpitudine
1266 2593 1429 2676 vitiorum,
1455 2583 1578 2658 sedda
1602 2593 1802 2660 fecunditate
1827 2595 2002 2676 seminum,
2027 2618 2088 2658 non
2105 2633 2129 2670 a·

432 2701 473 2766 de
497 2701 712 2787 conuptionis
742 2699 886 2782 feditate,
918 2700 977 2765 sed
1007 2699 1047 2764 de
1072 2699 1219 2764 seminali
1248 2698 1334 2765 bono
1357 2711 1484 2790 nature,
1509 2700 1598 2788 quod
1620 2723 1698 2765 vere
1721 2701 1903 2788 legitimum
1928 2715 1989 2784 est,
2014 2703 2088 2788 quia

434 2807 546 2872 divina
569 2808 661 2888 ratio,
686 2829 749 2894 que
774 2817 823 2871 est
846 2805 994 2871 summa‘¹
1016 2805 1081 2888 lex,
1106 2817 1139 2870 et
1161 2807 1211 2870 vis
1235 2808 1427 2892 generativa
1456 2809 1491 2872 in
1514 2830 1553 2873 eo
1576 2807 1688 2872 ¹manet
1714 2807 1990 2895 inseparabiliter.
2038 2809 2087 2872 De

433 2915 494 2979 hoe
518 2915 628 3000 itaque
653 2911 738 2977 bono
761 2912 905 2999 legitimo
935 2922 1025 2977 creat
1047 2912 1139 2977 Deus
1167 2913 1314 2978 homines
1342 2913 1486 3000 legitime
1516 2915 1551 2979 in
1580 2937 1647 2980 non
1675 2913 1844 3001 legitimo⁰
1869 2918 1984 2980 ‘etiam
2015 2939 2087 2981 con·

433 3023 532 3108 iugis.
572 3020 675 3101 Deus,
699 3021 842 3107 inquam,
867 3031 966 3104 creat,
991 3042 1055 3084 non
1079 3030 1241 3106 parentes.
1280 3021 1460 3086 Parentes‘
1484 3023 1605 3109 quippe
1628 3045 1695 3087 non
1718 3032 1793 3087 sunt
1815 3034 1968 3087 auctores
1992 3045 2086 3109 genc-

435 3129 570 3192 rationis
594 3126 743 3209 tiliorum,
768 3125 827 3191 sed
850 3127 988 3190 ministri
1001 3131 1020 3190 ¹.
1061 3126 1097 3192 si
1120 3125 1287 3212 legitime⁸
1309 3128 1503 3212 ministrant,
1528 3150 1622 3194 sunm
1637 3127 1759 3194 bonum
1775 3139 1835 3212 est,
1858 3152 1925 3193 non
1939 3129 2087 3193 filiorum.
2105 3164 2128 3202 a

436 3235 472 3300 Si
494 3257 560 3298 non
582 3233 760 3320 legitimel,
791 3255 884 3297 suum
908 3232 1028 3297 malum
1053 3242 1112 3316 est,
1144 3256 1208 3298 non
1238 3233 1386 3299 liliorum.
1433 3235 1526 3299 Deus
1549 3257 1628 3299 vcro
1651 3245 1766 3301 auctor
1789 3245 1839 3300 est
1861 3246 1896 3301 et
1919 3235 2085 3300 condit0r¹

436 3340 585 3424 filiorum,
609 3341 665 3428 qui
690 3339 731 3404 de
754 3339 943 3427 parentibus
973 3350 1122 3405 naturam
1153 3341 1284 3426 accipit,
1314 3362 1380 3405 non
1410 3351 1591 3428 peccatum,
1620 3342 1711 3408 cuius
1735 3364 1837 3429 opera
1860 3343 1971 3407 omnia
1994 3340 2088 3405 valde

437 3447 524 3513 bona
540 3459 624 3530 sunt,
649 3449 705 3535 qui
722 3449 820 3512 etiam
835 3447 923 3511 noni
938 3446 1083 3532 legitimo
1100 3448 1279 3511 ministerio
1298 3459 1469 3534 parentum
1492 3447 1656 3534 legitime¹
1678 3447 1832 3538 [utitur]m
1847 3449 1883 3512 in
1904 3447 2088 3514 conditione

437 3553 587 3620 filiorum.
622 3554 805 3640 Legitima¹¹
823 3555 924 3640 igitur
942 3565 974 3618 et
990 3553 1077 3619 bona
1092 3564 1142 3618 est
1160 3555 1250 3640 origo
1270 3553 1410 3644 humane
1430 3554 1625 3619 conditionis
1648 3564 1782 3642 propter
1803 3554 1985 3642 legitimum
2009 3579 2089 3643 opus

436 3672 469 3725 et
496 3659 675 3725 bonitatem
707 3659 893 3725 conditoris.
939 3659 1064 3725 Verum
1094 3661 1121 3724 si
1152 3659 1230 3748 quid
1261 3663 1463 3746 contagionis
1498 3662 1584 3726 inest
1612 3661 1815 3748 generationi
1850 3663 2016 3728 hominum
2048 3687 2089 3728 ex
2107 3697 2132 3737 30

435 3777 572 3853 peccato
581 3777 605 3850 ⁰,
630 3765 664 3830 id
688 3789 857 3832 commune
882 3777 931 3830 est
955 3777 987 3831 et
1009 3769 1195 3854 generatis?
1219 3789 1262 3831 ex
1285 3767 1429 3853 legitimo
1454 3769 1616 3854 coniugio,
1641 3778 1674 3833 et
1697 3770 1743 3833 eis
1760 3768 1816 3856 qui
1833 3783 2033 3855 generantur
2048 3793 2091 3834 ex

436 3895 502 3938 non
528 3873 684 3958 legitime.
731 3872 870 3959 Utrique
901 3875 1021 3938 etenim
1052 3873 1211 3964 equaliter
1239 3886 1387 3962 pereunt,
1418 3875 1446 3940 si
1473 3898 1539 3940 non
1562 3876 1608 3939 eis
1632 3874 1729 3940 fuerit
1752 3877 1839 3940 sacri
1861 3875 2018 3963 baptismi
2041 3900 2089 3941 re-

437 3978 544 4044 medio
575 3979 708 4044 salutari
739 3978 943 4044 subventum.
989 3980 1060 4045 Nec
1089 3979 1204 4046 leviori
1235 3981 1456 4068 dampnationi
1481 3980 1678 4068 deputantur
1700 4004 1744 4047 ex
1767 3981 1913 4070 legitimo
1938 3985 2090 4067 coniugio

437 4086 517 4151 editi
525 4097 549 4168 ³³,
573 4109 635 4150 nec
659 4087 802 4170 graviori
826 4109 869 4151 ex
891 4109 957 4152 non
980 4087 1124 4174 legitimo
1144 4089 1317 4175 procreati.
1352 4087 1511 4177 Equalem
1529 4089 1615 4152 enim
1639 4090 1832 4154 sententiam
1850 4085 2090 4176 dampnationis

257 4184 418 4287 θωοζξζζῗζζ
438 4194 615 4279 excipiunt,
633 4194 725 4278 *quia
749 4193 908 4282 equaliter
930 4195 964 4257 in
980 4193 1087 4258 Adam
1111 4205 1341 4282 peccaverunt.
1378 4195 1541 4276 Quoniam
1557 4193 1690 4282 quidem
1712 4218 1774 4261 nec
1797 4195 1845 4260 illi
1868 4195 1910 4260 de
1934 4197 2090 4281 legitimo,
2110 4229 2135 4270 ³5

436 4322 498 4363 nec
515 4300 575 4362 isti
599 4299 639 4364 de
664 4321 729 4363 non
751 4299 895 4386 legitimo
921 4299 1139 4387 dampnantur
1162 4301 1323 4387 coniugio.
1364 4301 1399 4366 Si
1423 4301 1501 4387 quid
1525 4302 1612 4366 enim
1628 4301 1681 4366 vel
1703 4300 1783 4367 boni
1806 4301 1860 4366 vel
1883 4303 1960 4366 mali
1986 4305 2091 4366 estin

566 4495 594 4578 ⁶)
621 4505 659 4558 Et
682 4533 727 4542 -
749 4522 805 4560 non
828 4511 963 4575 parentes
987 4511 1003 4561 l.
1025 4511 1067 4560 24.
1088 4527 1136 4560 om.
1156 4509 1181 4560 Β
1200 4512 1299 4577 perpit:
1326 4515 1356 4563 et
1383 4507 1435 4562 hoc
1463 4508 1617 4562 secundum
1648 4507 1728 4580 leges
1751 4507 1901 4563 hominnm.
1949 4509 2022 4563 Nam
2046 4527 2092 4562 se-

622 4613 744 4666 cundum
773 4611 867 4682 legem
896 4619 998 4686 nature
1025 4613 1140 4669 videtur
1169 4612 1261 4668 aliter.
1296 4613 1358 4669 Lex
1382 4614 1455 4669 enim
1478 4620 1580 4690 nature
1604 4614 1632 4668 in
1655 4621 1777 4685 utroque
1801 4633 1880 4669 sunm
1905 4616 2005 4687 explet
2028 4615 2093 4670 offi-

621 4719 692 4772 cium
709 4719 888 4788 eundemque
905 4719 1036 4789 producit
1059 4719 1191 4787 fructum,
1215 4720 1297 4775 immo
1313 4720 1403 4788 Deus,
1427 4728 1529 4799 nature
1546 4722 1684 4789 conditor,
1710 4721 1810 4777 cadem
1833 4721 1899 4794 lege
1924 4723 1953 4776 in
1969 4729 2093 4794 utroque

622 4825 751 4895 coniugio
770 4824 872 4879 format
896 4824 1021 4880 homines
1045 4826 1080 4880 ad
1104 4826 1253 4897 imaginem
1277 4833 1307 4881 et
1330 4827 1540 4883 similitudinem
1563 4846 1651 4894 suam,
1676 4845 1732 4883 non
1748 4835 1844 4884 tamen
1860 4829 1895 4883 de
1913 4829 2094 4900 turpitudine
2112 4853 2138 4891 m

621 4931 760 4998 vitiorum,
785 4933 836 4986 sed
859 4933 896 4985 de
921 4931 1118 5009 seconditatcc
1142 4933 1289 5002 seminum,
1319 4952 1375 4989 non
1398 4934 1434 4989 de
1459 4935 1645 5005 corruptionis
1668 4935 1802 5012 feditate,
1828 4937 1879 4991 sed
1904 4937 1941 4990 de
1965 4937 2095 4992 seminali

621 5039 694 5092 bono
717 5046 830 5115 nature.

546 5207 573 5270 a)
595 5210 747 5275 incipiatur
766 5227 831 5275 ergo
852 5228 868 5261 a
887 5213 1027 5277 coniugio.
1061 5211 1175 5263 Camala
1195 5215 1355 5280 coniugium
1380 5222 1423 5263 etc.
1443 5214 1476 5264 B.
1549 5213 1577 5276 b)
1598 5216 1720 5281 supplevi.
1793 5214 1819 5279 c)
1839 5217 1874 5266 sic
1893 5218 1926 5266 Α.
2002 5215 2031 5278 d)
2053 5226 2097 5268 est

439 5297 552 5348 merdosa
569 5298 629 5348 add.
651 5300 684 5348 A.
766 5296 792 5361 c)
814 5306 891 5350 creat
909 5325 943 5336 —
964 5301 1086 5366 legitimo
1111 5301 1147 5350 tia
1164 5302 1250 5367 script.
1269 5303 1302 5352 A.
1388 5301 1408 5364 l)
1430 5304 1561 5355 Parentes
1582 5330 1615 5339 -
1636 5306 1793 5356 conditione
1812 5305 1848 5355 til.
1874 5307 1890 5356 l.
1904 5307 1948 5356 29.
1966 5307 1995 5357 iu
2015 5325 2096 5372 toury.

438 5387 565 5452 asperiore
588 5387 649 5437 adet.
662 5387 695 5437 B.
767 5387 796 5453 g)
818 5389 888 5439 bene
907 5389 940 5440 Β.
994 5388 1023 5451 h)
1045 5389 1115 5440 male
1135 5390 1168 5440 B.
1240 5389 1261 5453 i)
1284 5391 1456 5442 conditorum
1475 5392 1508 5442 B.
1579 5389 1608 5455 k)
1631 5411 1685 5444 non
1705 5419 1738 5428 -
1759 5393 1879 5460 legitime
1898 5397 1973 5445 ΗΒ.
1992 5397 2098 5452 οπι.Β,·
2116 5411 2142 5449 ta

435 5476 533 5541 perpit:
554 5476 626 5526 malo
645 5485 787 5542 parentum
807 5478 876 5527 benc
896 5480 989 5528 utitur.
1063 5477 1081 5538 l)
1104 5478 1226 5544 legitima
1250 5497 1314 5530 carr.
1334 5479 1454 5545 legitime
1476 5483 1509 5531 A.
1588 5479 1624 5545 m)
1645 5483 1766 5547 supplevi.
1839 5481 1867 5545 n)
1890 5483 1956 5548 Lag.
1976 5510 2012 5519 —
2032 5502 2099 5536 con·

441 5565 536 5615 ditaris
556 5566 629 5615 i.30.
647 5583 694 5616 om.
714 5565 747 5616 B.
821 5567 848 5626 o)
870 5573 981 5632 pectato
1001 5567 1041 5628 113
1061 5583 1137 5632 pecc.
1157 5567 1190 5619 B.
1262 5565 1291 5634 p)
1312 5569 1347 5619 sic
1365 5569 1404 5632 B;
1423 5572 1608 5635 generationis
1629 5571 1662 5620 Α.
1736 5570 1764 5636 q)
1785 5572 1852 5643 editi
1871 5571 1904 5622 B.

551 5727 580 5796 1)
607 5727 655 5798 Cf.
679 5748 770 5803 aupra
790 5748 820 5804 p.
840 5729 912 5799 647,
938 5731 956 5786 l.
975 5729 1025 5800 40,
1050 5730 1097 5786 uti
1118 5732 1215 5788 eadem
1238 5732 1333 5789 cerba.
