4418 6412
479 343 543 407 406
769 349 949 407 GERHOHI
972 349 1205 406 PRAEPOSITI
1228 348 1635 406 RElCHERSBEBGENSlS
1658 350 1826 406 LIBELLI.

478 535 597 602 stribus
627 537 668 602 de
699 537 890 602 scismaticis
922 535 1001 602 dicit
1030 537 1115 602 inter
1142 540 1289 601 ceteralz
1320 535 1467 624 Idipsmu
1494 551 1547 616 cet,
1572 552 1706 624 propter
1739 539 1825 624 quod
1849 540 2028 604 scismatici
2050 555 2123 620 suut,

373 667 458 709 nass.
478 644 563 730 quod
584 669 635 710 eos
657 659 765 710 contra
787 644 876 710 sedes
902 644 1092 730 apostolicos
1114 658 1224 708 temere
1247 643 1403 708 modernos
1427 646 1577 730 'pessima
1602 645 1714 709 divisit
1736 647 1854 731 opinio.
1905 644 2001 722 Quod
2016 647 2125 710 semma

476 753 657 838 speccialiter
679 775 743 816 esse
767 750 930 816 &nuntiat
952 752 1057 815 decors
1072 749 1268 838 Aspusts'nus
1287 749 1412 815 diceas:
1435 749 1609 815 ‘Adversus
1624 753 1838 816 auctoritatem
1862 751 1996 816 illorum
2017 754 2127 816 aeccle-

475 860 608 938 ss‘aram,
635 882 716 944 quoe
745 859 935 946 apostolicos
966 856 1055 922 sedes
1084 869 1113 922 ct
1140 857 1290 942 epistolis
1318 858 1461 942 coemere
1491 872 1677 938 meruerunt,
1706 871 1817 923 teme-re
1848 857 2007 924 credendo
2031 861 2127 922 ianic-

476 967 641 1030 aissimum
669 966 787 1029 crimen
817 965 974 1030 scisowtsir
1003 989 1023 1028 α
1053 988 1086 1028 sc
1116 965 1313 1028 commissum
1336 965 1531 1050 propulsare
1560 989 1621 1029 non
1644 965 1840 1051 potuerunt&
1887 963 1974 1028 Item
1996 963 2040 1028 ad
2062 986 2152 1036 eos-s

476 1069 588 1136 dem²t
612 1071 686 1135 Noa
709 1085 810 1136 autem
834 1072 922 1138 vobis
944 1095 1025 1135 nunc
1048 1071 1108 1134 itta
1132 1072 1250 1155 questio
1273 1085 1326 1150 eat,
1349 1083 1453 1136 utrum
1476 1071 1609 1136 tolerare
1631 1073 1742 1151 motos,
1765 1071 1823 1138 scd
1844 1086 1949 1136 caum
1967 1071 2126 1136 debeamus

475 1179 663 1243 assenarica
685 1179 814 1242 sociari.
862 1176 928 1242 Sed
948 1179 1025 1262 quob
1048 1201 1080 1241 se
1103 1177 1142 1242 ab
1167 1178 1345 1242 unofeersati
1364 1178 1516 1242 aecclesia
1540 1177 1725 1258 diviserunt,
1748 1193 1782 1243 nt
1804 1180 1911 1244 hecata
1933 1178 2124 1267 Auyustinue

475 1286 532 1364 ait,
556 1286 657 1350 caenis
679 1284 850 1350 cadtolious
872 1307 1000 1350 secum
1022 1308 1088 1348 cam
1101 1297 1226 1370 partem
1243 1283 1418 1364 detestatur,
1442 1287 1498 1348 cui
1518 1285 1726 1350 cretea-satem
1745 1287 1930 1350 aecclesiam
1948 1287 2124 1372 apostolicis

475 1390 602 1456 sedibus
624 1392 803 1455 roboratam
825 1415 888 1454 non
911 1392 1139 1456 commonicare
1162 1393 1326 1476 copricae-it.

582 1495 677 1560 Hoc·
700 1517 751 1559 me
775 1494 893 1582 pusillo
917 1496 1001 1559 inter
1016 1495 1154 1560 disertos
1178 1505 1322 1560 oratores
1345 1507 1546 1583 proponente
1563 1498 1724 1584 quesitum
1740 1507 1789 1562 est
1813 1519 1832 1562 a
1854 1519 1918 1580 me,
1944 1519 2028 1584 quas
2044 1497 2122 1562 dice·
2137 1527 2154 1564 u

475 1625 544 1666 rem
568 1601 662 1667 sedes
686 1601 882 1688 apostolicas
906 1611 939 1666 et
962 1624 1023 1688 ego
1048 1624 1090 1667 ex
1114 1600 1224 1666 verbis
1247 1601 1477 1689 Augustinus
1499 1603 1669 1691 respondi:
1695 1602 1912 1690 ‘Apostolioas
1937 1602 2036 1668 sedes
2059 1603 2124 1668 illas

475 1708 623 1791 dicimus,
649 1731 733 1796 quae
757 1707 952 1796 apostolicas
976 1707 1070 1773 sedes
1094 1719 1126 1772 et
1149 1707 1301 1798 epistolas
1325 1709 1472 1796 recipere
1495 1719 1692 1774 meruerunt.
1727 1709 1817 1775 Inter
1833 1732 1914 1798 quas
1938 1711 2123 1797 principalis

476 1823 525 1880 θεῖ
548 1816 696 1880 Romana
719 1814 889 1896 aecclesia,
919 1816 954 1878 in
978 1837 1042 1902 qua
1065 1815 1149 1880 sedit
1172 1825 1204 1880 et
1227 1837 1342 1902 passus
1366 1825 1415 1880 cst
1441 1815 1557 1880 beatus
1579 1817 1696 1880 Petrus
1726 1817 1878 1904 prinecps
1909 1816 2124 1904 apostolorum

476 1944 638 2009 quamque
663 1945 722 1986 sua
739 1921 913 2009 principali
929 1920 1065 2008 epistola
1084 1920 1261 1986 illustravit
1276 1922 1396 1987 Paulus
1413 1922 1587 2010 apostolus,
1611 1921 1787 1988 Antiochia
1810 1926 1908 1988 etiam
1932 1924 2030 1988 sedes
2054 1947 2124 2010 apo·

477 2027 591 2094 stolica
614 2039 673 2109 est,
699 2029 733 2092 in
756 2051 822 2115 qua
844 2030 922 2092 item
946 2027 1030 2092 sedit
1051 2027 1168 2092 Petrus
1192 2028 1367 2115 apostolus,
1391 2028 1433 2094 ad
1457 2051 1555 2116 quarn
1579 2031 1687 2112 etiam,
1719 2031 1802 2095 sicut
1831 2032 1865 2094 in
1888 2029 2030 2096 Actibus
2054 2054 2124 2117 apo·
2140 2055 2160 2095 rs

323 2158 457 2210 aaran.
477 2134 630 2200 stolorum
653 2135 781 2220 legitur,
806 2135 905 2198 missa
929 2144 978 2199 est
1002 2133 1139 2220 epistola
1161 2135 1298 2220 insignis
1322 2134 1362 2200 de
1386 2157 1484 2201 onere
1508 2135 1589 2222 legis
1612 2136 1780 2223 Moysaice
1804 2136 1999 2202 amovendo.
2046 2135 2124 2202 Aec-

477 2241 609 2306 clesiam
625 2263 755 2328 quoquo
771 2239 1072 2320 lerosolimitanam,
1096 2241 1130 2305 in
1147 2263 1212 2328 qua
1235 2241 1320 2307 sedit
1341 2241 1481 2306 Iacobus
1505 2242 1668 2329 apostolus
1693 2253 1725 2308 et
1748 2265 1848 2329 quam
1870 2245 1937 2308 suis
1962 2243 2124 2331 epistolise

477 2347 719 2413 illustraverunt
742 2349 812 2434 ipse
836 2346 975 2412 Iacobus
1000 2357 1032 2411 et
1054 2347 1182 2412 Petrus·
1195 2357 1227 2412 et
1249 2347 1370 2414 Paulus
1394 2347 1437 2412 ad
1460 2347 1618 2430 Hebreos,
1643 2359 1731 2414 recte
1755 2349 1893 2414 dicimus
1916 2349 2126 2438 apostolicam

477 2453 588 2520 sedem
611 2463 757 2541 tempore
782 2456 929 2541 primam,
958 2452 1016 2518 scd
1040 2452 1152 2518 ordine
1177 2454 1311 2518 terciam
1334 2456 1419 2522 inter
1443 2454 1537 2520 sedes
1561 2455 1766 2542 apostolicas,
1791 2477 1875 2542 quae
1899 2467 1966 2520 tres
1990 2465 2126 2520 tantum-

476 2559 572 2625 modo
599 2571 682 2626 sunt.
729 2561 813 2626 Nam
844 2571 953 2626 cetere
984 2559 1078 2624 sedes
1108 2560 1184 2625 licet
1213 2561 1457 2648 patriarchales,
1482 2572 1518 2626 ut
1539 2561 1741 2626 Alexandria
1765 2574 1797 2627 et
1820 2561 2127 2648 Constantinopolis,
2143 2587 2166 2626 a

476 2689 542 2732 non
564 2677 639 2732 sunt
662 2667 756 2732 sedes
780 2666 988 2754 apostolicae,
1013 2669 1091 2755 quis
1113 2690 1175 2732 neo
1198 2668 1295 2732 ineis
1319 2667 1436 2755 aliquis
1459 2668 1624 2756 apostolus
1647 2669 1751 2734 tenuit
1774 2669 1896 2749 sedem,
1920 2691 1983 2733 nec
2006 2667 2050 2733 ab
2074 2668 2127 2732 ali·

477 2797 541 2861 quo
565 2773 783 2861 apostolorum
807 2773 959 2860 epistolas
983 2783 1189 2860 aeceperunt.
1235 2773 1423 2839 Aeeelesias
1447 2797 1575 2864 quoque
1599 2774 1681 2857 illas,
1706 2797 1791 2862 quae
1815 2776 2012 2862 apostolicas
2037 2797 2128 2840 acee-

477 2883 594 2966 perunt
623 2879 807 2966 epistolasd,
835 2890 871 2944 ut
895 2878 1145 2962 Corinthiorum,
1176 2881 1445 2968 Philippensium,
1471 2881 1703 2964 Colosensium,
1731 2882 1936 2965 Eilesiorum,
1967 2884 2046 2969 quia
2075 2905 2127 2946 eas

477 2985 614 3073 apostoli
636 3008 702 3050 non
725 3009 784 3072 per
807 3009 852 3068 se,
884 2985 942 3052 scd
968 3009 1028 3073 per
1051 2987 1222 3074 episcopos
1252 2998 1416 3070 rexerunt,
1447 2986 1644 3076 apostolicae
1675 2988 1769 3054 sedes
1796 2988 1862 3054 dici
1893 3011 1958 3054 non
1981 3002 2126 3076 possunt,

476 3101 573 3180 atque
597 3092 671 3158 ideo
690 3094 846 3180 precipue
870 3094 903 3157 in
926 3092 989 3157 illis
1012 3092 1126 3175 tribus,
1151 3115 1232 3180 quas
1256 3094 1454 3159 ostendimus
1478 3094 1682 3183 apostolicas,
1706 3096 1838 3161 unitatis
1862 3095 2127 3160 aecclesiasticae
2144 3121 2168 3160 rs

366 3226 395 3265 ο.
443 3226 457 3266 ⁶.
477 3201 623 3264 consistit
647 3201 846 3282 'auctoritas
869 3201 916 3265 ita
938 3211 983 3279 ut,
1007 3200 1193 3287 quicunque
1216 3223 1251 3265 se
1275 3199 1317 3265 ab
1340 3200 1403 3265 illis
1423 3200 1581 3286 diviserit,
1603 3223 1668 3266 non
1692 3203 1726 3266 iu
1742 3202 1892 3284 ecclesia,
1916 3201 1976 3267 sed
1999 3203 2035 3266 in
2051 3205 2126 3267 scis-

476 3316 562 3370 mate
593 3307 643 3370 sit.
689 3306 790 3371 Porro
821 3307 848 3370 si
871 3306 1032 3371 aecclesia
1055 3307 1203 3372 Romana
1231 3307 1265 3370 in
1293 3330 1327 3372 se
1358 3309 1431 3394 ipsa
1458 3308 1565 3376 divisa
1591 3309 1698 3390 hierit,
1726 3319 1762 3373 ut
1791 3310 1824 3373 in
1848 3310 2002 3374 scismate
2027 3332 2126 3396 quon·

476 3412 551 3477 dam
585 3412 705 3478 Novati
735 3423 768 3477 ot
797 3414 982 3499 nuperrime
1016 3414 1050 3477 in
1081 3414 1231 3478 scismate
1266 3414 1356 3478 Petri
1390 3415 1510 3479 Leonis
1541 3415 1673 3497 eccidit,
1703 3415 1759 3479 illa
1793 3416 1905 3502 utique
1939 3438 2017 3502 pars
2053 3438 2126 3481 con-

475 3518 674 3607 tempnenda
703 3529 766 3601 est,
791 3519 843 3584 cui
874 3543 893 3583 a
923 3519 1056 3607 reliquis
1088 3519 1219 3584 sedibus
1249 3519 1435 3607 apostolicis
1465 3543 1531 3586 non
1554 3523 1755 3586 consentitur
1778 3543 1838 3586 nec
1862 3521 2024 3587 obeditur.
2073 3524 2125 3589 Sic

474 3627 679 3691 meminimus
703 3648 774 3690 csse
798 3625 919 3691 factum
943 3627 977 3690 in
1001 3625 1116 3691 diebus
1140 3628 1268 3709 nostris,
1293 3626 1423 3714 quando
1446 3628 1563 3692 Petrus
1585 3627 1716 3709 Leonis,
1741 3627 1846 3693 dictus
1861 3627 2054 3710 Anaoletus,
2079 3639 2127 3694 est
2144 3655 2168 3694 so

475 3732 517 3797 ab
541 3731 702 3797 aecclesia
724 3733 888 3818 proiectus
913 3741 945 3796 et
967 3755 1055 3820 papa
1069 3732 1278 3798 Innocentius
1302 3743 1452 3820 receptus
1476 3735 1524 3798 rei
1547 3735 1684 3800 veritate
1709 3745 1875 3822 comperta
1899 3734 1940 3800 de
1965 3758 2126 3801 consensu

474 3838 724 3927 apostolicarum
741 3838 867 3903 sedium
883 3840 1217 3904 transmarinarurn'4.
1264 3841 1486 3926 Prosequente
1506 3863 1558 3905 me
1573 3839 1652 3905 talia
1675 3852 1788 3906 contra
1809 3842 1972 3906 inminens
1997 3843 2125 3924 scisma,

475 3947 663 4032 supervenit
687 3945 819 4032 quidam
850 3943 951 4010 abbas
982 3944 1024 4010 ab
1048 3945 1195 4010 orientali
1227 3945 1397 4028 aeeclesia,
1426 3956 1462 4011 ut
1490 3949 1544 4030 ait,
1575 3947 1692 4012 missus
1722 3948 1756 4012 in
1778 3947 1952 4013 Franciam
1984 3947 2124 4013 natalem

473 4053 613 4139 patriam
637 4074 739 4134 suam,
760 4053 816 4138 qui
840 4053 1000 4116 transiens
1023 4073 1083 4138 per
1099 4051 1262 4134 Greciam,
1279 4052 1459 4139 Ungariam
1476 4064 1508 4118 et
1525 4051 1735 4119 Germaniam
1753 4053 1836 4118 dixit
1858 4053 1967 4118 multis
1991 4065 2024 4120 et
2047 4054 2126 4119 mihi

475 4181 604 4246 quoque
629 4181 683 4224 ore
707 4159 750 4222 ad
766 4181 801 4223 os
823 4158 950 4224 locutus
967 4169 1025 4241 est,
1042 4158 1214 4224 ecclesiam
1231 4159 1430 4241 orientalem,
1453 4160 1488 4224 in
1504 4182 1569 4247 qua
1589 4159 1673 4224 duae
1697 4170 1772 4225 sunt
1795 4160 1889 4225 sedes
1914 4161 2124 4248 apostolicae,
2143 4186 2168 4226 ss

474 4288 590 4352 pacem
614 4276 646 4330 et
668 4266 825 4330 unitatem
849 4266 895 4329 sic
919 4263 1051 4348 habere,
1075 4276 1110 4329 ut
1133 4275 1282 4329 neutrum
1305 4287 1424 4351 papam
1451 4277 1592 4352 respuat,
1617 4289 1815 4354 quamquam
1838 4267 1910 4354 plus
1933 4267 2046 4332 faveat
2069 4268 2124 4348 illi,

474 4395 572 4458 quem
587 4381 781 4459 receperunt
795 4371 1021 4457 Franoigenae
1045 4374 1095 4436 sui
1111 4372 1341 4457 conpatriotae.
1378 4370 1433 4436 Sic
1448 4374 1596 4437 variante
1621 4395 1655 4437 se
1679 4373 1766 4440 fama
1788 4375 2011 4438 necessarium
2028 4386 2124 4454 esset,

475 4489 510 4543 ut
533 4501 553 4543 a
576 4477 702 4544 duobus
726 4478 919 4564 patriarchis
951 4478 1201 4565 apostolicarum
1230 4477 1355 4543 sedium
1384 4478 1542 4544 certitudo
1572 4478 1795 4546 indubitabilis
1818 4481 1955 4560 veniret,
1981 4503 2046 4568 qua
2070 4480 2124 4546 ob-

475 4594 652 4650 strueretur
668 4608 703 4649 os
718 4584 920 4672 loquentium
935 4607 1021 4650 vane
1044 4595 1077 4648 et
1098 4585 1219 4667 inania,
1244 4583 1418 4671 dequibus
1443 4597 1573 4650 nonest
1594 4585 1691 4651 modo
1715 4585 1888 4654 dicendum
1913 4609 1973 4674 per
1996 4587 2124 4674 singula

474 4689 568 4758 vobis
591 4692 805 4779 potissimum,
830 4693 884 4779 qui
908 4691 1005 4778 longe
1027 4691 1142 4755 melius
1165 4713 1217 4756 me
1236 4693 1347 4774 nostis,
1372 4715 1468 4778 quarn
1494 4693 1534 4757 sit
1549 4693 1628 4758 utile
1645 4693 1809 4780 propalari
1824 4694 1996 4760 veritatem
2012 4705 2124 4759 contra
2142 4720 2166 4758 ro

474 4797 646 4863 mendacia
674 4798 770 4884 longe
800 4798 930 4885 latoque
960 4798 1179 4877 disseminata,
1207 4820 1290 4884 quae
1320 4797 1397 4862 licet
1428 4797 1521 4863 nobis
1552 4801 1586 4862 in
1616 4799 1803 4868 obedientia
1833 4823 1918 4887 pape
1941 4799 2123 4866 Alexandri

475 4903 625 4969 stabilitis
648 4904 769 4969 nullam
792 4904 914 4969 saciant
940 4902 1093 4968 nebulam
1116 4902 1301 4986 dubictatis,
1332 4913 1441 4968 tamen
1470 4904 1547 4970 inde
1577 4916 1728 4993 poterunt
1758 4905 1975 4972 scandalizari
2004 4908 2122 4995 pusilli,

297 5003 502 5089 sssrrm.s,1r.si
525 5010 612 5076 nullo
636 5010 858 5076 indubitanter
885 5010 1127 5076 contradicente
1158 5011 1258 5098 serpit
1281 5019 1316 5074 ut
1340 5033 1458 5075 cancer
1481 5035 1585 5076 sermo
1610 5035 1731 5094 eorum,
1755 5014 1812 5100 qui
1839 5013 2012 5096 affirmant,
2038 5015 2124 5101 quod

521 5186 522 5189 A
581 5209 607 5274 a)
629 5212 680 5262 hoc
699 5229 720 5262 c.
793 5208 821 5274 h)
843 5213 1004 5278 augustinus
1022 5229 1043 5262 c.
1116 5205 1142 5272 c)
1163 5228 1226 5262 corr.
1245 5227 1274 5261 cx
1293 5209 1363 5278 aplis
1382 5229 1402 5262 c.
1476 5209 1504 5274 d)
1525 5230 1588 5264 corr.
1607 5229 1636 5263 cx
1656 5213 1759 5264 litteras
1778 5232 1798 5264 c.

585 5373 613 5444 1)
640 5372 689 5446 Os.
708 5373 776 5432 Coll.
794 5373 868 5430 Brit.
893 5393 939 5430 nr.
958 5373 1009 5444 22,
1035 5372 1082 5430 Ἦ.
1101 5373 1198 5431 Aret!
1220 5375 1252 5444 V,
1278 5394 1311 5450 p.
1331 5374 1403 5432 545.
1451 5375 1527 5433 Idem
1558 5377 1634 5434 locus
1656 5378 1738 5451 opud
1759 5375 1931 5436 &odonam
1958 5377 1990 5438 G.
2008 5380 2121 5448 XXIV,
2140 5394 2165 5434 aa

474 5501 520 5557 qu.
536 5475 569 5551 '1,
594 5500 616 5537 c.
636 5479 689 5536 34.
803 5479 834 5548 2)
858 5481 889 5536 V.
913 5500 941 5537 n.
963 5481 991 5535 1.
1106 5480 1136 5550 3)
1161 5481 1247 5538 Hunc
1269 5483 1358 5538 locum
1381 5503 1437 5540 non
1460 5481 1563 5540 inveni.
1678 5482 1708 5552 t)
1736 5481 1784 5555 Os.
1808 5484 1884 5540 Anu.
1909 5485 2121 5563 Rciclrcrsbcrp.

473 5607 502 5644 a.
523 5585 616 5656 1130,
641 5588 659 5643 l,
677 5588 695 5643 l.
715 5607 747 5662 p.
766 5586 846 5642 454:
872 5586 962 5642 Sedes
987 5605 1099 5660 quoque
1124 5589 1295 5659 apostolieae
1315 5589 1474 5646 Antiocena
1497 5597 1583 5660 atquc
1607 5590 1854 5646 Hierosolimitana
1876 5591 1994 5648 Petrum
2018 5593 2122 5649 Leonis

473 5701 654 5767 respuemnt,
678 5695 873 5750 Innocentium
896 5711 963 5749 vero
987 5696 1215 5767 approbaverunt
1240 5705 1288 5754 etc.
