4478 6396
456 371 516 432 174
745 377 926 432 GERHOHI
949 376 1181 432 PRAEPOSITI
1205 375 1613 434 REICHERSBERGENSIS
1638 376 1801 430 LIBELLI.

272 587 431 637 aaronem.
451 563 604 650 colligere
629 575 673 646 ut,
705 587 764 650 per
795 565 933 649 gratiam
965 563 1238 628 reconciliationis
1269 565 1391 642 inserti,
1423 563 1608 628 coalescant
1633 563 1747 627 unitati
1771 575 1803 626 ct
1827 562 2006 646 integritati
2031 562 2109 624 ritis

449 693 559 750 verae,
591 694 654 756 que
687 683 735 735 est
766 670 928 752 Christus,
961 671 1113 757 quatinus
1144 682 1199 734 aut
1230 671 1291 756 ipsi
1322 670 1470 735 militiam
1502 669 1587 734 illius
1621 669 1661 734 de
1694 681 1823 734 caetero
1855 669 1999 754 legitime
2033 691 2109 732 cum

451 777 547 841 Petro
572 789 749 842 exerceant
772 789 829 842 aut
852 777 967 841 saltem
991 800 1056 858 eos,
1082 779 1138 863 qui
1163 778 1246 841 hanc
1271 800 1427 841 exercere
1451 800 1511 863 per
1527 777 1592 842 Dei
1615 777 1752 862 gratiam
1770 776 1883 840 volunt
1906 787 1939 840 et
1958 787 2109 861 possunt,

353 907 430 948 aaa
450 883 585 948 ulterius
604 883 706 948 *nulla
729 883 954 971 inquietudine
978 884 1167 969 impediant.
1205 883 1363 965 Quamvis
1381 885 1466 948 enim
1484 885 1625 948 maxime
1651 884 1826 970 optandum
1852 884 1903 964 sit,
1929 895 1964 946 ut
1987 883 2110 946 iterum

271 1015 430 1064 acrarum.
450 991 562 1054 inserti
586 1002 716 1076 gustent
740 1014 837 1078 quarn
862 988 983 1054 bonurn
1007 1002 1040 1054 et
1063 1014 1161 1076 quam
1186 991 1362 1054 iucundum
1387 1003 1436 1055 est
1459 989 1607 1056 habitare
1638 991 1754 1054 iratres
1785 991 1818 1054 in
1842 1013 1952 1068 unum,
1985 1000 2145 1069 tamen,5

450 1099 477 1161 si
501 1097 582 1162 haec
606 1097 659 1162 vel
684 1122 747 1162 non
772 1096 918 1161 volentes
942 1097 996 1160 vel
1024 1121 1087 1161 non
1112 1097 1258 1162 valentes
1289 1098 1334 1161 ita
1366 1099 1554 1183 promittant
1584 1121 1619 1162 se
1642 1099 1786 1162 victuros
1814 1119 1885 1160 esse
1909 1108 1944 1160 ut
1968 1096 2110 1160 clericos

449 1205 607 1269 canonice
635 1206 795 1286 sinentes,
828 1215 982 1290 tanquam
1013 1227 1119 1268 ramos
1151 1204 1192 1268 de
1224 1203 1366 1268 medulla
1390 1205 1465 1268 vitis
1490 1205 1591 1268 vitam
1621 1205 1786 1268 trahentes
1817 1226 1881 1268 non
1913 1203 2109 1288 impediant,

450 1323 584 1398 ptissunt
615 1311 722 1398 aliquo
753 1311 849 1375 modo
879 1312 914 1374 in
938 1309 1133 1374 aecclesiam
1157 1312 1259 1397 recipi
1284 1324 1315 1374 et
1338 1322 1494 1396 tauquam
1524 1311 1557 1374 in
1582 1312 1702 1375 cortice
1734 1311 1846 1374 inatris
1875 1309 2001 1374 arboris
2028 1308 2110 1372 tole·

449 1421 523 1482 rari.
579 1419 614 1484 Si
647 1419 734 1482 enim
765 1419 991 1482 communione
1023 1418 1272 1482 christianorum
1304 1428 1335 1481 et
1366 1418 1469 1481 salute
1502 1419 1682 1482 animarum
1715 1419 1867 1492 contenti,
1900 1418 1947 1480 sic
1979 1415 2109 1502 absque

450 1527 550 1589 sacris
582 1523 750 1589 ordinibus
783 1535 814 1588 et
845 1535 938 1588 extra
963 1525 1232 1610 congregationes
1257 1526 1368 1588 vivere
1393 1524 1503 1600 velint,
1536 1547 1599 1610 quo
1630 1524 1725 1590 modo
1757 1525 1941 1588 invenimus
1972 1522 2108 1587 beatum
2134 1547 2158 1583 ro

450 1631 646 1718 Gregorium
671 1631 797 1696 clericis
822 1631 956 1695 infirmis
981 1633 1177 1718 permisisse,
1202 1655 1270 1695 rem
1295 1631 1426 1718 quidem
1452 1632 1576 1695 faciunt
1599 1655 1664 1695 non
1679 1631 1886 1710 laudandam,
1913 1630 1970 1693 sed
1995 1643 2109 1693 tamen

450 1748 613 1825 utcunque
638 1738 850 1803 tolerandam.
898 1738 982 1802 Illud
1006 1751 1113 1802 autem
1138 1737 1223 1802 nullo
1240 1736 1336 1802 modo
1361 1749 1467 1824 potest
1491 1737 1631 1818 tolerari,
1655 1749 1690 1802 ut
1714 1739 1815 1802 sacris
1840 1736 2009 1800 ordinibus
2034 1737 2108 1800 fun-

449 1855 567 1930 gantur
591 1856 684 1910 extra
708 1846 853 1932 regulam
878 1847 1053 1911 constituti.

557 1973 609 2034 69.
648 1971 729 2050 Quis
755 1972 841 2034 enim
867 1970 947 2034 tales
971 1972 1004 2034 in
1021 1970 1122 2034 sacris
1147 1968 1315 2034 ordinibus
1340 1968 1544 2054 recipiendos
1569 1967 1753 2050 arbitretur,
1778 1970 1840 2034 nisi
1857 1970 1911 2054 qui
1930 1970 2012 2032 scita
2029 1993 2106 2033 con-

450 2076 597 2141 ciliorum
629 2089 660 2141 et
691 2087 783 2162 gesta
815 2077 1004 2163 pontificum
1036 2076 1239 2140 dissimulare
1270 2089 1326 2140 aut
1357 2078 1507 2162 ignorare
1533 2076 1686 2140 videtur?
1733 2076 1817 2140 Nam
1849 2087 1883 2139 ut
1913 2075 1953 2140 de
1986 2078 2105 2140 ceteris
2131 2099 2156 2136 ιε

450 2182 597 2270 patribus
623 2195 800 2264 taceamus,
825 2185 881 2269 qui
906 2183 1079 2269 diligenter
1103 2185 1285 2247 examinari
1309 2185 1493 2270 precipiunt
1517 2182 1754 2269 promovendos
1786 2184 1819 2246 in
1850 2184 1951 2246 sacris
1984 2183 2104 2246 ordini-

449 2289 520 2372 buS,
552 2292 597 2354 ita
623 2290 787 2370 videlicet,
811 2300 846 2353 ut
870 2313 981 2353 eorum
1004 2313 1070 2353 non
1094 2289 1197 2354 solurn
1221 2301 1294 2354 acta
1318 2293 1385 2354 vita
1410 2290 1611 2372 discutiatur,
1643 2290 1701 2354 sed
1726 2302 1758 2354 et
1781 2289 1909 2374 agenda
1934 2291 1965 2353 in
1991 2301 2104 2354 sancte

450 2399 615 2483 proposito
648 2395 791 2461 stabilita
821 2410 1025 2482 agnoscatur,
1057 2396 1144 2461 solus
1168 2397 1235 2462 Lco
1260 2397 1398 2482 Magnus
1423 2408 1455 2461 et
1480 2395 1658 2482 Gregorius
1688 2398 1812 2483 primus
1843 2396 1885 2462 ad
1913 2421 1969 2460 eos
2002 2420 2103 2460 remo-

450 2497 579 2567 vendos
599 2503 774 2584 sufficiunt,
799 2505 855 2590 qui
879 2526 1035 2589 personas
1060 2505 1157 2567 etiam
1182 2515 1348 2589 suspectas
1372 2515 1538 2591 respuunt.
1575 2503 1664 2584 Quid
1687 2515 1795 2568 autern
1815 2515 1863 2568 cst
1879 2504 1947 2567 Leo
1963 2503 2104 2588 Magnus

451 2610 503 2674 vel
521 2609 700 2696 Gregorius
724 2612 857 2697 primus,
883 2611 945 2673 nisi
969 2611 1057 2674 Petri
1081 2621 1217 2696 uterque
1242 2611 1409 2674 vicarius?
1457 2610 1522 2692 Qui
1546 2622 1654 2674 autem
1679 2633 1753 2674 cum
1775 2611 1871 2675 Petro
1895 2634 1959 2675 non
1985 2611 2103 2696 sapiv,
2125 2634 2152 2670 20

451 2741 524 2781 cum
541 2719 638 2782 Petro
662 2741 727 2780 non
744 2717 876 2802 colligit.
914 2716 979 2798 Qui
996 2739 1069 2780 cum
1086 2717 1183 2780 Petro
1200 2741 1264 2780 non
1282 2717 1413 2802 colligit,
1439 2728 1526 2781 certe
1551 2741 1624 2781 cum
1646 2719 1717 2802 ipsa
1733 2727 1835 2803 petra,
1854 2741 1936 2802 quac
1955 2717 2104 2780 Christus

293 2852 430 2901 unauna.
450 2834 508 2904 est,
539 2847 605 2888 non
629 2823 761 2909 colligit,
787 2847 861 2888 cum
885 2846 948 2910 quo
973 2824 1028 2910 qui
1052 2846 1117 2887 non
1141 2823 1272 2910 colligit,
1305 2825 1444 2910 spargit3
1477 2833 1508 2887 et
1539 2824 1595 2909 qui
1626 2847 1689 2886 non
1722 2835 1770 2886 est
1801 2847 1873 2887 curn
1905 2824 1958 2887 illo
1991 2835 2105 2888 contra

450 2931 539 2994 illum
559 2943 617 2996 est.
655 2931 721 3011 Qui
745 2940 853 2994 autem
878 2941 991 2994 contra
1007 2928 1171 2993 Christum
1195 2941 1254 3010 est,
1278 2929 1496 2994 Antichristus
1521 2942 1579 2993 est.
1627 2931 1668 2993 Et
1692 2953 1778 2993 nunc
1795 2929 1986 2994 antichristi
2012 2929 2102 2994 multi

450 3048 533 3118 sunt,
559 3039 613 3124 qui
640 3050 838 3101 caracterem
863 3034 987 3100 bestiae
1013 3046 1046 3099 et
1068 3058 1238 3100 numerum
1262 3038 1399 3100 nominis
1425 3038 1494 3100 cius
1519 3061 1581 3101 non
1607 3037 1708 3102 solum
1733 3039 1767 3101 in
1791 3060 1899 3112 uranu,
1931 3036 1989 3100 sed
2014 3049 2047 3100 et
2071 3038 2102 3099 in

449 3144 553 3207 fronte
585 3145 782 3230 suscipiunt:
814 3167 879 3207 non
910 3143 1012 3207 solum
1044 3143 1207 3206 contraria
1232 3142 1361 3207 Christo
1392 3154 1536 3229 agentes,
1568 3143 1625 3207 sed
1657 3143 1771 3208 eadem
1802 3143 1972 3230 inpudenti
1997 3145 2103 3207 fronte
2124 3168 2149 3206 aa

450 3261 562 3314 contra
592 3250 786 3314 aecclesiam
818 3250 1045 3332 defendentem
1078 3261 1110 3313 et
1140 3251 1187 3314 sic
1215 3273 1234 3314 a
1258 3250 1405 3313 Romana
1435 3251 1595 3314 aecclesia
1626 3251 1850 3315 discordantes
1882 3249 2104 3315 indubitanter

364 3379 430 3423 aa.
452 3357 604 3421 ‘heretici
627 3359 718 3437 fiunt,
744 3359 897 3443 quoniam
921 3357 1100 3421 hereticum
1125 3380 1195 3420 esse
1220 3368 1346 3420 constat
1370 3357 1425 3442 qui
1450 3379 1470 3420 a
1492 3358 1639 3420 Romana
1664 3358 1824 3423 aecclesia
1848 3358 2023 3422 discordat.

558 3485 609 3546 70.
646 3483 730 3546 Dico
761 3493 869 3546 autem
893 3482 1073 3547 Romanam
1103 3483 1307 3563 aecclesiam,
1339 3482 1431 3546 cuius
1464 3495 1561 3567 caput
1592 3493 1641 3546 est
1665 3483 1822 3563 Christus,
1855 3481 2000 3546 mambra
2025 3505 2102 3546 vero

451 3589 564 3652 Petrus
582 3600 614 3653 et
631 3589 752 3653 Paulus
777 3599 809 3652 et
832 3590 935 3653 omnis
959 3588 1045 3653 illius
1070 3589 1249 3654 aecclesiae
1275 3589 1450 3674 spiritualis
1474 3589 1567 3668 lilius,
1594 3613 1656 3652 non
1674 3589 1775 3653 solum
1800 3591 1833 3652 in
1850 3587 1930 3653 urbe
1954 3588 2019 3670 illa,
2045 3589 2102 3652 sed

450 3697 547 3759 etiam
571 3721 631 3782 per
654 3707 756 3760 totum
781 3695 936 3759 mundum
965 3697 998 3758 in
1023 3707 1124 3781 petra,
1150 3718 1233 3780 quae
1258 3697 1355 3758 Petro
1380 3717 1498 3758 numen
1522 3696 1621 3776 dedit,
1647 3697 1850 3760 constitutus.
1899 3697 2024 3774 Omnis,
2055 3697 2103 3759 in-
2123 3723 2148 3759 ro

449 3825 557 3888 quarn,
584 3801 739 3889 spiritalis
756 3804 897 3889 pertinet
920 3802 963 3866 ad
979 3802 1172 3866 aecclesiam
1190 3802 1378 3880 Romanam,
1397 3825 1481 3887 quac
1499 3825 1609 3866 omncs
1627 3803 1759 3883 iudicat,
1785 3815 1816 3866 et
1840 3804 1911 3888 ipsa
1935 3825 1954 3865 a
1974 3804 2103 3866 nemine

280 3909 621 3990 1.uor.s.1s.iudicatur,
647 3911 733 3994 quia,
758 3908 859 3972 Paulo
884 3909 1081 3972 affirmante:
1115 3909 1283 3994 Spiritalia
1307 3909 1430 3972 indicat
1456 3913 1572 3988 sarrinia,
1601 3925 1628 3973 et
1652 3913 1718 3996 r'pao
1742 3937 1761 3972 a.
1785 3914 1905 3974 sicinina
1931 3911 2102 3974 s'udicutur.

558 4036 609 4097 71.
647 4033 832 4112 Quaeratur
862 4055 938 4117 ergo
970 4055 1035 4095 non
1066 4031 1168 4096 solum
1197 4055 1217 4095 a
1239 4032 1348 4113 Petro,
1380 4033 1437 4096 scd
1469 4032 1510 4096 ab
1542 4035 1628 4097 omni
1659 4033 1791 4098 doctore
1822 4033 1991 4114 catholico,
2024 4034 2103 4120 quid

450 4141 489 4204 de
514 4142 581 4203 vita
613 4139 804 4203 clericorum
836 4140 969 4220 sentiat,
1001 4150 1036 4202 ut
1066 4141 1179 4218 omnis,
1212 4140 1266 4224 qui
1298 4161 1317 4202 a
1348 4139 1494 4203 Romana
1525 4140 1685 4204 aecelcsia
1715 4140 1903 4206 discordare
1935 4164 1999 4204 nan
2022 4141 2102 4221 vult,

281 4272 429 4318 traaas.
450 4247 587 4332 spiritali
619 4269 730 4310 curtim
761 4246 882 4310 iudicio
913 4245 1119 4309 consentiat?
1166 4245 1240 4326 Dic,
1273 4245 1379 4324 Petra,
1411 4246 1489 4332 quid
1520 4247 1666 4310 sentias?
1714 4247 1870 4329 Sern'orcs,
1900 4249 2019 4334 inquit,
2052 4251 2102 4312 ab·
2123 4271 2148 4310 aa

449 4379 535 4418 secra
566 4357 739 4434 conamina,
764 4356 888 4440 pascite
918 4378 997 4432 atini,
1031 4355 1089 4437 qni
1118 4355 1151 4416 in
1181 4355 1269 4416 cata
1300 4367 1352 4432 reat,
1380 4379 1514 4440 prepara.
1562 4353 1649 4416 Ecce
1680 4377 1744 4416 non
1777 4354 1872 4418 dicit:
1905 4354 2101 4440 ‘Sequimini

450 4485 522 4524 cum
554 4457 711 4524 militibus
743 4459 881 4544 regern'3
914 4458 971 4521 scd
994 4462 1128 4544 pascite,
1159 4459 1273 4545 inquit,
1306 4485 1384 4540 cit-nr,
1416 4463 1474 4545 qui
1504 4463 1535 4524 ιἰι
1567 4463 1653 4524 eota
1684 4476 1736 4540 eat,
1765 4487 1887 4548 propani
1920 4473 1951 4525 et
1975 4475 2102 4525 cetera:

370 4567 567 4654 nequibas
605 4567 705 4629 vitam
746 4567 882 4650 pastoris
922 4564 1208 4644 circumscribens,
1253 4566 1298 4629 ita
1342 4566 1535 4629 sententiam
1578 4566 1750 4631 conclusit:
1796 4569 1868 4631 Non
1909 4569 2105 4633 donnicatas

450 4677 483 4738 in
513 4676 606 4752 ‹ilci-0,
644 4673 700 4737 aed
722 4674 837 4760 jbrinn
860 4674 953 4760 fuisti
978 4676 1092 4760 gregia.
1147 4673 1242 4736 Hanc
1279 4659 1471 4736 sententiam
1507 4671 1622 4736 beatus
1655 4673 1831 4758 Gregorius
1863 4674 2103 4760 quodammodo

450 4780 598 4865 glosarit,
625 4779 756 4866 quando
781 4779 1001 4864 Augustinum
1020 4777 1201 4863 Angloram
1226 4780 1415 4864 episcopum
1440 4802 1584 4843 seorsum
1610 4804 1627 4844 a
1652 4781 1717 4843 suis
1742 4779 1869 4844 clericis
1894 4783 2005 4844 vivore
2030 4805 2102 4866 pro-
2123 4807 2149 4844 ιο

449 4886 585 4966 hibuit¹,
610 4909 660 4967 ne,
686 4887 713 4948 si
738 4886 909 4972 episcopus
933 4907 953 4949 a
977 4885 1063 4949 clero
1088 4883 1298 4966 diuideretur,
1323 4887 1355 4948 in
1373 4885 1459 4949 clero
1476 4886 1634 4949 dominari
1652 4885 1828 4950 videretur.
1876 4887 1970 4952 Nunc
1994 4901 2103 4952 autern

450 4993 536 5057 clero
563 4993 652 5056 multi
677 4991 896 5072 dominantur,
921 4993 977 5078 qui
1002 5015 1021 5055 a
1045 4993 1111 5055 suis
1135 4990 1417 5077 qualibuscunque
1441 4977 1568 5056 clericis
1592 4991 1699 5072 divisi,
1731 4994 1771 5056 de
1803 4995 1890 5079 agris
1922 4994 2102 5058 aecclesiae

364 5215 429 5254 tut
560 5199 714 5270 Gregorius
739 5200 773 5251 de
798 5197 855 5251 1111
871 5198 995 5252 conciliis
1020 5199 1047 5250 in
1071 5198 1206 5267 synodica
1229 5215 1279 5250 sua
1302 5195 1407 5250 dicit‘2:
1436 5195 1559 5254 carinas
1578 5217 1728 5272 personas,
1754 5217 1825 5272 qnos
1848 5200 2014 5254 reiteranda
2038 5219 2102 5255 ron-

449 5303 514 5360 cilia
537 5336 579 5342 -
605 5335 646 5343 -
672 5303 813 5360 interdicit
834 5322 914 5359 inritae
938 5302 1127 5358 urinisteriunr.

558 5483 583 5538 a)
606 5495 667 5528 cum
688 5479 769 5528 Petro
790 5494 844 5527 non
864 5478 944 5542 sapit.
983 5477 1036 5537 Qui
1057 5493 1116 5526 cunr
1137 5478 1218 5526 Petro
1239 5493 1293 5525 nou
1313 5479 1393 5541 sapit,
1414 5495 1474 5527 cum
1494 5487 1537 5528 etc.
1556 5480 1637 5543 largn
1655 5497 1691 5540 c.,·
1714 5479 1779 5528 Penii
1798 5488 1891 5529 testum
1910 5481 2015 5528 restitui.
2121 5492 2147 5530 tt

558 5623 587 5693 l)
614 5624 706 5698 Epist.
729 5624 781 5692 XI,
808 5623 881 5690 56a,
909 5622 975 5676 ΕΕ.
1002 5622 1041 5691 H,
1061 5641 1094 5696 p,
1114 5623 1175 5676 333
1185 5644 1194 5690 ,¹
1219 5624 1258 5693 cf.
1284 5622 1367 5693 infra
1386 5643 1419 5697 p.
1441 5624 1511 5678 176.
1583 5624 1613 5690 2)
1641 5625 1731 5698 Epist.
1757 5626 1781 5692 I,
1808 5625 1858 5680 24.
1883 5628 1925 5682 ad
1946 5627 2100 5683 Iohannem

442 5741 523 5807 patr.
545 5729 732 5799 Cassianus,
760 5729 825 5785 ΕΕ.
851 5730 875 5798 I,
896 5749 928 5804 p.
948 5729 998 5784 36.
