4396 6390
447 338 510 402 504
738 342 918 398 GERHOHI
941 341 1174 398 PRAEPOSITI
1198 341 1608 398 REICHERSBERGENSIS
1631 341 1798 397 LIBELLI.

317 557 426 606 rasas.
446 543 495 596 est
525 532 647 594 sanitas
678 531 711 593 in
735 552 833 593 carne
856 550 940 592 mea.
987 528 1083 593 Unde
1114 551 1215 614 cogor
1243 529 1368 610 timere,
1399 550 1439 592 ne
1472 529 1512 591 sit
1542 525 1635 591 labor
1664 550 1755 591 meus
1785 528 1903 608 inanis,
1927 530 2055 613 quiscum

311 635 384 737 {3:312
393 635 427 728 {ff
446 638 561 701 fuerim
586 638 619 699 in
642 633 808 700 laboribus
832 659 851 698 a
875 637 1042 698 iuventute
1059 658 1141 716 mea,
1167 657 1312 720 sperans,
1337 635 1423 721 quod
1448 645 1598 698 senectus
1623 655 1696 698 mea
1719 635 1753 696 in
1770 633 1982 698 misericordia
1994 638 2056 706 uberi

215 751 221 762 ‘
305 753 532 816 roasa,1s.esset
562 743 671 807 futura
702 741 814 806 dicens
839 764 913 805 cum
936 740 1033 805 beato
1057 741 1133 806 Iob:
1165 741 1204 806 Io
1228 741 1339 805 rn'dolo
1364 766 1429 804 mco
1454 743 1575 805 ororr'or
1599 756 1626 806 ct
1648 744 1729 805 sicut
1745 742 1863 826 polum
1886 742 2057 828 multiplicabo

447 853 525 931 dics,
549 872 636 913 nunc
661 871 737 912 ecce
761 848 795 911 in
820 859 987 912 senectute
1010 870 1084 911 rnea
1108 848 1230 912 eiectus
1254 847 1295 910 de
1311 845 1422 911 nidulo
1439 852 1543 926 me01,
1569 846 1609 911 de
1634 846 1776 932 regulari
1792 844 1945 910 videlicet
1957 849 2058 917 claustro

446 956 525 1021 mihi
555 956 737 1037 commisso,
767 953 943 1040 compellor
974 953 1138 1017 declinare
1167 952 1351 1018 universale
1383 952 1563 1038 periculum
1595 954 1765 1034 scismatis,
1791 954 1844 1016 cui
1869 953 1895 1015 si
1920 961 2082 1022 consentires

287 1088 427 1136 arcuato.
447 1063 632 1142 voluissem,
663 1083 779 1147 pacem
810 1060 1079 1147 qualemcumque
1110 1059 1231 1124 habere
1262 1060 1450 1146 potuissem.
1498 1059 1620 1124 Verum
1645 1061 1722 1144 quia
1745 1085 1860 1146 pacem
1890 1074 1918 1124 et
1943 1065 2062 1128 ceritum

283 1159 427 1261 „‚„{f'„„‚
449 1171 572 1256 dilr'pita
603 1169 648 1232 ait
671 1167 832 1231 Dominus
857 1168 1071 1252 omnipotens,
1096 1188 1159 1253 que
1183 1165 1275 1230 Deus
1300 1167 1478 1246 coniunxit,
1503 1188 1563 1251 ego
1588 1187 1653 1229 non
1677 1187 1774 1229 ausus
1798 1165 1847 1228 fui
1871 1187 2016 1251 separare,
2032 1171 2064 1232 ita

448 1285 482 1338 ut
504 1275 618 1338 relicta
641 1275 779 1337 veritate
811 1295 926 1358 pacem
957 1283 1111 1354 tenerem,
1143 1272 1331 1358 recipiendo
1363 1295 1401 1335 ac
1433 1270 1640 1336 defendendo
1670 1271 1761 1334 illum
1784 1294 1915 1357 papam,
1939 1274 1986 1357 qui
2008 1273 2065 1338 falso

448 1379 553 1446 dictus
578 1391 626 1444 est
649 1403 736 1465 papa
760 1381 828 1442 sive
847 1379 1072 1444 Octavianus²
1095 1381 1163 1442 sive
1188 1380 1222 1441 in
1246 1401 1354 1442 errore
1379 1401 1548 1442 successor
1572 1379 1641 1442 eius
1660 1375 1777 1442 Gwido
1795 1377 1977 1442 Cremensis
1986 1383 2004 1441 ³.
2031 1378 2066 1443 Ob

448 1488 508 1551 hoc
532 1487 669 1551 traditus
700 1487 734 1549 in
757 1509 871 1549 manus
900 1487 1105 1549 inimicorum
1129 1486 1320 1570 sanguinem
1344 1508 1452 1548 meum
1476 1486 1652 1548 sitientium
1678 1495 1710 1548 et
1732 1486 1903 1548 nocturnis
1926 1483 2099 1550 latrociniisn

448 1606 545 1680 atque
569 1592 729 1656 incendiis
754 1591 825 1656 loca
849 1601 959 1655 nostra
982 1593 1178 1656 vastantium
1202 1615 1267 1654 non
1291 1614 1422 1677 possum
1446 1589 1511 1654 rion
1535 1613 1607 1654 esse
1631 1591 1763 1655 tristis⁴.

272 1725 428 1774 cassatas.
546 1703 585 1764 ¹3.
621 1699 664 1762 D.
700 1697 856 1785 Nunquid
880 1696 997 1761 oblitus
1022 1720 1056 1762 es
1080 1696 1253 1762 verborum
1277 1698 1411 1762 Domini
1441 1696 1595 1762 dicentis:
1629 1699 1727 1762 Booti
1746 1701 1836 1762 critis
1860 1723 1930 1761 com
1954 1723 2003 1761 nos
2025 1698 2074 1762 oda·

448 1810 513 1871 ruht
542 1808 681 1871 Iroror'rres
712 1817 744 1868 et
775 1815 885 1869 cetera
915 1827 1016 1890 nsque
1043 1805 1176 1892 portdcte
1206 1820 1233 1869 ct
1261 1806 1412 1869 exultate:
1442 1830 1508 1868 cccc
1538 1808 1619 1868 errr'm
1653 1829 1769 1868 rrterccs
1800 1819 1902 1867 cestro
1935 1805 2026 1868 aarum
2050 1819 2079 1868 est

449 1917 483 1978 iu
507 1916 592 1978 colis.

555 2019 599 2081 M.
643 2015 770 2096 Quibus
800 2017 861 2081 hoc
893 2016 1015 2081 dictum
1046 2027 1095 2080 est
1125 2017 1188 2102 ipsi
1218 2018 1345 2103 passuri
1377 2027 1468 2094 erant
1499 2015 1638 2108 adversa
1669 2027 1801 2102 propter
1833 2016 1937 2080 filium
1967 2015 2122 2079 hominisa

450 2135 614 2189 carentem
638 2125 733 2188 viciis
757 2135 789 2188 et
812 2125 967 2210 pcccatis,
992 2122 1068 2187 dum
1094 2125 1298 2188 contrarius
1327 2123 1516 2187 mandatum
1545 2123 1817 2209 compellerentur
1846 2123 1955 2208 ipsum
1984 2144 2090 2207 negare

272 2256 429 2304 uncinum.
448 2232 557 2296 Deum
589 2242 621 2295 ct
651 2231 836 2294 sacrificare
863 2230 968 2295 idolis.
1016 2231 1083 2317 Ipsi
1107 2253 1194 2310 vcro,
1220 2252 1378 2294 memores
1402 2228 1575 2293 verborum
1601 2231 1670 2293 eius
1694 2229 1848 2294 dicentis:
1878 2230 1945 2307 Qui
1965 2255 2012 2294 roe
2035 2254 2093 2294 con·

443 2341 555 2426 fessus
571 2341 681 2426 fuerit
696 2363 801 2402 corrrm
826 2339 1014 2418 horninibus,
1038 2339 1203 2425 confitebor
1227 2352 1254 2401 ct
1276 2363 1330 2424 opo
1354 2362 1421 2400 eunt
1446 2363 1550 2400 coram
1569 2352 1664 2424 putre
1688 2361 1764 2418 rrreo,
1788 2359 1899 2399 eoram
1924 2333 2054 2420 regibus
2071 2349 2098 2398 et

449 2443 652 2531 principibus
670 2444 811 2507 confessi
827 2453 902 2507 sunt
925 2466 998 2506 eum
1015 2465 1128 2506 verum
1145 2443 1253 2506 Deum
1278 2455 1310 2506 et
1325 2441 1385 2506 hoc
1403 2442 1655 2528 predicaverunt
1669 2440 1791 2528 ubique
1815 2443 1886 2528 ipso
1912 2452 2098 2528 cooperante

279 2541 431 2641 wilm
451 2560 482 2614 ct
506 2572 686 2614 sermonem
711 2573 821 2614 eorum
847 2550 1056 2613 confirmante
1082 2547 1292 2636 sequentibus
1317 2549 1417 2634 signis
1441 2571 1633 2634 magnarum
1657 2549 1822 2631 virtutum,
1848 2547 1968 2635 quibus
1992 2548 2102 2634 prode·
2117 2575 2138 2611 so

450 2654 547 2720 batur
569 2657 677 2741 ipsum
700 2679 771 2719 esse
795 2679 908 2720 verum
932 2656 1051 2720 Deum.
1098 2657 1237 2741 Propter
1266 2655 1328 2720 hoc
1359 2665 1481 2718 certam
1511 2655 1560 2718 sui
1589 2655 1776 2719 certaminis
1800 2677 1936 2719 causam
1959 2665 2102 2726 tenentes

451 2760 626 2826 currebant
656 2784 720 2825 non
750 2763 843 2848 quasi
873 2764 906 2825 in
935 2764 1105 2826 incertum.
1153 2761 1255 2825 Nobis
1286 2771 1394 2825 autem
1424 2784 1530 2847 papae
1554 2760 1736 2824 Alexandri
1760 2761 1990 2825 defensoribus
2018 2760 2105 2824 multi

336 2895 431 2943 raas.
452 2868 579 2932 dicunt:
605 2867 697 2948 ‘Quis
722 2868 864 2932 ostendit
887 2867 979 2932 nobis
1003 2868 1089 2932 bona
1111 2878 1142 2932 et
1162 2891 1241 2932 vera
1257 2869 1327 2930 veri
1351 2867 1550 2954 apostolatus
1574 2867 1695 2932 indicio
1718 2869 1751 2930 in
1767 2867 1984 2932 Alexandro?
2021 2867 2104 2931 Nun-

323 2999 431 3048 tiate.
452 2973 530 3062 quid
560 2985 667 3060 potest
697 2974 806 3038 dicere
838 2998 912 3039 curn
936 2977 1049 3039 Petro:
1081 2976 1251 3064 ilo-penhart
1278 2990 1305 3038 et
1327 2999 1438 3038 orrrron
1463 3001 1525 3038 oon
1548 2988 1593 3039 est
1618 2977 1708 3055 orchi,
1738 2997 1811 3038 cunr
1834 2986 1971 3060 propter
1995 2981 2118 3038 aurum·

452 3091 484 3144 et
507 3091 677 3166 argentum
705 3082 738 3144 in
764 3081 959 3146 cancellaria
983 3091 1213 3146 coacervatum
1236 3079 1374 3167 populus
1398 3102 1471 3144 eum
1496 3081 1659 3144 Romanus
1684 3079 1835 3144 dilexerit
1859 3091 1891 3144 et
1919 3082 1954 3144 in
1979 3080 2106 3144 electio
2123 3105 2145 3142 a

451 3210 526 3251 nem
550 3189 620 3250 eius
644 3188 884 3252 consenserit?’

559 3297 589 3356 4.
631 3293 674 3358 D.
712 3293 800 3374 Quid
823 3304 858 3358 tu
882 3293 1058 3379 respondes
1090 3306 1145 3358 aut
1175 3292 1253 3381 quid
1280 3317 1339 3358 nos
1368 3293 1519 3379 discipuli
1549 3295 1596 3358 tui
1626 3293 1824 3380 respondere
1857 3292 2017 3358 debemus
2049 3294 2107 3356 ista

452 3398 661 3464 dicentibus?

355 3528 432 3574 *root
558 3506 602 3571 M.
638 3506 692 3570 An
714 3507 856 3592 ignoras,
882 3506 968 3593 quod
992 3507 1137 3570 avaricia
1153 3517 1202 3570 est
1225 3506 1280 3570 illa
1297 3507 1415 3592 *lepra
1441 3529 1503 3592 que
1528 3530 1548 3570 a
1571 3505 1682 3593 planta
1706 3506 1799 3592 pedis
1822 3529 1928 3593 usque
1952 3507 1997 3570 ad
2013 3507 2107 3570 verti·

292 3635 523 3686 nov.1a,1acern
547 3623 647 3676 toturn
664 3636 782 3698 corpus
806 3625 953 3698 occupat,
979 3613 1055 3676 dum
1079 3613 1283 3698 paucissimis
1307 3613 1454 3698 exceptis
1477 3636 1589 3677 omnes
1607 3624 1746 3700 querunt
1763 3636 1825 3700 que
1850 3635 1909 3676 sua
1934 3625 2021 3694 sunt,
2045 3636 2108 3677 non
2126 3639 2147 3676 a

307 3743 434 3792 sarran.
453 3741 515 3805 que
539 3718 615 3782 Iesu
639 3717 784 3782 Christi?
831 3719 927 3783 Hanc
951 3719 1075 3805 lepram
1098 3719 1222 3783 iudicat
1244 3719 1300 3782 lex
1323 3741 1394 3783 esse
1419 3719 1665 3784 mundissimam
1689 3731 1720 3784 ct
1743 3720 1799 3784 tali
1827 3719 1920 3806 lepra
1944 3720 2108 3783 hominem

295 3850 432 3898 recisis.
452 3847 511 3909 per
534 3834 635 3888 totum
660 3847 777 3910 corpus
802 3835 995 3910 occupatum
1018 3848 1083 3889 non
1108 3827 1184 3889 eicit
1208 3835 1301 3888 extra
1325 3835 1441 3906 castra,
1472 3827 1556 3889 sicut
1586 3826 1666 3890 alios
1696 3825 1851 3912 leprosos,
1883 3849 1949 3890 non
1972 3829 2008 3890 in
2031 3837 2107 3906 toto,

453 3929 511 3994 sed
534 3931 567 3994 in
591 3943 682 4016 parte
701 3933 844 4017 corporis
869 3931 930 3995 hac
950 3931 1078 3996 macula
1102 3954 1277 4016 respersos„
1302 3930 1395 3994 verbi
1419 3933 1523 4018 gratia
1540 3932 1592 3996 vel
1616 3935 1650 3996 in
1673 3935 1780 4019 capite
1799 3931 1853 3997 vel
1876 3935 1910 3996 in
1934 3932 2042 3996 barba
2058 3933 2108 3996 vel

453 4038 487 4099 in
504 4038 656 4101 cicatrice
672 4037 726 4101 vel
750 4038 782 4100 in
806 4037 870 4101 alia
894 4047 985 4123 parte
1003 4039 1157 4124 corporis,
1175 4059 1255 4123 quos
1272 4061 1383 4102 omnes
1407 4036 1497 4102 iubet
1521 4041 1665 4124 separari
1689 4063 1707 4103 a
1732 4041 1846 4104 castris
1871 4039 1913 4103 ad
1937 4037 2108 4102 arbitrium

455 4143 642 4226 sacerdotis,
668 4143 880 4230 quoadusque
904 4143 1101 4207 mundentur
1125 4144 1257 4207 etitem
1281 4145 1459 4209 sacerdotis
1485 4143 1619 4209 arbitrio
1644 4147 1904 4210 reconcilientur.
2127 4169 2149 4208 u

560 4253 591 4314 5.
626 4250 669 4314 D.
707 4250 869 4330 Quorsum
893 4250 953 4314 hcc
978 4251 1096 4332 omnia,
1121 4273 1195 4314 curn
1217 4274 1277 4315 nos
1301 4260 1476 4315 tractemus
1501 4251 1541 4315 de
1566 4253 1718 4334 avaricia,
1742 4275 1808 4316 non
1832 4252 1873 4317 de
1897 4251 2016 4338 lepra?

560 4356 604 4420 M.
640 4356 801 4419 Nimirum
825 4357 903 4442 quia
926 4358 997 4442 ipsa
1020 4355 1093 4419 talis
1118 4357 1271 4439 avaricia,
1296 4379 1362 4444 qua
1385 4381 1496 4420 ornnes
1522 4370 1662 4444 querunt
1692 4382 1760 4441 sua,
1791 4359 1882 4444 lepra
1913 4369 1963 4422 est
1994 4381 2110 4423 revera

455 4461 619 4526 sufficiens
651 4461 692 4525 ad
724 4474 867 4526 eternam
900 4462 1174 4549 dampnationem,
1205 4465 1360 4549 precipue
1386 4486 1459 4527 cum
1488 4465 1522 4527 in
1547 4486 1659 4528 sacrae
1685 4465 1851 4550 dignitatis
1882 4465 1991 4552 aliquo
2017 4466 2108 4528 urini-

455 4570 551 4632 sterio
576 4569 714 4655 quisque
742 4568 881 4633 intendit
905 4570 970 4632 suis
1000 4568 1108 4652 lucris,
1132 4581 1168 4633 ut
1191 4591 1302 4634 omnes
1332 4569 1379 4633 illi
1410 4572 1465 4656 qui
1494 4593 1560 4634 non
1589 4570 1788 4636 manducant
1811 4582 1847 4635 ut
1870 4571 2108 4657 euangelizent,

456 4673 514 4738 sed
537 4675 764 4759 euangelicam
786 4687 822 4739 ut
845 4674 1051 4758 manducent,
1076 4675 1163 4762 quod
1187 4687 1235 4739 est
1259 4677 1382 4740 crimen
1404 4676 1567 4741 iudaismi.
2125 4703 2149 4740 ro

562 4784 591 4844 6.
627 4781 670 4845 D.
706 4781 779 4846 Hoc
802 4781 883 4845 mihi
905 4780 1003 4846 velim
1026 4781 1155 4867 planius
1179 4781 1346 4868 explicari,
1372 4782 1532 4868 quomodo
1556 4784 1590 4846 in
1613 4783 1670 4847 tali
1694 4784 1839 4848 avaricia
1863 4784 1904 4846 sit
1926 4784 2108 4871 intelligen-

455 4885 532 4950 dum
556 4889 678 4950 crimen
702 4887 880 4951 iudaisrni?

318 5017 435 5066 acuas.
466 5069 469 5077 1
560 4993 604 5055 Μ.
640 4993 701 5056 Est
724 4994 879 5076 avaricia,
904 5017 967 5080 que
992 5005 1198 5079 comparatur
1213 4995 1415 5080 paganismo,
1433 4995 1472 5059 dc
1490 5017 1555 5082 qua
1574 4994 1709 5081 loquens
1733 4994 1898 5081 apostolus
1915 4996 2004 5079 dicit,
2023 4997 2109 5084 quod

455 5099 527 5183 ipsa
550 5098 782 5163 estidolorum
805 5101 959 5182 servitus3
985 5111 1017 5164 ct
1040 5109 1089 5164 cst
1112 5101 1266 5183 avaricia,
1291 5123 1374 5187 quae
1399 5112 1605 5187 comparatur
1626 5101 1798 5185 iudaismo,
1818 5101 1858 5166 de
1876 5125 1941 5189 qua
1957 5127 2044 5168 nunc
2061 5113 2108 5167 est

565 5351 595 5429 1)
620 5353 668 5425 Of.
689 5353 838 5412 Comrrrent.
863 5355 892 5412 io
911 5375 958 5430 ps.
973 5355 1024 5426 78,
1048 5375 1139 5430 supra
1156 5376 1190 5432 p.
1209 5356 1282 5413 497.
1360 5354 1390 5430 2)
1412 5358 1506 5415 Victor
1521 5358 1576 5415 IV.
1654 5357 1684 5428 3)
1709 5357 1931 5426 PasclralisIII.
2003 5359 2034 5430 4)
2061 5357 2106 5430 Os.
2123 5373 2147 5412 rs

451 5461 554 5536 praes.
571 5480 661 5536 supra
679 5480 712 5536 p.
733 5461 813 5531 135;
837 5462 877 5532 cs.
895 5461 1031 5519 Notitiam
1055 5463 1089 5518 de
1112 5463 1322 5520 corroboratione
1340 5463 1458 5538 praedii
1482 5463 1640 5534 liciasteur,
1662 5463 1905 5522 ‘Urtandenhuct
1929 5467 1978 5522 des
1994 5467 2108 5522 Laudes

456 5567 489 5624 ob
512 5568 563 5624 der
586 5567 684 5624 Eons'
709 5567 730 5623 I
748 5561 877 5642 (1862),
903 5587 937 5642 p.
961 5567 1023 5622 344
1040 5589 1119 5644 sqq..·
1149 5567 1203 5624 Cui
1227 5563 1408 5644 (Octaviano)
1432 5589 1495 5624 cum
1518 5571 1658 5626 adherere
1681 5572 1796 5626 rennuit
1819 5573 1942 5643 predicti
1965 5573 2020 5628 loci
2043 5591 2103 5645 pre-

457 5675 564 5745 positus
587 5674 748 5742 Gerhohus,
771 5675 814 5729 vir
836 5676 962 5747 adprime}
986 5675 1155 5743 katholicus,
1180 5676 1248 5730 iram
1271 5677 1447 5748 imperatoris
1470 5695 1532 5731 cum
1555 5677 1692 5732 fratribus
1715 5677 1772 5732 suis
1795 5679 1912 5733 incurrit
1936 5687 1986 5734 etc.
