4544 6420
435 403 496 465 106
780 409 952 465 saxeam
976 405 1172 464 ssersxsrs
1197 383 1488 461 raoulnlscom
1510 401 1734 462 ruvacrrvs.

433 619 535 683 usque
560 596 601 660 ad
625 607 734 682 portas
759 596 900 659 civitatis
925 594 1021 681 plena
1044 604 1202 680 potestate
1219 591 1404 657 dominatur
1420 595 1602 681 episcopus,
1628 605 1659 658 et
1677 615 1750 656 eum
1766 593 1905 658 maiores
1922 615 2081 678 personae

289 732 413 778 mean
433 702 627 789 pontificalis
653 701 811 766 ecclcsiae
836 703 1039 783 comitantur,
1064 701 1105 765 ad
1129 701 1265 765 formam
1288 698 1377 764 beati
1392 700 1492 782 Petri,
1518 703 1636 766 relietr's
1660 703 1803 765 asserribus
1813 704 1834 783 1,
1860 699 1988 763 exulem
2008 722 2081 784 pro-

434 811 546 874 secuti.
582 808 648 872 Alii
672 808 813 872 fornices
838 809 979 872 civitatis
1002 806 1195 889 inhabitant,
1220 807 1275 893 qui
1297 829 1394 893 super
1410 806 1489 870 ollas
1512 808 1658 871 carnium
1681 805 1931 870 recumbentes²
1953 807 2082 891 gentis²

434 928 466 981 et
489 916 551 980 loci
575 915 682 1001 potius
706 937 804 1000 quam
828 916 956 978 animae
981 914 1162 1001 perditione
1178 924 1347 978 terrentur.
1384 912 1428 977 At
1443 913 1698 995 Lemovicensis,
1724 912 1765 978 ab
1783 912 1862 977 urbe
1883 937 1951 994 sua,
1976 912 2081 977 stadio

434 1045 497 1086 uno
521 1023 600 1085 vixb
625 1022 846 1102 interiacente,
878 1033 1030 1103 remotus,
1063 1033 1203 1084 castrum
1231 1021 1334 1083 sancti
1359 1019 1540 1083 trasiatist
1568 1041 1625 1104 pro
1649 1019 1772 1084 foribus
1796 1017 1886 1083 urbis
1910 1018 2114 1100 inhabitat-,s

434 1129 519 1193 undo
550 1130 587 1210 ie,
620 1129 675 1214 qui
700 1127 810 1190 sedem
842 1127 903 1191 sibi
935 1126 1109 1191 cathedrae
1140 1125 1334 1212 pontificalis
1364 1138 1508 1212 usurpat,
1541 1125 1676 1211 singulis
1704 1125 1819 1190 diebus
1843 1126 1956 1190 audire
1981 1127 2082 1212 possit

435 1257 611 1321 campanas
635 1235 668 1297 in
693 1257 751 1297 sua
775 1235 1112 1298 excommunicatione
1144 1244 1305 1296 sonantes.
1352 1233 1400 1296 Te
1432 1255 1571 1318 quoque,
1604 1245 1766 1318 pastorem
1798 1255 1900 1312 suum,
1933 1232 2081 1318 Engolis-

434 1343 554 1406 mensis
585 1342 690 1426 patria
716 1342 861 1404 “minimo
892 1341 1061 1426 profitetur
1091 1338 1226 1425 ubique,
1260 1339 1318 1402 sed
1349 1350 1381 1403 et
1411 1338 1456 1402 ibi
1487 1340 1576 1403 multi
1610 1339 1789 1404 catholicae
1820 1341 1921 1425 partis
1953 1340 2081 1402 nomine

434 1447 622 1532 gloriantur.

541 1554 663 1618 Distuli
695 1555 782 1618 eirca
813 1555 1033 1618 extremitates
1065 1554 1219 1616 orationis
1249 1552 1344 1617 huius
1375 1552 1415 1615 de
1447 1554 1655 1638 usurpatione
1679 1551 2127 1637 Burdogalensis²arehi-10

435 1662 642 1747 episcopatus
673 1683 847 1747 apponere,
879 1673 914 1724 ut
944 1683 986 1724 cx
1016 1658 1077 1724 hoc
1108 1659 1163 1723 illa
1193 1659 1322 1722 effrenis
1354 1658 1487 1722 ambitio
1518 1670 1573 1722 tua
1603 1658 1819 1744 irrefragabili
1842 1659 1964 1745 liqueat
1988 1682 2081 1744 argu-

433 1779 552 1832 mento.
602 1767 841 1852 Engolismensi
859 1767 1017 1830 ecclesiae
1042 1765 1210 1851 copulatus
1235 1765 1370 1851 spiritali
1391 1765 1553 1828 connubio
1578 1764 1752 1847 tenebaris,
1777 1765 1949 1851 impudens
1972 1777 2081 1829 tamen

435 1873 623 1937 dominandi
648 1872 749 1938 libido
774 1872 1045 1958 contemplatione
1069 1873 1313 1958 prenominatae
1339 1871 1505 1956 diguitatis
1530 1871 1707 1951 incanduit,
1733 1883 1765 1935 et
1788 1871 1865 1935 dum
1884 1872 2082 1937 descenden-

433 1981 513 2044 tium
537 1981 603 2044 iarn
626 2003 733 2044 remur
758 1991 884 2044 tuarum
910 1979 1104 2042 detrimenta
1113 1991 1124 2016 ¹⁷
1149 2002 1212 2042 nou
1237 1980 1386 2060 sustines,
1412 1978 1453 2042 ad
1478 1981 1775 2064 compensationem
1799 1979 1971 2043 frustratae
1995 1978 2082 2064 lega-

434 2088 529 2150 tionis
553 2087 587 2149 in
611 2086 797 2172 amplexum
822 2088 914 2172 quasi
939 2084 1063 2149 ditioris
1088 2085 1254 2150 adulterae
1279 2087 1463 2171 prorupisti.
1511 2085 1613 2148 Filiae
1638 2109 1775 2172 sponsus
1798 2088 1924 2149 incestu
1947 2097 2082 2149 matrem
2104 2111 2128 2148 rs

434 2193 558 2256 nefario
589 2193 732 2279 polluere
763 2217 828 2256 non
859 2192 1036 2256 abhorrest
1064 2203 1095 2256 et
1122 2203 1298 2256 monstrum
1322 2191 1446 2278 biceps,
1477 2193 1654 2256 infaustum
1678 2192 1787 2256 seculo
1811 2192 1994 2278 prodigium
2019 2214 2082 2254 non

435 2302 543 2363 renuis
568 2323 734 2386 apparere.
782 2299 854 2363 Non
879 2300 1034 2384 expetitio
1059 2298 1180 2384 populi,
1206 2321 1269 2362 non
1293 2298 1370 2362 cleri
1395 2301 1552 2384 precessit
1570 2299 1695 2378 electio,
1721 2299 1893 2362 sedetiam
1917 2321 2002 2363 nurrc
2027 2321 2081 2362 ex-

435 2408 706 2470 communicatum
730 2417 884 2493 reputans
908 2407 1103 2470 universitas
1127 2403 1186 2468 tibi
1211 2404 1262 2468 vel
1287 2429 1362 2490 pars
1387 2405 1500 2470 saltem
1520 2408 1663 2470 maxima
1687 2404 1878 2490 refragatur,
1902 2407 1935 2468 in
1956 2417 2082 2490 partem

434 2512 626 2576 catholicam
651 2513 750 2576 multo
774 2512 937 2576 desiderio
962 2513 1171 2598 suspirantes.

542 2661 571 2718 8.
613 2653 685 2739 Age
718 2677 805 2739 crgo,
836 2665 871 2717 ut
901 2655 994 2739 (quasi
1026 2652 1067 2717 ab
1098 2655 1189 2716 initio
1221 2677 1346 2718 summa
1370 2657 1511 2718 onmium
1536 2653 1628 2719 brevi
1653 2655 1877 2742 complexione
1902 2653 2081 2735 claudatur,
2103 2681 2129 2718 so

435 2762 512 2847 quia
543 2759 584 2824 ab
617 2783 665 2841 eo,
698 2760 785 2846 quod
816 2783 1004 2846 exceperas,
1036 2761 1209 2840 recessisti,
1241 2762 1431 2824 temeritatis
1455 2761 1507 2824 vel
1537 2763 1775 2826 inconstantiae
1799 2774 1830 2826 te
1855 2761 2082 2847 condempnat.

434 2867 502 2931 Aut
525 2869 610 2931 enim
636 2867 709 2930 huic
733 2869 818 2952 parti
845 2867 1040 2931 temerarie⁰
1066 2889 1241 2930 consensus
1265 2867 1436 2931 adiunctus
1461 2879 1509 2930 cst
1540 2879 1595 2932 aut
1619 2874 1720 2932 'certe
1744 2870 1839 2932 nimis
1864 2870 2085 2932 inconstanter

435 2973 615 3060 ademptus.
653 2972 749 3054 Quod
773 2984 880 3038 autem
897 2973 1042 3037 favorem
1066 2985 1157 3037 tumn
1181 2972 1222 3036 ab
1247 2973 1307 3038 hac
1332 2985 1423 3059 parte
1448 2975 1552 3058 prima
1575 2974 1648 3038 tulit
1671 2975 1812 3058 negatio,
1838 2973 1958 3038 nullum
1984 2996 2082 3038 (eccae

435 3079 620 3144 ambitionis
646 3091 694 3143 est
717 3081 839 3144 firmius
864 3090 1100 3164 argumentum.
1147 3079 1191 3142 At
1215 3102 1292 3142 verer
1318 3080 1458 3165 idipsum
1483 3080 1609 3166 palliari
1640 3081 1786 3144 fortassis
1818 3081 1925 3166 aliquo
1951 3081 2082 3166 conqui-

435 3188 515 3250 sitae
540 3187 689 3251 falsitatis
714 3186 874 3250 velamine
899 3187 1066 3271 potuisset,
1099 3186 1156 3249 sed
1183 3186 1271 3249 facta
1301 3187 1332 3249 in
1357 3185 1491 3250 alteram
1516 3199 1651 3272 partem,
1683 3211 1747 3250 non
1771 3189 1832 3250 nisi
1858 3187 1972 3250 eadem
1997 3187 2082 3270 lega-
2103 3214 2129 3252 ss

436 3295 522 3358 tione
546 3295 728 3379 impetrata,
752 3294 873 3356 favoris
898 3293 1074 3370 translatio,
1100 3316 1226 3355 «tarnem
1251 3291 1309 3355 tibi
1328 3293 1456 3377 copiam
1473 3292 1670 3357 defensionis
1688 3294 1818 3357 ademit.
1854 3293 1908 3357 Ad
1925 3317 2082 3357 summanr

436 3401 500 3464 iam
525 3412 556 3463 te
580 3423 644 3463 non
660 3399 772 3463 illicite
797 3399 909 3480 solum,
935 3399 992 3462 sed
1017 3411 1049 3462 et
1073 3399 1278 3484 impudenter
1294 3400 1421 3484 opmari
1439 3401 1603 3464 convincit
1627 3400 1864 3486 archicpiscopi
1889 3411 1921 3464 et
1937 3401 2081 3485 episcopi

437 3509 469 3570 in
494 3506 630 3570 eandem
655 3529 825 3592 personam
851 3507 938 3570 facta
962 3505 1119 3569 confusio.

542 3630 623 3694 Hiss
647 3631 758 3716 itaque
783 3630 823 3693 de
845 3643 876 3694 te
893 3632 951 3694 toti
968 3629 1088 3694 mutulo
1105 3628 1300 3715 patentibus,
1326 3652 1391 3716 qua
1414 3629 1528 3692 saltem
1552 3629 1692 3713 imagine
1717 3631 1857 3694 iustitiae
1882 3629 1940 3694 tibi
1965 3654 2082 3694 nornen

437 3760 583 3824 usurpas,
616 3737 692 3800 dum
716 3735 846 3822 publice
872 3736 1008 3800 suadere
1034 3747 1138 3821 putas,
1167 3747 1209 3818 te,
1234 3737 1293 3800 etsi
1319 3758 1383 3798 non
1407 3759 1448 3798 ex
1473 3737 1620 3818 scientia,
1651 3735 1720 3800 zelo
1745 3747 1853 3799 tanren
1876 3737 1984 3800 taliter
2007 3760 2081 3823 ope·
2103 3765 2128 3802 so

436 3844 527 3908 rari?
570 3842 735 3928 Numquid
758 3842 839 3906 haee
864 3853 1018 3928 operate
1042 3867 1106 3906 nen
1130 3842 1353 3928 imprudenter
1377 3865 1419 3905 ex
1443 3842 1648 3928 simplicitate
1673 3842 1873 3928 delinquere,
1898 3843 1956 3907 sed
1980 3845 2081 3930 impu·

281 3977 416 4027 emeras.
437 3951 552 4014 denter
575 3973 617 4013 ex
641 3951 826 4034 arrogantia
850 3961 1078 4034 contempnere
1102 3949 1335 4012 manifestant?
1383 3950 1505 4036 lrrqoirs
1529 3951 1624 4031 enim,
1650 3979 1718 4014 ‹ooo
1749 3954 1865 4015 retrorsi
1892 3954 1922 4015 io
1941 3953 2082 4038 profire·

439 4059 523 4137 riuos,
548 4059 741 4142 corucmpait.
790 4055 913 4120 Saltem
937 4054 1121 4119 deficientia
1145 4067 1278 4119 naturae
1304 4055 1375 4140 lege
1400 4055 1546 4118 membra
1570 4056 1751 4136 considera,
1783 4058 1860 4143 quia
1882 4068 2009 4142 ternpus
2034 4069 2082 4120 est

436 4164 534 4226 tinem
558 4162 636 4225 dare
660 4163 824 4246 nequitiae
849 4172 881 4225 et
904 4161 1033 4225 inutiles
1058 4161 1177 4226 mundo
1202 4161 1355 4247 reliquias
1376 4163 1563 4247 expecta-nti
1580 4163 1651 4225 lieo
1669 4177 1795 4248 gratum
1818 4187 1934 4227 nrunus
1957 4163 2082 4226 offerre.

438 4268 592 4332 Declines
618 4268 660 4332 ad
682 4269 802 4349 infima,
826 4268 934 4332 vultus
958 4267 1087 4350 adtolle,
1112 4281 1143 4330 et
1167 4290 1314 4332 enormes
1339 4268 1424 4331 oculi
1454 4270 1499 4331 tui
1531 4268 1573 4332 ad
1604 4280 1728 4354 partem
1752 4269 1934 4354 dirigantur
1956 4270 2082 4355 opposi-
2103 4295 2128 4333 ss

298 4367 418 4469 ,.,·⁸,s'3{,⁵lj
438 4385 514 4457 tam,
544 4385 580 4438 ut
604 4373 741 4456 'videas
774 4401 867 4460 priora
898 4377 1009 4438 dortour
1040 4390 1067 4439 et
1098 4376 1264 4438 iocandum
1293 4391 1336 4439 est
1367 4379 1399 4439 iu
1423 4401 1518 4440 ¹torma
1542 4378 1692 4440 beddure.
1742 4376 1807 4440 Sed
1832 4377 1985 4462 quoniam
2008 4399 2083 4439 noe·

438 4492 551 4545 tttrnus
574 4479 662 4544 bubo
686 4480 789 4545 lucem
816 4480 964 4544 diurnam
987 4503 1052 4543 non
1076 4480 1214 4543 sustines
1239 4481 1366 4562 intueri,
1399 4504 1495 4545 cecus
1526 4505 1620 4546 aures
1652 4484 1767 4568 arrige,
1798 4484 1860 4546 nisi
1892 4495 1923 4546 et
1952 4482 2083 4546 easdem

545 4713 571 4778 a)
593 4718 678 4782 gratis
698 4717 731 4766 Ι).
816 4713 844 4777 b)
866 4713 961 4765 visi).
1044 4714 1069 4776 e)
1091 4717 1261 4766 detrimenda
1280 4717 1314 4766 I).
1403 4713 1431 4779 d)
1454 4719 1582 4768 adhorres
1606 4719 1636 4767 l).
1724 4715 1749 4778 e)
1772 4719 2083 4768 superstruxere

438 4805 714 4867 emanue

548 5005 577 5074 1)
604 5003 652 5076 Cf.
678 5005 746 5060 Lue
773 5005 802 5074 5,
817 5004 835 5060 8
852 5026 894 5079 sq.
978 5001 1008 5078 2)
1034 5003 1082 5075 ΟΥ.
1110 5005 1204 5061 Esod.
1226 5005 1274 5076 16,
1290 5006 1318 5062 3.
1402 5003 1432 5080 3)
1458 5006 1670 5074 illorurstrrium,
1697 5014 1725 5061 ut
1748 5005 1864 5076 violetur,
1888 5029 1910 5061 s.
1939 5006 2085 5062 Martialis
2103 5025 2130 5062 ro

441 5110 644 5168 celeberrimos
668 5110 697 5167 in
719 5110 847 5167 sudrcrlrio
872 5109 1075 5167 Lemoeiceasis
1099 5110 1216 5167 ciuitatis
1238 5112 1318 5168 situm
1344 5113 1485 5183 droculfus
1508 5111 1551 5167 tic
1573 5111 1723 5189 siginificat.
1801 5111 1830 5181 4)
1856 5113 1901 5168 De
1924 5133 1981 5188 qua
2003 5133 2084 5170 usur·

435 5217 552 5292 praticae
582 5218 622 5289 cs.
654 5216 784 5292 epristrrlus
808 5215 948 5286 Guilelmi,
980 5217 1102 5292 episcopi
1132 5217 1380 5293 Petraporirensis,
1407 5217 1545 5287 Guilelrai,
1577 5217 1699 5292 episcopi
1725 5217 1917 5287 Pietaeieosis,
1944 5217 2083 5287 Guilelrui,

440 5315 562 5398 qriscopi
578 5323 771 5392 Surrtoaensis,
796 5325 830 5379 de
853 5324 907 5379 liae
930 5343 961 5378 re
984 5324 1025 5378 od
1041 5323 1213 5398 Vulpriruoo,
1239 5324 1476 5399 archiepiscopum
1494 5323 1705 5393 Biturierascoe,
1731 5326 1815 5381 (latas
1837 5324 2018 5400 Vuiprioiquc
2041 5345 2084 5380 re·

439 5429 614 5504 sponsionem
645 5429 817 5504 eitudemque
846 5428 988 5503 epistolam
1019 5430 1061 5484 od
1089 5428 1230 5504 episcopos
1252 5430 1453 5505 suffropaaeos
1476 5429 1734 5505 archiepiscopatur
1756 5430 1978 5506 Burdepolcasis
2002 5432 2085 5488 datas

440 5537 520 5610 opud
541 5534 643 5605 Labda,
668 5534 741 5592 Bibl.
766 5555 828 5592 troo.
853 5535 893 5605 II,
919 5535 1059 5606 83-85,
1085 5544 1110 5590 et
1133 5555 1192 5591 arra.
1218 5535 1325 5593 addatis
1343 5536 1462 5592 dicrota
1485 5535 1605 5592 iucidmo
1630 5556 1726 5593 comem
1750 5557 1845 5593 rerum
1869 5536 2084 5613 dispositionem
2103 5556 2129 5594 ss

439 5645 458 5698 l.
476 5662 498 5698 c.
518 5661 551 5718 p.
571 5641 633 5697 300
650 5660 691 5716 sq.
