4410 6406
578 393 694 447 LIBER
716 393 769 446 DE
794 391 1060 448 NOVITATIBUS
1084 391 1204 448 HUIUS
1227 389 1434 448 TEMPORIS.

601 582 653 643 23.
689 578 748 642 De
772 579 886 642 ranis
911 575 1115 642 cinifibns
1140 587 1179 641 et
1202 579 1415 642 cinomias.

127 1135 143 1173 s
290 1114 341 1178 Tu
372 1137 461 1201 ergo,
496 1137 582 1200 papa
611 1113 771 1194 Adriane,
807 1112 933 1198 aurium
966 1113 1167 1197 prnrentium
1198 1133 1283 1174 vana
1314 1109 1552 1175 oblectamenta
1583 1122 1615 1176 et
1644 1123 1835 1177 ornamenta

170 1235 319 1285 eatenus
341 1221 489 1285 inaudita
511 1221 627 1307 partim
653 1221 800 1306 superius
824 1242 844 1283 a
867 1217 960 1282 nobis
984 1241 1043 1304 per
1066 1218 1213 1282 districta
1236 1219 1355 1304 partim
1379 1220 1624 1304 *sapientiorum
1648 1219 1833 1306 diligentiae
1855 1234 1944 1296 otios.

172 1327 222 1391 ad
248 1327 512 1413 investigandum
537 1337 667 1391 servata
690 1328 724 1390 in
739 1326 838 1411 glosis
862 1327 1039 1411 prenotatis
1056 1324 1109 1388 vel
1132 1324 1213 1389 alter
1229 1322 1329 1388 Iacob
1353 1323 1413 1389 sub
1437 1324 1618 1390 therebinto
1643 1328 1749 1390 crucis
1772 1327 1833 1391 for·
1854 1354 1980 1404 ostana.

174 1436 260 1499 titer
282 1445 315 1499 et
338 1434 401 1499 alte
425 1433 628 1498 suffodiendo
653 1446 685 1497 et
708 1432 857 1514 dicendo,
889 1434 915 1496 si
939 1434 1011 1518 quis
1041 1431 1102 1496 hoc
1127 1432 1179 1496 vel
1209 1431 1270 1496 hoc
1301 1431 1430 1512 dixerit,
1456 1431 1542 1518 quod
1566 1455 1644 1496 sane
1669 1433 1834 1498 doctrinae

177 1540 353 1606 adversari
370 1541 608 1627 deprehensum
631 1540 738 1621 fuerit,
762 1538 935 1602 anathema
958 1540 1008 1620 sit,
1034 1536 1237 1624 comparabis
1253 1537 1390 1624 gloriam
1406 1536 1465 1602 tibi
1483 1549 1594 1603 contra
1611 1539 1718 1603 hostes
1735 1543 1834 1605 victo-

122 1673 155 1711 ιο
178 1650 276 1712 riam.
327 1649 410 1726 Quia
434 1651 516 1712 enim
539 1647 792 1712 miscricordiam
817 1660 845 1710 ct
869 1649 1024 1711 ceritatem
1050 1646 1278 1733 diripiamus,
1306 1649 1445 1733 pretinm
1469 1661 1497 1711 et
1516 1647 1652 1733 plocium
1684 1645 1814 1735 [dabir
1854 1675 1975 1724 sesan.

181 1757 331 1832 doon'nns
354 1754 446 1818 Deus
468 1753 725 1818 miscricordiam
748 1751 932 1816 tenentibus
957 1763 989 1816 et
1011 1753 1182 1816 veritatem
1206 1750 1466 1816 defendentibus.
1512 1752 1639 1818 Attinet
1661 1765 1768 1818 autem
1793 1755 1835 1820 ad

182 1861 440 1926 misericordiam
464 1871 608 1924 errantes
633 1861 795 1944 corrigere
820 1859 861 1922 ad
884 1860 1066 1942 veritatem,
1091 1881 1168 1923 vero
1196 1859 1229 1922 in
1254 1859 1382 1945 scriptis
1407 1870 1519 1945 argute
1543 1859 1743 1946 loquentium
1768 1861 1836 1926 sola

181 1969 358 2032 maledicta
381 1967 559 2054 dampnare
584 1989 622 2031 ac
645 1965 819 2030 benedicta
843 1987 984 2029 servare.
1020 1965 1093 2030 Non
1111 1967 1196 2028 enim
1213 1975 1262 2030 est
1284 1965 1345 2029 hoc
1369 1975 1458 2029 tuum
1480 1966 1535 2052 qui
1558 1965 1684 2031 iudicas
1708 1990 1836 2032 ornnem

182 2087 315 2156 terram,
339 2087 375 2138 ut
397 2074 451 2138 vel
473 2074 592 2160 perdas
615 2075 734 2137 iustum
759 2095 832 2136 cum
856 2073 955 2158 impio
972 2072 1024 2136 vel
1041 2071 1197 2158 dampnes
1213 2073 1383 2135 veritatem
1404 2095 1477 2136 cum
1501 2073 1676 2138 mendatio.
1724 2073 1778 2140 Sic
1802 2077 1835 2138 in
1855 2102 2013 2152 athenaeas.

131 2183 315 2268 asscriptis
342 2181 516 2266 Origenisb
539 2180 624 2244 male
649 2180 736 2244 dicta
766 2190 840 2243 sunt
870 2179 1036 2243 confutata
1060 2189 1092 2243 et
1113 2177 1288 2242 benedicta
1318 2190 1456 2243 servata.
1503 2179 1570 2244 Nos
1594 2203 1672 2246 vero
1696 2183 1835 2264 interim,

183 2287 291 2352 donec
315 2310 414 2374 super
436 2287 485 2352 his
508 2287 665 2351 iudicium
688 2285 845 2372 procedat
868 2285 1091 2371 apostolicum,
1122 2297 1268 2349 tenemus
1299 2284 1469 2350 consilinm
1493 2287 1704 2373 apostolicum
1730 2289 1837 2353 omnia
1855 2289 2000 2392 “gf-233¹·

182 2394 367 2481 probando,
396 2394 483 2481 quod
513 2393 633 2458 bonnm
665 2403 714 2456 est
742 2391 884 2456 tenendo
915 2403 947 2456 et
977 2391 1018 2456 ab
1048 2393 1135 2456 omni
1166 2393 1274 2479 specie
1298 2391 1394 2474 mala,
1419 2405 1573 2479 quantum
1597 2396 1703 2480 gratia
1726 2394 1837 2460 divina

184 2501 375 2588 dignabitur
397 2503 521 2582 iuvare,
545 2523 603 2564 nos
628 2499 820 2564 abstinendo
845 2510 877 2562 et
901 2521 956 2563 eos
981 2499 1118 2585 quinos
1142 2498 1298 2563 audiunt⁰
1322 2499 1520 2585 inidipsum
1544 2501 1778 2567 conmonendo.

520 2717 572 2779 25.
609 2713 954 2778 commemoratio
978 2713 1279 2799 preteritorum
1303 2711 1501 2777 laborum.

137 2865 164 2903 so
295 2840 378 2906 Cum
409 2862 512 2905 essem
543 2840 660 2920 iunior,
692 2837 863 2924 cingebam
894 2860 945 2900 me
977 2845 1009 2900 ct
1039 2835 1245 2900 ambulabam
1269 2834 1325 2901 ubi
1349 2837 1497 2903 volebam
1522 2839 1685 2904 visitando
1716 2841 1837 2928 aliquo-

184 2951 269 3014 tiens
294 2946 542 3034 apostolicornm
566 2944 679 3009 limina
702 2955 734 3008 et
757 2943 987 3030 apostolicam‘¹
1004 2942 1145 3025 sedem‘l,
1170 2954 1316 3008 nontam
1338 2944 1460 3009 habens
1484 2946 1647 3010 interdum
1663 2948 1837 3034 specialem

185 3057 414 3120 necessitatem
432 3077 529 3141 quam
545 3051 715 3116 intendens
733 3051 891 3116 ecclesiae
915 3050 1085 3114 utilitatem
1104 3073 1317 3132 communem,
1341 3075 1439 3138 super
1462 3075 1527 3138 qua
1551 3063 1583 3117 et
1605 3053 1737 3118 amibus
1761 3078 1837 3142 apo·
1856 3081 2013 3132 sasernae.

187 3163 321 3228 stolicae
346 3161 564 3225 “discretionis
588 3159 696 3245 aliqua
721 3159 877 3244 suggessi,
903 3180 965 3243 que
989 3156 1080 3220 utilia
1107 3157 1228 3242 putavi,
1260 3168 1392 3243 propter
1416 3182 1478 3244 quc
1509 3161 1542 3223 iu
1566 3160 1735 3225 itineribus
1759 3185 1836 3249 sepe
1855 3187 1944 3237 *arat

186 3268 334 3334 laboravi
356 3267 509 3355 periculis
533 3265 711 3347 fluminum,
735 3264 888 3351 periculis
911 3263 1081 3346 latronum,
1106 3263 1258 3349 periculis
1283 3286 1325 3326 ex
1348 3287 1467 3350 genere
1478 3275 1501 3347 ⁰,
1526 3267 1677 3351 periculis
1701 3269 1734 3330 in
1759 3269 1836 3333 civi-

141 3397 168 3438 as
186 3386 263 3458 tate,
287 3374 440 3462 periculis
464 3375 498 3438 in
514 3372 698 3453 solitudine,
723 3371 875 3458 periculis
899 3372 934 3433 in
949 3369 1039 3434 falsis
1063 3369 1217 3434 doctrinis
1242 3380 1274 3433 et
1297 3369 1450 3435 falsorum
1474 3371 1608 3436 fratrum
1624 3373 1836 3439 infestationi-

186 3483 247 3547 bus
271 3482 349 3547 foris
372 3504 510 3569 pugnas,
533 3482 619 3544 intus
642 3480 773 3542 timores
798 3476 1026 3541 excitantibus.
1061 3476 1151 3539 Inter
1174 3476 1356 3540 huiusmodi
1380 3478 1525 3563 pericula
1548 3479 1708 3544 Dominus
1732 3483 1837 3566 gratia
1855 3508 1987 3558 acorna.

187 3613 245 3653 sna
277 3591 376 3653 astitit
405 3586 504 3651 michi
536 3597 568 3651 et
598 3596 711 3649 sancta
734 3585 880 3648 Romana
910 3583 1059 3648 ecclesia.
1106 3583 1194 3646 Hinc
1225 3594 1282 3664 est,
1310 3583 1397 3669 quod
1427 3585 1524 3649 Petro
1547 3574 1668 3650 Leonis
1698 3588 1731 3650 in
1756 3588 1836 3653 urbe

186 3697 401 3760 tirannizante
425 3705 522 3780 atque
547 3717 619 3758 eum
644 3703 729 3757 esset
753 3692 1053 3756 excommunicatus
1076 3692 1146 3776 ipse
1171 3690 1285 3775 suique
1309 3690 1462 3773 fautores,
1486 3693 1601 3756 missas
1625 3704 1733 3758 tamen
1754 3694 1836 3759 cele-

187 3801 320 3866 brarent
343 3813 375 3866 et
398 3824 459 3887 ego
483 3800 554 3865 illos
578 3821 749 3885 negassem
772 3799 806 3860 in
823 3799 973 3861 crismate
998 3796 1058 3860 sub
1078 3798 1412 3861 excommunicatione
1437 3822 1554 3885 corpus
1570 3798 1690 3864 Christi
1714 3801 1836 3867 habere

144 3931 170 3970 ro
188 3921 244 3974 aut
268 3909 427 3973 conficere
458 3930 553 3994 posse
585 3929 658 3970 cnm
682 3904 798 3990 grandi
828 3903 939 3967 labore
967 3926 1039 3968 meo
1064 3903 1205 3989 cogebar
1228 3906 1417 3986 sententiae,
1442 3929 1538 3991 quam
1563 3909 1651 3971 tenui
1676 3919 1707 3972 et
1730 3920 1836 3992 teneo,

187 4015 329 4104 palmam
351 4016 508 4079 victoriae
533 4036 641 4078 coram
664 4011 781 4075 beatae
808 4011 984 4074 memoriae
1007 4008 1198 4075 Innocentio
1222 4033 1308 4096 papa
1338 4013 1493 4097 optinere,
1525 4013 1602 4076 item
1626 4024 1738 4078 contra
1761 4015 1836 4081 doc-

188 4124 288 4186 tn'nas
305 4123 413 4185 varias
437 4131 470 4185 et
491 4121 681 4206 peregrinas
697 4119 786 4182 Petri
803 4116 969 4181 Baiolardi
992 4115 1149 4180 auxilium
1172 4139 1280 4180 meum
1304 4141 1323 4181 a
1343 4117 1472 4182 domino
1496 4119 1624 4184 insede
1648 4121 1835 4206 apostolica,

188 4251 385 4316 quamquam
408 4227 460 4290 ille
485 4226 661 4312 discipulos
684 4227 717 4288 in
742 4224 830 4288 scola
854 4246 912 4287 sua
936 4223 1078 4287 eruditos
1103 4233 1135 4288 et
1158 4223 1304 4288 doctrine
1329 4247 1386 4289 sue
1411 4237 1645 4292 consentaneos
1669 4227 1836 4294 habuisset

188 4349 264 4399 tunc
288 4337 321 4398 in
341 4333 480 4399 ecclesia
496 4334 652 4413 Romana,
678 4333 761 4395 sicut
785 4342 817 4394 et
839 4353 925 4394 nunc
948 4331 982 4393 in
1007 4352 1046 4393 ea
1069 4342 1144 4394 sunt
1167 4331 1222 4416 qui
1246 4329 1287 4395 ab
1312 4333 1464 4419 episcopo
1482 4331 1653 4399 Gilliberto
1677 4335 1834 4419 instructi,

145 4465 170 4504 ss
188 4442 323 4507 fortasse
347 4440 469 4506 nollent
492 4439 615 4526 aliquid
631 4449 742 4504 contra
765 4436 854 4501 illum
871 4436 946 4518 dici,
971 4437 1028 4501 sed
1052 4447 1161 4501 tamen
1185 4448 1219 4501 ut
1242 4439 1356 4524 spiritu
1379 4440 1477 4502 etiam
1494 4450 1606 4504 eontra
1625 4442 1732 4527 ipsum
1747 4441 1835 4508 fave·

188 4548 270 4613 bunt
292 4549 432 4612 veritati.
479 4546 636 4612 Similiter
659 4556 691 4609 et
713 4568 772 4631 pro
797 4545 904 4609 causis
928 4543 999 4607 aliis
1023 4543 1251 4608 nichilominus
1276 4544 1505 4611 ecclesiasticis
1529 4546 1664 4612 multum
1688 4548 1835 4614 laboravi

189 4667 221 4720 et
243 4655 374 4719 favente
398 4655 503 4739 gratia
527 4654 591 4717 Dei
616 4657 668 4716 *ac
691 4652 910 4716 Romanorum
933 4650 1120 4736 pontificum
1145 4673 1223 4736 sepe
1247 4652 1371 4737 optinui
1395 4653 1482 4738 quod
1505 4654 1603 4718 volui.
1854 4683 1944 4732 ·,‚,105,

626 4868 678 4930 26.
714 4865 946 4929 Excusatio
970 4863 1157 4928 laborum
1182 4864 1393 4951 deinceps.

295 4994 391 5058 Nune
422 5005 528 5057 autem
559 4992 636 5078 qnia
666 5000 832 5054 senectute
863 4991 1048 5074 pariterque
1079 4988 1264 5052 infirmitate
1295 4990 1438 5075 corporis
1468 4991 1514 5054 ita
1540 5013 1669 5077 gravor,
1693 5003 1729 5056 ut
1751 4992 1835 5058 ultra

144 5123 171 5162 ro
189 5124 254 5166 non
278 5100 403 5166 valeam
429 5101 512 5163 sicut
535 5109 609 5162 ante
633 5097 721 5161 valui
743 5094 902 5178 laborare,
928 5105 1042 5180 optans
1067 5116 1140 5158 cum
1164 5093 1259 5158 beato
1283 5094 1353 5178 Iob,
1377 5105 1412 5159 ut
1439 5097 1473 5160 in
1496 5096 1607 5162 nidulo
1630 5120 1713 5182 meo,
1742 5102 1834 5183 mori,

190 5209 335 5274 derideat
363 5228 492 5293 quoque
521 5226 579 5286 me,
611 5215 646 5269 ut
675 5204 763 5268 illum
795 5205 944 5283 fortiores,
979 5217 1113 5288 tempore
1143 5227 1273 5288 quoram
1308 5226 1369 5266 oon
1400 5204 1557 5291 dignabor
1582 5219 1692 5291 patres
1714 5231 1835 5293 ponere
1853 5198 2013 5301 {gffgl'fss’m'

189 5341 258 5380 cam
282 5316 413 5379 canibus
432 5314 539 5400 proptr
561 5315 632 5391 mei,
656 5312 853 5376 aitsanctus
877 5307 946 5372 Iob.
980 5307 1025 5371 Et
1048 5329 1108 5393 ego
1133 5319 1241 5392 patros
1265 5329 1304 5372 ae
1328 5308 1477 5374 doctores
1500 5311 1645 5392 istorum,
1669 5311 1746 5376 licet
1767 5336 1834 5377 ma-

189 5423 307 5507 gistros
336 5421 371 5483 in
395 5418 574 5484 scolasticis
606 5416 849 5498 conventiculis,
880 5416 1011 5479 minime
1042 5414 1251 5500 preferendos
1275 5414 1327 5478 vel
1351 5415 1563 5482 conferendos
1588 5439 1706 5483 censeo
1731 5419 1834 5484 eccle-

190 5529 310 5592 siarum
334 5524 521 5591 doctoribus
545 5524 742 5604 orthodoxis,
767 5545 903 5609 quorum
927 5521 1074 5586 doctrina
1103 5520 1206 5608 fulget
1235 5521 1376 5586 eeclesia
1404 5536 1441 5587 ut
1470 5524 1515 5588 sol
1547 5535 1579 5589 et
1605 5523 1691 5589 luna.
1737 5525 1834 5591 Unde

143 5773 171 5812 to
297 5761 324 5826 a)
345 5762 411 5814 deest
428 5778 448 5812 c.
521 5757 550 5824 b)
572 5761 679 5811 Orionis
698 5777 718 5810 c.
790 5755 817 5820 o)
839 5757 966 5807 audivit?
985 5775 1006 5808 c.
1079 5755 1107 5818 d)
1130 5757 1281 5824 apostolica
1300 5759 1365 5809 sede
1383 5776 1404 5810 c.
1477 5756 1503 5821 e)
1524 5741 1610 5826 g⁵en⁵o
1629 5778 1649 5812 c.
