4410 6406
574 375 690 428 LIBER
714 373 765 428 DE
790 372 1055 429 NOVITATIBUS
1080 369 1200 428 HUIUS
1225 371 1432 427 TEMPORIS.
1767 366 1830 428 295

162 561 346 644 pacienter
377 562 584 642 sustinentur,
621 583 685 624 non
720 573 785 623 tam
822 559 882 624 sub
912 559 1054 623 Rachele
1091 558 1231 644 desuper
1265 558 1399 622 sedente
1431 581 1528 644 quarn
1564 558 1624 623 snb
1655 571 1831 624 stramento
1850 585 2009 634 asennaa.

166 666 294 730 cameli
311 666 555 731 absconduntur
570 667 666 731 idola.
703 667 796 731 Sicut
819 687 853 729 se
877 664 976 730 habet
999 667 1120 746 istoria,
1145 663 1202 728 ubi
1225 663 1364 750 legitur¹
1388 666 1461 750 ipsa
1476 665 1597 729 Rachel
1623 665 1734 730 subter
1752 677 1830 731 stra·

167 785 322 837 mentum
346 774 472 854 cameli,
504 773 653 838 animalis
677 773 803 838 scilicet
830 771 987 853 inmundi,
1018 773 1168 858 primitus
1193 771 1280 835 idola
1303 773 1451 857 posuisse
1475 795 1514 836 ae
1539 772 1657 836 deinde
1681 775 1753 858 ipsa
1775 773 1831 838 de·

168 903 278 965 super
300 880 433 961 sedisse,
457 893 493 944 ut
516 880 741 944 ostenderetur
765 875 963 943 *differentia
990 881 1076 942 inter
1097 877 1246 960 mundos,
1272 875 1390 964 quibus
1414 879 1523 942 omnia
1545 878 1668 942 munda
1691 893 1774 960 sunt,
1799 891 1830 944 et
1849 869 1967 970 ,ilgfffi

129 987 352 1050 simnundos
377 1000 408 1049 et
431 985 589 1066 infideles,
615 985 732 1073 quibus
756 983 856 1049 nichil
879 985 1045 1067 mundum,
1071 1007 1207 1070 quorum
1225 986 1323 1048 etiam
1347 985 1374 1046 si
1391 1007 1455 1070 qua
1479 984 1592 1070 religio
1617 986 1829 1071 pretenditur,

172 1095 364 1156 stramentis
388 1093 505 1156 cameli
528 1092 725 1157 assimilatur
748 1115 787 1157 ac
804 1089 939 1178 proinde
963 1091 1163 1178 repudiatur.
1200 1091 1286 1170 Quia
1302 1114 1379 1175 ergo
1397 1091 1430 1154 in
1446 1091 1541 1155 domo
1558 1090 1657 1155 Iacob
1674 1105 1830 1177 regnante

173 1198 319 1280 Christo,
343 1213 379 1262 ut
402 1222 501 1285 supra
523 1200 784 1281 memoravimus,
808 1200 940 1263 Petrum
956 1198 1112 1284 Patrique
1137 1220 1359 1262 successorem
1384 1197 1562 1284 quemlibet
1584 1201 1713 1262 nemine
1730 1198 1829 1264 Iacob

173 1306 231 1370 vel
257 1307 362 1392 potins
382 1305 483 1370 Israel
508 1307 770 1392 recognoscimus
794 1306 995 1387 honoratum,
1021 1327 1095 1368 cum
1119 1304 1240 1368 fidncia
1263 1303 1349 1368 bona
1372 1315 1521 1389 petamus
1545 1304 1587 1368 ab
1612 1329 1649 1369 eo
1675 1305 1830 1370 indicium

176 1436 279 1498 super
302 1413 501 1499 turpitudine
526 1411 652 1490 Ruben,
677 1435 776 1498 super
797 1413 905 1476 furore
931 1411 1076 1497 Symeon
1100 1422 1132 1474 et
1154 1411 1247 1492 Levi,
1272 1421 1431 1496 quatenus
1457 1422 1488 1474 et
1511 1433 1575 1474 non
1600 1413 1724 1477 sinatur
1747 1413 1831 1477 ultra
1850 1403 1992 1505 ξζῗῖῥῗζζῖἳ·

122 1541 153 1579 ιο
178 1543 328 1583 creseere
358 1520 391 1582 in
416 1518 512 1584 domo
536 1519 647 1601 Iacob,
672 1533 703 1582 et
730 1519 776 1582 illi
806 1518 980 1582 bellatores
1011 1519 1186 1603 importuni
1217 1517 1453 1603 compellantur
1483 1541 1517 1581 se
1542 1540 1622 1581 vasa
1653 1520 1831 1604 iniquitatis

179 1649 368 1711 agnoscere,
393 1628 449 1712 qui
474 1649 547 1691 cum
578 1627 642 1689 sint
670 1626 779 1689 clerici
804 1636 836 1688 et
859 1625 1051 1689 clericorum
1083 1625 1238 1709 magistri,
1271 1623 1365 1709 longe
1397 1623 1670 1710 indisciplinatius
1701 1639 1832 1691 movent

178 1756 313 1818 guerras
338 1735 371 1796 in
396 1732 491 1797 domo
515 1731 614 1797 Iacob
638 1755 735 1818 quam
759 1732 835 1796 laici
859 1733 1033 1817 principes.

710 1949 739 2008 8.
776 1945 834 2009 De
858 1944 985 2008 bellis
1010 1945 1302 2008 inordinatim*¹

206 2051 218 2072 ⁰
286 2071 372 2134 Nam
396 2072 466 2133 sine
490 2070 602 2133 ordine
619 2071 789 2134 iudiciario
806 2082 913 2134 castra
929 2068 1126 2150 obsidentes,
1151 2068 1302 2132 incendia
1317 2069 1475 2133 facientes
1500 2080 1532 2133 et
1555 2072 1639 2133 inter
1655 2070 1715 2134 hec
1731 2070 1832 2134 homi·

132 2199 159 2238 15
179 2177 268 2240 cidia
301 2177 404 2241 multa
438 2189 663 2262 perpetrantes
699 2189 795 2263 atque
826 2178 959 2262 insuper
990 2176 1101 2239 divina
1131 2187 1336 2240 sacramenta
1366 2175 1593 2261 dispensantes
1623 2189 1744 2262 cogunt
1774 2201 1832 2241 nos

179 2306 312 2368 gemere
337 2307 402 2347 non
426 2283 557 2370 quidem
582 2306 679 2369 super
703 2283 817 2347 militia
841 2282 988 2346 ecclesiis
1013 2307 1032 2346 a
1055 2280 1187 2367 regibus
1212 2293 1243 2345 et
1266 2281 1516 2368 imperatoribus
1541 2283 1627 2365 data,
1653 2284 1712 2347 sed
1735 2307 1833 2370 super

180 2390 307 2454 malitia
337 2414 379 2453 ex
410 2391 581 2454 occasione
613 2389 746 2453 militiae
778 2389 1034 2453 subintroducta.
1081 2388 1177 2453 Unde
1202 2412 1265 2464 non
1291 2389 1352 2453 hoc
1376 2388 1609 2472 desideramus,
1634 2402 1669 2454 nt
1693 2391 1833 2455 ccclesia

179 2497 299 2583 perdat
322 2497 480 2578 militiam,
505 2496 562 2560 sed
585 2497 751 2578 malitiam,
776 2498 958 2582 prescripta
974 2496 1129 2560 videlicet
1152 2491 1366 2559 saluberrima
1389 2495 1512 2580 regula,
1537 2496 1716 2560 secundum
1736 2520 1834 2583 quam

180 2604 353 2690 pontifices
377 2605 423 2667 uti
448 2615 479 2667 et
503 2627 566 2666 non
591 2601 682 2667 abuti
706 2602 847 2667 debeant
876 2604 948 2688 ipsa
979 2602 1123 2666 militiae
1170 2602 1213 2665 Et
1241 2602 1373 2688 quidem
1403 2601 1532 2687 regulas
1562 2605 1711 2688 antiquas
1736 2627 1834 2690 super

131 2733 160 2771 so
181 2711 242 2774 hoc
267 2709 425 2773 habemus
449 2711 483 2772 in
508 2711 636 2795 seriptis
660 2709 797 2795 Nyeolai
821 2732 927 2795 papae
952 2708 1137 2796 specialiter
1160 2708 1201 2772 ad
1219 2707 1371 2772 Carolum
1395 2708 1596 2772 Francorum
1621 2732 1732 2796 regem
1756 2713 1833 2774 scri-

180 2813 289 2880 bentis
313 2827 346 2881 ct
368 2816 596 2880 universaliter
619 2817 652 2879 in
677 2816 823 2880 crrnciliis
840 2816 1006 2879 Toletanis
1031 2815 1239 2901 depromptas
1250 2820 1270 2896 ³,
1289 2817 1384 2901 'quas
1408 2839 1474 2879 non
1497 2828 1648 2902 putamus
1673 2840 1834 2882 canonum
1854 2841 1944 2891 *uren

181 2925 295 3008 peritis
318 2924 474 2986 Romanis
497 2923 704 3008 ingerendae,
729 2924 870 2985 maxime
895 2923 972 3008 quia
995 2923 1148 3007 temporis
1173 2922 1322 2986 novitasb
1347 2923 1481 3006 exigere
1505 2922 1636 2986 videtur
1659 2947 1761 2988 novas
1786 2947 1833 2987 re-

181 3030 284 3115 gulas,
311 3054 384 3093 cnm
408 3029 470 3094 illis
495 3031 635 3115 antiquis
660 3031 790 3093 omnino
815 3031 856 3092 sit
879 3028 1034 3093 iudicium
1059 3052 1097 3092 ac
1121 3030 1287 3114 negotium
1304 3029 1471 3114 sanguinis
1495 3029 1704 3094 interdictum
1728 3054 1833 3094 sacer·

182 3136 312 3200 dotibus
337 3147 369 3200 et
392 3136 524 3222 reliquis
549 3137 695 3222 personis
720 3136 792 3199 Deo
824 3135 1051 3214 servientibus,
1083 3137 1183 3198 nestri
1215 3147 1322 3199 antem
1354 3137 1508 3220 temporis
1533 3135 1672 3221 qualitas
1697 3137 1833 3201 fortasse

135 3269 162 3306 se
182 3243 271 3307 aliud
295 3245 441 3329 requirit,
470 3245 554 3307 sieut
577 3242 619 3306 ad
643 3242 759 3307 beatae
783 3243 937 3306 memorie
962 3243 1131 3327 pontifices
1156 3243 1319 3305 Romanos
1343 3242 1569 3306 innocentium
1593 3254 1625 3306 et
1648 3243 1833 3328 Eugenium

182 3352 351 3435 scripsisse
376 3373 434 3413 nos
459 3351 674 3413 meminimus.
720 3349 801 3412 Erat
832 3360 939 3412 autem
971 3371 1096 3412 summu
1124 3359 1200 3412 tune
1228 3357 1358 3411 nostrae
1383 3350 1610 3432 suggestionis,
1635 3361 1670 3411 ut
1694 3348 1834 3413 ecclesia

182 3456 244 3520 sibi
269 3456 402 3521 collatos
427 3456 564 3519 honores
589 3455 729 3519 tenendo
748 3465 893 3518 uteretur
917 3466 948 3519 et
972 3479 1036 3519 non
1059 3454 1246 3518 abuteretur
1261 3453 1334 3534 illis,
1359 3453 1524 3538 gladium⁰
1541 3453 1634 3517 verbi
1658 3478 1718 3540 per
1741 3456 1834 3541 spiri·

182 3563 273 3642 tales,
298 3563 443 3648 gladium
467 3562 544 3625 ferri
567 3585 626 3648 per
642 3562 804 3625 seculares
829 3563 990 3625 ministros
1015 3560 1161 3624 ordinate
1186 3583 1225 3623 ac
1249 3559 1445 3624 iudicialiter
1460 3559 1636 3642 vibrando,
1662 3585 1703 3625 ne
1727 3561 1833 3625 levitis

182 3669 365 3733 inordinate
397 3668 616 3755 pugnantibus
647 3671 777 3732 eveniat
806 3667 862 3732 illa
890 3668 1085 3748 maledictio,
1110 3691 1174 3752 qua
1198 3666 1362 3731 maledieti
1387 3679 1462 3730 sum
1485 3666 1628 3753 Symeon
1653 3679 1685 3732 et
1708 3668 1791 3731 Levi
1815 3691 1835 3731 a
1853 3695 2011 3738 aenaea

137 3800 163 3838 ao
183 3789 274 3862 patre
298 3775 409 3856 laceb,
441 3775 499 3838 sed
527 3776 633 3862 potius
661 3775 740 3860 ipsis
764 3774 870 3837 levitis
896 3797 937 3836 ex
961 3773 1148 3837 obedientia
1170 3775 1256 3836 iusta
1280 3784 1311 3836 et
1335 3775 1417 3837 iuste
1442 3772 1638 3838 bellantibus
1662 3776 1834 3859 proveniat

183 3882 236 3946 illa
259 3882 456 3963 benedictio,
481 3905 546 3967 qua
568 3880 739 3944 benedixit
762 3881 892 3966 Moyses
916 3881 1040 3961 levitas,
1066 3881 1121 3966 qui
1145 3881 1345 3966 precipiente
1371 3882 1440 3965 ipso
1458 3893 1640 3966 pugnantes
1664 3904 1833 3945 conseera-

183 4000 299 4053 verant
322 4012 436 4052 manus
461 4011 535 4051 suas
563 3989 597 4051 in
622 3989 779 4072 sanguine
803 3987 939 4050 fratrum
964 4011 1104 4051 suorum.
1161 3988 1276 4051 Videras
1304 3991 1385 4052 eru'm
1409 3988 1535 4074 ilioyses
1552 3989 1719 4074 populum,
1751 3990 1836 4074 quod
1853 3979 1940 4072 ζζξξξς

183 4113 260 4161 essct
290 4097 439 4174 rruclntua,
469 4097 664 4181 spoliaverat
692 4098 773 4158 errs'm
805 4120 873 4158 erum
896 4095 1008 4158 Aaron
1031 4109 1166 4180 propter
1196 4097 1403 4180 r'yruoruius'um
1433 4095 1538 4157 sordis
1570 4109 1597 4158 et
1625 4098 1706 4159 r'nter
1736 4096 1835 4160 hostes

184 4204 301 4267 essedum
326 4207 534 4282 cananaeus,
559 4218 586 4266 et
608 4217 694 4265 sturm
720 4205 751 4264 io
769 4216 866 4287 porta
891 4216 1063 4264 (scaurorum
1087 4203 1151 4264 uit:
1174 4201 1227 4264 ‘St'
1245 4204 1317 4286 qes't‘s
1334 4216 1377 4264 est
1393 4201 1536 4280 Dernr'nr',
1562 4205 1710 4288 r'uuqatur
1726 4203 1831 4266 utili&

138 4334 164 4372 su
187 4311 433 4397 (sslrrrryyreyete'qrre
463 4325 535 4372 aurat
563 4309 608 4372 ud
637 4334 703 4371 eruut
736 4332 839 4370 errantes
862 4309 937 4394 filii
963 4307 1053 4371 Lerr‘.
1108 4307 1228 4384 Quibus
1258 4311 1322 4370 ait:
1353 4308 1431 4370 ‘Her
1462 4307 1542 4370 (lusit
1572 4309 1717 4372 donemus
1747 4309 1834 4372 Deris

183 4417 294 4480 lsrrrel.
344 4417 443 4480 Peme
469 4419 517 4480 νίν
538 4416 683 4503 gladium
712 4439 807 4500 super
823 4416 937 4500 ferum·
959 4439 1058 4476 secetur.
1108 4413 1152 4477 Ite
1177 4429 1204 4477 et
1228 4414 1325 4477 redite
1350 4414 1387 4477 de
1408 4429 1500 4499 muru
1528 4439 1621 4500 resque
1645 4416 1690 4478 ad
1709 4430 1832 4500 portam

177 4551 239 4610 per
264 4524 414 4588 ‘rrtcdt'um
445 4537 617 4586 transtrorum
649 4536 677 4584 et
704 4521 827 4584 errrce'dut
858 4524 1068 4605 istiusqur'sque
1086 4523 1228 4608 fratrem
1259 4546 1348 4583 serrem
1380 4534 1408 4584 et
1437 4524 1574 4584 (terricum
1604 4536 1633 4584 et
1651 4525 1833 4606 premar-arn
1854 4547 1944 4598 *uren

181 4632 296 4694 seruue'.
352 4631 507 4694 Fecerunt
528 4631 603 4714 filii
632 4629 714 4692 Lari
743 4631 828 4692 burla
860 4653 1029 4690 seruauuuu
1061 4627 1175 4713 illeyat'.
1228 4627 1473 4712 (lecidcruntque
1506 4630 1538 4690 in
1570 4629 1627 4691 ille
1659 4629 1710 4692 (lie
1741 4632 1837 4713 putea?

183 4737 312 4800 XXIII
324 4739 415 4801 utilia
432 4738 600 4800 hominum.
652 4735 692 4798 Et
714 4738 762 4798 uit
775 4735 918 4818 illapsas:
942 4735 1170 4798 ‘llomsccrustis
1193 4759 1304 4796 recma
1328 4748 1446 4797 uestras
1469 4733 1562 4797 bodie
1580 4734 1716 4798 Domine
1740 4761 1833 4798 unus·

136 4847 314 4930 inclusisque
346 4848 378 4908 in
394 4845 470 4930 filio
494 4859 521 4907 et
537 4845 648 4930 sistra
672 4867 737 4922 suu,
766 4841 911 4904 ardetur
937 4843 1021 4904 redis
1045 4840 1241 4904 berreds'ctio'.
1289 4839 1377 4902 Ecce
1409 4839 1461 4902 hic
1492 4838 1566 4902 filiis
1589 4840 1670 4903 Levi
1702 4851 1834 4926 propter

183 4949 301 5014 bellum
328 4949 543 5014 inordinatum
570 4973 589 5012 a
604 4947 704 5012 Iacob
728 4947 919 5026 maledictis,
945 4948 1021 5009 item
1038 4958 1170 5031 propter
1193 4944 1312 5008 bellum
1330 4945 1476 5009 ordinate
1494 4957 1662 5031 peractum
1683 4969 1703 5009 a
1718 4946 1833 5031 Moyse

185 5058 379 5142 promittitur
394 5055 579 5120 benedictio
605 5057 637 5118 in
653 5054 781 5135 Exodo,
799 5077 861 5139 que
879 5053 1072 5138 deprompta
1096 5062 1145 5115 est
1168 5053 1201 5114 in
1218 5051 1485 5133 Deuteronomio,
1511 5053 1586 5137 quia
1610 5054 1760 5115 nimirum
1786 5055 1833 5117 sic

291 5293 317 5350 al
340 5294 417 5342 minio
435 5313 481 5342 scr.
500 5311 520 5342 c.
595 5289 622 5350 b)
644 5309 705 5342 nov.
726 5317 759 5324 —
779 5291 833 5340 vid.
853 5290 880 5339 iu
899 5308 977 5354 usurp.
997 5290 1079 5354 rrrppl.
1098 5308 1118 5338 c.
1192 5287 1218 5350 c)
1239 5287 1331 5352 gladio
1351 5306 1371 5337 c.

294 5511 322 5578 1)
350 5511 397 5582 (J.
423 5512 457 5567 dc
480 5511 531 5566 dec
547 5513 605 5566 lero
623 5507 730 5566 Grisur·
753 5508 781 5562 in
799 5507 946 5563 ‘Zcitsclu·.
959 5507 989 5576 f.
1008 5505 1084 5562 trun.
1106 5506 1208 5562 lbcolr'
1226 5505 1277 5560 IX
1288 5501 1416 5580 (1885),
1440 5527 1469 5578 p.
1489 5504 1561 5573 546,
1586 5525 1614 5560 n.
1634 5505 1662 5560 3.
1734 5505 1764 5574 2)
1784 5505 1832 5576 Qs.

138 5634 165 5672 45
184 5619 230 5674 Dc
258 5618 366 5696 eclificio
390 5618 447 5673 Ilei
476 5638 498 5673 c.
525 5617 577 5686 24,
608 5636 698 5690 ..aspra
723 5635 756 5690 p.
779 5615 848 5670 153.
969 5613 998 5682 3)
1029 5613 1059 5667 V.
1087 5611 1189 5669 tbnrrrr.
1221 5611 1249 5666 ia
1277 5632 1322 5686 ps.
1342 5612 1402 5680 64;
1438 5611 1482 5666 ubi
1511 5613 1622 5667 eaedem
1654 5611 1833 5668 azrctoritales

183 5727 356 5797 afferuntur.
