4568 6428
449 428 491 492 aa
693 432 878 489 uassours
903 429 1155 488 senonxsrrcr
1178 401 1351 483 nunsTtO
1390 423 1441 484 us
1466 429 1649 485 concrum
1675 429 1856 486 surmus.

338 629 431 722 002¹}ss
556 620 610 685 Ad
633 621 715 684 haec
747 621 855 684 omnia
884 643 958 684 cum
988 617 1186 704 respondere
1218 639 1281 680 non
1313 627 1436 701 posset,
1468 618 1596 680 mitiora
1626 615 1728 681 verba
1758 618 1866 703 coepit
1895 617 2040 703 proferre
2074 631 2108 682 et

449 728 597 792 inducias
629 749 786 814 quaerere
817 726 869 790 vel
893 749 996 812 usque
1021 747 1133 808 mane3
1171 725 1298 806 dicein,
1330 724 1414 788 velle
1447 747 1481 787 se
1512 747 1586 788 cunr
1617 723 1819 810 principibus
1850 736 1944 789 nocte
1977 724 2031 789 illa
2065 725 2107 789 de

449 859 549 900 causa
573 835 720 900 conferre
752 845 784 897 et
814 833 856 896 ad
880 832 1110 918 exequendum
1133 834 1349 918 promissum,
1382 833 1408 895 si
1432 842 1557 917 posset,
1591 853 1702 895 eorum
1734 830 1835 895 corda
1857 830 2041 913 inflectere,
2074 843 2108 896 et

449 943 660 1007 alterutruml
688 962 813 1003 summo
837 962 932 1003 mane
956 941 1152 1003 renuntiare.

556 1049 634 1112 Post
656 1047 738 1111 haec
762 1048 811 1110 sui
837 1045 876 1109 do
902 1046 997 1109 modo
1022 1043 1235 1110 absolutionis
1263 1057 1296 1110 et
1319 1045 1535 1131 susceptionis
1566 1067 1639 1108 cum
1671 1046 1789 1108 nostris
1822 1058 1999 1130 coeperunt
2030 1069 2106 1110 con·
2132 1071 2147 1110 s

449 1156 550 1220 ferre:
585 1155 701 1219 durum
726 1152 802 1236 sibi,
836 1153 935 1216 immo
968 1151 1171 1239 importabile
1204 1152 1329 1234 videri,
1364 1154 1390 1215 si
1425 1174 1513 1216 more
1547 1151 1684 1215 aliorum
1715 1151 1865 1216 dominus
1903 1175 1979 1216 suus
2010 1153 2107 1216 nudis

448 1261 587 1350 pedibus
611 1261 653 1325 ad
677 1259 913 1325 absolutionem
937 1259 1118 1324 accederet.
1152 1258 1280 1340 Quibus
1305 1258 1606 1324 condescendentes
1622 1259 1723 1322 nostri
1747 1259 1994 1344 responderunt,
2018 1259 2108 1345 quod

449 1369 553 1433 modis
578 1365 727 1433 omnibus
758 1365 953 1447 laborarent,
985 1377 1021 1430 ut
1051 1365 1187 1430 domnus
1221 1388 1308 1452 papa
1338 1366 1509 1430 calciatum
1541 1389 1626 1446 euin,
1658 1377 1779 1452 quanto
1802 1367 1962 1452 privatius
1985 1379 2106 1453 posset,

449 1478 620 1562 reciperet.

557 1583 594 1646 ln
617 1582 667 1645 his
691 1580 801 1646 verbis
831 1580 887 1644 illa
917 1579 970 1644 die
1002 1579 1163 1666 colloquio
1194 1581 1378 1661 terminato,
1410 1581 1510 1643 nostri
1535 1578 1577 1644 ad
1607 1579 1761 1644 domnum
1785 1603 1905 1666 papam
1928 1579 2106 1663 redierunt,
2128 1607 2155 1644 ιιι

450 1712 534 1776 quae
564 1691 757 1752 invenerant
787 1697 1000 1774 reportantes.
1054 1687 1146 1751 'l'unc
1178 1686 1315 1750 domnus
1347 1710 1448 1774 papa,
1482 1688 1576 1774 quasi
1607 1684 1693 1751 ianib
1729 1687 1770 1751 de
1802 1710 1885 1773 pace
1916 1688 2105 1772 desperans,

449 1795 621 1861 ordinabat
652 1819 776 1860 sununo
808 1817 902 1859 mane
933 1793 976 1858 ad
1006 1794 1133 1874 fratres,
1167 1817 1248 1879 quos
1282 1795 1393 1858 Remis
1427 1793 1611 1880 reliquerat,
1645 1794 1815 1880 repedare.
1870 1794 1937 1859 Sed
1969 1794 2106 1859 consilio

339 1929 430 1968 (ιιιιιι.
450 1904 576 1968 comitis
601 1903 797 1967 Trecensisl
828 1913 860 1966 et
882 1901 1055 1966 multorum
1080 1901 1216 1964 aliorum
1241 1901 1429 1987 compulsus
1453 1912 1512 1982 est,
1538 1899 1674 1964 sabbato
1699 1901 1768 1965 fere
1799 1924 1902 1988 usque
1927 1901 1969 1965 ad
1992 1901 2106 1966 horam

450 2017 599 2074 sextarn²
622 2012 656 2074 in
679 2011 795 2074 eodem
818 2010 889 2074 loco
906 2031 1048 2089 inanere,
1074 2017 1127 2072 ιιι0
1150 2030 1244 2072 omne
1271 2031 1306 2070 os
1331 2007 1595 2071 adversariorum
1612 2007 1795 2071 obstrueret
1820 2020 1852 2072 et
1873 2031 1989 2073 vocem
2014 2007 2105 2072 dero·

449 2118 589 2202 gationis
614 2115 763 2181 omnibus
789 2117 941 2180 auferret.
2127 2141 2153 2180 rs

558 2224 690 2288 Summo
722 2245 816 2287 ruane
850 2224 966 2287 iterum
999 2223 1089 2285 missi
1123 2233 1197 2285 sunt
1231 2221 1272 2284 ad
1307 2233 1414 2285 castra
1447 2221 1621 2307 episcopus
1655 2219 1903 2285 (latalaunensis
1937 2232 1969 2285 et
2001 2221 2106 2286 abbas

450 2331 685 2412 Cluniacensis,
717 2353 816 2414 super
845 2329 993 2394 inducias
1018 2341 1172 2414 acceptas
1197 2351 1389 2414 responsum
1423 2329 1492 2392 cius
1517 2328 1669 2392 audituri.
1717 2327 1865 2414 Cumque
1890 2329 1966 2392 illuc
1990 2352 2106 2415 perve-

447 2440 582 2520 nissent,
607 2438 691 2501 sicut
713 2436 818 2522 pridie
834 2436 967 2522 fecerat,
992 2436 1252 2523 repraesentavit
1277 2437 1450 2522 episcopus
1475 2436 1587 2520 scripti
1604 2435 1775 2498 veritatem
1800 2459 1874 2500 cum
1891 2435 2106 2500 adtestatione

450 2546 655 2626 sacramenti,
680 2542 810 2607 dicens:
844 2543 935 2606 ‘Heri
960 2542 1102 2629 quidem,
1134 2541 1252 2606 domne
1279 2565 1348 2622 rex,
1381 2565 1454 2606 cum
1486 2543 1616 2606 iusticia
1646 2565 1814 2628 possemus
1838 2565 1858 2606 a
1880 2553 1912 2606 te
1939 2542 2106 2622 recedere,

450 2653 527 2738 quia
557 2650 610 2714 die
641 2649 850 2714 denominata
880 2651 984 2736 parati
1016 2650 1135 2714 fuimus
1166 2660 1199 2712 et
1221 2650 1418 2734 promissum
1449 2660 1540 2713 tuum
1564 2651 1710 2735 recipere
1736 2661 1768 2712 et
1790 2661 1935 2714 nostrum
1958 2650 2106 2736 implere.
2126 2676 2154 2714 so

450 2758 574 2822 Verum
604 2758 680 2844 quia
709 2770 744 2820 tu
775 2756 924 2821 inducias
947 2756 1110 2843 petendo‘l
1137 2779 1241 2842 usque
1267 2757 1301 2818 in
1325 2756 1410 2820 hanc
1434 2755 1522 2820 diem
1547 2755 1709 2838 distulisti,
1741 2755 1891 2820 nolumus
1915 2768 1951 2820 ut
1973 2769 2109 2843 propter

450 2864 655 2929 intervallum
686 2866 780 2928 unius
811 2865 914 2928 noctis
946 2875 1071 2927 tantum
1101 2862 1222 2926 bonurn
1254 2863 1287 2926 in
1317 2862 1412 2926 nobis
1443 2874 1619 2926 remancat.
1666 2863 1710 2927 Et
1734 2865 1760 2925 si
1791 2862 1888 2927 hodie
1912 2866 2108 2950 promissum

450 2985 540 3037 tuum
557 2973 676 3058 exequi
693 2970 845 3051 volueris,
869 2983 1000 3056 paratus
1018 2982 1067 3034 est
1084 2969 1190 3033 adhuc
1210 2969 1346 3034 domnus
1367 2993 1463 3056 papa,
1482 2970 1570 3057 quod
1585 2993 1645 3056 per
1660 2993 1719 3033 nos
1737 2969 1795 3034 tibi
1820 2971 1976 3056 promisit,
2002 2971 2107 3035 modis

451 3077 600 3142 omnibus
624 3076 823 3162 adimplere'.
863 3077 956 3141 Tunc
979 3099 1039 3140 rex
1062 3077 1163 3140 iratus
1188 3077 1306 3140 iterum
1331 3078 1438 3163 coepit
1461 3077 1609 3140 inducias
1629 3099 1797 3162 quaerere,
1823 3077 1927 3141 donec
1951 3076 2104 3162 generale

451 3185 647 3272 colloquium
671 3207 744 3249 cum
769 3182 970 3269 principibus
995 3185 1087 3268 regni
1110 3195 1221 3269 posset
1237 3182 1369 3266 habere,
1395 3185 1464 3246 sine
1489 3205 1626 3270 quorum
1651 3183 1786 3247 consilio
1810 3186 2019 3248 investituras
2042 3208 2107 3249 non
2128 3209 2154 3248 ss

451 3290 594 3356 audebat
618 3290 790 3355 dimittere.
837 3290 890 3354 Ad
914 3290 996 3354 haec
1020 3291 1210 3376 episcopus:
1247 3289 1344 3370 ‘Quia
1368 3313 1466 3376 saepe
1490 3289 1639 3354 inducias
1664 3291 1862 3377 quaerendo,
1895 3291 2000 3377 qu0d⁰
2033 3315 2107 3378 pro·

451 3399 567 3462 misisti
591 3398 726 3485 implere
751 3396 944 3480 dissimulas,
968 3396 1070 3461 nichil
1093 3396 1186 3461 nobis
1211 3409 1243 3461 et
1267 3395 1327 3460 tibi
1344 3398 1492 3483 amplius.
1524 3398 1684 3461 Revertar
1707 3395 1771 3461 ads
1790 3397 1944 3462 domnum
1964 3399 2105 3485 papam’.

453 3507 530 3571 Sica
556 3503 769 3569 insalutatush
797 3505 909 3586 rediit3
942 3527 1026 3590 quae
1058 3505 1229 3568 invenerat
1258 3501 1462 3568 nunciavit¹.
1510 3503 1588 3568 Mox
1619 3505 1719 3588 igitur
1749 3505 1886 3569 domnus
1916 3529 2003 3592 papa
2033 3529 2107 3569 cum

452 3615 519 3676 suis
543 3612 586 3676 ad
609 3611 698 3676 aliud
721 3623 863 3676 castrum
888 3612 1014 3675 comitis
1039 3611 1066 3674 T
1069 3612 1212 3674 recensis
1238 3634 1312 3675 cum
1336 3634 1462 3674 summa
1485 3611 1692 3676 festinatione
1716 3615 1875 3677 transivit.

559 3721 630 3784 Rex
655 3731 762 3783 autern
785 3720 940 3782 nuncium
971 3718 1013 3782 ad
1037 3720 1187 3783 comitem
1212 3717 1343 3798 direxit,
1370 3741 1574 3804 summopere
1599 3741 1727 3805 rogans,
1752 3731 1787 3784 ut
1810 3719 1963 3782 domnum
1988 3742 2107 3806 papam
2128 3745 2154 3784 ao

452 3826 533 3890 inibi
557 3827 610 3890 die
634 3824 818 3890 dominicak
846 3824 1022 3906 detineret;
1054 3826 1245 3911 promittens
1278 3847 1312 3888 se
1344 3825 1504 3889 iacturum
1536 3824 1641 3888 modis
1673 3825 1822 3889 omnibus
1847 3826 1929 3889 feria
1953 3827 2107 3908 secunda,

453 3933 541 4020 quod
564 3935 681 3996 totiens
706 3931 936 4016 abnegaverat.
985 3931 1082 4011 Quod
1113 3955 1187 3995 cum
1219 3931 1262 3994 ad
1292 3931 1445 3996 domnum
1469 3955 1590 4018 papam
1614 3932 1756 3995 delatum
1780 3931 1905 4013 fuisset,
1931 3935 2107 3997 communi-

453 4038 543 4104 cato¹
582 4063 655 4103 cum
686 4041 752 4102 suis
784 4038 928 4120 consilio,
960 4038 1022 4102 hoc
1053 4037 1153 4102 breve
1185 4037 1277 4102 dedit
1311 4060 1519 4124 responsmn:
1560 4039 1660 4120 ‘Feci
1694 4039 1821 4121 fratres,
1853 4061 1912 4124 pro
1944 4039 2107 4104 desiderio
2177 4097 2180 4106 ι

453 4147 557 4232 pacis,
592 4145 678 4231 quod
703 4144 744 4208 ab
769 4144 1029 4209 antecessoribus
1060 4147 1178 4208 nostris
1209 4145 1333 4209 factum
1363 4168 1530 4231 nunquam
1556 4145 1677 4208 audivi.
1726 4144 1921 4209 Generalem
1946 4147 2107 4232 synodum

453 4262 685 4337 congregatam
709 4263 741 4315 et
764 4252 880 4315 fratres
904 4251 1021 4316 multos
1046 4253 1138 4338 quasi
1164 4251 1327 4315 desolatos
1352 4251 1478 4337 reliqui.
1526 4251 1578 4314 Ad
1603 4251 1767 4315 hominem
1790 4254 1887 4316 istum
1911 4277 1984 4316 curu
2008 4253 2108 4318 nndto
2129 4277 2154 4318 aa

453 4359 563 4423 labore
587 4360 792 4444 perveniens,
818 4381 902 4445 quae
926 4360 1017 4444 pacis
1042 4370 1117 4421 sunt
1139 4360 1174 4421 in
1198 4381 1235 4421 eo
1260 4381 1325 4422 non
1349 4360 1503 4422 inveni¹¹¹.
1549 4358 1644 4422 Unde
1668 4358 1851 4424 nullatenus
1876 4383 1950 4423 eum
1975 4360 2109 4423 ulterius

454 4465 647 4551 expectabo,
673 4465 731 4528 sed
756 4466 797 4529 ad
821 4466 936 4528 fratres
960 4477 1087 4528 nostros
1112 4465 1209 4528 etad
1234 4464 1419 4546 concilium,
1445 4465 1684 4551 quantocitius¹¹
1711 4479 1834 4551 potero,
1860 4466 2036 4550 regrediar.
2074 4465 2108 4530 Si

454 4585 561 4636 autem
586 4575 619 4636 in
642 4573 779 4636 concilio
804 4572 856 4635 vel
880 4583 953 4658 post
977 4571 1149 4636 concilium
1172 4595 1286 4636 veram
1319 4594 1436 4657 pacem
1460 4571 1552 4635 Deus
1583 4570 1678 4635 nobis
1703 4571 1863 4654 dederit0,
1895 4584 2027 4658 paratus
2053 4594 2108 4634 ero

456 4681 621 4766 suscipere
646 4691 678 4743 et
702 4679 875 4764 amplecti’.

344 4827 436 4866 „mg
563 4787 626 4849 Die
650 4787 768 4871 igitur-u
796 4785 960 4849 dominica
983 4786 1023 4849 de
1048 4785 1164 4849 eodem
1187 4786 1259 4849 loco
1285 4797 1360 4849 ante
1384 4785 1470 4848 diem
1495 4786 1608 4865 exivit,
1633 4796 1665 4848 et
1690 4808 1764 4849 cum
1788 4796 1878 4849 tanta
1900 4784 2107 4846 festinatione
2126 4809 2153 4846 so

455 4895 564 4957 Remis
581 4916 683 4979 usque
701 4894 851 4974 cucurrit,
869 4905 904 4956 ut
919 4894 1036 4977 viginti
1052 4893 1177 4956 leuvisq
1197 4893 1427 4956 consummatis
1445 4892 1560 4955 eadem
1577 4891 1629 4954 die
1648 4894 1779 4955 missam
1792 4890 1900 4955 Remis
1917 4888 2106 4970 celebraret,

454 5003 488 5064 in
512 5024 577 5087 qua
599 4999 836 5063 Leodicensem
861 4999 1022 5063 electum³
1044 5001 1098 5061 inr
1127 5000 1318 5083 episcopum
1345 5000 1559 5062 consecravit.

562 5171 588 5227 ιι)
611 5174 638 5216 ct
651 5166 685 5215 ad
699 5165 745 5216 alt.
762 5165 829 5214 VJ..
895 5163 922 5224 b)
943 5183 989 5214 ιιιιι.
1008 5164 1034 5213 1⁷.
1090 5169 1116 5224 c)
1140 5165 1173 5212 Et
1186 5171 1217 5212 ut
1239 5163 1264 5211 V.
1276 5163 1306 5211 Z.
1322 5163 1469 5212 contionata
1482 5163 1603 5212 scatentia
1614 5172 1670 5226 post
1689 5163 1817 5212 arricrret.
1873 5161 1901 5221 d)
1918 5162 2067 5226 repetendo
2083 5165 2107 5212 2.

456 5255 481 5314 e)
504 5273 556 5320 que
577 5255 641 5304 ΚΖ.
696 5251 717 5310 t‘)
740 5259 804 5304 etl.
859 5253 887 5318 gl
910 5256 1009 5318 Sisque
1023 5253 1130 5317 σάλοι),
1190 5251 1218 5310 Ιι)
1239 5249 1387 5302 insultatus
1410 5251 1473 5300 ΚΖ.
1534 5249 1553 5312 ἱ)
1576 5253 1744 5301 renuntiavit
1760 5250 1786 5299 V.
1843 5249 1871 5310 k)
1889 5249 2107 5301 doruinicoV.Z.

457 5341 475 5398 Ι)
498 5345 699 5394 corninuuicato
719 5369 752 5378 -
773 5343 888 5393 consilio
907 5361 953 5392 οιιι.
979 5345 1002 5393 2.
1094 5339 1130 5402 ιιι)
1153 5343 1263 5391 invenio
1284 5339 1352 5389 VJ..
1444 5337 1472 5398 ιι)
1495 5341 1661 5404 qttantocius
1682 5339 1708 5388 l'.
1720 5339 1748 5388 Z.
1838 5343 1865 5400 ιι)
1889 5337 2020 5390 obtulerit
2040 5341 2106 5390 Η.
2127 5352 2153 5390 to

456 5435 483 5498 p)
505 5452 552 5483 οιιι.
570 5433 596 5482 V.
608 5433 636 5482 Z.
710 5431 737 5497 q)
761 5431 849 5497 leugis
870 5432 896 5480 V.
907 5432 936 5481 Z.
1009 5428 1032 5490 ι)
1055 5431 1160 5480 invenit
1180 5439 1206 5480 et
1225 5432 1255 5479 in
1276 5429 1343 5480 V.Z.

565 5575 594 5648 1)
619 5579 664 5634 Ita
687 5577 723 5634 ab
738 5599 765 5634 ιι..
783 5577 876 5634 1109.
901 5578 1054 5634 vocabatis
1077 5576 1249 5634 Theobaldas
1275 5576 1364 5634 (lictis
1383 5578 1517 5654 Mopsum,
1542 5576 1590 5654 qai
1612 5597 1634 5632 c.
1660 5597 1687 5632 ιι.
1708 5574 1802 5632 1125.
1828 5595 1916 5633 coines
1934 5574 2110 5650 Cizrnpaniae

449 5687 551 5757 socttts
575 5695 621 5742 cst.
725 5685 755 5754 2)
780 5686 817 5741 Id
839 5695 878 5742 cst
900 5705 985 5760 usqae
1012 5686 1054 5740 od
1080 5684 1232 5766 semidiem.
1341 5683 1371 5754 3)
1398 5685 1585 5754 Fridericmu,
1612 5683 1770 5756 Gadesridi
1798 5684 1902 5741 coniitia
1925 5683 2110 5740 Numaceasis

449 5793 588 5863 fratrem,
613 5801 760 5850 attestante
782 5793 865 5848 etiam
889 5791 1035 5860 orderico,
1059 5793 1111 5848 sed
1131 5793 1172 5848 od
1193 5791 1265 5847 (licio
1293 5792 1341 5847 19.
1361 5791 1496 5849 Octobris.
1536 5790 1697 5867 Insperator
1720 5791 1916 5848 Alexandrum.
1938 5790 2107 5847 interierat.
