4386 6390
437 356 501 418 516
730 361 909 418 GERHOHI
932 362 1165 420 PRAEPOSI'I'I
1188 361 1596 418 REICIIERSBERGENSIS
1620 362 1786 417 LIBELLI.

436 549 555 636 pugnis
578 549 699 636 iniquis
722 549 788 613 iam
808 559 920 614 contra
942 549 1105 614 iusticiam
1129 551 1292 615 suscitatis
1316 548 1489 614 ecclesiam
1507 546 1693 630 defendere,
1718 548 1808 634 quod
1831 548 1977 612 maxime
2000 547 2077 616 decet

259 684 418 733 u.n0m.s‚4.
437 657 506 720 fieri
530 679 590 743 per
613 655 737 720 iudices
761 655 926 720 ordinatos
949 655 1107 742 legaliter,
1132 658 1187 743 qui
1210 679 1275 720 non
1299 656 1369 719 sine
1393 677 1492 718 causa
1514 653 1658 740 gladium
1680 666 1824 741 portant.
1872 654 1996 720 Verum
2019 678 2078 722 cun

438 762 525 827 idem
549 763 612 850 ipsi
634 785 699 827 non
716 760 855 845 Christo,
881 762 939 826 sed
962 763 1100 849 spiritali
1115 763 1277 828 Antiocho
1294 761 1483 827 antichristo
1502 760 1696 826 famulantes
1720 763 1889 826 civitatem
1906 761 2079 845 Ierusalem,

259 897 420 939 eran-aua.
439 869 594 934 videlieet
609 879 756 934 sanctam
773 869 955 951 ecclesiam,
980 870 1182 956 impugnant,
1207 869 1424 934 sacerdotium
1440 867 1556 932 venale
1572 866 1731 932 babentes
1749 879 1780 933 et
1803 869 1866 933 hoc
1889 869 1957 931 suis
1972 867 2081 933 Iasoni·

347 1005 378 1046 n.
387 1005 419 1044 u.
438 975 510 1059 bus,
525 976 673 1058 Alcimis,
690 976 848 1040 Menelais
873 976 1048 1058 tradentes,
1072 1000 1132 1063 per
1147 999 1227 1064 quos
1251 976 1351 1041 multa
1374 975 1486 1040 illicita
1507 975 1599 1057 fiunt,
1624 975 1666 1040 ad
1682 975 1924 1062 profanandum
1949 985 2103 1044 sanctuni

439 1083 504 1146 Dei
527 1082 694 1169 templum,
718 1093 794 1148 arne
818 1084 995 1146 necessarii
1018 1095 1093 1148 sunt
1115 1082 1368 1148 Machabeorum
1393 1081 1576 1147 consimiles
1599 1082 1717 1146 milites
1745 1083 1912 1169 iniquitati
1940 1082 2016 1147 huic
2039 1082 2083 1147 ob

439 1190 599 1254 sistentes.
647 1187 782 1253 Talibus
813 1200 926 1254 contra
954 1189 1063 1254 hostes
1093 1189 1170 1254 fidei
1200 1188 1430 1255 dimicantibus
1460 1188 1650 1254 Alexander
1679 1211 1766 1275 papa
1795 1189 1856 1254 II.l
1886 1190 1935 1253 ita
1965 1188 2084 1254 scribit:

443 1297 540 1388 Omni
567 1299 676 1362 timore
706 1322 744 1361 uc
774 1311 891 1362 terrore
922 1297 1062 1384 deposito
1092 1311 1198 1362 contra
1229 1300 1376 1362 inimicos
1404 1311 1529 1361 sunctae
1549 1297 1637 1383 fidei
1664 1312 1692 1361 et
1720 1298 1928 1361 aduersarios
1958 1300 2085 1361 omnium

440 1405 628 1490 relipionum
660 1404 798 1468 uiriliter
826 1428 918 1491 apere
946 1405 1072 1469 studete.
1120 1403 1212 1467 Idem
1242 1402 1444 1490 principibus
1468 1403 1668 1466 Francorum
1692 1404 1837 1467 scismati
1861 1401 2087 1467 obsistentibus

440 1511 522 1574 aitI:
557 1511 705 1576 Omnium
734 1523 876 1576 veebum
899 1535 986 1576 nosse
1017 1511 1159 1576 volumus
1181 1515 1353 1592 caritatem,
1384 1513 1533 1596 quonium
1563 1513 1717 1596 quisquis,
1748 1511 1835 1596 quod
1862 1535 1927 1575 non
1957 1525 2090 1596 optantes
2106 1539 2126 1576 ιι

440 1618 587 1698 dicimus,
614 1621 647 1682 in
670 1618 727 1682 boc
750 1619 828 1682 belli
849 1621 1016 1682 certamine
1031 1619 1175 1704 fideliter
1198 1633 1337 1682 mortuus
1352 1618 1470 1706 fuerit,
1503 1642 1597 1704 repna
1624 1618 1679 1682 itt-t
1699 1618 1824 1682 celestia
1849 1621 1981 1682 minime
2004 1642 2090 1704 nepa-

440 1727 562 1790 buntur.
599 1723 718 1789 Novit8
741 1727 823 1788 enirn
848 1727 1050 1810 omnipotens,
1074 1727 1107 1789 si
1127 1727 1275 1810 qrrutr‘bu
1297 1739 1468 1788 uestromrm
1491 1727 1651 1804 morietur,
1675 1725 1761 1810 prend
1779 1749 1842 1810 pro
1865 1728 1998 1788 ueritate
2014 1725 2095 1810 ⁸fidei

441 1846 469 1896 et
490 1833 664 1896 saluatione
682 1834 811 1917 patriae
834 1857 872 1894 ac
896 1831 1079 1918 defensione
1109 1833 1353 1896 cbrr'atr'unorum
1382 1845 1521 1896 mortuus
1544 1845 1595 1895 eat.
1643 1831 1719 1896 Ideo
1749 1833 1789 1896 ab
1818 1855 1852 1896 eo
1872 1833 2093 1918 pretitulatum

436 1941 597 2024 premium
620 1952 829 2023 consequetur.
877 1936 1068 2002 Ambrosius
1093 1937 1134 2002 de
1158 1937 1274 2002 officiis
1297 1936 1380 2002 libro
1404 1938 1547 2024 primo4:
1579 1938 1756 2019 Fortitudo,
1788 1963 1847 2024 que
1876 1940 1929 2003 uel
1958 1940 2094 2003 inbelle

442 2059 542 2110 tuetur
564 2071 585 2109 a
608 2046 755 2108 barbaris
771 2047 918 2130 putrium
934 2045 985 2109 uel
999 2045 1088 2110 domi
1100 2045 1247 2134 defendit
1268 2048 1422 2132 infirmos,
1447 2046 1497 2108 uel
1517 2071 1536 2108 a
1562 2047 1736 2110 latronibus
1758 2049 1869 2125 socios,
1886 2047 1991 2132 plena
2009 2049 2094 2110 iusti-
2111 2071 2134 2109 a

442 2155 510 2216 eiae
533 2166 584 2216 est.
621 2151 715 2232 Puto,
735 2150 823 2237 quod
845 2151 906 2215 iste
929 2162 1060 2215 sanctus
1085 2153 1307 2237 experimento
1332 2149 1445 2215 doctus
1469 2150 1539 2232 fuit,
1563 2152 1682 2216 iustum
1699 2173 1770 2215 esse
1795 2163 1909 2216 contra
1931 2152 2095 2238 legitimas

338 2259 540 2326 ·r.1os.etiam
564 2268 741 2344 potestates
765 2258 883 2322 inluste
907 2259 1129 2344 principantes
1145 2257 1198 2321 vel
1221 2259 1328 2344 potius
1351 2259 1595 2343 tyrannizantes
1613 2257 1801 2343 *aliquando
1826 2281 1846 2322 a
1867 2258 2024 2322 fidelibus
2043 2260 2094 2323 de-

442 2364 531 2429 fendi
560 2364 713 2429 infirmos.
750 2365 805 2431 Sic
830 2365 916 2428 enim
939 2365 1009 2450 ipse
1033 2387 1107 2429 cum
1130 2366 1244 2450 regina
1267 2364 1393 2428 Iustina
1416 2365 1537 2428 fautrix
1554 2363 1765 2428 Arrianorum
1789 2367 1883 2451 quasi
1907 2388 1969 2452 per
1992 2365 2095 2450 legiti-

442 2494 526 2534 mam
551 2481 744 2556 potcstatom
768 2481 1018 2557 persequeretur
1041 2472 1156 2557 ipsum,
1173 2471 1286 2536 volens
1310 2492 1385 2535 eum
1407 2471 1441 2535 in
1458 2469 1592 2535 exilium
1615 2471 1771 2556 relegare,
1797 2471 1952 2536 defensus
1977 2495 1998 2536 a
2020 2473 2095 2536 civi·

441 2576 502 2643 bus
526 2576 824 2643 Mediolanensibus
855 2579 888 2641 in
911 2577 972 2642 hoc
996 2579 1066 2665 ipso
1089 2576 1308 2643 laudabilibus
1334 2601 1400 2642 non
1423 2577 1610 2665 prohibuit⁵
1633 2601 1666 2642 se
1692 2578 1833 2660 defendi,
1859 2601 1957 2644 orans
1982 2590 2016 2643 et
2039 2603 2094 2665 pro
2112 2607 2135 2646 a

443 2686 509 2748 suis
533 2683 757 2748 defensoribus
782 2695 814 2748 et
837 2685 982 2771 proauis
1005 2683 1267 2771 persecutoribus
1290 2685 1353 2749 illis
1378 2685 1512 2770 cupiens
1528 2685 1708 2767 victoriam,
1732 2686 1802 2748 istis
1826 2687 2052 2771 penitentiam.

552 2793 602 2855 16.
638 2791 680 2854 D.
716 2791 791 2855 Non
813 2814 865 2855 me
889 2793 1013 2876 penitet
1035 2793 1176 2856 movisse
1200 2794 1295 2856 istam
1319 2794 1522 2878 questionem
1546 2791 1586 2856 de
1611 2803 1722 2856 sancto
1740 2790 1911 2878 Gregorio,
1933 2794 2094 2879 quiaeius

444 2897 593 2984 exemplo
624 2897 777 2962 videntur
811 2921 906 2984 posse
941 2899 1088 2980 defendi,
1122 2901 1178 2986 qni
1212 2897 1421 2963 facultatibus
1456 2898 1687 2963 ecclesiasticis
1722 2900 1883 2963 interdum
1920 2900 2037 2963 iuvant
2066 2911 2096 2963 et

443 3015 582 3092 pascunt
611 3004 729 3069 milites
761 3005 919 3070 ecelesiae
949 3005 1063 3070 fideles
1094 3003 1286 3070 dimicantes
1317 3017 1430 3070 contra
1460 3006 1529 3070 eius
1559 3006 1666 3070 hostes
1694 3004 1880 3070 infidelibus
1905 3004 2094 3070 deteriores.

444 3113 526 3176 Nam
552 3135 625 3176 curn
648 3113 687 3194 is,
712 3113 767 3198 qui
796 3135 925 3178 suorum
951 3124 983 3176 et
1005 3115 1147 3176 maxime
1179 3113 1429 3178 domesticorum
1460 3135 1571 3177 curam
1601 3135 1666 3176 non
1697 3111 1804 3196 habet,
1836 3113 1984 3198 apostolo
2016 3113 2094 3176 iudi·
2112 3139 2135 3177 a

444 3229 537 3283 cante
562 3220 603 3282 sit
626 3219 748 3283 infideli
772 3218 923 3301 deterior,
948 3220 1047 3284 multo
1063 3221 1168 3305 magis
1185 3222 1241 3306 qui
1257 3220 1402 3284 scismati
1417 3221 1622 3284 consentiens
1646 3229 1782 3284 matrem
1806 3241 1897 3283 snam
1922 3220 2095 3284 ecclesiam

443 3327 623 3412 impugnat,
646 3325 745 3390 fidem
768 3328 902 3410 negavit
926 3337 958 3390 et
981 3337 1029 3390 est
1052 3327 1177 3391 infideli
1201 3326 1351 3392 deterior.

550 3433 595 3496 M.
630 3433 721 3496 Bene
744 3433 861 3518 vigilas
892 3434 925 3496 in
952 3434 1016 3497 ista
1039 3445 1154 3520 quarta
1178 3433 1290 3519 vigilia
1320 3434 1434 3514 noctis,
1463 3456 1537 3498 curn
1564 3433 1785 3498 necessarium
1808 3434 1968 3519 perspicis
1994 3434 2095 3498 eccle·

445 3540 511 3603 siae
536 3561 556 3602 a
578 3541 693 3604 timore
723 3551 882 3604 nocturno
913 3539 1000 3604 illam
1031 3540 1164 3604 defendi
1195 3543 1292 3604 ctiam
1323 3563 1382 3626 per
1406 3538 1563 3605 excubias
1592 3539 1759 3622 rnilitareS,
1783 3542 1830 3605 uti
1853 3563 1960 3626 nuper
1983 3551 2016 3605 et
2039 3563 2096 3604 nos

445 3645 571 3709 defensi
594 3669 705 3710 sumus
729 3657 761 3710 et
784 3647 890 3710 adhuc
915 3647 1048 3710 defendi
1074 3649 1295 3711 necessarium
1325 3646 1505 3712 habemus⁶
1528 3657 1642 3711 cenna
1671 3657 1846 3712 nocturnos
1876 3646 2096 3711 incendiarios
2113 3675 2137 3712 n

444 3751 639 3817 arbitrantes
662 3753 696 3815 in
720 3752 781 3816 hoc
806 3752 997 3840 obsequium
1022 3776 1056 3817 sc
1080 3765 1225 3840 prestare
1250 3754 1367 3818 domno
1391 3755 1589 3841 imperatori,
1614 3755 1641 3817 si
1664 3777 1715 3818 me
1739 3753 1967 3841 persequendo
1993 3753 2096 3818 eccle-

445 3861 526 3924 siam
556 3869 698 3922 nostram
723 3870 756 3924 et
778 3859 954 3924 claustrum
979 3860 1008 3923 ei
1033 3861 1189 3924 coherens
1214 3871 1380 3925 vastarent
1410 3861 1583 3926 incendio⁷
1606 3860 1658 3924 vel
1682 3883 1741 3947 per
1763 3861 1952 3925 violentiam
1980 3861 2095 3925 diurno

444 3967 497 4030 vel
521 3989 580 4053 per
602 3965 749 4030 fraudem
772 3975 941 4030 nocturne.
978 3965 1074 4047 Quod
1098 3989 1157 4030 nos
1180 3968 1311 4030 minime
1329 3967 1458 4053 placere
1476 3967 1593 4032 domno
1616 3968 1803 4054 imperatori
1828 3967 2001 4050 credimus,
2023 3991 2095 4033 curn

445 4075 609 4160 principes
634 4073 664 4136 ei
687 4073 933 4137 familiarissimi
957 4072 1079 4137 duces8
1102 4084 1135 4138 et
1158 4075 1292 4137 comites
1323 4075 1383 4138 hoc
1414 4076 1521 4160 ipsum
1549 4074 1740 4139 detestando
1771 4075 2000 4139 mandaverint
2030 4075 2096 4140 suis

445 4178 611 4262 militibus,
628 4190 663 4244 ut
684 4201 750 4244 non
766 4180 944 4244 defendant
966 4203 986 4243 a
1008 4179 1126 4244 talibus
1151 4190 1183 4244 et
1205 4182 1370 4245 nocturnis
1394 4180 1564 4246 fraudibus
1588 4191 1621 4245 et
1643 4181 1768 4244 diurnis
1791 4180 1985 4246 incursibus.
2021 4182 2096 4246 Istis
2113 4205 2138 4247 ιι

445 4287 607 4350 interdurn
631 4310 689 4373 pro
708 4286 802 4351 nobis
819 4285 1029 4372 vigilantibus
1054 4299 1086 4351 et
1108 4286 1340 4370 laborantibus,
1358 4287 1437 4374 quid
1453 4289 1579 4370 mirum,
1603 4289 1631 4351 si
1655 4289 1702 4351 eis
1718 4288 1874 4352 victualia
1895 4287 2095 4374 prebuimus,

555 4543 584 4613 1)
608 4544 696 4601 Immo
721 4544 779 4601 Leo
801 4545 864 4614 IV,·
895 4545 936 4617 cf.
961 4543 1064 4601 ‘Nares
1087 4545 1205 4601 Arabiu'
1228 4546 1260 4615 V,
1286 4565 1320 4620 p.
1346 4545 1424 4615 388,·
1455 4544 1523 4602 Call.
1548 4543 1623 4601 Brit.
1648 4545 1752 4602 Leonis
1775 4545 1829 4602 IV.
1854 4545 1932 4620 epist.
1959 4546 2017 4615 28,·
2049 4547 2097 4603 Iun

446 4651 583 4708 Panorm.
599 4651 679 4721 VIII,
704 4671 727 4708 e.
746 4650 802 4722 30,·
828 4650 913 4709 Grat.
930 4649 960 4708 G.
974 4651 1091 4722 XXIII,
1116 4672 1161 4727 qu.
1180 4651 1209 4721 8,
1235 4673 1257 4708 c.
1276 4652 1310 4721 9;
1334 4651 1422 4725 Jaffi
1440 4673 1485 4708 nr.
1505 4651 1601 4708 2642.
1672 4649 1703 4726 2)
1725 4651 1812 4723 Ibid,
1831 4650 1915 4710 Grat.
1932 4650 2095 4724 CXXIII,

445 4778 491 4834 qu.
510 4757 539 4828 5,
565 4778 587 4814 c.
606 4758 657 4813 46.
750 4754 781 4832 3)
804 4757 891 4828 leia,
918 4756 1002 4816 ἂναὶ.
1022 4757 1053 4816 C.
1071 4759 1187 4829 XXIII,
1212 4779 1258 4834 qu.
1276 4759 1306 4829 8,
1331 4780 1354 4816 c.
1373 4758 1401 4815 9.
1494 4758 1525 4829 4)
1552 4757 1583 4816 O.
1606 4759 1657 4829 27,
1681 4755 1793 4833 5127,
1820 4757 1892 4834 Opp.
1918 4761 1962 4816 ed.
1987 4759 2096 4817 Bened.

445 4864 487 4935 ΙΙ,
511 4867 561 4922 col.
588 4863 638 4920 34.
742 4863 772 4934 5)
797 4866 828 4921 V.
854 4863 994 4921 Ambrosii
1016 4885 1040 4921 c.
1057 4865 1105 4936 12,
1132 4864 1205 4941 Opp.
1231 4867 1273 4922 ed.
1298 4865 1452 4924 Ballerr'nii
1473 4867 1518 4922 VI
1536 4859 1552 4942 (
1552 4866 1711 4923 Mediolani
1735 4860 1842 4941 1883),
1867 4867 1917 4923 col.
1944 4865 2025 4938 890,·
2056 4869 2095 4938 es.
2114 4885 2140 4922 so

445 4971 517 5028 idern
534 4973 687 5048 eaeuquum
704 4972 784 5047 apud
797 4971 945 5048 Hisponem
963 4971 1090 5028 Florian.
1107 4972 1131 5041 I,
1150 4992 1173 5028 e.
1188 4971 1217 5042 4,
1235 4972 1336 5029 1ιίὸείἰὶ
1350 4973 1390 5043 ΙΙ,
1402 4993 1435 5048 p.
1451 4971 1529 5043 471;
1553 4973 1735 5043 Bonironern,
1755 4973 1816 5030 Lib.
1834 4973 1858 5043 I,
1873 4993 1907 5050 p.
1926 4973 2000 5030 576.
2016 4973 2097 5043 619,·

446 5077 486 5149 cs.
511 5078 596 5154 Hupo
620 5078 704 5135 Fluo.
730 5075 836 5134 Obron.
862 5077 916 5134 SS.
941 5077 1025 5149 VIII,
1051 5099 1085 5153 p.
1111 5077 1184 5135 302.
1218 5157 1222 5164 ¹
1299 5077 1330 5153 6)
1356 5077 1404 5152 Of.
1430 5079 1561 5155 epistolas
1583 5079 1715 5137 Heinriri
1743 5080 1820 5138 ducis
1843 5079 2050 5138 Bawariorum
2074 5090 2099 5136 et

447 5183 593 5241 Saxonum
617 5192 643 5240 et
666 5182 831 5242 Eberhardi
860 5183 983 5261 episcopi
1004 5185 1180 5262 Babenberp.
1205 5186 1281 5243 Ann.
1305 5187 1518 5264 Reielrersberp.
1542 5188 1584 5244 ad
1604 5207 1632 5244 a.
1650 5186 1744 5257 1166,
1769 5186 1823 5244 SS.
1849 5187 1949 5258 XVII,
1969 5208 2002 5264 p.
2022 5187 2095 5244 475.

444 5291 578 5348 Inuusum
603 5298 643 5347 est
664 5299 718 5348 tum
737 5291 891 5365 praedium
914 5291 1045 5348 ecclesiae
1060 5291 1256 5369 Ricbersbery.
1280 5294 1328 5351 VI.
1347 5294 1415 5350 Kal.
1432 5293 1505 5351 Nou.
1576 5293 1606 5364 7)
1630 5293 1706 5350 Aun.
1723 5292 1935 5370 Reiclrersberp.
1960 5294 2095 5350 allb'l.

446 5399 465 5452 l.
489 5399 525 5454 l..·
555 5398 715 5465 Heinricus‚
746 5397 820 5452 filius
843 5399 1033 5454 Erchenberti
1063 5401 1099 5455 de
1123 5400 1220 5468 Petra,
1250 5400 1342 5455 locum
1364 5400 1654 5473 Richerspcrgensem
1678 5409 1707 5456 et
1730 5402 1822 5456 vicina
1844 5402 1945 5472 predia
1969 5402 2096 5457 eiusdem
2112 5416 2138 5456 to

447 5505 585 5561 ecclesiae
616 5511 753 5559 nocturno
781 5505 847 5576 igne
872 5505 1031 5560 devastavit
1056 5513 1086 5561 et
1110 5508 1298 5563 concremavit
1326 5507 1470 5564 hostiliter
1499 5509 1589 5564 tribus
1612 5507 1730 5576 vicibus,
1762 5509 1791 5563 id
1816 5515 1860 5564 est
1883 5509 1949 5565 XV.
1974 5507 2040 5564 Kal.
2067 5515 2095 5564 et

445 5612 512 5667 VII.
536 5612 602 5666 Kal.
634 5619 720 5682 atque
746 5611 824 5666 VIII.
847 5611 914 5665 Idus
938 5611 1005 5667 Mai.
1121 5613 1151 5682 8)
1178 5612 1345 5688 Praecipue,
1369 5623 1399 5669 ut
1420 5614 1538 5686 uidebar,
1558 5613 1716 5671 Heinricua
1743 5615 1803 5672 dua
1825 5614 1984 5686 Bavariae,
2017 5633 2095 5691 quem

445 5737 535 5793 supra
558 5717 688 5774 dictinius.
