4544 6420
461 423 520 483 134
756 427 935 483 aeneam
958 419 1183 481 essseoslm
1207 381 1623 482 Rssffilieesseecsnsn
1648 425 1810 481 necem.

455 619 638 680 amiciorem
661 615 840 680 reddebant.
890 615 1043 694 Attamen,
1068 637 1135 677 ciem
1159 607 1354 676 Hadrianus
1371 613 1581 700 Hyacinthum
1608 629 1635 678 et
1654 615 1842 679 Heinricnm
1867 615 2048 678 cardinales
2073 616 2104 677 iu

457 721 664 787 (lerinaniam
688 724 827 801 mitteret,
853 737 885 785 nt
909 747 1008 809 reqern
1027 722 1203 807 placarent,
1230 715 1357 783 Gerbob
1381 722 1425 784 ita
1446 723 1576 808 qaoisus
1600 737 1652 799 est,
1677 737 1709 785 nt
1732 746 1793 785 uon
1809 720 1900 784 ruodo
1917 721 2104 784 Heinrionm

456 829 564 892 dacem
589 829 752 893 Bavariae
781 829 826 892 ad
848 829 1029 892 cardinales
1052 854 1071 890 a
1096 829 1253 892 nobilibus
1277 828 1464 912 qnibusdam
1490 827 1631 892 Baoaris
1655 843 1761 914 captos
1784 827 2005 891 adhortaretur
2030 829 2103 890 libe-

456 935 583 1014 raudos,
607 936 664 999 sed
686 938 778 999 etiarn
804 933 962 1022 Anqnstae
988 938 1154 1014 interesset,
1179 959 1248 997 cnm
1272 933 1433 996 Romanus
1450 935 1604 1021 pontefex
1626 949 1654 998 et
1678 936 1847 1020 imperator
1871 936 1903 997 in
1929 936 2102 996 amicitiam

455 1041 595 1106 redirent
605 1046 624 1104 ¹.
676 1041 782 1127 ltaqne
807 1044 995 1127 qraoissirue
1021 1041 1120 1104 denseo
1145 1066 1212 1104 euru
1232 1043 1349 1126 piqnit,
1374 1040 1459 1124 qnod
1474 1041 1576 1126 paulo
1600 1055 1670 1104 ante
1693 1055 1820 1104 mortem
1843 1040 2014 1104 Hadriani
2035 1065 2136 1102 cerr-e

456 1148 613 1212 ‹linalinrn
635 1173 714 1234 pars
738 1163 843 1215 contra
873 1148 904 1210 F
902 1149 1074 1212 riolericum
1101 1147 1124 1210 l.
1153 1151 1196 1212 ita
1220 1150 1407 1225 contereret,
1439 1161 1472 1209 nt
1501 1150 1631 1210 nonnisi
1644 1171 1767 1232 papam
1800 1149 1858 1232 qni
1884 1149 2103 1232 imperatorem

455 1259 735 1319 ennmnentnrec
764 1256 918 1341 eliqerent.
970 1254 1036 1331 Quo
1060 1256 1188 1341 facturn
1219 1269 1271 1326 est,
1303 1268 1335 1316 ut
1358 1253 1419 1316 dno
1443 1253 1528 1316 sedis
1553 1253 1713 1317 Romanae
1737 1256 1889 1317 antistites
1913 1268 2103 1330 crearentur,

458 1361 621 1424 Rolandns
645 1362 864 1438 cancellariae,
889 1387 907 1424 a
935 1363 1051 1424 ureiore
1071 1374 1164 1446 parte
1182 1363 1245 1424 iam
1261 1384 1418 1422 successor
1435 1359 1624 1446 desiqnatrm,
1650 1375 1678 1422 et
1697 1359 1897 1438 Octavianus,
1922 1362 1981 1444 qrci
1995 1361 2101 1445 parti·

455 1469 511 1530 bns
535 1470 735 1553 imperatoris
752 1470 895 1556 facebat.

564 1573 660 1652 Quem
683 1589 860 1660 sequeretur
886 1574 1011 1638 llerbob
1036 1589 1137 1636 rioster
1161 1573 1217 1637 din
1241 1574 1437 1652 ttaea'tam't2,
1470 1599 1538 1636 cmn
1562 1573 1745 1636 ,Menander
1771 1572 1835 1652 III,
1868 1574 1939 1635 licet
1955 1575 2052 1659 prior
2076 1587 2104 1634 et
2124 1599 2148 1634 m

454 1707 475 1744 a
498 1683 617 1744 maiore
641 1682 856 1744 cardinalium
866 1695 961 1766 parte
978 1681 1098 1759 electus,
1123 1695 1223 1744 tamen
1241 1683 1454 1744 coniuratione
1479 1681 1537 1744 illa
1562 1694 1590 1743 et
1605 1694 1701 1766 pacto
1718 1705 1787 1743 eum
1803 1679 1998 1742 Normannis
2007 1681 2102 1766 farno

452 1790 593 1873 patriam
623 1813 711 1850 snam
739 1787 919 1872 diliqentem
944 1787 1152 1872 offende'sset3.
1204 1785 1290 1863 Quae
1320 1789 1425 1850 amirei
1444 1787 1611 1874 ⁸llntstnatio
1636 1811 1650 1850 e
1675 1787 1781 1850 libello
1805 1786 1843 1848 de
1867 1789 2102 1872 incestiqatiaue

454 1893 647 1957 Arete'cbristi
671 1895 776 1968 elucet,
808 1896 866 1978 qrei
886 1921 914 1956 a.
937 1893 1019 1954 1162
1047 1896 1086 1955 in.
1113 1895 1322 1978 cornpositus⁴
1345 1908 1373 1956 et
1396 1893 1582 1956 Eberhard>
1606 1893 1842 1979 archiepiscopo
1867 1891 2105 1978 Salisbnrqeusi

456 2004 568 2064 missus
599 2015 656 2077 est,
690 2003 752 2064 iam
783 2015 872 2063 antea
905 2000 1042 2062 einedem
1072 2003 1250 2086 arqumenti
1278 2001 1425 2085 opusculo
1457 2000 1589 2087 anoni
1616 2015 1643 2063 et
1675 2000 1851 2086 Hyacintbo
1882 1999 2102 2063 cardinale-'bens

455 2108 555 2170 oblato
574 2107 750 2192 Romaeque
775 2108 893 2184 relicte,
918 2131 977 2190 qno
1001 2120 1109 2168 erector
1126 2106 1354 2169 Anticlermtnrn
1364 2109 1582 2192 propinquum
1599 2131 1662 2170 esse
1686 2131 1701 2166 e
1722 2108 1817 2192 pestis
1840 2106 1930 2169 illins
1954 2108 2102 2191 temporie
2123 2131 2148 2169 15

455 2213 686 2277 demonstravit.
736 2213 843 2276 Altera
875 2215 1049 2276 recensione
1078 2226 1224 2298 occupata
1250 2216 1374 2298 iarn-qne
1398 2213 1550 2297 quomodo
1573 2214 1707 2276 scln'srna
1733 2226 1833 2274 ortum
1857 2227 1932 2275 esset
1954 2215 2105 2275 narranti

454 2321 621 2384 concilium
652 2319 782 2383 Tolosae
812 2320 950 2382 babitans
975 2345 1038 2382 esse
1067 2321 1239 2382 nuntiatum
1270 2334 1322 2400 est,
1354 2344 1498 2407 reqesque
1521 2319 1658 2404 Anqliae
1683 2333 1710 2382 ct
1734 2319 1767 2380 F
1765 2321 1892 2381 ranciae
1916 2317 2102 2382 Akrandro

454 2427 625 2491 adhaerere
636 2443 648 2468 '
707 2425 811 2503 Qnare
838 2425 962 2489 Gerbob
987 2451 1021 2488 eo
1046 2428 1146 2512 maqis
1172 2428 1232 2488 iarn
1263 2427 1308 2489 ad
1330 2427 1513 2489 Alexandri
1534 2441 1644 2511 partes
1674 2426 1863 2504 tro-bebatur,
1894 2425 1980 2510 qnod
2009 2428 2100 2488 etiarn

457 2533 633 2598 Oa'emata
657 2534 804 2596 eeclesiae
828 2533 928 2596 eidem
953 2533 1178 2596 oboedientiam
1197 2535 1431 2617 praesmbantss.
1475 2532 1573 2596 Unum
1592 2547 1693 2595 minen
1719 2533 1915 2617 impediebat,
1940 2557 1977 2596 ne
1991 2533 2102 2617 palam¹

456 2640 674 2704 Alemandrum
698 2655 893 2724 sequeretur:
917 2639 1002 2724 quod
1023 2640 1194 2724 opprobria
1219 2641 1257 2702 ab
1282 2640 1479 2702 adversariis
1503 2640 1540 2702 de
1564 2641 1778 2702 coniuratione
1802 2653 1908 2702 contra
1934 2641 2099 2724 imperinm
2121 2667 2147 2702 so

446 2748 542 2834 facta
567 2747 703 2810 tunulum
728 2761 817 2810 erant
840 2747 987 2833 refutata.
1031 2747 1099 2822 Quo
1117 2746 1154 2808 de
1171 2771 1266 2808 ‹errresa
1283 2769 1401 2808 summo
1417 2746 1520 2808 strulio
1538 2747 1702 2822 lalmracit,
1730 2761 1760 2806 ut
1776 2746 1943 2808 crrncilium
1956 2746 2101 2831 qeucrale

454 2853 499 2916 red
522 2854 606 2917 lite-ru
630 2853 873 2916 die‘iedicandam
899 2867 1125 2916 consumeretur.

562 2961 649 3022 Attis
684 2983 803 3044 quoqne
839 2961 943 3022 caenis
991 2959 1105 3022 ierbole
1141 2961 1396 3037 canunocebatur,
1437 2973 1468 3021 ut
1501 2959 1652 3045 spreodum
1685 2959 1860 3044 qenernlem.
1897 2959 2099 3021 «desideraret.

454 3067 612 3151 Anqnstae
637 3069 718 3129 euim
736 3067 863 3151 fratres
888 3065 1068 3152 Budrqerns
1092 3079 1119 3128 et
1144 3065 1331 3130 Fridericns
1358 3065 1538 3128 Conradnru
1563 3067 1741 3150 episcopum.
1767 3066 1830 3127 iam
1855 3065 1912 3128 din
1936 3068 2100 3151 impieque-

457 3187 571 3252 terant,
597 3187 628 3236 nt
652 3175 710 3258 qni
730 3174 809 3235 berna
835 3173 1043 3236 ecclesiastico
1069 3173 1267 3257 dilapidaret
1289 3175 1532 3256 canonicamque
1557 3174 1691 3257 riqorem
1716 3197 1775 3234 nou
1798 3187 1943 3234 servaret.
1994 3171 2101 3256 Neque
2121 3199 2147 3236 25

453 3279 544 3366 apud
568 3280 771 3342 Hadrianum
796 3281 864 3342 curn
891 3278 1015 3341 Gerbob
1041 3281 1117 3364 ipse,
1149 3293 1210 3340 tnru
1237 3279 1417 3364 Bndiqerns
1448 3281 1550 3363 qnesti
1571 3278 1700 3362 aliquid
1721 3279 1917 3363 effecerantl,
1950 3282 2042 3341 immo
2069 3281 2100 3340 in

451 3389 674 3472 qraeussimam
701 3390 782 3450 iram
806 3386 956 3472 episcopi,
981 3388 1035 3448 terei
1050 3409 1141 3470 papa
1159 3387 1295 3472 jacebat
1303 3389 1325 3465 ⁸,
1358 3385 1543 3448 inciderunt.
1595 3384 1680 3461 Quae
1704 3387 1913 3448 ‹toretrorersia
1938 3387 1976 3448 ab
2003 3385 2100 3447 Heiu-

455 3496 520 3557 rico
544 3507 572 3557 et
598 3493 773 3578 Hyacimbo
797 3493 1017 3555 cardinalibus
1036 3495 1143 3576 primo
1175 3493 1288 3576 sopita,
1313 3492 1415 3578 peenlo
1440 3507 1514 3577 post
1544 3506 1699 3576 mntopere
1730 3494 1855 3571 recinit,
1887 3507 1918 3553 nt
1942 3491 2101 3577 Rudiqero

453 3600 617 3664 schismate
633 3615 736 3662 crarta
754 3601 921 3662 concilium
936 3599 1080 3685 perterrito
1090 3599 1406 3686 perstnlontefratres
1423 3613 1571 3682 tauquam
1589 3601 1716 3661 iuventici
1736 3601 1937 3684 imperatoris
1958 3601 2105 3683 oppressi

454 3721 482 3768 et
504 3709 610 3769 cenati
634 3731 672 3768 en
695 3708 768 3769 nrbe
797 3709 975 3770 eicerentur.
1027 3704 1127 3782 Qecrnn
1151 3708 1399 3790 persecutionem
1425 3705 1549 3768 (tertiat
1581 3729 1614 3766 eo
1642 3707 1774 3790 qracins
1805 3707 1884 3772 tulit.
1917 3705 2002 3789 qnod
2026 3705 2099 3767 Fri·
2121 3732 2146 3767 so

454 3813 580 3876 dericns
596 3815 717 3900 frater,
749 3838 837 3898 quem
869 3826 1026 3898 aeqrotnm
1051 3812 1244 3896 enpnlerant.
1273 3813 1371 3897 pardo
1397 3826 1471 3897 [reret
1502 3814 1532 3873 in
1558 3810 1836 3897 Ninnenberqensi
1857 3813 1992 3874 clanstro
2017 3812 2098 3874 diem

452 3944 631 4005 supremum
649 3922 754 3982 obiit&
794 3918 859 3981 Sat
881 3933 908 3980 et
933 3921 998 4002 ipse
1022 3919 1122 3980 alium
1145 3919 1255 3980 babuit
1277 3943 1414 3996 cansam,
1439 3943 1495 3980 cur
1518 3933 1646 4006 opmret,
1672 3933 1703 3980 nt
1718 3918 1901 3981 Alecander
1923 3921 1957 3980 in
1982 3918 2099 4004 synodo

450 4027 599 4112 qenerali
613 4051 705 4111 papa-
729 4040 953 4110 aquosceretur.
991 4024 1110 4087 Eodem
1135 4027 1217 4087 euim
1241 4040 1375 4110 tempore
1399 4049 1467 4087 crem
1491 4027 1636 4108 episcopo
1657 4024 1886 4110 Bec'rnberqensi
1899 4028 2098 4110 praeposito-

454 4157 513 4218 que
538 4132 688 4195 Folmaro
713 4132 750 4194 de
780 4131 991 4218 Triefenstein
1016 4133 1235 4194 controcersiis
1259 4132 1444 4217 doqmatim's
1470 4131 1648 4214 implicatus
1672 4145 1747 4200 erat,
1776 4156 1855 4214 quae
1880 4134 2008 4194 riennesi
2028 4132 2099 4194 sede

457 4239 598 4301 Horreana
624 4239 766 4302 eliscerni
780 4241 993 4323 potneruntffl.
2118 4263 2143 4300 n

560 4346 599 4406 A.
622 4346 716 4418 1162,
748 4370 849 4409 mense
872 4345 998 4424 Martis,
1026 4344 1151 4408 Gerleole
1182 4371 1248 4406 cnm
1281 4345 1517 4430 arediiepiscope
1542 4343 1780 4430 Salisbnrqeusi
1808 4345 1852 4406 ad
1882 4347 2097 4429 efrriperatorem

448 4453 625 4538 profectus,
656 4475 716 4514 non
748 4451 838 4514 ruodo
864 4451 1049 4514 Eberhardo
1081 4465 1108 4512 et
1138 4454 1294 4536 episcopis
1320 4451 1547 4536 Basreberqensi
1575 4465 1602 4514 et
1629 4451 1799 4514 Bricienn'
1828 4453 2099 4515 intervenientibns

454 4562 482 4620 4.
509 4559 616 4644 April.
642 4558 764 4643 Papiae
788 4583 806 4620 a
833 4557 1001 4620 ,Friderico
1026 4557 1051 4620 I.
1071 4559 1279 4644 pririleqinm
1306 4572 1433 4620 leonatus
1457 4562 1546 4634 estll,
1571 4559 1627 4621 sed
1649 4561 1740 4620 etiam
1765 4583 1844 4642 qeme
1860 4560 1987 4644 fratres
2003 4561 2103 4642 passi

454 4680 553 4728 essent
567 4665 686 4744 relatis,
712 4679 745 4727 nt
760 4666 837 4728 bona
856 4689 958 4727 eornm
977 4667 1219 4748 restituerentur,
1241 4667 1464 4752 irripetracitffl.
1503 4665 1567 4727 Set
1581 4667 1672 4728 etiam
1698 4665 1778 4748 qnid
1801 4665 1837 4726 dc
1862 4665 1980 4727 dreobns
1997 4667 2099 4750 papis

454 4788 481 4836 et
498 4773 535 4836 de
553 4773 685 4836 concilio
702 4771 899 4835 convocando
922 4773 1057 4848 sentiret,
1083 4773 1270 4856 imperatori
1290 4773 1476 4858 esposrn't¹}³.
1516 4772 1616 4856 *israel
1638 4771 1764 4833 eundem
1790 4797 1818 4832 a.
1841 4773 1935 4850 1163,
1959 4771 2098 4858 Arausa
2123 4798 2144 4832 n

564 4919 593 4994 1)
610 4921 702 4996 Epist.
720 4921 768 4976 18.
787 4930 813 4976 et
829 4920 879 4988 24,
901 4922 919 4975 1.
938 4922 955 4975 l.
974 4922 1024 4975 col.
1044 4919 1116 4975 570.
1136 4921 1209 4975 604.
1281 4919 1311 4993 2)
1330 4919 1378 4991 Os.
1397 4920 1474 4976 Prot.
1492 4922 1533 4976 ad
1547 4921 1644 4976 librum
1662 4922 1696 4976 de
1711 4920 1920 4994 ineestiqatione
1935 4921 2101 4977 Areticbristi

455 5028 832 5103 ed.Sclteibelberqerp.ll.
893 5025 924 5099 3)
936 5025 985 5098 Of.
1000 5027 1092 5102 Epist.
1106 5029 1147 5082 ad
1157 5025 1469 5097 cardinales,‘Arcb.f.
1481 5026 1603 5084 (tester-r.
1615 5025 1727 5083 (lescle)
1739 5028 1859 5100 etup.
1874 5027 1945 5082 363.
2005 5025 2036 5100 4)
2049 5025 2097 5098 Cf.

453 5134 574 5192 Ribbeck
590 5137 640 5190 1.1.
653 5155 686 5210 p.
702 5134 753 5204 22,
771 5155 799 5190 n.
815 5136 843 5188 4.
861 5143 887 5190 et
902 5133 985 5205 iufra
1002 5134 1029 5189 iu
1041 5133 1228 5208 praelatione
1246 5131 1344 5188 Libelli
1359 5135 1393 5188 de
1409 5133 1617 5208 inoestiqntione
1630 5133 1801 5188 Antichristi.
1866 5131 1897 5205 5)
1913 5134 1957 5188 De
1973 5133 2097 5209 inoestiq.

454 5241 618 5298 Antichristi
641 5261 664 5297 c.
683 5241 734 5296 56.
805 5237 835 5313 6)
858 5241 904 5296 De
926 5241 1050 5317 incestiq.
1069 5240 1196 5296 Antichr.
1215 5239 1319 5310 Praes.
1391 5237 1420 5312 7)
1439 5238 1542 5296 Canem.
1560 5239 1647 5314 inps.
1665 5240 1735 5306 133,
1758 5239 1899 5296 501831.
1971 5237 2001 5313 8)
2016 5239 2103 5312 Jaffe'

454 5368 499 5404 nr.
520 5347 643 5417 10183;
668 5347 708 5417 cf.
734 5346 810 5402 Arm.
835 5347 950 5423 Anqnst.
976 5347 1042 5403 resin.
1067 5367 1096 5402 α.
1117 5346 1210 5401 1156.
1292 5342 1323 5418 9)
1349 5345 1451 5402 Uerrem.
1477 5346 1504 5401 in
1526 5367 1572 5420 ps.
1594 5346 1664 5399 133.
1691 5347 1708 5400 l.
1727 5347 1744 5401 1.
1828 5345 1879 5418 111)
1905 5345 1954 5416 Cf.
1973 5345 2100 5404 Gerbolei
2118 5365 2144 5402 45

454 5455 531 5530 epist.
553 5455 602 5509 18.
622 5453 672 5509 211.
693 5454 744 5508 21.
764 5449 830 5522 21“;
855 5453 895 5523 cs.
921 5452 1042 5509 Ribbeck
1065 5455 1119 5508 1.1.
1140 5473 1172 5527 p.
1192 5452 1231 5507 25
1249 5473 1309 5528 sqq.
1382 5449 1433 5525 11)
1457 5451 1653 5509 ‘Urluudenb
1678 5452 1711 5508 ab
1734 5454 1785 5509 der
1804 5453 1903 5508 Enns’
1928 5453 1952 5522 1,
1973 5473 2005 5527 p.
2024 5453 2097 5521 318,

453 5581 498 5618 nr.
517 5561 598 5628 217,·
623 5562 663 5631 cs.
682 5559 803 5616 Rttteet·
814 5580 846 5635 p.
866 5559 917 5614 24.
990 5557 1041 5632 12)
1058 5561 1133 5614 Ante.
1152 5559 1362 5635 Reicbersberq.
1380 5579 1407 5615 a.
1426 5558 1518 5613 1162.
1592 5557 1643 5632 13)
1669 5559 1761 5633 Epist.
1778 5560 1826 5614 l'l.
1847 5559 1889 5615 ad
1903 5560 2097 5615 Alenaudrum

453 5671 471 5724 l.
489 5670 507 5722 1.
526 5671 576 5725 eal.
596 5668 674 5723 566:
700 5669 722 5722 si
747 5669 832 5722 fuerit
856 5667 925 5721 illud
942 5667 1098 5733 concilium,
1124 5668 1199 5737 quod
1216 5686 1249 5720 ex
1266 5685 1313 5721 ore
1331 5667 1505 5736 imperatoris
1522 5668 1675 5720 audivimus
1692 5668 1719 5719 in
1737 5667 1934 5737 I'iongobardie
1950 5667 2096 5720 celebran-

453 5778 534 5843 dumq
563 5775 654 5850 Epist.
672 5776 714 5831 ad
728 5773 838 5830 cardin.
858 5794 889 5848 p.
910 5772 988 5828 376:
1014 5773 1096 5828 Talia
1112 5791 1154 5827 me
1172 5775 1308 5827 secretius
1325 5790 1379 5826 aon
1396 5773 1485 5826 sernel
1501 5781 1642 5828 tractante
1659 5791 1720 5827 cum
1738 5774 1838 5826 domna
1855 5774 2022 5843 imperatore
2048 5780 2097 5828 etc.
