4544 6420
484 387 546 450 150
773 393 954 450 GERHOHI
976 391 1210 448 PRAEPOSITI
1233 391 1640 448 REICHERSBERGENSIS
1663 390 1828 447 LIBELLI.

481 603 554 645 cum
571 581 641 645 viro
658 580 803 666 legitimo
827 603 847 644 a
871 603 906 645 se
930 579 1138 645 recedentem
1161 601 1227 644 non
1250 579 1296 643 ita
1311 589 1557 665 persequantur,
1581 589 1618 642 ut
1640 577 1799 643 catholico
1824 579 1988 666 episcopo,
2014 577 2138 642 dilecto

480 687 581 774 ipsius
605 685 786 752 aecclesiae
811 709 940 774 sponso,
966 686 1067 751 nichil
1090 707 1241 772 asperum
1265 685 1448 772 loquantur,
1473 687 1556 749 siout
1576 684 1691 750 Laban
1715 684 1758 749 ad
1774 684 1874 750 Iacob
1898 685 1998 751 nichil
2022 684 2137 770 loque-

480 793 576 858 batur
598 815 760 880 asperum.
808 792 871 874 Qui
896 815 937 856 ne
962 793 1023 857 hoc
1047 802 1257 879 presumeret,
1282 791 1374 856 Deus
1398 793 1433 856 in
1455 793 1510 856 via
1532 802 1693 857 terruerat
1716 802 1749 856 et
1772 803 2002 878 premonuerat
2032 791 2137 871 illum,

319 924 461 974 cansam.
481 898 610 964 dicens:
640 899 722 965 Cave
746 926 782 966 nc
806 901 935 986 aliquid
963 925 1109 987 aquarum
1142 901 1284 986 loquam's
1314 900 1359 964 ad
1388 925 1466 964 enm.
1512 899 1602 963 Ecce
1633 921 1731 984 quam
1755 921 1833 962 vere
1863 900 2009 986 speciem
2033 895 2137 962 Iacob

480 1007 572 1071 Deus
603 1005 729 1088 dilexit,
761 1029 858 1093 quarn
890 1004 950 1071 sub
980 1015 1071 1070 tanta
1099 1005 1268 1091 diligentia
1290 1007 1442 1092 protexit,
1467 1016 1502 1069 ut
1525 1003 1625 1070 Iacob
1650 1004 1804 1070 dilectum
1828 1029 1922 1070 suum
1944 1028 2007 1070 nec
2030 1003 2136 1069 verbo
2162 1029 2176 1068 s

481 1135 596 1199 aspero
620 1113 685 1177 ledi
708 1114 921 1199 permitteret,
954 1112 1011 1177 sed
1035 1113 1142 1198 ipsum
1166 1113 1235 1176 eius
1259 1123 1502 1199 persecutorem
1526 1113 1569 1177 ad
1591 1111 1685 1176 fedus
1710 1135 1784 1176 cum
1808 1135 1846 1177 eo
1872 1112 2136 1200 componendum

481 1219 609 1284 occulta
633 1221 681 1283 sui
706 1221 829 1283 timoris
853 1221 971 1284 virtute
995 1228 1138 1305 urgeret.

591 1347 641 1408 18.
678 1343 760 1424 Quis
785 1366 862 1430 ergo
886 1342 1012 1408 dubitet
1035 1343 1097 1408 hoc
1120 1343 1227 1429 ipsum
1250 1345 1285 1407 in
1308 1355 1421 1408 sancta
1445 1343 1606 1408 aecclesia
1629 1344 1709 1426 fieri,
1742 1345 1768 1408 si
1793 1345 1965 1430 episcopus
1990 1345 2137 1431 speciem

385 1449 582 1516 ο1111111001)
606 1451 640 1513 in
664 1473 698 1514 se
722 1451 793 1537 ipso
818 1451 1015 1537 exprimens,
1039 1451 1072 1514 iu
1099 1450 1177 1514 *hoc
1201 1450 1371 1536 figuralem
1386 1450 1486 1516 Iacob
1510 1450 1588 1514 velit
1610 1451 1741 1533 imitari,
1766 1462 1810 1532 ut,
1835 1451 1919 1515 sicut
1941 1450 1995 1514 ille
2020 1473 2137 1515 socero

482 1556 663 1622 inconsulto
688 1557 774 1621 solus
799 1558 831 1620 in
855 1556 1029 1621 solitudine
1055 1580 1127 1622 cum
1152 1556 1228 1620 solis
1253 1555 1379 1621 duabus
1395 1556 1553 1621 uxoribus
1577 1558 1643 1621 suis
1667 1557 1731 1622 tale
1756 1556 1925 1621 eonsilium
1949 1558 2031 1638 iniit,
2056 1569 2092 1620 ut
2117 1580 2138 1620 a
2157 1581 2185 1619 ro

327 1688 463 1740 ,onasus
482 1663 578 1728 domo
601 1662 717 1728 Laban
748 1664 848 1750 patris
880 1685 991 1727 earum
1018 1662 1196 1744 recederet,
1229 1665 1382 1750 quoniam
1405 1663 1530 1728 vultum
1554 1664 1624 1727 eius
1648 1663 1822 1728 adversum
1846 1686 1881 1727 se
1905 1674 2063 1728 mutatum
2088 1665 2136 1727 vi-

483 1770 591 1834 deret:
620 1772 667 1834 sic
691 1771 752 1835 iste
776 1769 947 1856 religiosus
971 1769 1124 1834 videlicet
1148 1771 1320 1856 episcopus
1344 1794 1409 1834 non
1434 1781 1611 1856 expectans
1636 1771 1820 1857 principum
1844 1769 1896 1834 vel
1919 1771 2136 1835 multitudinis

483 1877 618 1942 consilia
648 1877 734 1941 solus
765 1879 798 1941 in
829 1876 1002 1942 solitudine
1034 1876 1141 1941 cordis
1170 1877 1220 1941 sui
1250 1875 1397 1942 adhibita
1427 1875 1668 1963 contemplandi
1693 1889 1726 1941 et
1749 1876 1870 1962 agendi
1898 1875 2041 1941 sollertia
2070 1877 2136 1942 tale

483 1983 652 2048 consilium
675 1984 858 2048 firmissime
888 1983 1036 2070 preligat,
1061 1995 1096 2048 ut
1118 2006 1138 2047 a
1162 1984 1253 2048 curia
1277 2007 1428 2049 curarum
1451 1983 1547 2070 plena
1569 1994 1671 2049 totum
1696 2006 1730 2048 se
1755 2006 1829 2048 cum
1852 1985 1919 2047 suis
1942 1983 2136 2049 abstrahens

482 2089 525 2154 ad
549 2092 699 2176 antiquas
715 2101 843 2176 patrum
861 2089 955 2154 sedes
972 2091 1026 2154 vis
1050 2091 1140 2176 regia
1164 2102 1196 2154 et
1220 2113 1317 2154 cursu
1340 2090 1546 2155 irrevocabili
1570 2090 1692 2170 tendat,
1718 2091 1871 2176 quoniam
1888 2090 1996 2154 vultus
2020 2114 2135 2177 regum
2157 2115 2182 2154 ts

483 2220 521 2261 ac
546 2197 730 2284 principum
755 2219 834 2283 erga
859 2198 1030 2283 episcopos
1054 2197 1150 2262 valde
1173 2208 1313 2262 mutatos
1338 2197 1488 2262 constet?

378 2330 463 2370 nou-a.
590 2303 625 2369 Si
650 2305 736 2368 euim
760 2327 998 2386 recenseamus,
1021 2303 1133 2390 quales
1157 2327 1236 2390 erga
1260 2303 1453 2370 aecclesiam
1476 2304 1596 2368 fuerint
1618 2320 1797 2383 imperatores
1817 2319 2045 2379 chasumissimi,
2063 2318 2134 2368 Con-

482 2417 627 2476 stantinus,
642 2415 785 2475 Constans,
800 2416 1021 2476 Valentinianus,
1035 2416 1216 2476 Theodosius,
1236 2417 1396 2476 Archadius,
1418 2417 1565 2476 Honorius,
1585 2415 1712 2476 Karalus,
1732 2417 1893 2468 Ludeuicus
1913 2424 1940 2466 ct
1959 2416 2000 2466 his
2020 2418 2135 2482 imperio

483 2512 510 2555 et
529 2503 662 2570 religione
682 2503 847 2564 consimiles,
867 2506 913 2570 qui
934 2504 977 2555 vel
998 2521 1014 2554 a
1033 2521 1062 2555 se
1082 2503 1124 2555 vel
1146 2507 1180 2556 ab
1200 2504 1261 2555 aliis
1282 2505 1422 2556 adificatas
1449 2504 1597 2556 aecclesias
1625 2504 1798 2571 amplissimis
1821 2507 1900 2556 donis
1921 2505 2087 2566 ditaverunt,
2108 2514 2136 2557 et

482 2595 510 2644 in
530 2593 604 2645 clero
625 2599 652 2644 et
671 2596 699 2643 in
718 2594 800 2644 rebus
819 2592 1015 2644 aecclesiarum
1034 2592 1138 2644 nullum
1165 2595 1218 2645 sibi
1237 2595 1386 2646 dominium
1406 2593 1449 2645 vel
1474 2595 1607 2644 iudicium
1627 2594 1773 2644 vendicare
1793 2594 1955 2656 voluerum
1982 2596 2073 2655 immo,
2100 2613 2135 2645 ne
2155 2605 2182 2643 ro

483 2694 543 2756 quis
563 2693 615 2742 sibi
636 2692 803 2752 vendicaret,
824 2691 934 2757 quidam
955 2709 1048 2743 eorum
1069 2691 1176 2757 legibus
1196 2700 1349 2744 vetuerunt.
1387 2679 1466 2760 Hos,
1491 2679 1634 2764 inquam,
1659 2679 1686 2742 si
1702 2700 1941 2760 recenseumUS,
1959 2690 1991 2742 et
2008 2679 2135 2744 Ononi-

481 2783 552 2866 bus,
577 2785 743 2850 Heinricis
768 2786 949 2871 ceterisque
980 2785 1106 2849 illorum
1138 2784 1296 2849 similibus
1328 2786 1543 2866 conferamus,
1567 2807 1645 2850 vere
1669 2784 1794 2849 vultum
1824 2787 1935 2871 regiae
1967 2785 2134 2872 dignitatis

482 2891 577 2956 valde
601 2901 759 2955 mutatum
783 2893 977 2973 invenimus,
1001 2913 1067 2956 non
1090 2891 1194 2956 solum
1218 2891 1375 2956 adversus
1400 2892 1599 2978 episcopum,
1624 2892 1775 2957 lia-chelis
1800 2903 1832 2956 et
1848 2893 1928 2958 Liae
1953 2893 2134 2980 legitimum

482 3022 646 3086 sponsum,
678 2997 736 3062 sed
767 2997 923 3062 adversus
953 3000 1060 3084 ipsum
1083 2999 1261 3063 Dominum
1286 3009 1318 3062 et
1341 2997 1505 3062 Christum
1537 3000 1617 3080 eiua,
1649 2999 1850 3084 angariando
1880 3001 1913 3063 in
1943 3001 2134 3064 servitutem

483 3104 661 3191 redigendo
685 3117 831 3170 sanctam
856 3115 888 3170 et
911 3104 1048 3170 liberam
1072 3127 1225 3192 sponsam
1248 3107 1360 3192 ipsius.
2153 3134 2180 3174 a,

587 3212 718 3276 Priores
737 3211 783 3275 illi
800 3210 978 3276 aecclesias
994 3211 1195 3294 ditaverunt3
1221 3213 1274 3276 isti
1298 3211 1529 3297 spoliaverunt.
1575 3212 1626 3277 llli
1650 3225 1765 3277 sancta
1789 3213 1937 3294 concilia,
1961 3212 2134 3300 inquibus

482 3329 625 3406 potestas
648 3319 833 3405 principum
857 3316 899 3382 ab
924 3320 1150 3405 episcoporum
1175 3319 1430 3404 promotionibus
1461 3319 1654 3400 excluditur,
1685 3331 1779 3385 caute
1803 3331 2027 3400 servaverunt,
2057 3344 2133 3384 nus-

482 3449 580 3511 quam
604 3449 638 3490 se
663 3425 705 3490 ad
729 3426 786 3489 has
806 3427 996 3506 inserentes,
1020 3427 1128 3507 immo,
1152 3448 1193 3491 ne
1211 3427 1283 3512 quis
1299 3427 1460 3491 minorum
1477 3428 1659 3512 principum
1676 3427 1739 3491 hoc
1754 3427 1887 3509 faceret,
1912 3427 2132 3513 prohibentes,

371 3513 373 3520 .
480 3534 544 3596 nisi
573 3533 656 3597 forte
687 3531 728 3596 ab
760 3532 920 3598 aecclesia
950 3533 1166 3596 invitarentur
1188 3531 1232 3597 ad
1255 3531 1520 3598 collaborandum
1545 3531 1660 3597 studiis
1684 3531 1852 3598 bonorum.
1900 3535 1977 3600 Sic1
2000 3545 2132 3620 petente

481 3639 718 3704 Mediolanensi
742 3640 903 3704 aecclesia
927 3650 1000 3725 post
1022 3640 1142 3704 factam
1159 3639 1351 3705 electionem
1375 3641 1579 3725 imperatoris
1603 3641 1743 3704 accessit
1766 3640 1965 3726 suffragium,
1990 3651 2026 3705 ut
2050 3639 2132 3706 obti·
2152 3668 2178 3706 so

392 3771 461 3814 nso.
480 3757 595 3812 nerent
617 3745 748 3810 beatum
764 3745 984 3810 Ambrosium.
1033 3746 1098 3828 Qui
1121 3748 1155 3810 in
1178 3748 1368 3833 episcopum
1392 3746 1514 3810 electus
1538 3769 1641 3833 usque
1666 3745 1748 3811 adeo
1767 3746 1990 3828 *renitebatun
2015 3759 2050 3812 ut
2073 3749 2131 3811 im-

480 3854 639 3940 peratoris
669 3853 841 3932 auxilium,
874 3854 1027 3938 quoniam
1058 3864 1134 3918 tunc
1165 3854 1320 3939 temporis
1349 3876 1415 3918 non
1445 3851 1541 3938 longe
1572 3876 1592 3917 a
1622 3853 1808 3918 Mediolano
1839 3854 1909 3934 fuit,
1941 3876 2039 3941 super
2068 3853 2130 3919 hoc

479 3961 699 4025 necessarium
730 3959 913 4042 videretur;
949 3982 1013 4024 non
1048 3970 1084 4024 ut
1120 3960 1257 4025 electum
1292 3961 1475 4043 investiret,
1512 3959 1570 4024 sed
1604 3971 1640 4025 ut
1674 3962 1868 4025 renitentem
1903 3962 2130 4047 imperatoriae

480 4067 680 4132 auctoritatis
703 4065 848 4153 pondere
872 4064 999 4130 adhoc
1023 4066 1205 4148 inclinaret,
1235 4068 1386 4152 quatinus
1411 4064 1560 4130 electioni
1584 4065 1740 4130 divinitus
1764 4067 1871 4131 factae
1895 4069 2129 4154 acquiesceret.

589 4193 639 4254 19.
680 4189 836 4255 Similiter
866 4199 996 4254 sanctus
1028 4189 1230 4276 Gregorius²
1260 4201 1333 4277 post
1362 4190 1483 4254 factam
1514 4189 1554 4254 de
1585 4213 1619 4254 sc
1651 4193 1842 4256 canonicam
1874 4190 2065 4256 electionem
2096 4194 2130 4256 in
2151 4218 2176 4258 aa

479 4308 605 4361 tantum
628 4295 838 4376 renitebatur,
862 4307 898 4360 ut
921 4298 1108 4382 imperatori
1124 4297 1284 4362 Mauricio
1307 4296 1418 4360 literas
1442 4298 1593 4376 mitteret,
1617 4319 1658 4361 ne
1683 4321 1827 4384 unquam
1848 4297 1966 4384 populo
1983 4299 2129 4363 Romano

382 4516 411 4556 *e
421 4517 460 4557 19⁴.
587 4499 812 4557 Constantinus⁸
840 4503 870 4557 in
893 4502 1004 4558 Niceua
1026 4503 1132 4573 synodo
1157 4509 1325 4558 conventum
1351 4503 1540 4574 episcopalem
1564 4504 1605 4559 ita
1627 4504 1743 4558 adorsus
1774 4511 1835 4558 est:
1867 4502 2007 4560 Dominus
2035 4504 2133 4560 stabat

481 4628 527 4664 cos
550 4609 719 4676 sacerdotes,
743 4637 786 4646 —-
808 4638 852 4646 —
882 4607 1000 4664 clamide
1023 4627 1084 4664 mea
1108 4607 1279 4682 cooperires
1303 4627 1372 4664 curn.
1419 4610 1541 4664 Karalus
1565 4619 1595 4666 et
1617 4611 1786 4665 Ludewicns
1810 4611 1922 4682 gloriosi
1945 4612 2130 4682 imperatores

478 4715 508 4770 iu
530 4716 618 4787 primo
641 4715 712 4770 libro
742 4716 927 4786 capitulorum
958 4733 1069 4770 suorum
1099 4710 1298 4770 statuerunt42
1333 4714 1486 4772 Sacrorum
1512 4735 1650 4772 canonum
1673 4735 1730 4773 non
1753 4716 1851 4794 ignari
1872 4747 1916 4755 —
1939 4748 1983 4757 —
2004 4717 2131 4774 subiectis

475 4822 613 4895 prodesse
634 4821 736 4877 'ualeat
784 4822 826 4875 Ex
850 4822 993 4892 tripertita
1016 4815 1178 4876 Historia5:
1204 4819 1378 4878 lastinianus
1401 4822 1442 4878 ad
1458 4821 1684 4879 Mediolanenses
1707 4825 1838 4898 loquum:
1863 4822 1966 4893 Nostis,
1991 4824 2040 4892 ait,
2066 4843 2129 4880 esn-
2149 4841 2175 4879 so

480 4926 531 4983 diti
552 4957 596 4966 —
611 4957 655 4965 -
677 4935 704 4982 et
724 4926 771 4984 illc
794 4928 945 5002 splendore
960 4928 1107 5003 sulpcntcs
1129 4927 1225 4983 radius
1243 4927 1372 5002 poteritis
1397 4927 1506 5005 diperc.
1553 4929 1625 4985 Item
1646 4931 1681 4984 ad
1703 4931 1880 4986 Ambrosium
1905 4933 2026 4987 electum
2050 4927 2128 4988 ait⁶:

480 5032 548 5091 Noli
569 5032 673 5102 dissere,
698 5033 765 5109 quio
788 5042 815 5090 et
835 5033 924 5103 Dua,
948 5064 992 5072 -
1015 5065 1058 5072 -
1080 5052 1190 5108 seraper
1212 5033 1339 5090 eccistam.

589 5209 617 5280 l)
642 5211 673 5267 V.
699 5211 839 5268 Ambrosii
860 5231 883 5267 c.
902 5211 931 5266 1.
957 5211 994 5281 8,·
1025 5213 1065 5283 cf.
1091 5211 1249 5268 Daadcdit
1272 5211 1332 5268 Lib.
1365 5221 1464 5269 contra
1491 5212 1637 5270 invasores
1661 5222 1686 5270 ct
1707 5213 1874 5271 artioniacos
1897 5215 1920 5284 J,
1945 5211 2032 5284 §lu
2066 5216 2128 5272 Lib.

480 5317 519 5388 ΙΙ,
539 5339 572 5395 p.
592 5317 664 5374 308.
758 5316 788 5387 2)
817 5317 847 5373 V.
874 5317 904 5374 S.
924 5315 1058 5395 Greporii
1080 5319 1104 5389 I,
1130 5338 1153 5375 c.
1179 5318 1218 5372 39
1227 5339 1238 5387 ;
1262 5318 1302 5388 cs.
1328 5317 1484 5374 Dcusdedit
1507 5320 1560 5375 1.1.
1581 5340 1613 5394 p.
1633 5318 1705 5375 308.
1799 5320 1829 5388 3)
1853 5321 1954 5399 Rufini
1977 5323 2037 5379 hisi.
2063 5325 2127 5380 eccl.

479 5425 503 5495 I,
529 5445 552 5482 c.
575 5424 603 5481 2.
629 5425 671 5481 ed.
692 5424 818 5481 Valhrrsi
840 5426 890 5481 col.
917 5423 978 5481 219
988 5447 998 5494 ;
1029 5427 1070 5497 cs.
1095 5425 1202 5481 Daad.
1229 5423 1284 5493 III,
1308 5419 1328 5497 ξ
1348 5422 1396 5493 10,
1421 5427 1439 5480 1.
1464 5426 1481 5480 l.
1502 5446 1534 5500 p.
1561 5424 1633 5483 350.
1749 5425 1780 5499 4>
1805 5427 1938 5484 Ludouic.
1964 5428 2011 5484 Pii
2034 5427 2127 5504 Capit.
2147 5447 2174 5484 aa

480 5531 543 5587 ecel.
562 5531 636 5588 818.
655 5530 728 5600 819,
754 5550 777 5587 c.
796 5529 824 5599 2,
852 5529 944 5606 Capit.
969 5550 1027 5606 rep.
1052 5531 1159 5587 Franc.
1185 5531 1209 5599 I,
1228 5550 1261 5604 p.
1282 5531 1362 5600 216;
1386 5533 1461 5588 locria
1485 5551 1520 5588 er
1545 5532 1651 5589 Deusd.
1679 5533 1740 5589 Lib.
1766 5532 1789 5603 I,
1814 5530 1902 5604 §lu
1927 5536 1981 5590 11.
2001 5555 2034 5610 p.
2053 5535 2126 5592 315.

478 5645 602 5712 sumptus
626 5646 673 5694 cst.
767 5636 796 5706 5)
822 5637 885 5706 VII,
911 5657 933 5692 c.
952 5637 981 5692 8.
1007 5638 1049 5692 ed.
1069 5635 1203 5694 Garetius
1227 5638 1276 5693 col.
1296 5635 1368 5692 305.
1462 5638 1492 5708 6)
1512 5637 1561 5710 Os.
1588 5639 1680 5715 Epist.
1702 5640 1797 5711 1,21.
1822 5642 1864 5696 ad
1883 5641 2128 5713 Valentinianum,-

479 5744 519 5815 es.
545 5743 680 5800 Placidus
705 5763 727 5800 c.
754 5743 805 5814 59,
832 5743 932 5800 Libelli
953 5743 993 5812 II,
1013 5763 1046 5817 p.
1073 5742 1145 5798 594.
