4418 6412
514 395 567 450 DE
591 392 923 452 INVESTIGATIONE
947 391 1199 448 ANTICHRISTI
1221 393 1256 448 L.
1272 393 1296 447 l.
1672 385 1733 448 391

87 579 238 664 debeant,
256 605 298 647 ex
314 583 414 647 altero
432 583 557 668 possint
572 583 716 668 ipsorum
732 580 915 646 defensioni
929 601 995 643 non
1010 579 1134 643 deesse.
1167 578 1212 642 Et
1227 578 1446 643 Romanorum
1462 577 1594 666 quidem
1609 579 1736 666 pontifi-

87 710 161 752 cum
185 710 245 752 seu
268 688 482 754 cardinalium
506 710 604 774 super
628 689 780 774 expensis
803 687 1016 773 pecuniarum
1039 684 1194 749 defensio·
1210 683 1271 749 hec
1295 695 1352 750 est.
1390 684 1471 751 ‘Sed
1490 707 1611 772 quaeso
1627 709 1696 769 vos,
1718 709 1736 751 o

86 794 235 878 Romani,
261 795 347 882 quod
370 817 514 882 unquam
539 794 790 859 emolumentum
813 805 902 858 tanto
926 790 1090 856 molimine
1106 790 1241 877 dignum
1256 813 1316 878 per
1332 792 1465 857 easdem
1481 790 1737 857 abhominabiles

87 922 251 986 expensas
271 903 438 966 consecuti
454 900 556 966 estis?
593 899 681 981 Quin
697 901 804 986 potius
829 899 928 965 semel
951 898 1087 962 inescati
1104 899 1250 984 pecuniis
1268 899 1479 963 ecclesiarum
1496 900 1585 964 cives
1600 899 1737 964 Romani

53 1029 226 1093 asemper,
247 1018 282 1072 ut
305 1031 403 1094 supra
419 1029 549 1094 quoque
573 1029 683 1071 sumus
708 1007 823 1094 questi,
847 1004 1088 1092 inquietudines
1104 1003 1198 1068 vobis
1215 1006 1387 1091 queritant,
1408 1027 1545 1091 quarum
1566 1007 1736 1071 occasione

86 1135 218 1200 semper
232 1114 336 1199 magis
361 1136 399 1178 ac
415 1115 519 1199 magis
535 1115 708 1200 accipiant.
743 1110 1012 1177 Abhominabiles
1029 1133 1107 1175 sane
1123 1110 1182 1175 has
1199 1133 1360 1198 expensas
1377 1111 1526 1194 dixerim,
1543 1135 1602 1199 pro
1619 1112 1736 1200 quibus

87 1219 319 1306 conquirendis
343 1220 481 1285 ecclesie
498 1219 563 1284 Dei
587 1231 757 1302 vexantur,
782 1219 979 1304 aporiantur,
1004 1217 1269 1300 dimembrantur,
1293 1241 1354 1282 nec
1378 1229 1488 1282 tamen
1510 1240 1570 1305 per
1593 1241 1648 1284 eas
1671 1243 1737 1307 pax

86 1325 183 1390 vobis
206 1327 362 1412 pecunias
387 1324 627 1391 effundentibus
652 1327 862 1412 conquiritur,
893 1324 1053 1411 siquidem
1077 1347 1097 1388 a
1120 1323 1214 1389 vobis
1240 1325 1483 1411 'accipientium
1506 1327 1651 1390 avaricia
1672 1348 1738 1391 non
1756 1353 1847 1403 anos.

86 1432 249 1519 impletur.
295 1432 445 1514 Mentior,
476 1433 503 1496 si
527 1454 631 1518 nuper
653 1431 713 1496 sub
734 1430 882 1520 Adriano
905 1453 993 1517 papa
1017 1431 1155 1495 ecclesia
1178 1431 1437 1495 lerosolimitana
1466 1454 1524 1518 pro
1548 1434 1737 1519 acceptione

39 1562 68 1600 ro
86 1561 258 1604 munerum
288 1537 500 1604 demenbrata
528 1561 592 1603 non
623 1550 681 1603 est.
728 1539 837 1602 Taceo
869 1539 956 1602 enim
981 1537 1061 1601 alias
1093 1537 1248 1602 ecclesias
1278 1538 1364 1602 idem
1388 1561 1513 1624 passas,
1541 1561 1622 1625 quas
1653 1562 1738 1604 com·

86 1667 268 1710 memorare
298 1646 430 1732 longum
453 1657 547 1710 esset.
595 1645 704 1710 Unum
727 1645 799 1728 hcc,
824 1645 977 1731 quoniam
1001 1667 1114 1709 recens
1139 1654 1197 1727 est,
1223 1643 1349 1709 silentio
1372 1667 1437 1709 non
1460 1643 1645 1731 preteribo'.

180 1809 231 1869 72.
265 1806 324 1869 De
349 1828 474 1870 causa
496 1805 862 1890 Hospitalensium
886 1814 925 1868 et
948 1805 1139 1868 avaricia
1163 1827 1208 1868 ac
1231 1803 1344 1868 fastu
1366 1804 1648 1870 Romanorum.
1757 1834 1808 1883 (so.

196 1928 305 1994 Causa
327 1940 397 1993 erat
419 1929 536 1993 domno
560 1930 625 1992 iam
649 1928 735 1994 dicte
758 1929 938 1994 aecclesiae
962 1927 1167 2014 patriarchae
1191 1928 1348 1992 adversus
1371 1929 1486 1993 fratres
1510 1929 1551 1994 de
1574 1929 1737 2016 hospitali,

87 2059 147 2122 pro
172 2059 246 2122 qua,
270 2036 346 2100 dum
370 2037 402 2100 ei
425 2035 678 2100 satisfactionem
707 2034 793 2099 idem
821 2035 937 2098 fratres
962 2033 1123 2116 offerrent,
1148 2034 1284 2100 domnus
1308 2035 1503 2121 patriarcha,
1533 2047 1630 2122 prout
1659 2038 1738 2123 ipsis

41 2144 194 2206 revisum
218 2155 277 2225 est,
305 2143 422 2207 nimius
445 2165 546 2206 causa
567 2143 699 2228 propria
723 2153 857 2206 exactor
879 2141 1012 2205 exstitit.
1061 2140 1155 2204 Unde
1179 2140 1222 2205 ad
1245 2142 1309 2205 iam
1334 2141 1456 2207 dictum
1478 2164 1598 2229 papam
1621 2143 1738 2208 Adria·

87 2253 188 2312 uum¹
212 2248 409 2335 appellatum
426 2260 458 2313 ct
474 2260 606 2313 ventum
624 2258 681 2312 est.
717 2248 870 2334 Dumque
895 2270 994 2312 causa
1016 2259 1226 2334 utrorumque
1250 2249 1380 2334 cognita
1403 2249 1485 2313 iuste
1510 2250 1597 2335 quod
1619 2251 1739 2316 iustum

87 2357 174 2419 inter
189 2357 378 2442 episcopum
402 2365 434 2420 et
457 2353 636 2420 subiectam
661 2353 723 2418 sibi
747 2353 877 2418 domum
900 2354 1038 2419 iudicari
1057 2352 1233 2436 debuisset,
1258 2356 1433 2419 intervenit
1455 2357 1596 2442 pecunia
1619 2357 1737 2444 Hospi-

89 2462 276 2544 talensium,
308 2484 371 2548 que
400 2461 463 2525 illis
494 2460 595 2526 multa
624 2461 764 2525 vacabat
798 2460 897 2547 idque
928 2459 999 2546 plus
1030 2483 1127 2547 quam
1160 2460 1262 2526 tribus
1292 2460 1422 2525 milibus
1453 2485 1635 2528 marcarum
1665 2465 1739 2550 puri

89 2569 216 2654 argenti
246 2568 366 2633 factum
391 2579 449 2651 est,
474 2578 509 2632 ut
533 2568 648 2632 eadem
671 2567 785 2632 domus
810 2566 851 2632 de
876 2565 935 2630 sub
960 2565 1145 2632 obedientia
1174 2568 1357 2653 patriarche
1388 2567 1554 2633 tolleretur
1564 2575 1584 2652 ²,
1616 2571 1739 2634 nemini

42 2699 71 2739 ro
90 2677 266 2762 quicquam
296 2674 501 2740 obedientiae
531 2676 593 2738 nisi
616 2675 762 2738 Romano
793 2672 916 2738 debens
947 2674 1102 2759 pontifici.
1148 2674 1192 2738 Et
1223 2675 1270 2738 sic
1300 2675 1454 2762 iniquitas
1483 2698 1543 2762 per
1566 2678 1739 2762 pecuniam

89 2783 208 2846 victrix
233 2783 356 2847 exstitit
380 2793 412 2846 et
434 2781 620 2868 patriarcha
636 2779 868 2844 dimembratus
885 2803 924 2844 ac
940 2779 1053 2844 dolens
1075 2779 1117 2845 ad
1133 2803 1202 2864 stra,
1227 2781 1284 2845 sed
1308 2783 1372 2844 iam
1395 2804 1462 2845 non
1477 2804 1546 2865 sua,
1570 2785 1737 2858 remeavit.

89 2889 237 2953 Hoccine
254 2899 302 2952 est
318 2889 450 2953 unicum
473 2887 588 2952 asilum
611 2910 651 2951 ac
675 2887 790 2952 civitas
814 2887 942 2972 refugii,
966 2909 1030 2973 quo
1055 2910 1075 2950 a
1097 2897 1163 2952 toto
1188 2886 1265 2952 orbe
1290 2888 1517 2974 refugiendum
1541 2900 1574 2954 et
1596 2889 1738 2976 apellan-

90 2995 167 3058 dum
192 2997 242 3077 sit,
266 2993 323 3059 ubi
345 2996 499 3081 iniquitas
518 2995 687 3059 victoriam
712 3004 744 3056 et
766 2993 895 3057 iusticia
919 2995 1162 3079 oppressionem
1185 2995 1335 3078 invenit?
1381 2995 1527 3060 Heccine
1552 3007 1601 3061 est
1623 2996 1740 3061 umbra

89 3101 190 3184 Petri,
221 3100 282 3166 sub
305 3123 370 3187 qua
392 3124 458 3166 non
480 3101 599 3164 infirmi
629 3101 801 3164 sanitatem
830 3101 999 3185 recipiunt,
1030 3100 1088 3164 scd
1112 3102 1183 3164 sani
1205 3103 1373 3165 venientes
1398 3112 1546 3187 egrotare
1570 3103 1737 3189 incipiunt,

45 3233 72 3273 ss
90 3209 188 3272 immo
213 3231 290 3272 vero
315 3220 346 3273 et
368 3218 504 3272 mortem
527 3206 720 3271 incurrunt?
754 3205 807 3269 An
831 3229 908 3270 vero
932 3229 1017 3270 mors
1039 3207 1213 3271 multarum
1237 3231 1302 3272 uon
1326 3218 1375 3272 est
1399 3219 1543 3272 sanctam
1560 3209 1738 3275 Romanam
1830 3259 1848 3294 ‚v

91 3315 264 3404 ecclesiam
280 3315 491 3379 eeclesiarum
507 3326 643 3378 matrem
660 3312 825 3377 novercali
849 3313 922 3377 odio
946 3323 1078 3399 propter
1101 3315 1263 3378 avariciae
1288 3312 1479 3378 detestabile
1495 3315 1615 3381 malum
1632 3316 1738 3382 odisse

90 3423 245 3509 incipere,
270 3445 312 3486 cx
336 3423 428 3486 cuius
450 3420 606 3485 uberibus
622 3419 720 3484 vitale
745 3432 908 3484 sumentes
932 3418 1119 3483 alimentum
1143 3442 1214 3483 eam
1238 3431 1402 3506 tamquam
1426 3421 1484 3485 filii
1507 3433 1644 3487 matrem
1668 3423 1738 3487 dili-

90 3551 168 3614 gere
193 3527 398 3593 debuerant?
436 3527 490 3592 An
513 3549 577 3591 non
600 3549 686 3591 mors
703 3525 875 3590 multarum
892 3537 941 3590 est
964 3527 1144 3590 animarum
1168 3527 1252 3590 inter
1275 3526 1414 3612 prelatos
1439 3538 1472 3591 et
1495 3551 1560 3610 eos,
1585 3530 1641 3614 qui
1665 3527 1738 3593 sub-

91 3636 166 3699 iecti
183 3657 255 3699 esse
272 3633 461 3717 debuerant,
485 3633 696 3720 impacabiles
713 3634 818 3698 sevire
836 3631 1025 3714 discordias,
1050 3633 1209 3719 siquidem
1226 3643 1258 3696 et
1275 3632 1412 3697 subiecti
1435 3635 1535 3698 semel
1550 3657 1570 3700 a
1585 3636 1739 3700 Romanis

46 3767 72 3806 so
90 3740 298 3828 pontificibus
321 3750 458 3827 accepta
480 3739 651 3805 resistendi
681 3739 821 3803 andacia
849 3750 1097 3825 perseveranter
1120 3740 1282 3804 cervicem
1306 3751 1418 3804 contra
1442 3764 1516 3805 suos
1541 3764 1583 3806 ex
1605 3742 1740 3828 antiqua

92 3849 293 3912 ordinatione
309 3847 451 3935 prelatos
474 3849 602 3932 erigmrt
626 3857 658 3910 et
680 3846 767 3910 idem
790 3845 907 3932 prelati
930 3855 1034 3910 stante
1058 3835 1201 3932 ipsorum
1219 3845 1372 3933 superbia
1388 3869 1510 3934 sueque
1526 3850 1738 3912 truncationis

92 3956 284 4020 detrimento
300 3964 530 4042 perseverante
554 3975 618 4016 uon
642 3952 736 4016 facile
761 3975 837 4016 suae
861 3952 992 4017 lesionis
1015 3953 1166 4016 iniuriam
1184 3951 1331 4017 oblivisci
1356 3954 1528 4018 sinuntur?
1563 3953 1629 4019 Ubi
1652 3977 1739 4019 nunc

91 4060 216 4148 Helyas
240 4084 376 4148 magnus
400 4060 452 4124 ille
477 4060 635 4147 propheta
657 4061 722 4123 iam
747 4058 822 4122 olim
838 4061 1016 4145 promissus
1033 4083 1052 4122 a
1067 4059 1220 4142 Domino,
1245 4071 1279 4124 ut
1302 4060 1378 4124 huic
1402 4062 1564 4146 iniquitati
1589 4072 1740 4126 occurrat

92 4159 220 4234 dicens:
248 4169 405 4234 (locide-'sti
427 4171 554 4254 iusuper
577 4182 605 4232 et
619 4167 817 4253 possedisti?
851 4164 917 4247 ubi,
947 4167 1090 4251 inquam,
1120 4166 1255 4252 Helyas,
1283 4177 1318 4231 ut
1341 4167 1495 4253 supplens
1525 4167 1559 4232 id
1590 4166 1677 4255 quod
1705 4170 1740 4232 in
1758 4196 1916 4246 anagnin.

46 4299 72 4339 st
90 4275 245 4339 Romanis
261 4275 362 4356 deest,
386 4290 544 4340 carmarias
564 4299 618 4339 cor
627 4290 758 4360 patrarat
784 4276 816 4337 ia
831 4275 924 4360 filios
947 4287 974 4337 et
993 4274 1090 4336 corda
1098 4275 1246 4360 filiorum
1271 4277 1426 4360 inpetres
1449 4299 1565 4354 eorum,
1590 4274 1684 4338 simul
1708 4288 1740 4341 et
1759 4303 1909 4352 amenas.

91 4382 178 4467 ipsos
202 4383 363 4446 instruens
379 4381 552 4463 Romanos,
577 4393 735 4466 quatenus
760 4380 864 4443 sciant
888 4401 922 4442 se
945 4400 1010 4442 non
1033 4379 1067 4442 in
1083 4378 1345 4463 destructionem,
1370 4380 1429 4444 sed
1451 4381 1485 4444 in
1502 4380 1739 4446 edificationem

91 4487 302 4552 ecclesiarum
325 4497 518 4574 potestatem
542 4485 734 4572 accepisse?
780 4485 911 4549 Etenim
927 4482 1066 4548 ecclesie
1082 4486 1234 4549 universe
1258 4509 1375 4572 corpus
1400 4510 1473 4552 cum
1497 4489 1539 4552 sit
1561 4511 1671 4570 unum,
1691 4502 1741 4555 est

91 4605 200 4658 tamen
230 4603 262 4658 et
291 4595 323 4657 in
354 4591 500 4658 membra
529 4591 665 4679 pulchra
687 4593 845 4656 varietate
876 4590 1136 4674 subdistinctum,
1167 4593 1212 4656 ita
1240 4603 1275 4656 ut
1302 4593 1442 4679 quedam
1473 4594 1611 4659 ecclesie
1643 4597 1739 4661 etiam

91 4699 237 4765 membra
266 4700 307 4764 de
336 4698 481 4764 membro
513 4701 585 4763 sint.
631 4699 745 4762 Posuit
774 4719 904 4784 nanque
935 4698 1027 4762 Deus
1056 4699 1091 4761 in
1121 4699 1261 4762 ecclesia
1290 4701 1394 4785 primo
1424 4701 1605 4766 Romanum
1635 4704 1739 4789 ponti-

45 4833 74 4871 ιο
90 4807 196 4890 ficem,
227 4806 345 4871 deinde
375 4805 577 4893 patriarchas
602 4816 633 4870 et
656 4805 819 4890 primates,
851 4805 952 4869 tercio
984 4803 1231 4891 archipresules,
1260 4805 1379 4870 deinde
1409 4831 1468 4893 per
1495 4809 1643 4873 civitates
1672 4811 1738 4896 epi·
1759 4837 1850 4887 anor.

92 4936 207 5000 scopos
238 4923 271 4978 et
299 4911 359 4978 sub
390 4913 551 4999 episcopis
581 4909 790 4998 presbyteros
821 4922 854 4975 ct
883 4911 1048 4997 reliquos*
1078 4911 1170 4976 *cleri
1201 4911 1330 4977 ordines
1362 4913 1542 4979 collocavit.
1591 4915 1626 4979 Si
1651 4938 1738 5002 erg0,

92 5019 370 5108 quemadmodum,
403 5019 444 5084 de
482 5041 595 5083 cesare
634 5041 654 5082 a
691 5018 832 5104 quodam
870 5017 992 5082 dictum
1031 5027 1094 5100 est,
1133 5018 1297 5082 Romanus
1336 5020 1484 5106 pontifex
1522 5023 1643 5100 omnia,
1683 5022 1739 5087 ubi

92 5126 234 5214 corpus?
281 5127 369 5207 Quid
398 5137 508 5190 autem
537 5125 669 5212 prodest
699 5124 885 5212 quempiam
916 5125 1057 5189 civitatis
1087 5124 1172 5189 illius
1203 5136 1258 5189 aut
1288 5125 1373 5190 illius
1405 5128 1594 5213 episcopum
1618 5127 1683 5193 dici
1707 5141 1740 5194 et

93 5234 123 5298 ei
147 5232 188 5298 ab
213 5233 358 5298 eiusdem
382 5233 522 5298 civitatis
546 5230 695 5296 domibus
720 5231 924 5296 contradici?

48 5411 74 5450 to
199 5395 226 5462 a)
248 5397 353 5464 reliquo
372 5415 392 5448 c.

204 5525 232 5600 1)
260 5527 347 5582 histrio
377 5524 558 5583 Anastasium
583 5525 603 5580 Ι
606 5525 636 5594 V,
669 5523 717 5600 qui
747 5523 987 5598 Hospitolenaibus
1012 5524 1191 5600 pricilopinm
1222 5527 1404 5602 curruptionis
1434 5543 1462 5584 a.
1486 5527 1578 5597 1154,
1606 5526 1664 5585 oct.
1687 5527 1737 5585 21.

93 5631 192 5709 (Joffe'
212 5653 256 5690 ar.
275 5627 372 5707 6815)
405 5631 496 5702 cladi&
526 5633 567 5704 cf.
593 5631 769 5702 Surrrrzlbfcl
790 5629 813 5699 l,
837 5649 866 5704 p.
886 5628 936 5684 24.
1058 5629 1088 5699 2)
1115 5629 1163 5701 Of.
1188 5651 1279 5706 supra
1302 5652 1324 5689 c.
1344 5633 1404 5702 62,·
1435 5633 1480 5690 De
1509 5643 1614 5710 quarta
1644 5634 1740 5712 cipitia

92 5739 182 5798 accde
204 5759 228 5796 c.
244 5740 292 5796 11.
585 5749 586 5752 ’
