4426 6398
645 1429 1027 1550 MONACHI
1072 1429 1518 1549 CUIUSDAM
1564 1431 1881 1550 EXULIS

477 1674 531 1794 S.
588 1673 1086 1794 LAURENTII
1144 1675 1260 1792 DE
1319 1675 2037 1798 CALAMITATIBUS

476 1919 941 2041 EOCLESIAE
979 1919 1480 2039 LEODIENSIS
1520 1920 2047 2048 OPUSCULUM.

1181 2194 1344 2258 EDIDIT

1039 2375 1102 2470 H.
1130 2371 1476 2471 BOEHMER.
2094 2411 2104 2448 ⁵

554 2623 712 2706 Carnu'na
738 2639 831 2726 infra
855 2639 939 2704 edita
965 2641 1028 2702 eam
1053 2653 1164 2723 quater
1185 2651 1255 2701 ante
1279 2662 1326 2703 me
1344 2639 1473 2724 publici
1494 2639 1577 2702 iuris
1592 2638 1688 2724 facta
1712 2652 1790 2701 sunt.
1827 2639 1910 2702 Ante
1931 2639 1973 2700 40
1990 2663 2083 2702 anrsos

433 2749 515 2811 enim
546 2747 723 2810 Bethmann
753 2747 779 2809 b.
804 2771 843 2808 m.
876 2747 908 2808 in
941 2745 1047 2809 codice
1070 2745 1134 2807 412
1167 2743 1337 2829 (qnondam
1363 2746 1441 2828 386)
1474 2745 1676 2808 bibliothecae
1705 2745 1914 2830 municipalis
1940 2728 2082 2810 Camera-

433 2855 544 2933 censis,
569 2853 606 2916 de
629 2875 689 2937 qno
713 2877 782 2915 cum
802 2875 902 2936 nuper
918 2851 957 2914 A.
977 2851 1131 2916 Molinier
1146 2853 1224 2915 satis
1247 2865 1391 2914 accurate
1416 2851 1602 2914 disseruerit
1611 2853 1632 2931 ¹,
1649 2851 1765 2937 fusim
1780 2875 1873 2938 opere
1887 2852 2083 2937 supersedeo,

433 2973 526 3023 totam
549 2961 659 3024 seriem
685 2958 851 3044 indapavit
873 2972 901 3022 ct
923 2957 997 3022 inde
1021 2960 1054 3022 in
1079 2982 1167 3020 usum
1193 2971 1328 3020 nostrum
1354 2959 1529 3043 exscripsit.
1566 2955 1632 3020 Sed
1653 2983 1682 3020 a.
1700 2958 1822 3022 demum
1843 2959 1939 3021 1886.
1962 2961 2084 3044 primus

433 3066 473 3128 E.
492 3065 657 3129 Du'mmler
673 3065 854 3151 opusculum
880 3067 915 3128 in
931 3065 1101 3128 annalibus
1116 3067 1232 3128 nostris
1248 3065 1405 3149 eoulqacit
1415 3068 1434 3126 ².
1476 3063 1574 3128 Cuius
1590 3064 1755 3128 edicionem
1771 3067 1877 3128 statim
1894 3064 1935 3127 Ii.
1955 3065 2085 3130 Racholl
2100 3087 2119 3123 n

434 3175 467 3236 in
491 3173 573 3236 libro
597 3174 651 3235 cui
672 3173 857 3236 inscribitur
880 3171 1014 3256 ‘Hupcrt
1036 3195 1095 3234 oon
1119 3169 1233 3234 Deutz’
1254 3195 1287 3255 p.
1307 3171 1505 3233 269-287.
1535 3170 1581 3234 ad
1610 3171 1735 3234 verbum
1762 3173 1917 3256 repetivit.
1967 3171 2083 3235 Eodem

433 3303 505 3343 cero
535 3303 617 3342 anno
641 3277 682 3340 B.
702 3278 864 3356 Hadrian,
885 3280 1010 3363 prioris
1033 3277 1182 3340 editionis
1206 3279 1347 3362 ipimus,
1372 3276 1471 3340 denuo
1495 3279 1639 3340 carmina
1662 3301 1678 3340 e
1701 3277 1806 3341 codice
1830 3278 2038 3342 exscribenda
2060 3293 2085 3342 et

433 3388 466 3449 in
484 3384 621 3449 ‘Notices
637 3399 664 3447 et
680 3384 838 3448 Eutraits'
856 3382 985 3463 XXXI,
1002 3385 1033 3463 2,
1052 3409 1086 3468 p.
1103 3385 1165 3445 115
1182 3408 1227 3468 sq.
1253 3383 1435 3446 emendenda
1458 3383 1591 3446 curavit.
1629 3381 1766 3459 Quartus
1790 3383 1925 3468 denique
1945 3411 1974 3447 a.
1992 3385 2082 3448 1891.

433 3493 472 3553 A.
491 3491 628 3554 (lanmhie
651 3493 685 3555 in
703 3492 784 3555 libro
808 3493 862 3554 cui
883 3493 1068 3554 inscribitur
1092 3489 1152 3552 ‘La
1174 3489 1310 3574 querella
1334 3489 1388 3552 des
1411 3491 1607 3553 investitores
1624 3489 1704 3552 dans
1721 3490 1764 3553 les
1780 3489 1920 3554 dioceses
1936 3491 1974 3554 de
1990 3490 2084 3578 Linye

433 3613 461 3661 et
483 3598 522 3661 de
541 3597 703 3676 Cambrai,
728 3597 887 3660 dererihmc
906 3596 1028 3683 partie'
1050 3621 1082 3682 p.
1102 3597 1255 3658 48-64.
1279 3597 1392 3659 seriem
1413 3596 1541 3680 publici
1562 3597 1644 3659 iuris
1660 3595 1755 3682 fecit,
1779 3595 1837 3659 sed
1858 3621 1926 3659 cum
1948 3597 2082 3662 codicem
2100 3619 2119 3655 a

434 3707 537 3789 ipsum
561 3705 716 3789 inspicere
740 3705 910 3790 neplcuerit
931 3703 1142 3788 editioncsque
1165 3716 1282 3766 tantum
1298 3703 1470 3766 anteriores
1494 3701 1582 3764 bared
1602 3726 1678 3766 raro
1702 3704 1782 3766 inter
1804 3727 1836 3766 se
1861 3703 2083 3788 discrepantes,

426 3824 527 3896 prout
548 3812 581 3874 ei
600 3810 775 3890 videbatur,
799 3812 1028 3874 commiscuerit
1050 3824 1078 3872 et
1100 3811 1368 3887 contarrrinaoerit,
1385 3823 1418 3872 ut
1432 3803 1576 3888 Iloeholl,
1597 3833 1658 3872 non
1675 3809 1802 3872 multtum
1819 3807 1946 3873 adrem
1963 3810 2084 3874 uidetur

433 3916 582 3980 attulisse.
619 3917 786 3980 Du'mmler
808 3939 880 4002 erpo
904 3930 932 3979 et
950 3916 1105 3979 Hauriau
1127 3917 1192 3978 soli
1212 3917 1251 3978 ab
1275 3917 1331 3994 eis,
1355 3939 1486 4000 quorum
1511 3928 1624 3979 tentum
1643 3917 1814 4001 penninam
1831 3940 2015 4002 capnoscere
2038 3920 2083 3980 in-

433 4037 555 4103 tererat,
580 4037 669 4086 era-nt
690 4022 853 4086 audiendi.
905 4021 970 4099 Qui
990 4047 1058 4085 ciera
1082 4022 1230 4085 nonnihil
1251 4024 1332 4085 inter
1354 4046 1386 4086 se
1410 4022 1584 4107 differrent,
1605 4022 1739 4107 plac-uit,
1763 4037 1796 4085 nt
1817 4023 1917 4086 coelen
1939 4049 1969 4086 a.
1990 4025 2082 4086 1892.

433 4156 451 4192 a
477 4127 590 4193 Iacobo
615 4127 802 4208 Sehnoalm3,
833 4129 941 4192 sodali
968 4143 1082 4208 nostro,
1113 4131 1225 4192 iterum
1249 4128 1455 4214 conferretur.
1508 4127 1663 4192 Uorreetis
1693 4130 1792 4214 s'pitur
1814 4131 1861 4192 eis
1885 4131 2001 4214 quibus
2031 4131 2083 4194 ille
2100 4154 2121 4192 so

432 4235 586 4299 nredelam
608 4235 756 4299 adhibuit
769 4259 885 4300 necno-n
900 4235 1064 4320 suppletis,
1088 4236 1201 4319 quibus
1217 4235 1374 4297 Bitcheler
1389 4249 1417 4298 et
1431 4233 1471 4296 E.
1489 4234 1579 4320 Voiqt
1601 4259 1707 4298 nerones
1730 4234 1818 4297 haud
1838 4259 1916 4299 raro
1941 4238 2084 4302 obscuros
2133 4255 2138 4267 '

433 4357 461 4405 et
483 4355 645 4426 corruptos
668 4343 915 4420 illustraverunt,
940 4343 1125 4405 coniecturis
1134 4345 1156 4420 ⁴,
1181 4364 1234 4427 epo
1251 4343 1392 4426 quintam
1410 4343 1553 4404 carmi-na
1570 4340 1711 4404 editurus
1727 4354 1841 4405 tectum
1858 4343 1963 4427 paulo
1986 4369 2103 4407 ernen-¹

434 4448 587 4511 dationem
611 4472 657 4510 me
674 4449 894 4533 praebiturum
919 4472 984 4511 esse
1005 4471 1106 4533 spero.

540 4553 589 4616 De
619 4568 701 4618 tectu
731 4557 800 4639 ipso
819 4579 926 4639 pauca
951 4555 1109 4640 praefari
1136 4577 1213 4639 opus
1244 4566 1294 4616 est.
1342 4552 1526 4632 Librarius,
1558 4555 1617 4638 qni
1642 4554 1766 4617 saeculo
1789 4551 1890 4616 XIII.
1917 4556 1969 4618 cel
1990 4555 2050 4618 XI
2052 4555 2084 4618 V.

433 4659 522 4723 titulo
546 4697 588 4705 —
611 4659 755 4723 simodo
774 4675 867 4745 poeta
891 4663 958 4746 ipse
982 4661 1176 4724 carminibus
1199 4661 1364 4744 inscripsit
1386 4696 1429 4706 —
1460 4661 1574 4723 omisso
1604 4661 1786 4745 opusculum
1815 4661 1935 4724 libellis
1959 4663 2086 4746 quibus·
2103 4686 2127 4724 ss

434 4765 508 4828 dam
538 4766 718 4852 theolopicis
740 4767 775 4852 f.
803 4768 997 4829 ltu-129.
1030 4768 1206 4845 seibiunnit,
1240 4767 1368 4851 saepius
1400 4766 1543 4852 ss'npulas
1572 4768 1671 4829 seriei
1691 4780 1803 4852 partes
1833 4767 1949 4831 littoris
1979 4769 2087 4832 rubris

433 4885 489 4934 aut
510 4872 699 4951 initialibus,
727 4886 761 4936 ut
784 4876 880 4936 moris
895 4887 948 4953 est,
972 4876 1047 4958 quin
1073 4875 1166 4937 etiam
1190 4872 1241 4936 hic
1264 4872 1334 4936 illic
1356 4872 1497 4958 sispalos
1520 4896 1628 4935 versas
1650 4887 1794 4936 accurate
1818 4872 2013 4960 distinpnerc
2036 4899 2086 4938 ne-

430 4977 530 5062 ,alsait
538 4981 558 5040 ⁵.
597 4976 737 5041 Ceterum
753 5003 850 5063 neque
866 4982 933 5064 ipse
949 4979 1119 5064 eaemplar,
1144 4978 1230 5063 quod
1243 4977 1399 5056 adhibuit,
1415 4991 1559 5041 accurate
1575 4981 1828 5064 transscripsisse
1847 4978 1974 5042 videtur
1988 5005 2087 5067 neque

435 5084 588 5148 librar-ius
617 5087 780 5164 recentior,
810 5088 869 5169 qni
896 5088 1039 5148 carmina
1069 5085 1189 5149 Latina
1218 5098 1247 5148 et
1275 5083 1405 5148 Gallica
1435 5087 1469 5148 in
1499 5085 1621 5148 ultimis
1651 5084 1770 5149 codicis
1790 5085 1893 5172 foliis
1923 5101 2087 5151 assemsum

433 5189 603 5253 additurus
632 5214 694 5254 non
723 5191 818 5254 semel
847 5191 987 5254 radendo
1018 5205 1046 5254 et
1074 5191 1259 5278 corripendo
1290 5192 1441 5255 nonnulla
1471 5191 1656 5270 emendavit,
1680 5193 1823 5255 omnibus
1849 5193 1965 5277 quibus
1988 5207 2089 5257 textus
2106 5219 2131 5257 so

542 5445 572 5514 1)
597 5443 763 5520 ‘Catulopae
790 5445 910 5521 pinlral
940 5447 988 5501 stes
1017 5445 1209 5522 bibliotheques
1233 5445 1381 5521 publiqnes
1405 5447 1439 5502 de
1461 5447 1490 5502 la
1515 5446 1648 5516 France;
1675 5446 1907 5522 Dlpartemcnts’
1940 5457 1959 5505 t.
1985 5449 2089 5520 XVII,

431 5571 461 5624 p.
482 5550 664 5606 151-153.
758 5548 789 5623 2)
813 5551 861 5606 ‘N.
887 5551 984 5606 Arch!
1010 5551 1067 5621 XI,
1094 5572 1127 5626 p.
1147 5551 1335 5608 175-194.
1428 5548 1459 5625 3)
1484 5549 1532 5624 Cf.
1557 5551 1622 5609 ibid.
1647 5553 1715 5624 XX,
1734 5573 1767 5628 p.
1786 5553 1860 5610 427.
1956 5552 1987 5629 4)
2012 5556 2089 5614 Ibid.

435 5656 487 5726 XI,
507 5677 540 5731 p.
559 5656 633 5711 413.
726 5655 757 5730 ὅ)
783 5656 830 5728 CJ.
856 5659 940 5728 infra
964 5677 1078 5713 carmen
1102 5657 1155 5712 IX.
