4478 6396
476 401 536 464 198
764 404 943 460 GERHOHI
968 403 1198 458 PRAEPOSITI
1224 402 1632 458 REICHERSBERGENSIS
1657 403 1821 458 LIBELLI.

373 616 451 654 eser.
472 593 555 658 banc
579 615 651 656 esse
675 591 853 678 legitimam
870 590 1088 670 traditionem,
1113 613 1210 676 quam
1227 588 1342 654 beatus
1360 589 1550 676 Gregorius,
1576 603 1610 654 ut
1634 590 1752 654 lectum
1770 601 1827 670 cst,
1853 590 1998 676 appellat
2025 597 2131 652 'usur-

471 701 646 788 pationem,
678 710 711 762 et
735 720 871 784 pravam
903 695 1246 783 subintroductamque
1276 696 1571 761 consuetudinem?
1619 697 1654 761 Si
1685 709 1750 761 tam
1775 697 1873 782 plana
1897 710 1985 761 esset
2008 720 2029 760 a
2055 695 2131 759 Vll.

471 806 631 893 Gregorio
662 805 824 869 sententia
854 803 1022 868 monachis
1054 802 1130 868 data
1158 802 1201 866 ad
1224 803 1469 889 parrochiarum
1495 804 1701 890 recipiendas
1725 803 1881 884 decimae,
1907 827 2006 890 quam
2031 802 2133 890 plana

471 926 504 980 et
527 913 624 1000 plena
648 924 697 977 est
719 913 817 998 primi
834 909 985 996 Gregorii
1010 910 1107 974 talem
1131 912 1373 996 usurpationem
1390 909 1567 996 prohibens
1591 913 1776 992 auctoritas,
1800 923 1879 996 puto
1904 923 2025 991 tamen,
2054 911 2133 994 quia

471 1030 560 1085 recte
583 1021 690 1106 potior
714 1029 745 1082 et
769 1019 934 1104 antiquior
957 1018 1133 1080 aucteritas
1158 1029 1408 1103 preponeretur3
1434 1017 1460 1080 si
1486 1016 1665 1103 Gregorius
1686 1017 1856 1102 Gregorio,
1881 1019 1989 1082 minor
2011 1018 2166 1080 nraioris

471 1127 708 1192 adversaretur.
757 1125 823 1190 Sed
853 1123 948 1202 absit,
977 1135 1012 1188 ut
1042 1123 1104 1188 hoc
1128 1147 1147 1187 a
1171 1122 1265 1188 nobis
1290 1124 1455 1206 sentiatur,
1480 1135 1515 1187 ut
1543 1125 1628 1188 inter
1651 1124 1799 1188 ultimum
1823 1137 1854 1187 et
1878 1125 2020 1210 primum
2048 1121 2134 1185 Gre-

471 1235 597 1321 gorium
621 1233 661 1296 de
687 1233 913 1297 constitutione
931 1230 1131 1295 decimarum
1147 1230 1368 1312 dissentiatur,
1393 1253 1466 1294 cum
1491 1231 1575 1296 sicut
1590 1233 1723 1316 primuS,
1749 1233 1793 1294 ita
1818 1245 1850 1294 et
1873 1231 2006 1294 ultimus
2032 1253 2134 1294 cane-

472 1364 548 1405 num
573 1341 746 1404 constituta
771 1340 869 1403 etiam
893 1361 912 1401 a
936 1337 1104 1402 monachis
1129 1338 1160 1400 in
1185 1336 1246 1402 bac
1271 1335 1453 1401 substantia
1476 1339 1600 1401 serva-ri
1625 1339 1801 1424 precipint3
1831 1339 1953 1424 vixque
1978 1337 2050 1401 illis
2077 1336 2134 1400 de-

471 1449 572 1512 cimas
597 1448 744 1534 proprias
769 1469 843 1510 cum
867 1446 1094 1531 cpiscoporum
1118 1443 1250 1508 licentia
1273 1443 1418 1508 detinere
1448 1446 1621 1530 permittat.
1670 1444 1762 1524 Quae
1794 1445 1965 1530 permissio
1997 1444 2133 1530 septimi

471 1553 623 1640 Gregorii
648 1554 752 1640 primo
778 1551 939 1637 Gregorio
963 1575 1027 1616 non
1051 1551 1186 1615 multum
1211 1552 1413 1616 adversatur.
1454 1551 1519 1632 Qui
1544 1551 1776 1615 monachorum
1799 1550 1943 1615 libertati
1969 1563 2001 1615 et
2025 1551 2134 1637 quieti
2157 1575 2182 1611 ιο

470 1660 606 1724 multum
630 1660 662 1724 in
688 1661 754 1723 suis
774 1659 915 1723 decretis
940 1658 1152 1744 suffragatum
1177 1659 1223 1722 ita
1246 1669 1364 1738 tamen,
1389 1669 1433 1738 ut,
1459 1659 1542 1722 sicut
1567 1661 1597 1721 in
1617 1658 1741 1744 synodo
1762 1658 2023 1722 Galcodononsil
2051 1657 2133 1742 legi·

469 1779 531 1850 tur,
568 1766 627 1830 sub
659 1767 887 1853 episcoporum
918 1777 1078 1851 potestate
1110 1766 1172 1852 ipsi
1203 1764 1352 1829 monachi
1390 1767 1618 1852 permaneant3
1655 1764 1799 1851 alioquin
1831 1765 1978 1829 eiusdem
2009 1764 2132 1851 spuendi

471 1886 591 1938 statuta
616 1897 671 1938 cos
696 1873 922 1938 commuuione
946 1873 1086 1959 privant.

578 1980 613 2044 Si
638 2003 716 2066 ergo
741 1981 895 2065 episcopo
919 1980 1081 2043 iusticiam
1105 1978 1304 2042 decimarum
1324 1980 1469 2064 exigenti
1493 1978 1630 2042 rebelles
1656 1979 1736 2042 liunt
1759 1979 1920 2060 monachi,
1946 1981 2039 2043 iuxta
2066 1995 2130 2042 sta-

470 2099 574 2153 tutum
610 2086 726 2174 synodi
758 2085 1012 2150 Calcedonensis
1047 2095 1180 2172 propter
1210 2086 1314 2171 ipsam
1348 2084 1557 2150 rebellionem
1588 2085 1893 2150 excomnmnicandi
1926 2087 2015 2150 circa
2047 2085 2129 2149 illud
2153 2109 2177 2147 rs

470 2195 644 2258 anathema
674 2192 909 2280 periclitantur,
934 2215 998 2279 quo
1023 2191 1197 2257 violatores
1221 2205 1360 2278 quatuor
1390 2193 1618 2279 principalium
1644 2192 1853 2256 conciliorum
1879 2216 1898 2256 a
1921 2192 2018 2256 beato
2045 2193 2128 2257 Gre-

470 2303 561 2388 gorio
592 2302 625 2364 in
650 2323 709 2364 sua
738 2298 896 2387 synodica
927 2299 1134 2363 multantur2.
1181 2299 1265 2362 Nam
1297 2299 1323 2362 si
1354 2301 1447 2363 iuxta
1478 2301 1673 2363 senteutiam
1697 2299 1782 2362 illius
1807 2301 1863 2385 qui
1886 2300 2001 2363 horum
2025 2300 2127 2363 Hll⁰¹

470 2408 681 2472 conciliorum
699 2405 862 2470 soliditate
878 2429 943 2470 non
960 2416 1058 2488 tenet,
1076 2407 1202 2470 etiamsi
1222 2404 1304 2492 lapis
1321 2429 1393 2470 esse
1410 2406 1571 2486 videatur,
1588 2417 1682 2470 extra
1698 2406 1862 2470 edificium
1879 2408 1982 2470 iacet:
2008 2430 2127 2471 caven-

470 2515 545 2578 dum
572 2525 620 2578 est
645 2513 812 2577 monachis
842 2535 902 2598 per
926 2512 1203 2577 Galcedcncnscm
1234 2512 1394 2599 synodum
1426 2513 1467 2577 ad
1496 2512 1716 2577 obedientiam
1740 2513 1885 2598 episcopi
1909 2512 1970 2576 sub
1995 2535 2126 2577 excom-

379 2603 383 2614 ·
469 2621 690 2684 municatione
720 2621 887 2700 restrictis,
920 2641 960 2684 ne
992 2628 1180 2705 presumant
1211 2617 1255 2682 illi
1280 2631 1394 2683 sancta
1419 2631 1450 2683 et
1474 2622 1558 2684 iusta
1581 2621 1775 2706 precipienti
1800 2643 1839 2684 ac
1863 2620 2009 2684 decimas
2033 2621 2126 2683 iuxta
2147 2645 2173 2682 so

470 2749 631 2791 canonum
656 2728 738 2791 scita
763 2726 935 2812 disponere
960 2726 1081 2790 volenti
1113 2724 1317 2812 aliquatenus
1341 2748 1535 2812 repugnare,
1560 2728 1637 2814 quia
1661 2725 1841 2811 Gregorius
1864 2727 1970 2808 Vllv,
2003 2727 2037 2790 in
2062 2751 2125 2812 quo

469 2833 629 2898 fallaciter
653 2833 828 2916 confidunt,
859 2855 919 2896 nec
944 2831 1013 2896 vult
1037 2855 1097 2896 nec
1122 2842 1228 2918 potest
1252 2830 1332 2896 tales
1357 2832 1551 2898 rebelliones
1576 2856 1595 2896 a
1619 2832 1715 2897 beato
1741 2833 1901 2918 Gregorio
1926 2833 2126 2898 anathemati

468 2939 616 3006 addictos
647 2939 803 3004 liberare:
831 2939 1032 3025 quinimmo
1057 2940 1155 3003 etiam
1179 2939 1249 3024 ipse
1273 2940 1406 3024 gravius
1434 2939 1497 3003 illis
1521 2939 1704 3022 offenditur,
1729 2940 1816 3026 quod
1841 2942 1910 3004 eius
1935 2941 2125 3027 capitulum,

469 3071 533 3110 non
558 3057 671 3111 contra
696 3046 754 3110 sed
778 3046 958 3112 secundum
984 3069 1125 3110 canones
1149 3045 1271 3126 datum,
1296 3069 1399 3131 prava
1422 3048 1689 3132 interpretatione
1713 3046 1754 3110 ab
1779 3049 1826 3110 eis
1850 3048 2057 3134 pervertitur.

579 3175 651 3236 172.
689 3171 862 3236 Sufficiant
886 3171 966 3234 haec
991 3193 1097 3256 pauca
1120 3169 1287 3234 monachis
1312 3182 1343 3233 et
1367 3171 1522 3235 militibus
1547 3195 1713 3258 responsa,
1738 3195 1875 3258 quorum
1900 3174 2007 3236 neutri
2036 3187 2124 3258 pote·
2146 3198 2172 3236 ts

469 3289 543 3342 runt
566 3277 628 3342 sibi
653 3277 797 3342 decimas
821 3301 881 3365 per
897 3277 1039 3364 aliquam
1064 3278 1225 3341 iusticiam
1242 3277 1427 3360 vendicare,
1454 3280 1480 3341 si
1504 3279 1678 3343 anathema
1701 3292 1814 3343 eontra
1829 3303 1992 3344 canonum
2009 3291 2124 3365 sponte

468 3384 642 3449 violatores
673 3385 911 3472 promulgatum
936 3384 1098 3448 voluerint
1120 3384 1235 3447 vitare.
1283 3383 1335 3448 De
1367 3409 1503 3472 quorum
1536 3409 1670 3450 numero
1695 3389 1720 3450 si
1746 3388 1818 3472 quis
1849 3411 1907 3472 pro
1932 3388 2042 3450 anima
2067 3409 2124 3450 sua

469 3491 669 3574 sollicitatur,
695 3493 849 3578 episcopo
874 3493 972 3556 etiam
996 3513 1061 3554 non
1084 3491 1268 3577 reposcenti
1294 3492 1568 3557 'aecclesiasticas
1599 3493 1769 3557 facultates
1794 3493 1931 3557 reddere
1962 3517 2028 3557 non
2052 3516 2124 3578 gra-
2201 3483 2207 3490 ⁵

468 3599 608 3663 rabitur.
656 3598 725 3662 Nec
750 3621 805 3662 cos
829 3598 949 3684 poterit
972 3620 1103 3662 secruos
1127 3598 1235 3661 facere
1261 3600 1431 3662 consensio
1452 3599 1504 3662 vel
1529 3601 1732 3663 taciturnitas
1757 3600 1863 3664 adhuc
1888 3601 2032 3663 mortalis
2057 3602 2123 3685 epi-

468 3707 568 3793 scopi,
594 3717 706 3769 contra
731 3729 811 3791 quos
837 3705 977 3769 clamant
1002 3717 1109 3791 patres
1134 3705 1282 3768 incaelo
1308 3707 1498 3792 conscripti:
1525 3707 1695 3791 presertim
1720 3729 1793 3770 cum
1818 3709 1972 3792 episeopo
1997 3729 2058 3770 nec
2084 3707 2122 3770 de
2144 3733 2170 3768 so

468 3836 526 3876 sua
557 3812 691 3900 speciali
722 3814 870 3898 portione
902 3811 991 3876 aliud
1015 3812 1187 3898 disponere
1212 3811 1318 3894 liceat,
1344 3835 1441 3898 quam
1466 3814 1496 3875 ei
1520 3825 1657 3898 paterna
1680 3813 1889 3876 traditionum
1914 3813 2028 3899 regula
2051 3837 2123 3900 pre-

467 3920 577 3984 dictat.
619 3919 714 3982 Unde
739 3917 855 3983 beatus
881 3917 1059 4004 Gregorius
1076 3917 1258 4003 Augustino
1276 3917 1457 4004 Anglorum
1481 3921 1635 4006 episcopo
1660 3918 1816 4001 scribens,
1842 3922 1887 3983 ita
1911 3920 2027 3984 dicit³:
2053 3922 2124 3984 illos

470 4029 660 4114 apostolicae
684 4027 770 4091 sodis
796 4041 840 4090 est
862 4026 1020 4090 ordinetis
1044 4029 1200 4113 episcopis
1217 4041 1367 4113 precepto
1393 4028 1525 4091 tradere.
1565 4028 1613 4090 De
1635 4029 1805 4114 stspoadr'is
1821 4029 1990 4092 arrectos-iae
2014 4031 2064 4092 cel
2086 4029 2124 4092 de

468 4136 527 4214 lais,
553 4134 770 4220 qnefidoltinn
795 4135 1004 4197 solutionibus
1028 4134 1179 4197 accedant
1200 4134 1327 4213 astario,
1353 4149 1486 4219 quotuor
1511 4135 1619 4196 «labent
1633 4137 1901 4220 fierr'portr'ooes.
1943 4135 2011 4198 Πιια
2039 4135 2122 4198 ride-

468 4241 540 4305 lr'cet
572 4243 717 4326 eps-‘scopo
749 4255 776 4304 et
790 4241 949 4329 farnc'lr'oe
972 4255 1107 4326 propter
1137 4241 1380 4326 hopitalitatem
1411 4255 1501 4324 etque
1532 4243 1773 4325 scorpaenae,
1803 4243 1872 4305 olio
1900 4244 1994 4320 adero,
2026 4245 2168 4306 terrebas

467 4349 674 4433 pnrrperr'hns,
706 4362 819 4432 quarta
846 4350 875 4411 is
902 4348 1063 4412 accolanis
1088 4347 1287 4432 reparandis.
1336 4346 1423 4408 Eece
1449 4345 1642 4426 audivimus,
1668 4349 1745 4432 qnia
1769 4370 1831 4410 non
1857 4359 1990 4433 propter
2014 4371 2122 4411 mona·

469 4452 546 4517 chos
578 4463 633 4514 aut
663 4452 780 4516 milites
815 4452 975 4534 ditandos,
1008 4452 1065 4516 scd
1097 4465 1228 4539 proptor
1258 4452 1411 4537 hospites,
1443 4453 1599 4528 viatores,
1635 4455 1824 4538 peregrines
1855 4455 2060 4540 recipiendos
2092 4467 2123 4518 et

471 4558 685 4624 consolandos
718 4559 916 4623 decimarum
948 4561 1053 4646 portio
1078 4571 1193 4645 quarta
1218 4561 1370 4644 episcopo
1403 4559 1601 4644 disponetur,
1634 4584 1653 4622 a
1678 4583 1740 4644 quo
1765 4561 1876 4624 talium
1902 4563 2066 4647 susceptio
2090 4563 2123 4625 in

472 4665 649 4751 episcopali
674 4665 751 4730 sede
776 4689 935 4730 canonum
964 4667 1113 4730 iusticias
1139 4667 1185 4730 sic
1209 4665 1356 4744 debetur,
1381 4677 1416 4728 ut
1440 4668 1612 4752 episcopus
1637 4669 1781 4750 graviter
1805 4668 2010 4732 accusandus
2034 4681 2123 4733 note-

469 4783 530 4854 tnr,
555 4774 581 4835 si
606 4795 665 4857 per
690 4795 781 4836 suam
805 4772 999 4836 aecclesiam
1023 4774 1187 4837 transierit
1211 4795 1311 4858 egens
1335 4774 1537 4857 peregrinus,
1563 4796 1604 4836 ox
1628 4787 1720 4858 parte
1744 4776 1905 4860 pontilicis
1931 4776 2123 4839 consolatio·
2142 4799 2168 4836 ro

469 4902 542 4942 nem
568 4878 687 4942 talibus
712 4902 770 4965 pro
796 4902 891 4964 posse
915 4879 1064 4943 debentis
1088 4878 1318 4942 inconsolatus.

579 5007 651 5067 173.
688 5004 784 5067 Unde
810 5005 887 5067 item
912 5003 1027 5067 beatus
1048 5003 1236 5090 Gregorius,
1261 5015 1295 5066 ut
1321 5027 1418 5088 supra
1442 5005 1700 5088 perstrinximus,
1727 5007 1913 5068 Secundino
1939 5030 2033 5069 servo
2057 5007 2123 5069 Dei

471 5110 628 5192 scribone,
652 5111 738 5174 inter
762 5123 871 5174 cetera
895 5112 941 5174 sic
967 5112 1011 5174 ait
1020 5117 1048 5174 ¹¹:
1079 5112 1219 5174 Fratrem
1246 5126 1382 5174 nostrron
1402 5111 1620 5174 illorinr'onurn
1646 5116 1825 5197 ‹praeopto-nt
1852 5117 1985 5192 cordis&
2010 5117 2124 5199 quibos

468 5219 564 5299 soles,
596 5221 708 5298 emito,
740 5221 815 5303 qrtr‘o
847 5244 914 5282 ceria
939 5219 1130 5282 obdornu'sse
1158 5220 1311 5302 suspicor.
1361 5217 1445 5280 Nom
1473 5233 1618 5281 reiteretur
1641 5221 1771 5302 pestilera
1796 5221 1841 5282 od
1863 5245 1919 5298 vitet,
1953 5224 1985 5283 r'n
2010 5224 2124 5305 quihus

471 5325 602 5410 (larido-nr
626 5350 712 5389 senes
737 5325 955 5404 nrertdr'rnntes,
984 5327 1043 5409 qui
1063 5351 1082 5387 n
1109 5350 1153 5388 nte
1178 5325 1316 5387 detento·
1336 5340 1416 5403 scirit,
1442 5351 1460 5388 o
1486 5327 1674 5409 qrrrt'bnmlnnr
1699 5327 1779 5410 pratil
1801 5331 1986 5412 (irrerepsisset,
2013 5342 2045 5392 nt
2060 5354 2124 5414 per
2142 5351 2168 5388 45

469 5433 597 5518 singulo
628 5433 807 5511 retulerunt,
839 5446 954 5516 quarata
980 5431 1046 5495 cr'sl‘
1071 5446 1098 5495 ct
1121 5457 1140 5494 (ι
1165 5433 1278 5515 qra‘bos
1310 5435 1342 5494 r'n
1368 5434 1477 5495 deire-ro
1501 5433 1575 5495 doto
1599 5436 1670 5495 sint.
1721 5433 1805 5508 Quos
1835 5460 1903 5496 eum
1926 5436 2061 5499 sollicite
2086 5437 2123 5499 de

577 5611 604 5675 a)
626 5615 716 5664 verbis
737 5615 835 5678 quibus
854 5615 905 5663 loco
923 5632 979 5662 raso
997 5631 1018 5663 c.
1093 5611 1120 5674 b)
1143 5614 1202 5662 eius
1220 5631 1240 5662 c.

581 5755 611 5833 1)
629 5757 659 5817 C.
679 5759 707 5815 4.
779 5757 877 5830 2)(1]Ι
894 5759 1205 5834 euprap.l‘l4,o.2.
1278 5761 1307 5828 3)
1330 5760 1418 5836 Epist
1438 5759 1491 5829 XI,
1510 5760 1582 5830 blla,
1601 5763 1649 5816 dl.
1662 5762 1784 5836 p.33‘2.
1856 5763 2121 5838 trapesvtss,

473 5866 642 5942 ΕΒΗ.
661 5865 734 5922 439.
