4386 6390
458 342 522 405 518
756 349 936 406 GERHOHI
959 347 1193 406 PRAEPOSITI
1216 347 1624 404 REIUHERSBERGENSIS
1648 348 1815 403 LIBELLI.

457 539 587 604 minime
618 537 841 620 adversantur,
868 559 941 602 cum
965 538 1178 624 imperatores
1202 547 1235 600 et
1258 537 1395 601 Romani
1425 536 1595 622 pontifices
1626 537 1768 601 invicem
1792 559 1828 600 se
1852 535 1975 600 honore
1998 559 2082 621 preve-

455 645 572 726 nirent,
596 666 703 731 neque
728 667 799 709 sese
824 643 1080 708 dissensionibus
1105 655 1215 709 mutuo
1239 643 1444 729 impedirent.
1491 643 1612 707 Iterum
1636 655 1722 730 opto,
1746 653 1783 708 ut
1811 643 1989 728 imperator
2010 653 2083 709 terre·

456 773 516 815 nus
544 761 661 816 caveat
688 750 760 832 sibi,
791 772 833 815 ne
858 753 983 838 etipse
1009 751 1050 816 sit
1074 750 1253 815 alienorum
1277 750 1454 836 appetitor:
1479 749 1622 835 ponendi
1645 773 1704 815 seu
1727 748 1918 836 deponendi
1942 749 2085 836 episcopos

324 882 436 932 naara.
455 857 639 923 affectando
669 867 871 944 potestatem,
897 857 984 944 quod
1007 859 1137 922 omnino
1169 867 1218 922 est
1248 856 1388 921 alienum
1420 855 1462 920 ab
1492 856 1557 920 illo.
1605 856 1719 942 Sicut{
1743 858 1832 920 enim
1856 857 1981 941 primus
2004 855 2087 925 Adnn

454 965 559 1051 primo
583 963 623 1030 de
647 964 724 1029 limo
748 975 853 1029 terrae
881 964 1000 1050 legitur
1027 963 1183 1028 formatus
1207 975 1240 1028 et
1262 976 1386 1050 postea,
1411 963 1483 1028 Deo
1507 961 1693 1028 insufflante
1717 962 1764 1026 illi
1787 961 1990 1049 spiraculum
2012 965 2117 1042 vitans

455 1072 614 1136 animatus
644 1083 742 1158 atque
773 1070 993 1136 animantibus
1024 1073 1149 1136 cunctis
1179 1069 1223 1134 ad
1246 1069 1478 1135 dominandum
1502 1070 1662 1156 prelatus:
1694 1071 1740 1134 sic
1771 1071 1954 1156 imperator
1977 1069 2028 1133 vel
2048 1094 2091 1136 rex

454 1179 558 1264 primo
583 1189 631 1242 est
654 1201 674 1242 a
696 1177 816 1264 populo
839 1176 892 1242 vel
916 1178 1063 1242 exercitu
1087 1177 1246 1241 creandus
1269 1186 1425 1263 tanquam
1448 1176 1489 1240 de
1512 1177 1588 1242 limo
1612 1187 1728 1258 terrae,
1753 1200 1792 1242 ac
1816 1187 1935 1264 postea
1957 1177 2092 1264 principi·

345 1309 435 1350 umor.
454 1284 514 1350 bus
530 1284 584 1349 vel
600 1283 749 1350 omnibus
765 1284 817 1347 vel
840 1282 1028 1348 melioribus
1053 1284 1106 1347 *in
1129 1284 1199 1348 eius
1223 1283 1407 1370 principatu
1430 1284 1622 1349 coadunatis
1646 1307 1705 1370 per
1719 1283 1988 1348 benedictionem
2005 1306 2094 1348 sacer·

454 1391 595 1456 dotalem
620 1391 715 1477 quasi
741 1413 801 1476 per
824 1390 1022 1477 spiraculum
1045 1390 1132 1455 vitae
1163 1389 1366 1472 animandos,
1390 1389 1606 1456 vivificandus
1630 1402 1662 1455 et
1685 1390 1941 1456 sanctificandus
1966 1400 2025 1454 est
2066 1391 2096 1455 ln

455 1520 519 1584 quo
542 1497 730 1580 notandum,
755 1498 832 1583 quia
854 1520 919 1562 non
941 1497 1032 1583 prius
1056 1496 1145 1583 quod
1167 1497 1322 1583 spiritale,
1354 1497 1413 1562 sed
1436 1498 1523 1583 quod
1547 1497 1687 1562 anirnale
1715 1497 1785 1578 fuit,
1810 1496 1968 1562 videlicet
1992 1519 2097 1583 corpus
2113 1512 2193 1559 ιμ’

455 1603 616 1668 animale·
639 1604 729 1690 prius
753 1614 832 1686 erat,
858 1605 910 1668 cui
934 1613 1048 1690 postea
1071 1604 1202 1690 spiritus
1225 1605 1313 1668 vitae
1337 1603 1519 1668 insufflatus
1544 1615 1603 1668 est.
1642 1603 1687 1668 At
1709 1627 1787 1668 vero
1812 1604 1978 1668 secundus
2002 1602 2100 1668 Adam

314 1737 435 1786 neroni.
453 1711 542 1798 prius
570 1710 631 1775 fuit
658 1711 692 1774 in
715 1712 840 1797 spiritu,
871 1712 903 1774 in
928 1733 992 1796 quo
1017 1719 1049 1774 et
1071 1709 1182 1774 David
1205 1712 1337 1774 vocavit
1366 1733 1440 1775 eum
1469 1710 1644 1794 dominum,
1669 1711 1798 1777 dicens:
1832 1712 1930 1776 Dian
1951 1711 2101 1776 Dominus

454 1818 580 1883 domino
611 1843 687 1898 meo,
717 1818 811 1883 sedeb
835 1845 855 1882 a
879 1818 999 1883 dextris
1028 1821 1115 1898 meis,
1146 1839 1245 1904 quam
1275 1819 1308 1882 in
1336 1839 1473 1904 corpore
1504 1818 1630 1883 servilis
1661 1819 1795 1900 formae,
1824 1841 1891 1904 qua
1922 1817 2101 1883 humiliatus

276 1950 434 1998 necassem.
453 1924 543 1988 venit
570 1946 635 1988 non
662 1925 848 2005 ministrari,
880 1923 938 1988 sed
961 1925 1154 2012 ministrare.
1202 1924 1257 1990 Sic
1282 1935 1314 1988 et
1336 1923 1501 1989 Romanus
1524 1925 1673 2011 pontifex
1695 1924 1747 1990 vel
1771 1923 1911 2012 quilibet
1935 1926 2102 2011 episcopus

453 2033 549 2118 prius
567 2041 617 2096 est
646 2033 679 2094 in
703 2032 817 2117 spiritu
846 2030 1086 2117 promovendus
1117 2053 1176 2118 per
1207 2030 1285 2095 cleri
1315 2030 1506 2096 electionem
1537 2054 1576 2096 ac
1606 2031 1784 2117 legitimam
1815 2032 2102 2114 consecrationem,
2121 2055 2142 2093 rs

453 2148 567 2224 postea
589 2148 744 2224 tanquam
768 2137 955 2204 formandus
978 2138 1011 2202 in
1036 2160 1171 2225 corpore
1195 2161 1269 2203 cum
1293 2160 1427 2202 assensu
1450 2138 1679 2204 honoratorum
1702 2138 1878 2204 honoretur
1902 2137 1944 2202 ab
1969 2139 2105 2223 impera·

453 2255 521 2308 tore
538 2244 590 2309 vel
614 2267 702 2332 rega,
727 2245 872 2332 persius
896 2245 1136 2310 conniventiam
1160 2255 1273 2310 tenens
1297 2243 1421 2330 regalia
1443 2267 1521 2309 suae
1541 2245 1667 2331 pridem
1683 2245 1842 2310 ecclesiae
1867 2244 2020 2326 collata2,
2045 2267 2106 2308 non

453 2352 546 2438 quasi
570 2374 656 2416 nova
677 2350 840 2416 beneficia
868 2375 954 2416 novo
979 2350 1081 2416 electo
1106 2350 1432 2433 conterminarum
1457 2353 1521 2416 sint
1544 2353 1720 2437 antiquitus
1751 2351 1793 2416 ab
1818 2351 1971 2432 ecclesia,
1996 2361 2104 2438 utpote

452 2457 494 2526 ab
524 2457 776 2545 imperatoribus
807 2458 965 2524 ecclesiae
1000 2481 1065 2522 nou
1099 2460 1246 2544 personis
1277 2480 1434 2524 concessa
1468 2482 1528 2524 nec
1559 2469 1691 2546 propter
1720 2481 1935 2545 personarum
1966 2458 2105 2522 offensas

453 2564 611 2630 ecclesiae
636 2565 825 2646 auferenda,
850 2587 913 2651 que
936 2564 1014 2629 talia
1037 2564 1183 2651 possidet
1205 2565 1275 2630 iure
1298 2565 1439 2630 humano
1463 2565 1558 2631 simul
1581 2577 1614 2630 et
1637 2565 1748 2631 divino
1758 2571 1780 2629 ⁴.
1814 2565 1971 2630 Humano
1996 2577 2104 2652 utpote
2121 2589 2145 2626 a

453 2694 473 2736 a
495 2671 627 2758 regibus
644 2671 698 2736 vel
720 2669 970 2757 imperatoribus
989 2671 1123 2756 collata3
1148 2670 1259 2736 divino
1283 2673 1436 2758 quoniam
1460 2673 1597 2738 Domini
1616 2689 1661 2738 est
1682 2688 1766 2738 terra
1790 2689 1819 2738 et
1837 2674 2006 2759 plenimdo
2030 2677 2103 2738 eires.

453 2777 551 2860 Quod
573 2779 673 2864 igitur
696 2779 824 2865 gemino
840 2778 910 2842 iura
927 2776 1072 2864 possedit
1095 2789 1127 2842 et
1150 2778 1294 2864 possidet
1318 2779 1467 2862 ecclesia,
1491 2803 1555 2844 non
1572 2778 1671 2844 debet
1694 2779 1849 2866 postulari
1866 2781 1960 2866 qnasi
1985 2803 2105 2844 novum

453 2895 508 2950 aut
535 2885 706 2972 personale
736 2883 942 2965 beneficium,
972 2907 1032 2972 pro
1061 2908 1124 2972 quo
1155 2896 1320 2972 tamquam
1350 2887 1420 2951 iure
1448 2884 1657 2951 beneficiario
1681 2875 1791 2973 posset
1814 2887 1903 2972 exigi
1928 2909 2051 2952 novum
2075 2899 2105 2951 et

452 2994 594 3057 maxime
624 2991 806 3056 indebitum
836 2991 1038 3079 obsequium.
1086 2991 1182 3074 Quod
1213 2992 1240 3056 si
1271 2991 1312 3056 ab
1337 2992 1440 3057 electo
1470 3003 1582 3057 contra
1612 2995 1662 3058 ius
1693 2994 1845 3078 exigitur,
1876 2995 1947 3059 iure
1979 2992 2023 3058 ab
2050 2993 2104 3058 illo

453 3097 641 3186 denegatur,
666 3121 772 3186 neque
796 3111 905 3163 tamen
928 3099 1069 3164 ecclesia
1092 3121 1151 3163 sua
1173 3101 1378 3186 possessione
1402 3098 1563 3186 privanda
1586 3110 1644 3183 est,
1672 3101 1814 3164 maxime
1839 3123 1913 3164 cum
1936 3099 2002 3164 tale
2027 3100 2105 3187 quid
2121 3123 2144 3161 a

434 3207 603 3292 exigitur,
628 3205 716 3293 quod
738 3205 831 3269 Deus
855 3204 1014 3291 prohibet,
1045 3206 1128 3270 sicut
1156 3206 1189 3268 in
1212 3207 1391 3269 imminenti
1415 3207 1566 3271 scismate
1590 3206 1631 3270 ab
1656 3207 1817 3293 episcopis
1842 3219 1874 3271 et
1898 3206 2013 3272 electis
2037 3209 2103 3272 exi·

452 3313 547 3398 gitur,
571 3323 607 3378 ut
629 3313 657 3376 is
681 3312 737 3398 qui
760 3335 847 3398 papa
869 3322 1009 3393 nonest,
1032 3335 1092 3398 pro
1116 3335 1202 3398 papa
1225 3317 1437 3376 teneatur⁰·⁵.
1474 3311 1557 3377 Cum
1578 3315 1665 3376 enim
1687 3325 1754 3378 tam
1777 3335 1819 3377 ex
1835 3313 1989 3396 humano,
2008 3337 2104 3401 quam

452 3442 494 3484 ex
519 3419 628 3484 divino
657 3421 726 3483 iure
751 3429 886 3500 constet,
911 3418 998 3505 quod
1020 3420 1115 3483 viciis
1145 3419 1379 3505 presidentium
1409 3441 1474 3483 non
1503 3430 1669 3484 mutentur
1698 3421 1770 3484 iura
1800 3420 1927 3485 sedium
1950 3421 2103 3508 quodque

452 3525 548 3614 culpa
570 3548 730 3613 personae
753 3525 901 3613 deputari
925 3549 990 3590 non
1014 3525 1113 3590 debet
1134 3527 1167 3589 in
1184 3526 1361 3612 dampnum
1385 3524 1560 3590 ecclesiae:
1585 3525 1685 3590 multo
1709 3527 1814 3590 minus
1831 3529 1933 3592 virtus
1957 3539 1991 3592 et
2015 3529 2103 3592 iusti·

452 3633 503 3698 cia
525 3655 685 3720 personae
716 3633 896 3698 resistentis
926 3633 1109 3698 iniusticiae
1133 3631 1231 3698 debet
1253 3631 1413 3698 ecclesiae
1436 3653 1555 3697 nocere
1585 3634 1620 3696 in
1642 3633 1751 3720 aliquo
1775 3632 1928 3720 dampno,
1959 3637 2102 3699 maxime
2120 3657 2144 3696 ss

452 3762 525 3804 cum
548 3739 605 3804 tali
629 3740 793 3805 exactioni
816 3740 987 3820 resistitur,
1016 3741 1069 3805 cui
1099 3742 1262 3805 exactioni
1294 3741 1350 3826 qui
1380 3739 1593 3826 acquiescunt
1622 3740 1797 3804 scismatici
1826 3740 1918 3822 fiunt,
1944 3742 2103 3828 quivero

347 3871 431 3911 unm.
450 3847 614 3928 resistunt,
640 3845 819 3932 spoliantur
841 3857 874 3910 et
896 3846 1060 3910 nudantur
1082 3869 1146 3910 non
1170 3846 1272 3910 solum
1295 3845 1390 3911 bonis
1413 3845 1588 3932 regalibus,
1612 3846 1784 3911 sedetiam
1807 3845 1918 3912 liberis
1939 3847 2101 3913 ‘fidelium

451 3950 679 4018 oblationibus.
726 3953 812 4017 Huic
836 3952 1009 4016 violentiae
1034 3954 1090 4038 qui
1112 3953 1266 4016 resistunt
1295 3951 1417 4017 orando
1445 3963 1478 4017 et
1506 3977 1558 4018 res
1589 3952 1747 4018 ecclesiae
1779 3954 2005 4019 conservando
2036 3955 2102 4020 lau-

451 4058 551 4124 dandi
574 4069 648 4123 sunt
671 4082 743 4124 cum
761 4059 946 4140 Laurentio,
971 4058 1029 4122 sed
1052 4059 1161 4123 hostes
1177 4082 1289 4123 eorum
1306 4070 1453 4140 caveant,
1476 4083 1518 4124 ne
1543 4071 1721 4146 arguantur
1736 4083 1810 4124 cum
1826 4061 1942 4126 Decio.
1975 4062 2103 4127 Teneat

451 4188 529 4251 crgo
553 4166 725 4253 episcopus
749 4165 907 4230 ecclcsiae
932 4164 994 4230 sibi
1018 4167 1208 4230 commissae
1233 4166 1309 4231 data
1331 4167 1464 4252 regalia,
1492 4167 1582 4231 solva
1606 4169 1655 4232 sui
1679 4167 1801 4232 ordinis
1825 4179 1858 4232 et
1881 4168 1982 4232 officii
2005 4168 2101 4233 liber-
2120 4190 2144 4229 ns

451 4283 525 4353 tate,
543 4295 607 4359 que
623 4295 688 4337 non
704 4271 802 4337 debet
818 4270 1019 4338 secularibus
1034 4273 1173 4359 negotiis
1193 4273 1354 4359 implicari
1378 4283 1434 4337 aut
1457 4273 1618 4339 serviliter
1638 4273 1814 4360 subiugan'.
1845 4274 1942 4339 Unde
1966 4287 2101 4340 actenus

451 4380 585 4466 antiqua
609 4379 841 4444 consuetudine
872 4389 1002 4444 servata
1025 4389 1075 4443 est
1104 4381 1166 4443 ista
1189 4379 1326 4462 cautela,
1350 4390 1386 4444 ut
1408 4381 1553 4466 episcopi
1582 4379 1772 4445 fidelitatem
1802 4379 1935 4467 regibus
1959 4381 2013 4446 vel
2044 4383 2101 4446 im·

558 4629 584 4694 a)
606 4631 649 4683 vel
670 4633 815 4684 animabile
834 4651 959 4698 suprascr.
977 4651 997 4683 c.
1070 4631 1098 4696 b)
1120 4650 1141 4684 s.
1161 4651 1185 4684 a.
1205 4634 1230 4683 d.
1251 4651 1284 4684 m.
1303 4651 1323 4684 c.
1396 4631 1422 4696 c)
1443 4651 1498 4684 non
1517 4641 1586 4696 ten.;
1606 4651 1661 4685 non
1680 4634 1746 4685 liram
1763 4635 1811 4686 del.
1830 4652 1851 4686 c.

560 4847 589 4919 1)
614 4849 738 4908 Similem
760 4849 996 4924 comparationem
1026 4869 1052 4907 v.
1076 4850 1105 4907 in
1131 4849 1217 4908 Libro
1240 4851 1274 4906 de
1296 4849 1462 4908 novitatibus
1484 4851 1565 4909 buius
1587 4851 1718 4927 temporis
1741 4871 1764 4908 c.
1784 4852 1834 4922 13,
1863 4871 1955 4927 supra
1972 4872 2006 4929 p.
2026 4853 2099 4912 297.

452 4956 482 5025 2)
510 4955 557 5027 Of.
583 4955 628 5014 De
650 4955 816 5014 novitatibus
840 4956 920 5014 baius
943 4955 1074 5032 temporis
1096 4957 1138 5014 ad
1154 4956 1315 5014 Adriannm
1329 4957 1384 5015 IV.
1403 4977 1516 5034 papam
1537 4979 1629 5034 supra
1645 4979 1679 5034 p.
1698 4957 1777 5014 296:
1803 4960 1848 5015 De
1871 4960 1914 5014 his
1939 4961 2015 5016 enim
2038 4979 2100 5016 cum
2117 4973 2143 5012 ro

450 5064 498 5118 alii
521 5064 696 5119 contendant
721 5063 848 5119 ecelesiis
873 5065 972 5119 eadem
988 5065 1134 5120 occasione
1150 5065 1248 5120 talium
1267 5065 1493 5136 periclitantibus
1512 5066 1678 5134 auferenda,
1702 5065 1750 5122 alii
1765 5084 1832 5122 vero
1849 5085 1883 5122 ea
1898 5067 1989 5123 semel
2005 5073 2099 5124 eccle·

450 5171 498 5225 siis
521 5169 624 5226 collata
653 5172 681 5224 in
705 5188 772 5224 usus
801 5188 896 5224 earum
923 5172 1050 5226 tenenda
1080 5178 1128 5227 etc.
1244 5171 1274 5241 3)
1304 5171 1340 5228 Ut
1369 5171 1450 5229 Wido
1474 5171 1673 5229 Ferrariensis
1697 5172 1757 5229 Lib.
1782 5173 1807 5242 Ι,
1832 5163 1966 5248 pest.
1998 5183 2099 5232 censet

452 5274 482 5346 4)
506 5275 594 5332 Dicta
620 5275 750 5333 'rideretur
779 5274 813 5333 ob
842 5275 1015 5351 nepationem
1045 5277 1181 5352 regaliam
1212 5278 1423 5354 archiepiscopo
1447 5278 1656 5355 Salisbnrpensi
1679 5277 1834 5338 Cbnnrado
1863 5279 1899 5337 ab
1928 5279 2100 5357 imperamre

451 5381 601 5439 Friderico
618 5383 743 5454 sartam.
781 5381 870 5440 ΒΘΗ.
918 5379 965 5454 Cf.
991 5381 1065 5439 Ana.
1087 5382 1299 5460 Reicbersberp.
1323 5405 1351 5441 a.
1368 5384 1449 5441 1167
1476 5379 1544 5460 (SS.
1562 5385 1662 5456 XVII,
1680 5406 1714 5461 p.
1733 5381 1827 5461 471).·
1851 5386 1907 5451 Qui
1930 5389 1973 5443 bis
1998 5390 2098 5444 eodem

450 5507 523 5545 anno
547 5491 583 5544 ad
606 5490 803 5560 imperatorem
827 5488 990 5544 fratruelem
1014 5508 1093 5544 suum
1113 5491 1231 5546 veniens
1253 5490 1371 5562 Papiam
1396 5499 1425 5547 et
1449 5492 1628 5548 Babinbcrch
1650 5511 1701 5564 pro
1724 5494 1868 5566 regalibus
1891 5494 1927 5548 ab
1952 5512 1986 5550 eo
2009 5497 2096 5550 suaci-
2115 5510 2139 5550 so

450 5596 576 5667 piendis,
601 5605 722 5667 utraque
746 5597 807 5652 vice
839 5596 945 5666 absque
976 5597 1119 5668 regalibus
1149 5597 1185 5652 ab
1214 5615 1247 5654 eo
1278 5599 1407 5652 dimissus
1438 5605 1497 5666 cst,
1526 5599 1592 5669 quia
1615 5599 1779 5655 Paschalem
1809 5601 1939 5672 recipere
1969 5601 2095 5657 nolebat.

451 5703 482 5770 5)
509 5700 558 5774 Cf.
583 5701 658 5759 Ann.
683 5701 894 5778 Reicbersberp.
918 5721 946 5758 a.
964 5701 1057 5757 1164.
