4478 6396
708 393 947 452 OPUSCULUM
970 394 1022 448 DE
1047 391 1219 448 EDIFICIO
1245 393 1322 446 DEI.
1780 383 1838 446 161

189 583 423 649 aecclesiarum
440 581 620 668 stipendiis,
639 583 695 669 qui
710 604 776 646 non
799 584 833 645 in
854 580 1003 646 domibus
1027 581 1166 666 propriis
1189 601 1369 660 remanere,
1394 578 1452 642 sed
1468 601 1541 642 oum
1558 577 1646 642 fideli
1662 575 1839 660 Abraham,

190 701 344 756 strennuo
368 689 524 754 videlicet
547 691 711 776 episcopo,
737 688 848 752 volunt
871 697 984 752 contra
1006 687 1115 750 hostes
1140 685 1286 772 expediti
1310 707 1465 771 pugnare.

297 817 350 878 38.
386 814 474 878 Vere
498 836 595 878 verus
623 827 672 878 est
700 836 805 878 senno
829 811 1036 899 apostolicus,
1068 813 1145 898 quia
1174 837 1274 876 sermo
1299 811 1365 875 Dei
1385 814 1476 874 oricus
1499 825 1527 874 et
1549 812 1670 898 effisos
1685 812 1842 898 pertirspit
1859 836 1996 886 nassau.

189 948 286 1009 usqae
316 923 361 987 ad
390 922 577 987 divisionem
602 925 728 986 animae
751 947 789 986 oc
811 923 953 1008 spiritus.
1002 916 1140 982 Gladius
1171 919 1257 982 eninr
1287 919 1348 981 iste
1380 915 1560 981 saecularia
1590 939 1629 981 ac
1660 916 1840 1002 spiritualia

157 1054 171 1093 a
190 1028 431 1115 distinguendo,
456 1029 549 1114 quasi
572 1029 713 1092 animam
737 1050 756 1091 a
780 1028 895 1114 spiritu
918 1025 1105 1108 dividendo,
1134 1025 1232 1088 talem
1256 1025 1321 1088 iam
1345 1021 1559 1088 describendo
1584 1024 1750 1087 constituit
1773 1025 1839 1109 epi·

189 1159 325 1222 scopum
348 1157 422 1200 curn
445 1135 512 1199 suis
537 1135 674 1216 clericis,
698 1146 734 1198 ut
757 1135 790 1197 in
814 1156 852 1197 eo
869 1132 981 1196 videre
1005 1131 1083 1196 mihi
1107 1132 1221 1195 videar
1244 1130 1372 1194 fidelem
1388 1128 1556 1196 Abraham
1580 1153 1654 1194 cum
1677 1129 1840 1216 expeditis

190 1244 256 1306 suis
275 1241 469 1306 vernaculis.
505 1239 641 1305 Talibus
665 1263 742 1326 ergo
765 1239 870 1304 fidelis
894 1239 1043 1325 pontifex
1067 1239 1237 1302 comitatus
1262 1237 1302 1301 de
1326 1237 1393 1300 IIII
1416 1238 1604 1324 passionum
1628 1258 1686 1300 seu
1710 1236 1839 1323 quadri-

189 1348 246 1413 fidi
277 1331 364 1413 orbis
394 1371 495 1435 regno
525 1347 622 1412 facile
646 1345 866 1432 triumphabit.
913 1346 974 1409 His
1005 1345 1175 1410 comitatus
1207 1343 1384 1408 secundum
1416 1342 1563 1406 ordinem
1586 1343 1838 1426 Melchisedech,

190 1455 385 1520 sacrificium
408 1456 502 1542 panis
526 1465 558 1519 et
582 1455 649 1517 vini
673 1452 883 1540 spiritualiter
906 1453 1093 1537 degustans,
1125 1451 1268 1515 decimas
1299 1450 1345 1514 illi
1375 1461 1459 1514 totas
1487 1448 1692 1513 ministrabit.
1738 1450 1782 1514 Et
1804 1461 1840 1515 ut

146 1589 171 1627 ro
190 1563 319 1626 omnino
343 1562 449 1626 fidelis
473 1573 505 1626 et
527 1561 618 1625 fideli
639 1560 793 1625 Abrahae
817 1559 929 1624 similis
954 1561 1147 1638 inveniatur,
1173 1581 1192 1622 a
1215 1556 1404 1622 muneribus
1428 1555 1490 1620 sibi
1515 1555 1632 1620 oblatis
1654 1557 1700 1620 ita
1723 1578 1838 1621 manus

191 1671 345 1751 excutiat,
369 1679 530 1755 utusque
555 1668 597 1732 ad
620 1667 708 1732 filum
732 1666 923 1731 subteminis
947 1668 1056 1730 omnia
1079 1675 1217 1729 recuset.
1265 1664 1354 1745 Quid
1370 1665 1456 1728 enim
1479 1686 1539 1750 per
1561 1662 1623 1727 hoc
1647 1664 1837 1746 insinuatur,
1858 1687 2016 1737 crasmaro.

190 1775 277 1862 quod
299 1775 404 1840 fidelis
427 1774 595 1839 Abraham
619 1797 679 1838 nec
703 1783 777 1860 post
800 1785 949 1860 peractos
972 1771 1101 1837 labores
1124 1793 1241 1836 munus
1265 1791 1329 1834 non
1351 1770 1557 1856 postulatum,
1586 1769 1645 1834 scd
1669 1783 1783 1856 sponte
1807 1781 1840 1835 et

190 1884 290 1969 gratis
315 1881 457 1946 oblatum
482 1883 647 1968 suscipere
671 1882 846 1966 acquievdt,
875 1891 1039 1966 reputans,
1063 1902 1103 1943 ne
1127 1879 1209 1942 forte
1234 1877 1275 1942 ab
1300 1877 1408 1964 aliquo
1434 1876 1673 1942 Sodomitarum
1696 1876 1750 1942 vel
1773 1876 1837 1942 Go-
1954 1925 1957 1934 .

189 2012 387 2054 morreorum
412 1988 477 2052 dici
500 1989 657 2074 potuerit:
682 1988 751 2076 Epo
776 1989 881 2052 dr'tosi
894 1987 1081 2052 Abraham?
1116 1985 1214 2066 Quid,
1237 1986 1381 2071 inquam,
1406 2006 1465 2070 per
1480 1984 1542 2047 hoc
1558 1984 1750 2066 insinuatur,
1775 1986 1838 2048 nisi
1858 2007 1996 2058 sennan.

145 2123 170 2162 rs
190 2107 225 2160 ut
248 2095 290 2160 ad
315 2094 495 2159 cavendam
523 2095 703 2175 simoniam,
728 2105 760 2158 et
783 2093 1016 2158 honestandam
1047 2092 1209 2180 pontificis
1239 2092 1370 2174 famam,
1401 2115 1515 2156 manus
1545 2093 1647 2178 ipsius
1679 2090 1720 2155 ab
1751 2093 1838 2156 omni

189 2225 322 2267 munere
346 2204 475 2288 penitus
499 2201 708 2266 excutiatur?
742 2200 907 2286 Propheta
931 2201 1017 2264 euim
1033 2199 1165 2264 beatum
1181 2201 1288 2263 virum
1304 2199 1426 2280 dicens,
1452 2199 1507 2286 qui
1532 2209 1700 2270 excuteret
1723 2221 1838 2262 manus

189 2333 264 2374 suas
289 2333 309 2373 a
331 2331 476 2390 munere,
504 2332 569 2372 rron
596 2308 716 2372 frustra
739 2309 886 2393 premisit
909 2306 961 2371 ‘ab
986 2307 1087 2371 onmi'
1113 2308 1265 2393 quoniam
1290 2307 1374 2370 inter
1396 2307 1468 2392 ipsa
1491 2328 1626 2370 munera
1648 2328 1767 2392 magna
1791 2305 1837 2368 di·
1858 2329 1969 2378 naara

178 2418 326 2480 versitas
351 2415 439 2481 valet
460 2418 576 2480 notari.

297 2543 349 2605 39.
385 2541 424 2604 In
447 2542 534 2606 omni
559 2541 644 2604 enim
661 2539 837 2626 spiritualis
853 2538 1004 2603 beneficii
1022 2537 1263 2624 dispensatione
1284 2539 1427 2601 animum
1443 2536 1661 2622 dispensantis
1685 2537 1747 2600 tria
1770 2560 1838 2600 mu-

143 2675 171 2713 so
188 2671 303 2713 nerum
327 2670 449 2733 genera
471 2657 631 2733 temptare
656 2646 775 2711 solent:
807 2668 891 2732 quae
921 2646 1006 2710 inter
1029 2668 1063 2709 se
1086 2645 1147 2709 hoc
1171 2644 1267 2709 modo
1292 2643 1447 2730 distingui
1474 2653 1619 2730 possunt.
1665 2642 1766 2707 Aliud
1790 2654 1839 2707 est

189 2778 306 2819 munus
331 2753 493 2837 debitum,
518 2753 606 2818 aliud
630 2765 679 2818 est
702 2777 818 2818 munus
842 2751 1032 2835 indebitum,
1058 2751 1146 2816 aliud
1169 2774 1285 2816 munus
1310 2761 1422 2815 contra
1445 2749 1601 2814 debitum.
1640 2749 1759 2814 Munus
1783 2749 1837 2814 de-

189 2861 293 2926 bitum
309 2873 368 2943 est,
393 2861 480 2947 quod
496 2861 630 2924 offertur·
652 2859 809 2946 legaliter.
856 2859 974 2923 Munus
998 2858 1188 2940 indebitum,
1213 2857 1300 2944 quod
1316 2857 1449 2921 offertur
1473 2855 1679 2921 ‘liberaliten
1718 2856 1837 2920 Munus
1858 2880 1927 2924 uso.

190 2979 304 3033 contra
334 2967 489 3050 debitum,
521 2967 607 3054 quod
638 2967 771 3031 offertur
793 2966 962 3031 venaliter.
1009 2965 1165 3030 Decimas
1189 2965 1310 3051 quippe
1334 2973 1507 3051 ceteraque
1531 2963 1604 3027 Deo
1632 2963 1839 3028 militantium

191 3075 354 3161 stipendia
377 3073 514 3161 populus
539 3073 633 3138 offert
657 3096 698 3136 ex
722 3072 831 3138 debito
857 3084 888 3136 et
910 3072 1069 3158 legaliter,
1101 3073 1178 3158 quia
1207 3071 1261 3134 lex
1292 3071 1387 3135 dicit:
1419 3071 1492 3134 Non
1523 3073 1674 3158 alliqobr's
1704 3095 1738 3134 os
1768 3073 1842 3135 bovi
1858 3094 1990 3145 amasa

145 3209 172 3247 as
191 3185 370 3264 trituranti,-
401 3179 489 3267 quod
519 3179 684 3266 apostolus
710 3179 751 3244 de
775 3178 1033 3266 predicatoribus
1057 3179 1198 3243 affirmat
1222 3178 1343 3242 debere
1366 3176 1512 3262 intelligi.
1559 3176 1591 3240 A
1613 3199 1746 3242 munere
1770 3177 1837 3259 tali,

191 3290 339 3375 quamvis
364 3286 484 3370 debito,
516 3288 664 3373 quamvis
694 3286 802 3372 legali,
832 3308 947 3350 manus
978 3309 1052 3349 suas
1076 3284 1196 3349 Paulus
1221 3286 1374 3366 excussit,
1406 3283 1536 3370 quando
1561 3281 1736 3347 Corinthiis
1766 3306 1838 3369 pre-

191 3395 305 3460 dicans
329 3394 440 3458 debita
463 3393 527 3458 sihi
550 3403 709 3480 potestate
732 3395 780 3457 uti
802 3393 914 3456 noluit.
962 3392 1047 3479 Sepe
1079 3394 1176 3456 etiarn
1204 3371 1460 3476 offerturgratis
1485 3401 1517 3454 et
1539 3389 1726 3472 liberaliter,
1752 3390 1840 3476 quod

190 3524 256 3566 non
279 3524 322 3565 ex
345 3501 416 3587 lege
441 3499 594 3584 debetur,
626 3501 684 3564 sed
706 3499 789 3564 ultro
813 3522 874 3563 nec
897 3500 1019 3585 petenti
1049 3522 1110 3563 nec
1142 3500 1250 3585 egenti
1275 3497 1440 3585 prebetur.
1488 3497 1543 3561 Sic
1566 3497 1714 3560 Naaman
1737 3496 1838 3584 Syrus
1857 3479 1966 3580 ‘diff’

190 3631 307 3672 munus
331 3619 545 3695 spontaneum
568 3606 746 3671 liberaliter
768 3606 901 3671 Heliseo
925 3606 1103 3692 prophetae
1128 3605 1253 3692 optulit,
1283 3604 1369 3692 quod
1393 3614 1523 3668 sanctus
1548 3603 1706 3690 propheta
1728 3602 1839 3668 lauda-

146 3714 301 3782 nobiliter
331 3714 474 3780 oblatum
504 3713 699 3779 laudabilius
729 3715 903 3796 recusavit,
935 3715 1012 3799 quia
1041 3736 1156 3777 manus
1180 3735 1255 3776 suas
1279 3712 1393 3776 maluit
1415 3713 1513 3776 etiam
1537 3733 1556 3774 a
1580 3709 1698 3774 talibus
1723 3709 1839 3774 oblatis

193 3822 369 3904 discutere,
401 3844 498 3908 quam
529 3821 569 3885 de
600 3844 634 3885 se
663 3823 758 3907 pravi
793 3820 934 3906 exempli
969 3821 1174 3884 occasionem
1209 3818 1356 3906 prebere.
1411 3817 1551 3898 Quando
1584 3827 1693 3881 autem
1722 3816 1839 3903 aliquis

194 3927 292 3994 habet
315 3951 448 3994 causam
464 3927 584 3992 iudicio
601 3926 863 4008 examinandam,
888 3927 957 3990 sive
981 3928 1143 4008 iniustam,
1169 3927 1238 3990 sive
1262 3928 1389 4006 iustam,
1414 3926 1473 3988 iste
1498 3922 1654 4010 quicquid
1676 3921 1839 3988 iudicibus

195 4049 226 4100 et
249 4059 421 4100 causarum
445 4034 672 4099 tractatoribus
697 4034 799 4114 offert,
816 4034 976 4098 venaliter
999 4033 1102 4114 offert,
1127 4034 1204 4119 quia
1227 4032 1368 4096 iudicem
1384 4053 1574 4117 comparare
1597 4028 1745 4110 intendit,
1770 4030 1839 4093 sive

193 4142 236 4207 ad
266 4165 397 4206 causam
428 4143 556 4222 iustam,
587 4141 675 4227 quod
705 4152 754 4205 est
783 4141 903 4204 malum
931 4152 1097 4226 utcunque
1121 4138 1305 4222 tolerabile,
1337 4140 1406 4202 sive
1437 4136 1480 4202 ad
1509 4139 1663 4201 iniustam
1692 4160 1750 4223 pro
1782 4159 1841 4200 sua

150 4275 176 4316 aa
194 4249 359 4313 voluntate
389 4248 627 4335 prosequenda,
659 4248 746 4334 quod
769 4258 818 4312 est
845 4247 964 4312 malum
994 4245 1208 4311 intolerabile.
1254 4245 1352 4310 Modo
1377 4247 1463 4309 enim
1486 4255 1651 4330 utcunque
1675 4243 1839 4325 toleratur,

195 4367 231 4420 ut
252 4355 353 4419 iudex
377 4355 429 4419 vel
453 4355 636 4420 causidicus
661 4355 702 4419 ad
726 4355 844 4418 iustum
868 4377 999 4418 causam
1023 4364 1165 4436 ematur;
1190 4353 1248 4417 sed
1272 4354 1349 4439 quia
1371 4353 1405 4415 in
1422 4351 1517 4416 domo
1534 4351 1669 4415 Domini
1684 4373 1749 4414 non
1764 4349 1841 4414 licet

195 4464 430 4548 negotiationes
453 4461 535 4544 fieri,
561 4461 675 4525 credo:
701 4461 788 4548 quod
803 4462 954 4525 veniente
971 4461 1111 4524 Domino
1136 4483 1196 4524 nec
1221 4482 1332 4523 emens
1354 4481 1416 4524 nec
1432 4457 1577 4522 vendens
1600 4458 1719 4542 poterit
1742 4479 1762 4520 a
1784 4455 1840 4520 fla·
1860 4437 1967 4538 »ψέξῃ
1977 4491 2009 4533 15,

196 4569 278 4655 gello
303 4571 415 4655 ipsius,
443 4591 503 4633 nec
527 4591 586 4654 per
608 4569 725 4632 iustam
750 4590 891 4649 causam,
916 4567 1063 4650 defendi3
1096 4589 1134 4630 eo
1158 4566 1246 4652 quod
1268 4567 1386 4630 iniuste
1410 4567 1529 4628 iustum
1553 4573 1752 4650 exequentes
1776 4586 1841 4627 non
2020 4549 2021 4552 Ἴ

195 4677 371 4739 timuerunt
394 4677 428 4738 in
444 4675 539 4739 domo
563 4675 665 4761 ipsius
688 4676 858 4760 negotiari.
895 4673 994 4738 Multo
1019 4675 1105 4738 enim
1129 4672 1267 4759 amplius
1284 4673 1357 4736 Deo
1381 4671 1498 4757 placet,
1522 4681 1557 4734 ut
1580 4671 1742 4734 iusticiam
1766 4691 1841 4734 cum

151 4811 177 4848 so
195 4793 304 4846 nostro
329 4783 474 4848 cruciatu
496 4781 659 4846 interdurn
683 4782 822 4868 opprimi
844 4783 1079 4866 permittamus,
1110 4803 1208 4866 quam
1238 4802 1297 4844 nos
1321 4781 1415 4865 quasi
1438 4801 1495 4864 pro
1519 4778 1649 4841 iusticia
1671 4775 1841 4840 liberanda

195 4889 391 4953 iniusticiam
421 4890 668 4953 committamus.
715 4888 831 4952 Melius
863 4899 912 4950 est
938 4889 1048 4973 utique
1074 4910 1111 4951 ac
1136 4885 1306 4968 salubrius,
1331 4897 1367 4950 ut
1391 4895 1422 4950 et
1444 4908 1503 4948 nos
1527 4886 1589 4970 ipsi
1614 4906 1687 4948 cum
1711 4881 1840 4948 Christo

195 4995 237 5060 ab
260 4997 387 5060 iniustis
410 4996 528 5060 iniuste
553 4996 782 5081 opprimamur,
808 5017 904 5080 quam
928 5005 1041 5059 contra
1057 4993 1221 5058 Christum
1243 4994 1469 5078 negociatores
1492 4992 1526 5055 in
1550 4990 1644 5054 domo
1667 4990 1769 5075 ipsius
1792 4989 1840 5052 in-

194 5104 372 5166 veniamur.

302 5230 354 5291 40.
390 5225 521 5290 Habeat
544 5249 620 5312 ergo
644 5226 760 5312 aliquis
784 5248 916 5289 causam
940 5227 1147 5312 quantumvis
1171 5226 1298 5306 iustam,
1323 5225 1442 5306 veniat,
1474 5224 1502 5286 si
1524 5222 1641 5308 placet,
1671 5219 1713 5285 ad
1735 5221 1839 5306 ipsam

151 5361 178 5399 a
196 5356 367 5398 causarum
391 5321 658 5397 examinatricem
673 5333 825 5415 Romam,
851 5344 938 5396 certe
963 5334 991 5396 si
1014 5354 1146 5396 causam
1170 5353 1261 5395 suam
1282 5335 1355 5417 *per
1370 5351 1505 5394 munera
1528 5329 1709 5414 exequitur,
1733 5349 1798 5390 non
1821 5345 1938 5390 auso.

301 5503 369 5558 Vita
387 5501 416 5556 S.
434 5501 565 5574 Gregorii
587 5474 659 5558 libro
675 5502 712 5569 II,
730 5521 792 5574 cap.
810 5502 925 5556 XXIIII
935 5497 961 5556 ¹:
989 5499 1207 5559 Consactudincs
1222 5499 1364 5557 dationum
1381 5531 1424 5538 -
1440 5529 1483 5538 —
1500 5497 1646 5555 conandae
1661 5495 1840 5554 ἅεινεσὶαόαἱ.

194 5610 268 5666 Item
293 5627 355 5680 cap.
373 5605 523 5664 xwi:
548 5606 613 5666 Non
637 5609 746 5679 ruitum,
771 5608 796 5664 si
817 5607 1025 5665 liberalissimus
1048 5639 1091 5646 -
1115 5638 1157 5646 —
1180 5607 1249 5664 satis
1273 5607 1402 5664 hilariter
1426 5603 1601 5662 ariniara-uit.

305 5747 333 5825 l)
357 5750 414 5822 III,
440 5771 462 5807 c.
490 5750 541 5820 24,
566 5753 583 5806 l.
602 5753 619 5806 l.
645 5753 695 5808 col.
721 5751 772 5806 96.
865 5747 897 5824 2)
923 5749 980 5808 Col.
1006 5750 1057 5807 9⁷.

266 5871 367 5922 Libelli
386 5872 420 5922 de
439 5871 496 5922 lite.
525 5873 579 5922 III.
1595 5870 1626 5918 21
