4544 6420
530 375 704 432 ARNULFI
728 376 926 433 SAGIENSIS
951 375 1238 432 ARCHIDIACONI
1261 357 1484 434 INVECTIVA.
1769 373 1829 434 107

184 560 402 626 insurdaverit
418 560 592 626 obstinatio
609 561 726 627 cordis.
756 545 848 628 ¹Audi
865 586 953 648 ergo,
979 587 1052 628 cum
1077 562 1194 650 quibus
1219 561 1355 646 habites,
1380 576 1413 627 et
1436 586 1572 650 quorum
1596 567 1758 630 consortia
1781 589 1830 629 re-

183 691 292 756 spuas.
338 668 484 733 lnfidelis
507 670 701 734 universitas
725 669 790 752 illa,
815 693 912 756 qnam
936 671 1092 758 sequeris,
1117 669 1240 733 familia
1262 670 1351 734 Petri
1374 670 1494 734 Leonis
1519 683 1577 754 est,
1601 671 1745 736 nondum
1767 671 1829 736 fer-

184 787 291 840 mento
305 775 459 840 Iudaicae
476 777 836 862 corruptionispenitus
853 778 994 863 expiata.
1029 777 1070 841 Et
1086 787 1263 863 tyrannus⁸
1280 776 1344 858 ille,
1362 799 1458 864 quem
1475 777 1572 841 altrix
1588 787 1828 864 tyrannorumr,

184 881 306 964 Sicilia,
331 883 467 946 sustinet
478 888 497 964 ¹,
522 882 697 968 Dionysiib
714 905 892 965 successor,
917 882 1009 948 atilae
1030 885 1130 970 ipsius
1154 883 1248 946 heres
1273 893 1304 946 et
1328 884 1454 966 ominis,
1478 895 1605 970 emptus
1628 886 1717 949 inani
1743 887 1828 970 regis

151 991 323 1070 snomine,
355 988 423 1052 dux
447 987 578 1075 quidem
602 999 708 1070 antea,
738 1013 824 1054 nunc
848 1012 927 1054 vero
951 1013 1012 1054 nec
1036 989 1103 1054 dux
1127 991 1196 1074 ipse
1220 1012 1282 1053 nee
1306 989 1404 1071 aliud,
1436 992 1513 1076 quia
1536 1014 1655 1055 nomen
1677 991 1828 1072 alienum,

183 1094 271 1181 quod
295 1107 407 1160 eontra
430 1097 585 1160 iustitiam
609 1107 789 1182 tyrannus*
811 1107 956 1183 usurpat,
987 1098 1021 1160 in
1044 1097 1114 1183 ipso
1139 1095 1321 1160 nullatenus
1345 1095 1492 1161 obtinere
1517 1108 1605 1162 certo
1628 1099 1698 1162 iure
1722 1099 1827 1162 firma-

182 1215 244 1266 tur.
291 1202 377 1267 Huic
406 1225 540 1266 numero
570 1202 655 1267 solus
679 1203 895 1267 Pictaviensis
919 1226 1028 1267 comes
1052 1202 1200 1284 adicitur,
1225 1202 1427 1289 voluptatum
1451 1205 1510 1282 vir,
1541 1204 1691 1268 animalis
1721 1204 1826 1285 homo,
1846 1230 2006 1280 arrestari.

182 1320 323 1373 arcana‘
356 1309 547 1395 spiritalium
577 1331 642 1374 non
673 1311 845 1395 attingens,
877 1309 918 1374 ob
949 1310 1110 1396 repulsam
1141 1311 1306 1396 petitionis
1332 1309 1465 1374 illicitae
1489 1313 1691 1397 mancipatus
1715 1314 1826 1375 errori.

183 1414 252 1480 Sub
283 1439 348 1502 qua
377 1417 539 1501 paucitate
571 1417 599 1480 si
629 1417 701 1502 quis
732 1427 877 1481 sanctam
908 1417 1028 1480 dixerit
1058 1415 1231 1480 eeclesiam
1262 1417 1430 1498 contineri,
1462 1429 1548 1480 certe
1579 1440 1643 1480 non
1672 1416 1828 1504 derogata

138 1549 164 1586 ro
182 1523 285 1587 solum
310 1521 431 1586 Christi
454 1521 584 1587 videtur
606 1522 780 1605 hereditas,
812 1523 869 1587 sed
896 1524 1025 1610 penitus
1049 1521 1214 1608 abrogata.
1261 1521 1326 1586 Ubi
1358 1545 1445 1608 erge,
1477 1523 1588 1587 David
1618 1535 1739 1606 sancte,
1771 1524 1827 1588 ubi

181 1640 237 1693 tua
261 1638 354 1693 vetus
383 1628 438 1693 illa
461 1629 656 1716 promissio?
702 1628 769 1694 Ubi
791 1629 897 1712 Pauli,
926 1629 981 1694 ubi
1012 1628 1219 1693 sanctarum‘l
1249 1630 1434 1693 testimonia
1464 1631 1722 1715 seripturarum?
1768 1631 1827 1696 Ille

184 1737 284 1799 'enirn
307 1758 367 1799 rex
391 1746 521 1800 sanetus
542 1758 582 1800 ex
599 1759 739 1822 persona
755 1739 855 1823 patris
872 1737 915 1800 ad
930 1736 1048 1800 lilium:
1073 1737 1211 1816 Postulo,
1237 1736 1349 1821 inquit,
1374 1763 1394 1800 a
1410 1763 1468 1818 me,
1492 1751 1520 1800 et
1542 1737 1623 1802 dabo
1646 1740 1707 1802 tihi
1724 1753 1828 1825 pentae
1845 1727 1941 1827 iffi

180 1843 380 1907 hereditatem
403 1858 487 1907 taam
511 1859 539 1908 et
557 1847 784 1930 possessionem
814 1859 897 1908 taam
928 1847 1075 1908 terminos
1097 1857 1207 1906 terrae.
1254 1841 1298 1905 Et
1327 1841 1421 1906 alibi:
1453 1844 1678 1908 Dominabitur
1700 1871 1720 1908 a
1743 1847 1831 1910 atari
1846 1869 1946 1920 umas.

183 1975 277 2035 usqae
301 1951 346 2013 acl
367 1975 453 2014 mare
476 1965 504 2014 et
526 1977 545 2014 a
561 1952 697 2038 flamine
728 1976 823 2036 usqne
853 1951 899 2015 ad
920 1953 1067 2015 terminos
1097 1951 1183 2013 orbis
1206 1964 1370 2013 terraram.
1417 1949 1461 2012 Et
1483 1949 1620 2013 Paulus:
1653 1951 1749 2032 Deras,
1779 1951 1826 2014 in·
1846 1975 2004 2025 philippae.

136 2080 161 2118 rs
181 2056 261 2142 quit,
292 2058 443 2121 exaltarit
465 2081 533 2120 eant
557 2072 585 2122 et
607 2058 695 2122 dedit
718 2059 774 2122 illi
793 2082 912 2138 nornen,
944 2057 1029 2142 qaod
1050 2071 1209 2142 estsuper
1233 2081 1462 2137 omne‘aomea,
1493 2072 1526 2121 at
1552 2059 1585 2122 ia
1609 2059 1732 2122 nomiae
1755 2057 1827 2123 lesa

182 2189 269 2227 arurae
290 2165 535 2251 pertraflectatar.
582 2162 685 2228 Dices
705 2163 861 2245 fortassis,
886 2165 950 2227 iam
974 2161 1116 2248 impleta,
1142 2184 1225 2248 quae
1251 2162 1372 2244 dieunt,
1396 2185 1457 2226 nec
1482 2161 1611 2226 obstare
1635 2162 1726 2245 haec,
1751 2186 1828 2249 quo-

181 2271 287 2333 minus
315 2271 483 2356 potestatis
512 2269 607 2334 huius
637 2271 804 2334 immineat
833 2269 990 2334 defectus.
1038 2269 1104 2333 Sed
1135 2270 1227 2354 regni
1255 2269 1325 2332 eius
1348 2292 1413 2332 non
1437 2270 1498 2333 erit
1520 2269 1610 2333 finis:
1641 2274 1721 2358 rep-it
1747 2274 1828 2336 enim
1848 2297 1938 2346 raso.

182 2379 215 2440 ia.
232 2379 322 2462 sirpo
331 2378 457 2464 ferrea.
497 2377 627 2440 Partem
643 2387 891 2457 veronostram,
916 2377 944 2439 si
968 2387 1076 2440 tamen
1100 2375 1181 2440 haec
1205 2375 1330 2439 tantilla
1346 2386 1442 2461 cogat
1457 2376 1617 2462 exceptis,
1642 2389 1677 2440 ut
1700 2378 1828 2441 nomine

180 2483 282 2569 partis
305 2483 500 2548 universitas
524 2482 592 2547 lere
615 2493 683 2547 tota
698 2493 842 2565 vocetur,
867 2484 971 2547 omnis
995 2483 1180 2568 imperator,
1205 2483 1307 2546 omnis
1324 2505 1393 2564 rex,
1418 2483 1521 2545 omnis
1537 2484 1700 2568 princeps,
1725 2485 1827 2548 omnis

134 2615 161 2652 ro
181 2591 275 2656 homo
299 2589 439 2676 denique
463 2589 641 2676 profitetur,
666 2591 862 2676 quicumque
887 2589 1054 2653 christiani
1077 2590 1216 2652 nominis
1240 2588 1414 2673 insignitur
1435 2588 1567 2654 honore.
1615 2588 1681 2654 Sed
1705 2613 1775 2674 ega,
1800 2593 1826 2654 si

181 2721 246 2783 qua
268 2696 349 2761 fides
374 2707 431 2772 est,
463 2696 608 2761 favorem
632 2697 815 2782 principum
844 2696 1030 2782 populique,
1062 2718 1142 2782 quos
1166 2694 1273 2758 adhuc
1298 2694 1453 2759 secularis
1476 2706 1565 2759 tenet
1588 2695 1716 2760 affectio
1741 2720 1826 2760 eorn-

180 2803 317 2890 peditos,
348 2805 381 2867 in
412 2815 477 2867 tam
508 2803 619 2868 divino
650 2804 779 2888 negotio
810 2802 1013 2890 negligenter
1040 2801 1182 2866 attendo.
1228 2801 1354 2866 Horum
1383 2803 1418 2865 in
1448 2801 1509 2866 hoe
1539 2802 1618 2865 mihi
1650 2825 1826 2867 consensus

180 2912 353 2998 precipuus
377 2922 435 2988 est,
460 2910 574 2975 horum
597 2933 648 2974 me
673 2921 791 2990 movet,
815 2920 937 2973 motum
961 2910 1068 2990 trahit,
1092 2919 1229 2974 tractum
1253 2919 1342 2972 tenet
1366 2909 1551 2991 auctoritas,
1577 2907 1694 2995 quibus
1719 2911 1823 2974 alonim
1845 2936 1979 2986 uersari.

180 3033 225 3082 est
250 3043 337 3082 nosse
367 3020 569 3105 rapere-riame
594 3021 685 3105 regni
706 3018 779 3096 Dei,
811 3039 947 3103 quorum
977 3020 1009 3082 ,·„
1035 3018 1110 3081 cebir
1140 3038 1211 3080 esse
1239 3017 1304 3079 iarn
1336 3037 1377 3079 ex
1408 3025 1499 3102 parte
1530 3019 1722 3081 cohaerentia
1753 3039 1824 3102 per·
1844 3043 1993 3092 enarrasse

135 3148 162 3186 ss
180 3123 317 3188 hibetur.
366 3123 487 3204 Quales
518 3146 633 3188 revera
663 3135 750 3204 sunt,
781 3125 851 3209 *qui
882 3122 1073 3188 Carthusiae
1104 3133 1279 3209 perpetuas
1309 3124 1402 3186 nives
1433 3120 1625 3204 inhabitant,
1657 3133 1689 3187 et
1719 3125 1775 3210 qui
1806 3147 1926 3189 arrasa

180 3229 389 3295 Cistereiensi
412 3229 465 3294 vel
489 3229 697 3294 Cluniacensi
727 3231 922 3295 monasterio
950 3229 1147 3315 profluentes
1178 3229 1259 3293 lueis
1287 3251 1365 3292 suae
1389 3228 1498 3293 radios
1521 3228 1664 3315 undique
1689 3229 1823 3294 diffude-

157 3340 269 3408 ‚runtl
316 3338 361 3401 Hi
390 3337 476 3401 enirn
500 3360 519 3400 a
542 3335 692 3401 manibus
716 3338 782 3400 suis
807 3348 839 3400 et
862 3337 970 3400 animo
1002 3337 1129 3400 saniore
1161 3335 1294 3400 consilio
1325 3346 1432 3400 terrea
1462 3347 1676 3418 removentes,
1708 3359 1825 3422 aspera

128 3499 131 3504 i
179 3455 279 3525 veste,
304 3444 377 3509 cibo
402 3467 475 3508 cum
499 3466 570 3508 raro
594 3455 662 3507 tum
686 3442 788 3524 arido,
812 3443 931 3529 vigiliis
955 3443 1127 3528 multisque
1152 3441 1317 3506 laboribus
1342 3465 1458 3528 corpus
1481 3452 1657 3523 macerant,
1685 3443 1727 3507 ad
1751 3466 1823 3508 earn

180 3563 302 3615 tantum
327 3549 572 3615 retributionem
596 3551 671 3615 totis
696 3551 794 3614 animi
819 3548 943 3636 viribus
966 3549 1165 3630 anhelantes,
1197 3571 1295 3635 quarn
1320 3547 1529 3632 diligentibus
1553 3572 1588 3612 se
1612 3550 1750 3634 gratiam
1774 3573 1822 3613 re-

134 3681 161 3720 so
179 3659 335 3744 promisit.
388 3657 514 3721 Horum
545 3667 658 3722 sancta
688 3659 902 3736 conversatio,
934 3679 1039 3720 sermo
1070 3657 1210 3741 sapiens.
1241 3657 1275 3718 in
1306 3654 1425 3718 divinis
1456 3654 1607 3719 diseretio
1638 3657 1821 3742 perspicax,

180 3788 276 3851 quam
307 3763 447 3850 denique
477 3763 566 3828 nulla
596 3761 699 3827 nubes
731 3775 879 3828 terrenae
915 3763 1084 3827 densitatis
1116 3761 1274 3826 obfuscat.
1327 3761 1453 3826 Patitur
1483 3761 1614 3848 quidem
1645 3785 1700 3826 eos
1730 3763 1822 3826 Deus

178 3870 333 3936 molestiis
357 3869 454 3952 affici,
486 3881 521 3934 ut
551 3881 716 3958 tamquam
747 3893 860 3934 aunam
890 3871 925 3933 in
952 3870 1083 3933 fornace
1114 3867 1291 3954 probentur
1301 3873 1323 3950 ³,
1355 3868 1413 3932 sed
1435 3868 1520 3932 ultra
1543 3891 1654 3932 eorum
1678 3891 1743 3932 non
1766 3891 1821 3932 ex·
1842 3845 1999 3946 nauffinna,

179 3978 296 4042 crescit
324 3977 492 4063 temptatio
523 3976 720 4041 facultatem.
767 3977 860 4041 Licet
888 3977 987 4062 igitur
1009 3998 1064 4039 eos
1088 3975 1194 4039 adhuc
1219 3998 1261 4039 ex
1284 3985 1376 4062 parte
1400 3986 1579 4040 remoretur
1601 3975 1635 4038 in
1658 3977 1763 4058 terris,
1787 3986 1823 4040 ut

179 4085 355 4171 promissas
379 4093 521 4168 augeant
544 4083 707 4148 desideria
730 4093 895 4169 protracta
919 4105 1074 4164 coronas,
1089 4105 1109 4146 a
1132 4081 1251 4146 divinis
1275 4091 1384 4146 tamen
1401 4081 1542 4146 consiliis
1566 4104 1630 4145 non
1647 4081 1822 4146 ereduntur
1892 4171 1893 4174 Ἴ

134 4215 159 4254 as
180 4190 321 4256 exclusi:
346 4190 471 4277 stapel-t
496 4191 593 4271 enim,
617 4215 722 4254 eor-ara
745 4215 866 4276 seraper
889 4191 996 4254 videat
1010 4191 1135 4277 faeiem
1152 4191 1271 4275 patrie,
1296 4199 1328 4252 et
1352 4211 1407 4252 eos
1431 4188 1583 4252 familiari
1599 4189 1702 4252 sancti
1720 4188 1819 4274 Spiri-
1840 4218 1998 4268 unriurein.

178 4309 230 4360 tus
252 4297 436 4361 visitatione
467 4296 591 4360 faciunt
620 4296 783 4360 illustrari.
830 4296 944 4382 Neque
969 4297 1055 4360 enim
1079 4296 1175 4358 etiam
1204 4295 1237 4358 in
1261 4296 1404 4381 presenti
1427 4318 1485 4358 sua
1509 4294 1629 4358 deserit
1651 4294 1820 4359 retributio

179 4405 372 4469 sustinentes
396 4405 488 4468 iuxta
512 4402 606 4467 illud:
640 4403 815 4468 Sestertium
839 4403 1068 4467 rnrdtitraliaem
1093 4403 1235 4466 doloret-ra
1259 4427 1396 4466 ancoram
1420 4405 1454 4466 in
1478 4403 1569 4466 eorde
1592 4427 1658 4465 areo
1681 4404 1819 4466 consola-
1841 4427 1962 4474 ranam.

286 4655 312 4719 a)
334 4659 376 4708 tir.
394 4676 415 4708 r.
489 4655 516 4716 b)
538 4657 648 4709 dionisii
666 4675 703 4718 e.;
723 4658 849 4722 Dionysii
869 4657 902 4706 Ι).
975 4654 1001 4712 cl
1023 4657 1095 4706 arch.
1114 4675 1134 4704 r.
1208 4653 1236 4714 d)
1258 4656 1507 4705 sancrosancta
1580 4655 1605 4714 e)
1628 4656 1696 4706 mist.
1715 4673 1735 4705 r.

288 4874 317 4944 l)
344 4873 392 4946 Os.
417 4874 485 4930 leid.
512 4873 606 4947 Etpm.
631 4877 648 4930 l.
674 4875 758 4943 XIV,
784 4895 806 4930 o.
825 4875 886 4942 6,3
916 4870 1039 4950 (Sicilia)
1070 4875 1163 4928 nutrix
1187 4882 1378 4946 tyrannorrun.
1425 4873 1573 4949 Rogemus,
1598 4873 1657 4928 dax
1680 4881 1706 4928 et
1722 4879 1822 4946 postea

134 4998 163 5035 so
181 5001 234 5038 rer
257 4981 378 5046 Siciliae,
404 4981 452 5057 qai
466 4981 561 5058 filiam
585 4981 665 5037 Petri
689 4981 798 5050 Lecrris,
827 5001 950 5038 sororem
975 4978 1104 5036 Artacleti
1125 4980 1289 5054 orttipopae.
1314 4999 1429 5036 aaaron
1454 4981 1584 5047 (laeserat,
1610 4986 1639 5034 et
1662 4981 1698 5034 ab
1722 4980 1821 5034 eodem

181 5097 338 5154 coronatus,
363 5090 471 5160 regium
494 5095 611 5143 stemma
633 5089 722 5160 gessit
747 5080 832 5163 (Ora.
852 5087 935 5143 Vitat.
960 5087 1021 5143 bist.
1046 5088 1110 5144 eccl.
1135 5089 1153 5142 l.
1179 5085 1264 5154 XIII,
1290 5085 1344 5142 SS,
1369 5085 1482 5152 XXVI,
1508 5084 1567 5154 27;
1596 5086 1635 5156 rs.
1661 5084 1730 5142 Ros.
1752 5093 1820 5162 gest.

181 5195 278 5250 dumam
301 5193 401 5250 Naar.
433 5194 497 5250 ibid.
517 5215 550 5270 p.
575 5193 610 5264 9,·
642 5194 736 5270 Steph.
761 5195 860 5250 Illam.
886 5194 976 5249 [bor.
1001 5193 1057 5262 III,
1079 5193 1108 5262 6,
1139 5191 1203 5248 ibid.
1224 5213 1256 5267 p.
1274 5192 1410 5266 lttsq.;
1443 5191 1531 5264 Jaffe'
1556 5211 1601 5247 ar.
1627 5191 1721 5247 8410.
1746 5189 1820 5266 etc).

183 5300 213 5368 2)
240 5299 287 5371 Os.
312 5301 455 5376 epistotae-1
481 5323 503 5357 s.
528 5300 677 5358 Bernardi
699 5302 716 5356 l.
735 5320 757 5356 c.
778 5321 810 5376 p.
831 5300 902 5355 135.
923 5300 1001 5355 136:
1032 5300 1096 5356 Non
1123 5307 1218 5354 autom
1241 5301 1334 5354 debeo
1358 5300 1587 5370 praetennittero
1611 5307 1732 5366 sanctos,
1764 5299 1821 5369 qui,

183 5409 285 5462 mundo
307 5409 418 5476 mortui,
443 5409 505 5464 Deo
528 5409 627 5463 melius
643 5409 742 5463 vivunt
764 5449 770 5462 .
790 5449 796 5462 .
817 5448 823 5462 .
848 5407 944 5478 itaque
962 5406 1222 5474 Cantaudulienses,
1235 5407 1466 5474 Vallambrosani,
1484 5405 1691 5472 Certusienses,
1708 5404 1821 5460 Chinia-

138 5530 163 5568 rs
185 5533 295 5583 censes,
320 5523 350 5571 et
374 5517 421 5587 qui
446 5517 482 5570 de
506 5515 605 5570 Maiori
628 5516 797 5570 monastario
820 5521 895 5580 sunt,
924 5514 979 5568 mei
1003 5532 1114 5585 quoquo
1139 5513 1354 5578 cistercienses,
1379 5511 1581 5576 Cadumenses‚
1598 5513 1768 5567 Tirononses
1793 5518 1822 5567 et

183 5619 397 5678 Sariniscenses
422 5663 429 5676 .
455 5662 462 5677 .
488 5663 495 5678 .
519 5621 685 5678 Innocentio
708 5621 825 5676 firmiter
847 5621 1014 5676 adhaerent.
1107 5617 1138 5692 3)
1163 5619 1211 5690 Cf.
1237 5619 1322 5675 Pron.
1349 5618 1400 5686 27,
1418 5617 1469 5674 21.

1560 5738 1609 5787 14*
