4418 6412
581 332 634 386 DE
658 330 991 387 INVESTIGATIONE
1016 329 1267 387 ANTICHRISTI
1290 333 1325 387 L.
1341 331 1365 386 1.
1742 326 1806 389 389

145 518 312 604 principis
336 516 552 598 Constantini,
577 519 633 603 qui
656 518 779 603 primus
803 516 927 602 regalia
949 517 1104 581 Romanis
1128 516 1335 603 pontificibus
1361 517 1503 600 contulit,
1529 517 1668 604 qualiter
1690 518 1806 584 eadem

146 624 279 709 regalia
301 647 404 710 usque
428 623 472 688 ad
494 635 641 711 tempora
657 622 809 708 Gregorii
833 624 961 710 septimi
985 623 1121 687 defensa
1144 633 1228 706 sunt,
1252 623 1420 710 inquibus
1436 625 1589 689 nimirum
1605 625 1805 712 temporibus

148 753 216 795 nec
240 731 429 795 fidelitatem
452 732 558 795 iurare
581 752 643 794 nec
667 731 840 816 pecuniam
863 741 986 794 tantam
1009 751 1069 816 pro
1084 728 1239 794 fidelitate
1263 730 1401 795 iuranda
1425 731 1612 816 expendere
1635 733 1670 794 in
1686 732 1804 819 populo

150 837 300 902 Romano
325 837 470 902 auditum
494 838 555 901 fuit
578 848 751 920 ettamen,
775 847 811 901 ut
833 847 944 900 notum
964 845 1021 916 est,
1047 835 1162 899 eadem
1179 836 1378 922 pontificalia
1401 836 1496 901 simul
1520 848 1553 902 et
1576 837 1699 923 regalia
1722 837 1805 903 adeo

112 967 128 1006 s
153 943 291 1008 defensa
306 956 390 1026 sunt,
414 955 450 1008 ut
468 943 583 1008 beatus
601 942 800 1029 Gregorius¹
817 943 1038 1029 quamplures
1061 943 1096 1005 in
1113 941 1250 1006 diversis
1274 945 1451 1029 provinciis
1468 943 1654 1008 echonimos
1670 944 1806 1010 haberet

154 1062 186 1114 et
218 1073 260 1114 ex
289 1049 476 1137 prediorum
507 1049 801 1115 ecclesiasticorum
836 1047 1016 1113 redditibus
1046 1049 1148 1114 Rome
1182 1050 1246 1114 tria
1279 1050 1369 1114 milia
1398 1050 1561 1136 virginum
1597 1050 1657 1115 sub
1692 1051 1805 1137 regula

151 1169 313 1242 pasceret,
338 1159 485 1244 exceptis
509 1157 580 1221 aliis
604 1157 669 1220 Dei
692 1155 821 1220 famulis
845 1155 941 1242 longe
965 1154 1018 1220 vel
1040 1179 1142 1242 prope
1165 1157 1289 1243 positis.

263 1263 330 1329 Sed
348 1263 470 1346 dicunt,
495 1265 648 1350 quoniam
664 1261 777 1327 habuit
793 1261 934 1327 ecclesia
956 1262 1104 1326 Romana
1127 1272 1160 1326 et
1182 1261 1260 1327 urbs
1284 1263 1346 1327 illis
1369 1263 1403 1328 in
1426 1262 1626 1350 temporibus
1645 1264 1805 1351 imperiali

153 1370 232 1434 sede
253 1372 286 1434 in
302 1383 411 1456 partes
429 1371 572 1436 Orientis
595 1368 761 1451 translata,
786 1369 940 1455 patricios
957 1368 998 1433 ab
1015 1368 1264 1455 imperatoribus
1281 1372 1470 1434 constitutos
1487 1369 1539 1434 vel
1563 1393 1583 1434 a
1606 1369 1752 1456 patribus
1772 1381 1805 1435 et

104 1502 134 1540 ro
151 1477 274 1562 populo
292 1479 453 1563 expetitos
469 1501 571 1563 usque
589 1477 631 1541 ad
647 1487 793 1562 tempora
808 1499 893 1562 pape
909 1475 1047 1539 Adriani
1068 1478 1164 1563 primi
1180 1489 1213 1540 et
1227 1477 1371 1541 Leonis²
1388 1477 1561 1564 pontificis,
1579 1479 1634 1563 qui
1650 1477 1805 1542 videlicet

150 1585 284 1670 patricii
308 1607 366 1670 pro
391 1607 450 1648 sua
473 1583 698 1669 possibilitate,
723 1606 764 1647 ox
789 1606 862 1669 quc,
887 1594 922 1648 ut
946 1582 1068 1647 dictum
1093 1594 1151 1665 est,
1175 1584 1353 1669 imperialis
1377 1583 1472 1648 sedes
1489 1582 1804 1671 Constantinopolim

152 1690 311 1754 translata
327 1703 385 1772 est,
402 1713 516 1776 pacem
533 1692 657 1777 patriae
675 1689 822 1753 similitor
838 1700 869 1753 et
885 1689 1009 1774 regalia
1025 1702 1122 1775 atque
1139 1689 1337 1776 pontificalia
1357 1689 1446 1754 beati
1464 1691 1553 1754 Petri
1571 1690 1802 1775 defenderunt3

151 1808 326 1884 postquam
342 1808 451 1862 autem
474 1796 750 1861 invalescentibus
775 1809 887 1861 contra
903 1797 1067 1860 civitatem
1086 1796 1315 1882 Longobardis
1332 1797 1474 1883 dignitas
1498 1807 1530 1860 et
1546 1796 1690 1862 officium
1705 1799 1803 1883 patri-

153 1905 257 1968 ciatus
282 1905 315 1967 in
335 1904 498 1968 sufficiens
523 1903 565 1967 ad
586 1903 827 1968 rlelbudeodum
851 1905 1042 1988 comparuit,
1067 1904 1166 1967 etiam
1189 1926 1283 1990 reges
1300 1904 1501 1968 Francorum
1525 1905 1557 1966 in
1581 1903 1804 1970 defensionem

104 2033 131 2072 rs
151 2012 277 2095 patriae
295 2011 446 2074 advocati
459 2021 532 2074 sunt
540 2016 562 2074 3.
588 2011 733 2091 Quorum
749 2033 842 2092 unus,
856 2009 997 2074 Karolus
1014 2009 1167 2074 videlicet
1183 2012 1314 2096 primus,
1331 2010 1505 2074 Desiderio
1522 2032 1599 2096 rege
1614 2011 1803 2096 Longobar-

152 2117 268 2181 dorum
285 2130 380 2204 capto
404 2119 559 2204 patricius
583 2116 673 2181 urbis
697 2117 878 2204 appellatus
901 2127 959 2180 est.
1001 2115 1170 2182 Secundus
1190 2139 1268 2182 vero
1285 2117 1425 2182 Karolus
1449 2118 1626 2203 imperator
1649 2127 1681 2181 et
1704 2141 1803 2204 augu-

153 2236 220 2289 stus
245 2248 265 2288 a
287 2234 355 2288 toto
378 2224 507 2311 populu,
526 2223 641 2288 Grecis
666 2247 805 2310 quoque,
831 2225 888 2311 qui
910 2234 987 2288 tunc
1006 2223 1108 2287 Rome
1132 2222 1277 2304 aderant,
1304 2222 1580 2288 consentientibus
1604 2223 1803 2289 acclamatus

152 2343 210 2412 est,
235 2333 314 2416 quin
331 2343 363 2396 ot
380 2330 582 2417 imperialem
599 2353 750 2394 coronam
775 2353 833 2416 per
856 2329 1117 2398 benedictionem
1140 2329 1358 2416 pontificalem
1382 2331 1519 2418 adeptus
1528 2342 1551 2412 ⁸,
1578 2353 1615 2395 co
1633 2331 1721 2418 quod
1743 2354 1803 2419 per

153 2439 260 2524 ipsunt
290 2439 396 2525 patria
424 2436 516 2518 urbs,
547 2436 703 2502 videlicet
731 2438 849 2518 Roma,
883 2435 924 2501 ab
955 2438 1161 2501 infestatione
1191 2436 1482 2522 Longobardorum
1514 2439 1622 2502 occiso
1652 2439 1803 2503 nimirum

105 2567 133 2606 ao
154 2543 304 2630 Egelulfo
328 2567 405 2630 rege
428 2545 572 2630 ipsorum
595 2543 733 2608 liberata
756 2545 797 2608 sit
806 2549 828 2608 ⁴.
868 2543 955 2625 Quia
977 2565 1056 2608 vero
1080 2553 1112 2606 et
1135 2544 1224 2607 cives
1248 2543 1386 2607 Romani
1409 2545 1443 2607 in
1466 2543 1625 2630 eligendis
1648 2544 1803 2609 Romanis

153 2650 360 2736 pontificibus
391 2673 507 2736 graves
538 2652 623 2714 inter
646 2673 680 2714 sc
705 2652 862 2714 scissuras
886 2651 1041 2732 fecerant,
1067 2673 1129 2736 que
1158 2651 1220 2714 nisi
1250 2651 1381 2714 maioris
1411 2652 1580 2736 potestatis
1611 2639 1802 2716 auctoritate

152 2757 261 2839 sedari
283 2779 348 2821 non
373 2769 514 2843 possent,
538 2757 660 2843 placuit
676 2759 774 2821 etiarn
791 2757 936 2822 eiusdem
959 2758 1114 2844 temporis
1132 2757 1287 2821 Romanis
1310 2756 1528 2842 pontificibus,
1548 2757 1694 2821 Adriano
1710 2757 1801 2821 vide-

152 2863 228 2928 licet
253 2875 285 2928 et
306 2864 420 2946 Leoni,
445 2875 605 2950 quatenus
629 2863 752 2928 eisdem
775 2863 907 2948 regibus
931 2864 1130 2927 Francorum
1158 2865 1224 2926 iam
1251 2863 1501 2950 imperatoribus
1525 2863 1619 2928 factis
1642 2864 1801 2928 Romano·

152 2994 222 3034 rum
247 2971 428 3057 privilegiis
452 2971 690 3053 confirmarent,
714 2981 873 3056 quatenus
904 2971 937 3033 in
961 2970 1119 3055 eligendis
1143 2981 1175 3034 et
1199 2969 1386 3034 ordinandis
1409 2971 1563 3035 Romanis
1593 2971 1801 3056 pontificibus

106 3101 134 3140 ss
152 3080 202 3142 ius
220 3082 267 3141 ‘et
282 3089 475 3165 potestatem
497 3078 560 3164 ipsi
583 3088 615 3142 et
639 3099 842 3141 successores
860 3100 971 3142 eorum
986 3079 1223 3163 imperpetuum
1241 3075 1424 3140 obtinerent
1434 3081 1455 3158 ⁵,
1479 3076 1537 3140 sed
1562 3087 1594 3141 et
1617 3101 1676 3162 per
1690 3101 1801 3142 omnes
1821 3101 1911 3152 *μοι

151 3185 338 3272 provincias
363 3187 490 3271 imperii
514 3186 564 3248 sui
588 3186 757 3271 episcopos
782 3184 977 3248 investiendi
1000 3194 1143 3269 potestas
1168 3185 1214 3247 eis
1242 3183 1362 3247 tradita
1389 3193 1447 3265 est,
1478 3184 1524 3248 ita
1546 3193 1581 3246 ut
1603 3185 1666 3247 nisi
1690 3206 1800 3248 eorum

153 3313 314 3356 consensu
331 3291 467 3355 electum
491 3313 551 3377 per
570 3313 625 3354 eos
648 3292 835 3354 investitum
859 3290 965 3354 nullus
989 3288 1202 3354 consecrandi
1224 3289 1412 3354 facultatem
1436 3288 1586 3372 haberet,
1612 3291 1658 3354 sic
1681 3301 1800 3373 tamen,

152 3409 187 3462 ut
212 3398 326 3462 electio
350 3397 445 3462 simul
469 3408 501 3461 et
524 3398 693 3462 investicio
718 3409 814 3482 atque
838 3397 1040 3461 consecratio
1064 3395 1187 3482 absque
1211 3398 1313 3482 precii
1339 3398 1524 3461 interventu
1549 3393 1799 3461 celebrarentur.

152 3505 196 3568 Et
219 3504 280 3568 hac
305 3504 435 3590 quidem
457 3514 617 3591 potestate
642 3503 703 3568 sibi
728 3526 885 3568 concessa
914 3503 1001 3567 idem
1023 3504 1234 3589 imperatores
1258 3502 1301 3566 ad
1323 3513 1450 3589 tempus
1474 3502 1619 3566 modeste
1643 3503 1694 3566 usi
1717 3513 1800 3567 sunt.

107 3636 133 3675 so
152 3611 276 3675 Verum
300 3610 494 3676 succedente
519 3621 663 3697 tempore
688 3612 765 3697 qnia
786 3611 998 3696 imperatores
1021 3609 1153 3673 modum
1177 3632 1270 3674 suum
1297 3611 1484 3694 ignorantes
1514 3632 1579 3672 non
1609 3610 1643 3672 in
1666 3632 1800 3674 numero

153 3718 432 3799 consentientium,
457 3717 514 3782 sed
538 3717 633 3802 primi
649 3715 910 3799 disturbantium,
930 3718 1027 3779 immo
1045 3717 1330 3780 exterminantium
1346 3737 1417 3780 esse
1434 3725 1601 3802 ceperunt,
1626 3715 1800 3802 aliquando

152 3826 250 3888 etiam
276 3825 310 3887 in
333 3826 478 3910 symonis
510 3824 649 3888 heresim
679 3846 718 3887 ac
749 3825 868 3886 scisma
896 3817 1049 3908 p'rolapsi,
1074 3822 1151 3886 dum
1181 3845 1279 3908 super
1305 3823 1355 3886 his
1379 3824 1619 3908 corriperentur
1642 3822 1800 3887 catholice

151 3932 264 3995 matris
288 3930 466 3995 aecclesiae
489 3933 646 3995 unitatem
670 3932 861 4017 impugnare
885 3932 992 3994 conati
1016 3941 1099 4010 sunt,
1131 3940 1317 3994 sanctorum
1344 3940 1472 4016 patrum
1501 3939 1620 3993 statuta
1644 3929 1800 3993 adversus

153 4059 207 4101 eos
231 4037 430 4123 prodierunt,
454 4048 490 4101 ut
513 4048 615 4101 semet
631 4037 780 4100 electioni
796 4059 860 4099 non
877 4038 1065 4116 insererent,
1090 4047 1122 4099 et
1145 4037 1291 4121 quisquis
1316 4058 1426 4099 eorum
1450 4035 1604 4121 suffragio
1628 4036 1800 4100 ecclesiam

107 4167 134 4207 ao
152 4143 313 4208 obtineret
342 4144 555 4208 anathematis
579 4143 708 4208 vinculo
731 4143 949 4206 innodaretur.
995 4143 1162 4206 Postremo
1193 4141 1398 4226 presentibus
1421 4143 1456 4205 in
1480 4141 1569 4206 Urbe
1596 4141 1712 4228 legatis
1742 4143 1800 4205 im-

151 4261 337 4337 peratorum
368 4261 401 4315 et
429 4250 618 4315 inconsultis
649 4250 823 4314 electiones
847 4249 1065 4312 Romanorum
1095 4248 1282 4334 pontificum
1314 4248 1466 4334 legrmtur
1495 4246 1669 4314 celebrate.
1716 4247 1799 4313 Con-

151 4359 241 4422 venti
265 4379 394 4444 quoque
425 4359 636 4443 imperatores
664 4356 816 4440 religioso
847 4355 963 4418 mentis
994 4353 1112 4418 affectu
1141 4355 1276 4441 prefatis
1307 4355 1486 4441 privilegiis
1517 4356 1799 4437 renunciaverunt,

151 4463 253 4528 multa
275 4466 408 4550 insuper
431 4464 567 4528 donaria
590 4462 747 4528 ccclesiae
772 4461 985 4526 conferentes.

608 4625 659 4686 70.
696 4620 863 4687 Statuta
885 4621 1034 4685 Karoli
1058 4631 1096 4686 et
1118 4621 1344 4686 Ludowioi.
1819 4649 1870 4700 (ss).

107 4771 134 4810 to
258 4747 354 4812 Unde
377 4747 518 4811 Karolus
543 4758 574 4811 et
596 4746 772 4810 Ludwicus
795 4746 927 4832 gloriosi
957 4747 1168 4832 imperatores
1198 4747 1232 4809 in
1255 4747 1359 4833 primo
1383 4744 1465 4811 libro
1490 4747 1703 4832 capitulorum
1728 4769 1799 4811 suo-

150 4877 222 4918 rum
253 4859 470 4918 statueruntl:
504 4854 672 4919 Sacrorum
697 4878 849 4918 cir-nouom
877 4879 936 4920 oon
967 4856 1083 4941 ignari,
1107 4868 1141 4918 ot
1169 4856 1203 4918 in
1227 4853 1294 4917 Da·
1313 4857 1437 4918 'montiae
1460 4869 1567 4918 sancto
1591 4855 1721 4919 ecclesio
1744 4879 1799 4919 suo

258 5014 285 5078 a)
305 5019 433 5084 indeptus
451 5036 471 5069 c.

260 5146 289 5216 1)
314 5147 374 5206 Iob.
392 5147 476 5204 Diuo.
501 5147 531 5202 V.
551 5145 640 5222 Grey.
660 5145 701 5201 M.
722 5145 762 5216 ΙΙ,
788 5165 810 5201 c.
830 5145 880 5202 27.
899 5145 950 5216 53,
977 5143 1050 5220 opp.
1067 5145 1122 5215 IV,
1147 5147 1197 5201 col.
1216 5145 1266 5200 53.
1286 5143 1336 5199 54.
1418 5141 1449 5216 2)
1472 5144 1529 5201 ΙΙΙ.
1611 5143 1640 5215 3)
1667 5145 1800 5203 Similiter

150 5254 260 5311 Boniso
283 5254 312 5310 in
335 5252 404 5311 libro
427 5255 469 5310 ad
489 5253 607 5310 criticum
631 5251 687 5323 ΙΙΙ,
714 5251 774 5308 Lib.
791 5252 816 5322 Ι,
836 5271 868 5327 p.
887 5252 961 5308 579.
1031 5250 1061 5320 4)
1088 5251 1170 5314 Quane
1194 5252 1227 5306 de
1252 5251 1361 5307 Karolo
1379 5250 1504 5326 patricio
1528 5259 1553 5306 et
1578 5251 1687 5308 Karolo
1710 5255 1799 5310 altero

91 5364 132 5414 'tu
150 5361 321 5436 imperatore
343 5368 505 5416 rrarraatur
514 5361 600 5431 falsa
616 5379 675 5415 esse
697 5379 753 5416 mort
777 5360 916 5434 estquod
935 5376 1071 5416 moneam.
1112 5357 1210 5414 Ortum
1233 5365 1325 5413 tamea
1349 5376 1474 5413 errorem
1497 5373 1533 5414 etr
1550 5356 1705 5414 Bonizortis
1728 5379 1799 5415 com·

150 5467 248 5523 arentis
262 5467 397 5542 mmicor,
422 5466 470 5542 qui
492 5467 509 5521 l.
529 5466 561 5535 V,
586 5467 603 5520 Ι.
622 5467 639 5521 l.
658 5484 692 5540 p.
710 5465 784 5520 ost.
810 5465 950 5522 Korolum
968 5464 1105 5541 Mopsum
1123 5463 1276 5539 patricium
1293 5463 1412 5538 quidem,
1435 5482 1613 5539 naquaquam
1629 5483 1695 5522 vero
1714 5465 1799 5540 impe

149 5581 274 5630 retorem
297 5573 351 5649 lepi
373 5572 521 5630 corrterrdit.
598 5569 628 5644 5)
654 5570 702 5643 Cf.
726 5591 815 5647 supra
839 5591 862 5627 c.
879 5571 928 5627 16.
1008 5568 1039 5644 6)
1064 5569 1200 5628 Ludovici
1215 5569 1262 5626 Iti
1284 5569 1367 5644 capit.
1393 5571 1457 5626 eccl.
1482 5591 1510 5627 α.
1529 5570 1601 5626 818.
1628 5570 1701 5642 819,
1727 5591 1750 5628 c.
1769 5571 1797 5642 2,
1827 5543 1834 5558 ⁵

153 5677 245 5755 C'apit
270 5680 312 5736 ed.
336 5679 468 5736 Borctitts
491 5679 515 5748 Ι,
536 5678 659 5755 part.
