<?xml version="1.0" encoding="UTF-8"?>
<!DOCTYPE html PUBLIC "-//W3C//DTD XHTML 1.0 Transitional//EN"
    "http://www.w3.org/TR/xhtml1/DTD/xhtml1-transitional.dtd">
<html xmlns="http://www.w3.org/1999/xhtml" xml:lang="en" lang="en">
 <head>
  <title>
</title>
<meta http-equiv="Content-Type" content="text/html;charset=utf-8" />
  <meta name='ocr-system' content='tesseract 3.04.00' />
  <meta name='ocr-capabilities' content='ocr_page ocr_carea ocr_par ocr_line ocrx_word'/>
</head>
<body>
  <div class='ocr_page' id='page_1' title='image "./monumentagerman00unkngoog_0628.png"; bbox 0 0 4426 6398; ppageno 0'>
   <div class='ocr_carea' id='block_1_1' title="bbox 413 297 1764 370">
    <p class='ocr_par' dir='ltr' id='par_1_1' title="bbox 413 297 1764 370">
     <span class='ocr_line' id='line_1_1' title="bbox 413 297 1764 370; baseline 0.003 -4"><span class='ocrx_word' id='word_1_1' title='bbox 413 311 593 367; x_wconf 84' lang='lat' dir='ltr'>MARBODI</span> <span class='ocrx_word' id='word_1_2' title='bbox 616 307 791 366; x_wconf 85' lang='lat' dir='ltr'>EPISCOPI</span> <span class='ocrx_word' id='word_1_3' title='bbox 813 297 1062 368; x_wconf 76' lang='lat' dir='ltr'>REDONENSIS</span> <span class='ocrx_word' id='word_1_4' title='bbox 1086 310 1267 367; x_wconf 85' lang='lat' dir='ltr'>ELOGIUM</span> <span class='ocrx_word' id='word_1_5' title='bbox 1290 311 1461 368; x_wconf 88' lang='lat' dir='ltr'><strong>MILONIS.</strong></span> <span class='ocrx_word' id='word_1_6' title='bbox 1701 306 1764 370; x_wconf 83' lang='grc'><strong>695</strong></span> 
     </span>
    </p>
   </div>
   <div class='ocr_carea' id='block_1_2' title="bbox 916 497 960 562">
    <p class='ocr_par' dir='ltr' id='par_1_2' title="bbox 916 497 960 562">
     <span class='ocr_line' id='line_1_2' title="bbox 916 497 960 562; baseline 0 0"><span class='ocrx_word' id='word_1_7' title='bbox 916 497 960 562; x_wconf 89' lang='lat' dir='ltr'><strong>H.</strong></span> 
     </span>
    </p>
   </div>
   <div class='ocr_carea' id='block_1_3' title="bbox 357 621 1394 4640">
    <p class='ocr_par' dir='ltr' id='par_1_3' title="bbox 435 621 1323 1030">
     <span class='ocr_line' id='line_1_3' title="bbox 436 621 1310 710; baseline 0 -24"><span class='ocrx_word' id='word_1_8' title='bbox 436 623 541 687; x_wconf 89' lang='lat' dir='ltr'><strong>Roma</strong></span> <span class='ocrx_word' id='word_1_9' title='bbox 562 621 660 688; x_wconf 87' lang='lat' dir='ltr'><strong>beata</strong></span> <span class='ocrx_word' id='word_1_10' title='bbox 682 623 788 706; x_wconf 91' lang='lat' dir='ltr'><strong>nimis,</strong></span> <span class='ocrx_word' id='word_1_11' title='bbox 813 645 895 710; x_wconf 90' lang='lat' dir='ltr'><strong>quae</strong></span> <span class='ocrx_word' id='word_1_12' title='bbox 920 624 967 688; x_wconf 88' lang='lat' dir='ltr'><strong>sic</strong></span> <span class='ocrx_word' id='word_1_13' title='bbox 991 624 1139 688; x_wconf 85' lang='lat' dir='ltr'><strong>excrevit</strong></span> <span class='ocrx_word' id='word_1_14' title='bbox 1161 621 1203 688; x_wconf 93' lang='lat' dir='ltr'><strong>ab</strong></span> <span class='ocrx_word' id='word_1_15' title='bbox 1227 623 1310 706; x_wconf 90' lang='lat' dir='ltr'><strong>imis,</strong></span> 
     </span>
     <span class='ocr_line' id='line_1_4' title="bbox 437 727 1205 816; baseline 0 -22"><span class='ocrx_word' id='word_1_16' title='bbox 437 729 483 794; x_wconf 88' lang='lat' dir='ltr'><strong>Ut</strong></span> <span class='ocrx_word' id='word_1_17' title='bbox 505 731 570 794; x_wconf 91' lang='lat' dir='ltr'><strong>iam</strong></span> <span class='ocrx_word' id='word_1_18' title='bbox 593 729 721 795; x_wconf 90' lang='lat' dir='ltr'><strong>dicatur</strong></span> <span class='ocrx_word' id='word_1_19' title='bbox 743 731 931 816; x_wconf 89' lang='lat' dir='ltr'><strong>meritisque</strong></span> <span class='ocrx_word' id='word_1_20' title='bbox 955 729 1022 794; x_wconf 91' lang='lat' dir='ltr'><strong>suis</strong></span> <span class='ocrx_word' id='word_1_21' title='bbox 1045 727 1205 794; x_wconf 87' lang='lat' dir='ltr'><strong>habeatur</strong></span> 
     </span>
     <span class='ocr_line' id='line_1_5' title="bbox 435 835 1323 923; baseline 0.002 -23"><span class='ocrx_word' id='word_1_22' title='bbox 435 835 605 901; x_wconf 77' lang='lat' dir='ltr'>Ecclesiae</span> <span class='ocrx_word' id='word_1_23' title='bbox 629 835 748 920; x_wconf 88' lang='lat' dir='ltr'><strong>lumen,</strong></span> <span class='ocrx_word' id='word_1_24' title='bbox 772 859 932 901; x_wconf 89' lang='lat' dir='ltr'><strong>summum</strong></span> <span class='ocrx_word' id='word_1_25' title='bbox 954 835 1132 923; x_wconf 90' lang='lat' dir='ltr'><strong>mundique</strong></span> <span class='ocrx_word' id='word_1_26' title='bbox 1157 859 1323 920; x_wconf 79' lang='lat' dir='ltr'><strong>cacumen,</strong></span> 
     </span>
     <span class='ocr_line' id='line_1_6' title="bbox 437 942 1195 1030; baseline 0.001 -23"><span class='ocrx_word' id='word_1_27' title='bbox 437 943 558 1008; x_wconf 81' lang='lat' dir='ltr'><strong>Lucem</strong></span> <span class='ocrx_word' id='word_1_28' title='bbox 583 942 727 1030; x_wconf 78' lang='lat' dir='ltr'><strong>regalem</strong></span> <span class='ocrx_word' id='word_1_29' title='bbox 749 942 882 1008; x_wconf 87' lang='lat' dir='ltr'><strong>vibrans</strong></span> <span class='ocrx_word' id='word_1_30' title='bbox 906 953 938 1008; x_wconf 90' lang='lat' dir='ltr'><strong>et</strong></span> <span class='ocrx_word' id='word_1_31' title='bbox 959 942 1195 1030; x_wconf 69' lang='lat' dir='ltr'><strong>pontificalem</strong></span> 
     </span>
    </p>

    <p class='ocr_par' dir='ltr' id='par_1_4' title="bbox 392 1049 1121 1131">
     <span class='ocr_line' id='line_1_7' title="bbox 392 1049 1121 1131; baseline 0.001 -17"><span class='ocrx_word' id='word_1_32' title='bbox 392 1066 407 1114; x_wconf 81' lang='lat'><strong>5</strong></span> <span class='ocrx_word' id='word_1_33' title='bbox 436 1049 537 1114; x_wconf 81' lang='lat' dir='ltr'><strong>Cuius</strong></span> <span class='ocrx_word' id='word_1_34' title='bbox 561 1049 709 1115; x_wconf 78' lang='lat' dir='ltr'><strong>donnino</strong></span> <span class='ocrx_word' id='word_1_35' title='bbox 731 1049 863 1116; x_wconf 85' lang='lat' dir='ltr'><strong>fulcitur</strong></span> <span class='ocrx_word' id='word_1_36' title='bbox 884 1059 996 1114; x_wconf 89' lang='lat' dir='ltr'><strong>nostra</strong></span> <span class='ocrx_word' id='word_1_37' title='bbox 1018 1051 1121 1131; x_wconf 88' lang='lat' dir='ltr'><strong>ruina,</strong></span> 
     </span>
    </p>

    <p class='ocr_par' dir='ltr' id='par_1_5' title="bbox 435 1155 1262 1564">
     <span class='ocr_line' id='line_1_8' title="bbox 437 1155 1213 1243; baseline 0 -23"><span class='ocrx_word' id='word_1_38' title='bbox 437 1155 582 1222; x_wconf 83' lang='lat' dir='ltr'><strong>Cernens</strong></span> <span class='ocrx_word' id='word_1_39' title='bbox 606 1156 778 1222; x_wconf 88' lang='lat' dir='ltr'><strong>ecclesiam</strong></span> <span class='ocrx_word' id='word_1_40' title='bbox 801 1155 925 1222; x_wconf 88' lang='lat' dir='ltr'><strong>turbari</strong></span> <span class='ocrx_word' id='word_1_41' title='bbox 949 1157 1213 1243; x_wconf 87' lang='lat' dir='ltr'><strong>parsimoniam,</strong></span> 
     </span>
     <span class='ocr_line' id='line_1_9' title="bbox 435 1261 1262 1351; baseline 0.005 -25"><span class='ocrx_word' id='word_1_42' title='bbox 435 1263 525 1328; x_wconf 82' lang='lat' dir='ltr'>Misit</span> <span class='ocrx_word' id='word_1_43' title='bbox 547 1263 688 1349; x_wconf 85' lang='lat' dir='ltr'><strong>legatum</strong></span> <span class='ocrx_word' id='word_1_44' title='bbox 712 1285 772 1350; x_wconf 90' lang='lat' dir='ltr'><strong>per</strong></span> <span class='ocrx_word' id='word_1_45' title='bbox 796 1262 924 1328; x_wconf 80' lang='lat' dir='ltr'><strong>Gallica</strong></span> <span class='ocrx_word' id='word_1_46' title='bbox 947 1287 1048 1350; x_wconf 87' lang='lat' dir='ltr'><strong>regna</strong></span> <span class='ocrx_word' id='word_1_47' title='bbox 1071 1261 1262 1351; x_wconf 62' lang='lat' dir='ltr'><strong>probatum}</strong></span> 
     </span>
     <span class='ocr_line' id='line_1_10' title="bbox 436 1369 1219 1456; baseline 0.001 -21"><span class='ocrx_word' id='word_1_48' title='bbox 436 1369 557 1435; x_wconf 81' lang='lat' dir='ltr'>Contra</span> <span class='ocrx_word' id='word_1_49' title='bbox 581 1370 747 1436; x_wconf 89' lang='lat' dir='ltr'><strong>Simonem</strong></span> <span class='ocrx_word' id='word_1_50' title='bbox 770 1371 863 1435; x_wconf 88' lang='lat' dir='ltr'><strong>iussit</strong></span> <span class='ocrx_word' id='word_1_51' title='bbox 885 1393 1031 1456; x_wconf 89' lang='lat' dir='ltr'><strong>pugnare</strong></span> <span class='ocrx_word' id='word_1_52' title='bbox 1055 1371 1219 1436; x_wconf 88' lang='lat' dir='ltr'><strong>Milonem.</strong></span> 
     </span>
     <span class='ocr_line' id='line_1_11' title="bbox 435 1477 1260 1564; baseline 0 -22"><span class='ocrx_word' id='word_1_53' title='bbox 435 1477 603 1542; x_wconf 84' lang='lat' dir='ltr'><strong>Ecclesiae</strong></span> <span class='ocrx_word' id='word_1_54' title='bbox 627 1499 760 1564; x_wconf 83' lang='lat' dir='ltr'><strong>pressae</strong></span> <span class='ocrx_word' id='word_1_55' title='bbox 783 1477 959 1563; x_wconf 79' lang='lat' dir='ltr'><strong>lapsaeque</strong></span> <span class='ocrx_word' id='word_1_56' title='bbox 982 1477 1113 1543; x_wconf 89' lang='lat' dir='ltr'><strong>iubetur</strong></span> <span class='ocrx_word' id='word_1_57' title='bbox 1135 1477 1260 1561; x_wconf 90' lang='lat' dir='ltr'><strong>adesse,</strong></span> 
     </span>
    </p>

    <p class='ocr_par' dir='ltr' id='par_1_6' title="bbox 375 1582 1272 1884">
     <span class='ocr_line' id='line_1_12' title="bbox 375 1582 1246 1669; baseline 0.001 -22"><span class='ocrx_word' id='word_1_58' title='bbox 375 1599 408 1648; x_wconf 92' lang='lat'><strong>10</strong></span> <span class='ocrx_word' id='word_1_59' title='bbox 436 1584 573 1648; x_wconf 82' lang='lat' dir='ltr'><strong>Pressas</strong></span> <span class='ocrx_word' id='word_1_60' title='bbox 597 1582 741 1666; x_wconf 86' lang='lat' dir='ltr'><strong>tutelam,</strong></span> <span class='ocrx_word' id='word_1_61' title='bbox 765 1583 877 1669; x_wconf 82' lang='lat' dir='ltr'><strong>lapsae</strong></span> <span class='ocrx_word' id='word_1_62' title='bbox 901 1584 1052 1649; x_wconf 87' lang='lat' dir='ltr'><strong>donando</strong></span> <span class='ocrx_word' id='word_1_63' title='bbox 1077 1585 1246 1650; x_wconf 89' lang='lat' dir='ltr'><strong>medelam.</strong></span> 
     </span>
     <span class='ocr_line' id='line_1_13' title="bbox 435 1690 1272 1778; baseline 0.002 -24"><span class='ocrx_word' id='word_1_64' title='bbox 435 1691 500 1755; x_wconf 89' lang='lat' dir='ltr'><strong>Hie</strong></span> <span class='ocrx_word' id='word_1_65' title='bbox 523 1690 632 1778; x_wconf 90' lang='lat' dir='ltr'><strong>gladio</strong></span> <span class='ocrx_word' id='word_1_66' title='bbox 655 1691 744 1755; x_wconf 90' lang='lat' dir='ltr'><strong>Petri</strong></span> <span class='ocrx_word' id='word_1_67' title='bbox 767 1691 860 1756; x_wconf 88' lang='lat' dir='ltr'><strong>ducis</strong></span> <span class='ocrx_word' id='word_1_68' title='bbox 883 1693 1010 1778; x_wconf 86' lang='lat' dir='ltr'><strong>impetit</strong></span> <span class='ocrx_word' id='word_1_69' title='bbox 1033 1693 1164 1778; x_wconf 87' lang='lat' dir='ltr'><strong>agmina</strong></span> <span class='ocrx_word' id='word_1_70' title='bbox 1187 1693 1272 1776; x_wconf 90' lang='lat' dir='ltr'><strong>tetri,</strong></span> 
     </span>
     <span class='ocr_line' id='line_1_14' title="bbox 433 1797 1176 1884; baseline 0.001 -23"><span class='ocrx_word' id='word_1_71' title='bbox 433 1797 646 1884; x_wconf 84' lang='lat' dir='ltr'><strong>Indignisque</strong></span> <span class='ocrx_word' id='word_1_72' title='bbox 671 1797 765 1862; x_wconf 89' lang='lat' dir='ltr'><strong>datus</strong></span> <span class='ocrx_word' id='word_1_73' title='bbox 792 1797 938 1861; x_wconf 83' lang='lat' dir='ltr'><strong>aufertur</strong></span> <span class='ocrx_word' id='word_1_74' title='bbox 959 1799 1176 1884; x_wconf 88' lang='lat' dir='ltr'><strong>pontificatus,</strong></span> 
     </span>
    </p>

    <p class='ocr_par' dir='ltr' id='par_1_7' title="bbox 433 1904 1268 2098">
     <span class='ocr_line' id='line_1_15' title="bbox 434 1904 1268 1992; baseline 0.002 -24"><span class='ocrx_word' id='word_1_75' title='bbox 434 1905 479 1968; x_wconf 82' lang='lat' dir='ltr'><strong>Et</strong></span> <span class='ocrx_word' id='word_1_76' title='bbox 501 1904 597 1968; x_wconf 87' lang='lat' dir='ltr'><strong>datur</strong></span> <span class='ocrx_word' id='word_1_77' title='bbox 619 1905 756 1990; x_wconf 85' lang='lat' dir='ltr'><strong>insignis</strong></span> <span class='ocrx_word' id='word_1_78' title='bbox 780 1904 874 1969; x_wconf 91' lang='lat' dir='ltr'><strong>sedes</strong></span> <span class='ocrx_word' id='word_1_79' title='bbox 899 1906 967 1969; x_wconf 88' lang='lat' dir='ltr'><strong>sine</strong></span> <span class='ocrx_word' id='word_1_80' title='bbox 991 1926 1126 1969; x_wconf 88' lang='lat' dir='ltr'><strong>munere</strong></span> <span class='ocrx_word' id='word_1_81' title='bbox 1149 1905 1268 1992; x_wconf 86' lang='lat' dir='ltr'><strong>dignis.</strong></span> 
     </span>
     <span class='ocr_line' id='line_1_16' title="bbox 433 2010 1262 2098; baseline 0.004 -24"><span class='ocrx_word' id='word_1_82' title='bbox 433 2011 573 2098; x_wconf 82' lang='lat' dir='ltr'><strong>Propter</strong></span> <span class='ocrx_word' id='word_1_83' title='bbox 594 2010 774 2075; x_wconf 79' lang='lat' dir='ltr'><strong>vendentes</strong></span> <span class='ocrx_word' id='word_1_84' title='bbox 798 2033 863 2075; x_wconf 91' lang='lat' dir='ltr'><strong>non</strong></span> <span class='ocrx_word' id='word_1_85' title='bbox 886 2021 1085 2076; x_wconf 86' lang='lat' dir='ltr'><strong>excusantur</strong></span> <span class='ocrx_word' id='word_1_86' title='bbox 1108 2022 1262 2078; x_wconf 83' lang='lat' dir='ltr'><strong>ementes.</strong></span> 
     </span>
    </p>

    <p class='ocr_par' dir='ltr' id='par_1_8' title="bbox 373 2117 1229 2205">
     <span class='ocr_line' id='line_1_17' title="bbox 373 2117 1229 2205; baseline 0.002 -23"><span class='ocrx_word' id='word_1_87' title='bbox 373 2133 405 2182; x_wconf 83' lang='lat'><strong>15</strong></span> <span class='ocrx_word' id='word_1_88' title='bbox 435 2117 531 2183; x_wconf 90' lang='lat' dir='ltr'><strong>Utilis</strong></span> <span class='ocrx_word' id='word_1_89' title='bbox 554 2117 714 2182; x_wconf 87' lang='lat' dir='ltr'><strong>adventus</strong></span> <span class='ocrx_word' id='word_1_90' title='bbox 738 2129 816 2200; x_wconf 88' lang='lat' dir='ltr'><strong>arat,</strong></span> <span class='ocrx_word' id='word_1_91' title='bbox 841 2129 876 2182; x_wconf 91' lang='lat' dir='ltr'><strong>ut</strong></span> <span class='ocrx_word' id='word_1_92' title='bbox 898 2140 950 2182; x_wconf 87' lang='lat' dir='ltr'><strong>res</strong></span> <span class='ocrx_word' id='word_1_93' title='bbox 974 2118 1124 2205; x_wconf 86' lang='lat' dir='ltr'><strong>postulat,</strong></span> <span class='ocrx_word' id='word_1_94' title='bbox 1149 2121 1229 2184; x_wconf 89' lang='lat' dir='ltr'><strong>eius.</strong></span> 
     </span>
    </p>

    <p class='ocr_par' dir='ltr' id='par_1_9' title="bbox 432 2224 1363 2632">
     <span class='ocr_line' id='line_1_18' title="bbox 432 2224 1136 2311; baseline 0.001 -23"><span class='ocrx_word' id='word_1_95' title='bbox 432 2224 517 2289; x_wconf 85' lang='lat' dir='ltr'><strong>Nam</strong></span> <span class='ocrx_word' id='word_1_96' title='bbox 541 2237 616 2288; x_wconf 89' lang='lat' dir='ltr'><strong>sunt</strong></span> <span class='ocrx_word' id='word_1_97' title='bbox 638 2224 775 2311; x_wconf 89' lang='lat' dir='ltr'><strong>praelati</strong></span> <span class='ocrx_word' id='word_1_98' title='bbox 799 2224 972 2310; x_wconf 78' lang='lat' dir='ltr'><strong>vigilantes</strong></span> <span class='ocrx_word' id='word_1_99' title='bbox 996 2225 1136 2308; x_wconf 86' lang='lat' dir='ltr'><strong>utilitati,</strong></span> 
     </span>
     <span class='ocr_line' id='line_1_19' title="bbox 434 2330 1330 2418; baseline 0.003 -23"><span class='ocrx_word' id='word_1_100' title='bbox 434 2330 499 2413; x_wconf 77' lang='lat' dir='ltr'><strong>Qui</strong></span> <span class='ocrx_word' id='word_1_101' title='bbox 522 2331 646 2396; x_wconf 81' lang='lat' dir='ltr'><strong>faciunt</strong></span> <span class='ocrx_word' id='word_1_102' title='bbox 669 2341 828 2418; x_wconf 89' lang='lat' dir='ltr'><strong>questum,</strong></span> <span class='ocrx_word' id='word_1_103' title='bbox 852 2332 880 2395; x_wconf 91' lang='lat' dir='ltr'><strong>si</strong></span> <span class='ocrx_word' id='word_1_104' title='bbox 904 2331 990 2396; x_wconf 90' lang='lat' dir='ltr'><strong>dona</strong></span> <span class='ocrx_word' id='word_1_105' title='bbox 1012 2333 1088 2415; x_wconf 89' lang='lat' dir='ltr'><strong>Dei,</strong></span> <span class='ocrx_word' id='word_1_106' title='bbox 1112 2333 1330 2416; x_wconf 86' lang='lat' dir='ltr'><strong>manifestum,</strong></span> 
     </span>
     <span class='ocr_line' id='line_1_20' title="bbox 433 2437 1363 2526; baseline 0.004 -25"><span class='ocrx_word' id='word_1_107' title='bbox 433 2438 476 2502; x_wconf 84' lang='lat' dir='ltr'><strong>Et</strong></span> <span class='ocrx_word' id='word_1_108' title='bbox 499 2437 663 2502; x_wconf 79' lang='lat' dir='ltr'><strong>Christum</strong></span> <span class='ocrx_word' id='word_1_109' title='bbox 687 2437 843 2520; x_wconf 86' lang='lat' dir='ltr'><strong>vendunt,</strong></span> <span class='ocrx_word' id='word_1_110' title='bbox 867 2461 928 2503; x_wconf 89' lang='lat' dir='ltr'><strong>neo</strong></span> <span class='ocrx_word' id='word_1_111' title='bbox 953 2461 1009 2503; x_wconf 90' lang='lat' dir='ltr'><strong>eos</strong></span> <span class='ocrx_word' id='word_1_112' title='bbox 1032 2439 1088 2504; x_wconf 90' lang='lat' dir='ltr'><strong>alii</strong></span> <span class='ocrx_word' id='word_1_113' title='bbox 1111 2440 1363 2526; x_wconf 87' lang='lat' dir='ltr'><strong>reprehendunt,</strong></span> 
     </span>
     <span class='ocr_line' id='line_1_21' title="bbox 434 2544 1175 2632; baseline 0.003 -23"><span class='ocrx_word' id='word_1_114' title='bbox 434 2544 576 2627; x_wconf 78' lang='lat' dir='ltr'><strong>Quidam</strong></span> <span class='ocrx_word' id='word_1_115' title='bbox 599 2556 722 2610; x_wconf 90' lang='lat' dir='ltr'><strong>terrore</strong></span> <span class='ocrx_word' id='word_1_116' title='bbox 746 2545 885 2610; x_wconf 88' lang='lat' dir='ltr'><strong>tolerant</strong></span> <span class='ocrx_word' id='word_1_117' title='bbox 908 2545 1028 2632; x_wconf 86' lang='lat' dir='ltr'><strong>aliique</strong></span> <span class='ocrx_word' id='word_1_118' title='bbox 1052 2546 1175 2611; x_wconf 85' lang='lat' dir='ltr'><strong>favore.</strong></span> 
     </span>
    </p>

    <p class='ocr_par' dir='ltr' id='par_1_10' title="bbox 371 2651 1275 3166">
     <span class='ocr_line' id='line_1_22' title="bbox 371 2651 1117 2739; baseline 0 -22"><span class='ocrx_word' id='word_1_119' title='bbox 371 2668 405 2718; x_wconf 82' lang='lat'><strong>20</strong></span> <span class='ocrx_word' id='word_1_120' title='bbox 432 2651 520 2716; x_wconf 91' lang='lat' dir='ltr'><strong>Nulli</strong></span> <span class='ocrx_word' id='word_1_121' title='bbox 543 2652 682 2717; x_wconf 89' lang='lat' dir='ltr'><strong>donatus</strong></span> <span class='ocrx_word' id='word_1_122' title='bbox 705 2654 805 2738; x_wconf 89' lang='lat' dir='ltr'><strong>gratis</strong></span> <span class='ocrx_word' id='word_1_123' title='bbox 829 2663 878 2716; x_wconf 89' lang='lat' dir='ltr'><strong>est</strong></span> <span class='ocrx_word' id='word_1_124' title='bbox 901 2653 1117 2739; x_wconf 86' lang='lat' dir='ltr'><strong>pontificatus.</strong></span> 
     </span>
     <span class='ocr_line' id='line_1_23' title="bbox 434 2759 1224 2846; baseline 0 -21"><span class='ocrx_word' id='word_1_125' title='bbox 434 2759 470 2825; x_wconf 84' lang='lat' dir='ltr'><strong>Si</strong></span> <span class='ocrx_word' id='word_1_126' title='bbox 493 2761 535 2823; x_wconf 88' lang='lat' dir='ltr'><strong>sit</strong></span> <span class='ocrx_word' id='word_1_127' title='bbox 557 2759 642 2824; x_wconf 86' lang='lat' dir='ltr'><strong>farta</strong></span> <span class='ocrx_word' id='word_1_128' title='bbox 663 2782 789 2842; x_wconf 90' lang='lat' dir='ltr'><strong>manus,</strong></span> <span class='ocrx_word' id='word_1_129' title='bbox 812 2759 868 2824; x_wconf 88' lang='lat' dir='ltr'><strong>fiet</strong></span> <span class='ocrx_word' id='word_1_130' title='bbox 889 2782 972 2846; x_wconf 91' lang='lat' dir='ltr'><strong>puer</strong></span> <span class='ocrx_word' id='word_1_131' title='bbox 994 2759 1047 2824; x_wconf 88' lang='lat' dir='ltr'><strong>ille</strong></span> <span class='ocrx_word' id='word_1_132' title='bbox 1072 2759 1224 2844; x_wconf 88' lang='lat' dir='ltr'><strong>decanus,</strong></span> 
     </span>
     <span class='ocr_line' id='line_1_24' title="bbox 433 2865 1177 2932; baseline 0.001 -2"><span class='ocrx_word' id='word_1_133' title='bbox 433 2866 476 2930; x_wconf 85' lang='lat' dir='ltr'><strong>Et</strong></span> <span class='ocrx_word' id='word_1_134' title='bbox 499 2865 583 2930; x_wconf 88' lang='lat' dir='ltr'><strong>bena</strong></span> <span class='ocrx_word' id='word_1_135' title='bbox 606 2867 764 2930; x_wconf 90' lang='lat' dir='ltr'><strong>nummati</strong></span> <span class='ocrx_word' id='word_1_136' title='bbox 787 2877 862 2930; x_wconf 90' lang='lat' dir='ltr'><strong>sunt</strong></span> <span class='ocrx_word' id='word_1_137' title='bbox 885 2865 959 2930; x_wconf 88' lang='lat' dir='ltr'><strong>ilico</strong></span> <span class='ocrx_word' id='word_1_138' title='bbox 984 2867 1177 2932; x_wconf 89' lang='lat' dir='ltr'><strong>canonicati.</strong></span> 
     </span>
     <span class='ocr_line' id='line_1_25' title="bbox 432 2972 1275 3058; baseline 0 -20"><span class='ocrx_word' id='word_1_139' title='bbox 432 2972 626 3038; x_wconf 87' lang='lat' dir='ltr'><strong>Provehitur</strong></span> <span class='ocrx_word' id='word_1_140' title='bbox 649 2995 776 3054; x_wconf 89' lang='lat' dir='ltr'><strong>census,</strong></span> <span class='ocrx_word' id='word_1_141' title='bbox 800 2972 880 3037; x_wconf 90' lang='lat' dir='ltr'><strong>vilet</strong></span> <span class='ocrx_word' id='word_1_142' title='bbox 903 2973 972 3037; x_wconf 88' lang='lat' dir='ltr'><strong>sinc</strong></span> <span class='ocrx_word' id='word_1_143' title='bbox 996 2975 1126 3038; x_wconf 90' lang='lat' dir='ltr'><strong>nomine</strong></span> <span class='ocrx_word' id='word_1_144' title='bbox 1151 2997 1275 3058; x_wconf 87' lang='lat' dir='ltr'><strong>sensus,</strong></span> 
     </span>
     <span class='ocr_line' id='line_1_26' title="bbox 432 3079 1237 3166; baseline 0 -22"><span class='ocrx_word' id='word_1_145' title='bbox 432 3080 494 3144; x_wconf 83' lang='lat' dir='ltr'><strong>Est</strong></span> <span class='ocrx_word' id='word_1_146' title='bbox 515 3103 612 3144; x_wconf 89' lang='lat' dir='ltr'><strong>sensu</strong></span> <span class='ocrx_word' id='word_1_147' title='bbox 635 3079 733 3166; x_wconf 89' lang='lat' dir='ltr'><strong>plana</strong></span> <span class='ocrx_word' id='word_1_148' title='bbox 754 3081 894 3144; x_wconf 89' lang='lat' dir='ltr'><strong>nummis</strong></span> <span class='ocrx_word' id='word_1_149' title='bbox 918 3079 1051 3166; x_wconf 84' lang='lat' dir='ltr'><strong>impleta</strong></span> <span class='ocrx_word' id='word_1_150' title='bbox 1074 3097 1237 3164; x_wconf 88' lang='lat' dir='ltr'><strong>crumena,</strong></span> 
     </span>
    </p>

    <p class='ocr_par' dir='ltr' id='par_1_11' title="bbox 373 3185 1304 3702">
     <span class='ocr_line' id='line_1_27' title="bbox 373 3185 1251 3274; baseline 0 -22"><span class='ocrx_word' id='word_1_151' title='bbox 373 3203 406 3252; x_wconf 76' lang='lat'><strong>25</strong></span> <span class='ocrx_word' id='word_1_152' title='bbox 436 3187 554 3252; x_wconf 90' lang='lat' dir='ltr'><strong>Omnia</strong></span> <span class='ocrx_word' id='word_1_153' title='bbox 577 3186 710 3251; x_wconf 72' lang='lat' dir='ltr'><strong>dividae</strong></span> <span class='ocrx_word' id='word_1_154' title='bbox 734 3187 868 3252; x_wconf 88' lang='lat' dir='ltr'><strong>vineunt</strong></span> <span class='ocrx_word' id='word_1_155' title='bbox 891 3185 1086 3252; x_wconf 86' lang='lat' dir='ltr'><strong>documenta</strong></span> <span class='ocrx_word' id='word_1_156' title='bbox 1108 3187 1251 3274; x_wconf 85' lang='lat' dir='ltr'><strong>sophiae,</strong></span> 
     </span>
     <span class='ocr_line' id='line_1_28' title="bbox 433 3291 1082 3379; baseline 0 -21"><span class='ocrx_word' id='word_1_157' title='bbox 433 3295 476 3358; x_wconf 89' lang='lat' dir='ltr'><strong>Et</strong></span> <span class='ocrx_word' id='word_1_158' title='bbox 499 3293 619 3358; x_wconf 85' lang='lat' dir='ltr'><strong>cedunt</strong></span> <span class='ocrx_word' id='word_1_159' title='bbox 643 3293 701 3357; x_wconf 91' lang='lat' dir='ltr'><strong>diti</strong></span> <span class='ocrx_word' id='word_1_160' title='bbox 724 3292 826 3357; x_wconf 87' lang='lat' dir='ltr'><strong>deliro</strong></span> <span class='ocrx_word' id='word_1_161' title='bbox 851 3291 954 3358; x_wconf 83' lang='lat' dir='ltr'><strong>verba</strong></span> <span class='ocrx_word' id='word_1_162' title='bbox 976 3295 1082 3379; x_wconf 87' lang='lat' dir='ltr'><strong>periti.</strong></span> 
     </span>
     <span class='ocr_line' id='line_1_29' title="bbox 433 3399 1304 3487; baseline 0.001 -22"><span class='ocrx_word' id='word_1_163' title='bbox 433 3399 509 3465; x_wconf 90' lang='lat' dir='ltr'><strong>Plus</strong></span> <span class='ocrx_word' id='word_1_164' title='bbox 533 3411 582 3465; x_wconf 86' lang='lat' dir='ltr'><strong>est</strong></span> <span class='ocrx_word' id='word_1_165' title='bbox 606 3399 692 3465; x_wconf 90' lang='lat' dir='ltr'><strong>dona</strong></span> <span class='ocrx_word' id='word_1_166' title='bbox 716 3399 793 3463; x_wconf 87' lang='lat' dir='ltr'><strong>dara</strong></span> <span class='ocrx_word' id='word_1_167' title='bbox 818 3422 915 3486; x_wconf 92' lang='lat' dir='ltr'><strong>quam</strong></span> <span class='ocrx_word' id='word_1_168' title='bbox 939 3401 1025 3464; x_wconf 87' lang='lat' dir='ltr'><strong>veris</strong></span> <span class='ocrx_word' id='word_1_169' title='bbox 1049 3399 1132 3465; x_wconf 82' lang='lat' dir='ltr'><strong>falsa</strong></span> <span class='ocrx_word' id='word_1_170' title='bbox 1154 3400 1304 3487; x_wconf 83' lang='lat' dir='ltr'><strong>probare.</strong></span> 
     </span>
     <span class='ocr_line' id='line_1_30' title="bbox 432 3505 1292 3593; baseline 0 -21"><span class='ocrx_word' id='word_1_171' title='bbox 432 3509 470 3572; x_wconf 95' lang='lat' dir='ltr'><strong>In</strong></span> <span class='ocrx_word' id='word_1_172' title='bbox 494 3508 596 3572; x_wconf 87' lang='lat' dir='ltr'><strong>sacris</strong></span> <span class='ocrx_word' id='word_1_173' title='bbox 620 3507 753 3570; x_wconf 89' lang='lat' dir='ltr'><strong>summis</strong></span> <span class='ocrx_word' id='word_1_174' title='bbox 777 3515 951 3592; x_wconf 83' lang='lat' dir='ltr'><strong>assurgunt</strong></span> <span class='ocrx_word' id='word_1_175' title='bbox 974 3505 1118 3593; x_wconf 92' lang='lat' dir='ltr'><strong>undique</strong></span> <span class='ocrx_word' id='word_1_176' title='bbox 1142 3509 1292 3573; x_wconf 88' lang='lat' dir='ltr'><strong>nummis.</strong></span> 
     </span>
     <span class='ocr_line' id='line_1_31' title="bbox 432 3612 1253 3702; baseline 0 -23"><span class='ocrx_word' id='word_1_177' title='bbox 432 3613 537 3680; x_wconf 89' lang='lat' dir='ltr'><strong>Nullis</strong></span> <span class='ocrx_word' id='word_1_178' title='bbox 560 3613 700 3678; x_wconf 88' lang='lat' dir='ltr'><strong>decretis</strong></span> <span class='ocrx_word' id='word_1_179' title='bbox 725 3612 920 3677; x_wconf 90' lang='lat' dir='ltr'><strong>damnantur</strong></span> <span class='ocrx_word' id='word_1_180' title='bbox 943 3612 1051 3678; x_wconf 80' lang='lat' dir='ltr'><strong>dona·</strong></span> <span class='ocrx_word' id='word_1_181' title='bbox 1073 3612 1253 3702; x_wconf 88' lang='lat' dir='ltr'><strong>locupletis,</strong></span> 
     </span>
    </p>

    <p class='ocr_par' dir='ltr' id='par_1_12' title="bbox 357 3719 1394 4215">
     <span class='ocr_line' id='line_1_32' title="bbox 357 3719 1394 3806; baseline 0.001 -20"><span class='ocrx_word' id='word_1_182' title='bbox 357 3737 404 3786; x_wconf 72' lang='lat'><strong>&#39;30</strong></span> <span class='ocrx_word' id='word_1_183' title='bbox 431 3720 509 3786; x_wconf 90' lang='lat' dir='ltr'><strong>Plus</strong></span> <span class='ocrx_word' id='word_1_184' title='bbox 533 3720 620 3786; x_wconf 86' lang='lat' dir='ltr'><strong>valet</strong></span> <span class='ocrx_word' id='word_1_185' title='bbox 643 3731 812 3805; x_wconf 85' lang='lat' dir='ltr'><strong>argentum</strong></span> <span class='ocrx_word' id='word_1_186' title='bbox 836 3741 933 3806; x_wconf 88' lang='lat' dir='ltr'><strong>quam</strong></span> <span class='ocrx_word' id='word_1_187' title='bbox 958 3719 1131 3805; x_wconf 83' lang='lat' dir='ltr'><strong>Gregoriil</strong></span> <span class='ocrx_word' id='word_1_188' title='bbox 1155 3721 1394 3787; x_wconf 87' lang='lat' dir='ltr'><strong>documentum.</strong></span> 
     </span>
     <span class='ocr_line' id='line_1_33' title="bbox 433 3823 1226 3913; baseline 0 -21"><span class='ocrx_word' id='word_1_189' title='bbox 433 3827 527 3892; x_wconf 89' lang='lat' dir='ltr'><strong>Nunc</strong></span> <span class='ocrx_word' id='word_1_190' title='bbox 552 3839 653 3891; x_wconf 87' lang='lat' dir='ltr'><strong>status</strong></span> <span class='ocrx_word' id='word_1_191' title='bbox 677 3828 711 3890; x_wconf 93' lang='lat' dir='ltr'><strong>in</strong></span> <span class='ocrx_word' id='word_1_192' title='bbox 734 3823 827 3891; x_wconf 89' lang='lat' dir='ltr'><strong>donis</strong></span> <span class='ocrx_word' id='word_1_193' title='bbox 852 3837 901 3891; x_wconf 88' lang='lat' dir='ltr'><strong>est</strong></span> <span class='ocrx_word' id='word_1_194' title='bbox 924 3826 1028 3890; x_wconf 90' lang='lat' dir='ltr'><strong>omnis</strong></span> <span class='ocrx_word' id='word_1_195' title='bbox 1051 3827 1226 3913; x_wconf 86' lang='lat' dir='ltr'><strong>religionis,</strong></span> 
     </span>
     <span class='ocr_line' id='line_1_34' title="bbox 432 3933 1282 4019; baseline 0.001 -20"><span class='ocrx_word' id='word_1_196' title='bbox 432 3934 502 3999; x_wconf 90' lang='lat' dir='ltr'><strong>Iam</strong></span> <span class='ocrx_word' id='word_1_197' title='bbox 526 3945 600 3999; x_wconf 86' lang='lat' dir='ltr'><strong>sunt</strong></span> <span class='ocrx_word' id='word_1_198' title='bbox 623 3933 799 3998; x_wconf 89' lang='lat' dir='ltr'><strong>buccarum</strong></span> <span class='ocrx_word' id='word_1_199' title='bbox 823 3944 979 4019; x_wconf 87' lang='lat' dir='ltr'><strong>pastores,</strong></span> <span class='ocrx_word' id='word_1_200' title='bbox 1003 3956 1067 3997; x_wconf 92' lang='lat' dir='ltr'><strong>non</strong></span> <span class='ocrx_word' id='word_1_201' title='bbox 1091 3936 1282 4000; x_wconf 87' lang='lat' dir='ltr'><strong>animarum.</strong></span> 
     </span>
     <span class='ocr_line' id='line_1_35' title="bbox 432 4039 1302 4128; baseline 0.001 -22"><span class='ocrx_word' id='word_1_202' title='bbox 432 4041 550 4106; x_wconf 88' lang='lat' dir='ltr'><strong>Munus</strong></span> <span class='ocrx_word' id='word_1_203' title='bbox 573 4041 607 4104; x_wconf 94' lang='lat' dir='ltr'><strong>in</strong></span> <span class='ocrx_word' id='word_1_204' title='bbox 631 4039 789 4105; x_wconf 87' lang='lat' dir='ltr'><strong>absconso</strong></span> <span class='ocrx_word' id='word_1_205' title='bbox 813 4040 884 4104; x_wconf 76' lang='lat' dir='ltr'><strong>iusb</strong></span> <span class='ocrx_word' id='word_1_206' title='bbox 909 4039 965 4105; x_wconf 88' lang='lat' dir='ltr'><strong>dat</strong></span> <span class='ocrx_word' id='word_1_207' title='bbox 988 4039 1149 4106; x_wconf 89' lang='lat' dir='ltr'><strong>dimittere</strong></span> <span class='ocrx_word' id='word_1_208' title='bbox 1173 4065 1302 4128; x_wconf 88' lang='lat' dir='ltr'><strong>sponso,</strong></span> 
     </span>
     <span class='ocr_line' id='line_1_36' title="bbox 434 4146 1195 4215; baseline -0.004 0"><span class='ocrx_word' id='word_1_209' title='bbox 434 4150 470 4215; x_wconf 89' lang='lat' dir='ltr'><strong>Si</strong></span> <span class='ocrx_word' id='word_1_210' title='bbox 492 4148 572 4213; x_wconf 80' lang='lat' dir='ltr'><strong>velit</strong></span> <span class='ocrx_word' id='word_1_211' title='bbox 593 4170 728 4213; x_wconf 89' lang='lat' dir='ltr'><strong>uxorem</strong></span> <span class='ocrx_word' id='word_1_212' title='bbox 752 4147 825 4211; x_wconf 81' lang='lat' dir='ltr'><strong>velc</strong></span> <span class='ocrx_word' id='word_1_213' title='bbox 851 4146 970 4211; x_wconf 89' lang='lat' dir='ltr'><strong>ducere</strong></span> <span class='ocrx_word' id='word_1_214' title='bbox 993 4146 1195 4213; x_wconf 89' lang='lat' dir='ltr'><strong>nobiliorem.</strong></span> 
     </span>
    </p>

    <p class='ocr_par' dir='ltr' id='par_1_13' title="bbox 370 4252 1278 4448">
     <span class='ocr_line' id='line_1_37' title="bbox 370 4252 1278 4340; baseline -0.003 -18"><span class='ocrx_word' id='word_1_215' title='bbox 370 4273 404 4321; x_wconf 83' lang='lat'><strong>³5</strong></span> <span class='ocrx_word' id='word_1_216' title='bbox 433 4255 468 4322; x_wconf 89' lang='lat' dir='ltr'><strong>Si</strong></span> <span class='ocrx_word' id='word_1_217' title='bbox 491 4255 596 4320; x_wconf 92' lang='lat' dir='ltr'><strong>bonus</strong></span> <span class='ocrx_word' id='word_1_218' title='bbox 620 4277 691 4319; x_wconf 88' lang='lat' dir='ltr'><strong>esse</strong></span> <span class='ocrx_word' id='word_1_219' title='bbox 715 4252 797 4318; x_wconf 89' lang='lat' dir='ltr'><strong>velis</strong></span> <span class='ocrx_word' id='word_1_220' title='bbox 821 4254 918 4318; x_wconf 89' lang='lat' dir='ltr'><strong>sociis</strong></span> <span class='ocrx_word' id='word_1_221' title='bbox 942 4253 1138 4340; x_wconf 88' lang='lat' dir='ltr'><strong>dominoquo</strong></span> <span class='ocrx_word' id='word_1_222' title='bbox 1162 4254 1278 4338; x_wconf 89' lang='lat' dir='ltr'><strong>fidelis,</strong></span> 
     </span>
     <span class='ocr_line' id='line_1_38' title="bbox 432 4359 1088 4448; baseline -0.005 -21"><span class='ocrx_word' id='word_1_223' title='bbox 432 4362 574 4448; x_wconf 82' lang='lat' dir='ltr'><strong>Incipias</strong></span> <span class='ocrx_word' id='word_1_224' title='bbox 597 4360 669 4425; x_wconf 91' lang='lat' dir='ltr'><strong>fieri</strong></span> <span class='ocrx_word' id='word_1_225' title='bbox 692 4360 811 4424; x_wconf 88' lang='lat' dir='ltr'><strong>derisio</strong></span> <span class='ocrx_word' id='word_1_226' title='bbox 834 4361 977 4426; x_wconf 86' lang='lat' dir='ltr'><strong>maxima</strong></span> <span class='ocrx_word' id='word_1_227' title='bbox 1000 4359 1088 4424; x_wconf 90' lang='lat' dir='ltr'><strong>cleri.</strong></span> 
     </span>
    </p>

    <p class='ocr_par' dir='ltr' id='par_1_14' title="bbox 432 4466 1287 4640">
     <span class='ocr_line' id='line_1_39' title="bbox 433 4466 1190 4551; baseline -0.001 -18"><span class='ocrx_word' id='word_1_228' title='bbox 433 4469 494 4533; x_wconf 89' lang='lat' dir='ltr'><strong>Ast</strong></span> <span class='ocrx_word' id='word_1_229' title='bbox 515 4471 691 4532; x_wconf 84' lang='lat' dir='ltr'><strong>insectator</strong></span> <span class='ocrx_word' id='word_1_230' title='bbox 714 4468 884 4547; x_wconf 89' lang='lat' dir='ltr'><strong>sociorum,</strong></span> <span class='ocrx_word' id='word_1_231' title='bbox 908 4466 1032 4532; x_wconf 86' lang='lat' dir='ltr'><strong>fraudis</strong></span> <span class='ocrx_word' id='word_1_232' title='bbox 1055 4479 1190 4551; x_wconf 87' lang='lat' dir='ltr'><strong>amator,</strong></span> 
     </span>
     <span class='ocr_line' id='line_1_40' title="bbox 432 4572 1287 4640; baseline -0.001 0"><span class='ocrx_word' id='word_1_233' title='bbox 432 4576 497 4640; x_wconf 91' lang='lat' dir='ltr'><strong>Hic</strong></span> <span class='ocrx_word' id='word_1_234' title='bbox 521 4574 711 4640; x_wconf 86' lang='lat' dir='ltr'><strong>formidatur</strong></span> <span class='ocrx_word' id='word_1_235' title='bbox 734 4585 767 4637; x_wconf 89' lang='lat' dir='ltr'><strong>et</strong></span> <span class='ocrx_word' id='word_1_236' title='bbox 789 4572 832 4638; x_wconf 91' lang='lat' dir='ltr'><strong>ab</strong></span> <span class='ocrx_word' id='word_1_237' title='bbox 855 4572 1004 4638; x_wconf 91' lang='lat' dir='ltr'><strong>omnibus</strong></span> <span class='ocrx_word' id='word_1_238' title='bbox 1028 4574 1080 4639; x_wconf 90' lang='lat' dir='ltr'><strong>hic</strong></span> <span class='ocrx_word' id='word_1_239' title='bbox 1104 4587 1287 4640; x_wconf 88' lang='lat' dir='ltr'><strong>veneratur.</strong></span> 
     </span>
    </p>
   </div>
   <div class='ocr_carea' id='block_1_4' title="bbox 371 4677 1342 4980">
    <p class='ocr_par' dir='ltr' id='par_1_15' title="bbox 371 4677 1342 4980">
     <span class='ocr_line' id='line_1_41' title="bbox 431 4677 1215 4767; baseline -0.003 -21"><span class='ocrx_word' id='word_1_240' title='bbox 431 4682 493 4746; x_wconf 92' lang='lat' dir='ltr'><strong>His</strong></span> <span class='ocrx_word' id='word_1_241' title='bbox 517 4681 631 4767; x_wconf 92' lang='lat' dir='ltr'><strong>plenus</strong></span> <span class='ocrx_word' id='word_1_242' title='bbox 654 4680 742 4744; x_wconf 80' lang='lat' dir='ltr'><strong>vitiis</strong></span> <span class='ocrx_word' id='word_1_243' title='bbox 766 4691 815 4744; x_wconf 88' lang='lat' dir='ltr'><strong>est</strong></span> <span class='ocrx_word' id='word_1_244' title='bbox 838 4688 923 4743; x_wconf 87' lang='lat' dir='ltr'><strong>totus</strong></span> <span class='ocrx_word' id='word_1_245' title='bbox 948 4677 1093 4744; x_wconf 86' lang='lat' dir='ltr'><strong>Gallicus</strong></span> <span class='ocrx_word' id='word_1_246' title='bbox 1118 4680 1215 4762; x_wconf 90' lang='lat' dir='ltr'><strong>orbis,</strong></span> 
     </span>
     <span class='ocr_line' id='line_1_42' title="bbox 371 4785 1218 4872; baseline 0 -20"><span class='ocrx_word' id='word_1_247' title='bbox 371 4805 405 4853; x_wconf 76' lang='lat'><strong>40</strong></span> <span class='ocrx_word' id='word_1_248' title='bbox 435 4787 501 4854; x_wconf 90' lang='lat' dir='ltr'><strong>Sed</strong></span> <span class='ocrx_word' id='word_1_249' title='bbox 524 4786 600 4851; x_wconf 83' lang='lat' dir='ltr'><strong>fidei</strong></span> <span class='ocrx_word' id='word_1_250' title='bbox 624 4785 690 4872; x_wconf 93' lang='lat' dir='ltr'><strong>pilo</strong></span> <span class='ocrx_word' id='word_1_251' title='bbox 713 4787 897 4872; x_wconf 86' lang='lat' dir='ltr'><strong>penetravit</strong></span> <span class='ocrx_word' id='word_1_252' title='bbox 919 4785 962 4849; x_wconf 93' lang='lat' dir='ltr'><strong>ad</strong></span> <span class='ocrx_word' id='word_1_253' title='bbox 985 4787 1099 4850; x_wconf 88' lang='lat' dir='ltr'><strong>intima</strong></span> <span class='ocrx_word' id='word_1_254' title='bbox 1122 4786 1218 4852; x_wconf 92' lang='lat' dir='ltr'><strong>Milo:</strong></span> 
     </span>
     <span class='ocr_line' id='line_1_43' title="bbox 432 4891 1342 4980; baseline 0.001 -22"><span class='ocrx_word' id='word_1_255' title='bbox 432 4895 541 4958; x_wconf 84' lang='lat' dir='ltr'><strong>Xenis</strong></span> <span class='ocrx_word' id='word_1_256' title='bbox 563 4893 651 4958; x_wconf 89' lang='lat' dir='ltr'><strong>nulla</strong></span> <span class='ocrx_word' id='word_1_257' title='bbox 673 4891 794 4956; x_wconf 90' lang='lat' dir='ltr'><strong>bonum</strong></span> <span class='ocrx_word' id='word_1_258' title='bbox 817 4915 877 4956; x_wconf 87' lang='lat' dir='ltr'><strong>uec</strong></span> <span class='ocrx_word' id='word_1_259' title='bbox 902 4915 994 4957; x_wconf 89' lang='lat' dir='ltr'><strong>amor</strong></span> <span class='ocrx_word' id='word_1_260' title='bbox 1015 4891 1137 4958; x_wconf 86' lang='lat' dir='ltr'><strong>flexere</strong></span> <span class='ocrx_word' id='word_1_261' title='bbox 1161 4905 1342 4980; x_wconf 88' lang='lat' dir='ltr'><strong>patronum.</strong></span> 
     </span>
    </p>
   </div>
   <div class='ocr_carea' id='block_1_5' title="bbox 73 5109 1761 5534">
    <p class='ocr_par' dir='ltr' id='par_1_16' title="bbox 219 5109 1761 5184">
     <span class='ocr_line' id='line_1_44' title="bbox 219 5109 1761 5184; baseline 0.005 -21"><span class='ocrx_word' id='word_1_262' title='bbox 219 5109 246 5176; x_wconf 87' lang='lat' dir='ltr'><strong>a)</strong></span> <span class='ocrx_word' id='word_1_263' title='bbox 269 5113 351 5164; x_wconf 84' lang='lat' dir='ltr'><strong>Unum</strong></span> <span class='ocrx_word' id='word_1_264' title='bbox 367 5112 454 5178; x_wconf 80' lang='lat' dir='ltr'><strong>pedem</strong></span> <span class='ocrx_word' id='word_1_265' title='bbox 478 5129 601 5177; x_wconf 76' lang='lat' dir='ltr'><strong>mperesse</strong></span> <span class='ocrx_word' id='word_1_266' title='bbox 623 5120 702 5176; x_wconf 70' lang='lat' dir='ltr'><strong>patet.</strong></span> <span class='ocrx_word' id='word_1_267' title='bbox 736 5111 810 5173; x_wconf 77' lang='lat' dir='ltr'><strong>erod</strong></span> <span class='ocrx_word' id='word_1_268' title='bbox 834 5110 950 5161; x_wconf 75' lang='lat' dir='ltr'><strong>umidum</strong></span> <span class='ocrx_word' id='word_1_269' title='bbox 976 5111 1003 5160; x_wconf 84' lang='lat' dir='ltr'><strong>in</strong></span> <span class='ocrx_word' id='word_1_270' title='bbox 1021 5112 1079 5162; x_wconf 79' lang='lat' dir='ltr'><strong>aliis</strong></span> <span class='ocrx_word' id='word_1_271' title='bbox 1104 5129 1198 5178; x_wconf 76' lang='lat' dir='ltr'><strong>quoque</strong></span> <span class='ocrx_word' id='word_1_272' title='bbox 1216 5113 1332 5164; x_wconf 78' lang='lat' dir='ltr'><strong>Mardodr&#39;</strong></span> <span class='ocrx_word' id='word_1_273' title='bbox 1350 5115 1501 5166; x_wconf 71' lang='lat' dir='ltr'><strong>nominibus</strong></span> <span class='ocrx_word' id='word_1_274' title='bbox 1523 5117 1623 5180; x_wconf 67' lang='lat' dir='ltr'><strong>inuenif</strong></span> <span class='ocrx_word' id='word_1_275' title='bbox 1647 5118 1682 5184; x_wconf 83' lang='lat' dir='ltr'><strong>cf.</strong></span> <span class='ocrx_word' id='word_1_276' title='bbox 1700 5119 1761 5170; x_wconf 76' lang='lat' dir='ltr'><strong>liter</strong></span> 
     </span>
    </p>

    <p class='ocr_par' dir='ltr' id='par_1_17' title="bbox 111 5196 1760 5270">
     <span class='ocr_line' id='line_1_45' title="bbox 111 5196 1760 5270; baseline 0.004 -18"><span class='ocrx_word' id='word_1_277' title='bbox 111 5203 193 5252; x_wconf 66' lang='grc' dir='ltr'><strong>ἀοσευι</strong></span> <span class='ocrx_word' id='word_1_278' title='bbox 209 5202 384 5267; x_wconf 68' lang='lat' dir='ltr'><strong>copiosiorum,</strong></span> <span class='ocrx_word' id='word_1_279' title='bbox 403 5201 434 5251; x_wconf 80' lang='lat' dir='ltr'><strong>de</strong></span> <span class='ocrx_word' id='word_1_280' title='bbox 452 5209 558 5266; x_wconf 70' lang='lat' dir='ltr'><strong>unrpore</strong></span> <span class='ocrx_word' id='word_1_281' title='bbox 575 5210 600 5250; x_wconf 82' lang='lat' dir='ltr'><strong>et</strong></span> <span class='ocrx_word' id='word_1_282' title='bbox 615 5218 674 5251; x_wconf 79' lang='lat' dir='ltr'><strong>oeno</strong></span> <span class='ocrx_word' id='word_1_283' title='bbox 693 5219 714 5251; x_wconf 83' lang='lat' dir='ltr'><strong>r.</strong></span> <span class='ocrx_word' id='word_1_284' title='bbox 729 5201 777 5260; x_wconf 78' lang='grc'><strong>67,·</strong></span> <span class='ocrx_word' id='word_1_285' title='bbox 801 5196 895 5264; x_wconf 76' lang='lat' dir='ltr'><strong>Bentsp.</strong></span> <span class='ocrx_word' id='word_1_286' title='bbox 915 5201 960 5250; x_wconf 88' lang='lat' dir='ltr'><strong>col.</strong></span> <span class='ocrx_word' id='word_1_287' title='bbox 975 5202 1058 5250; x_wconf 78' lang='lat'>1598:</span> <span class='ocrx_word' id='word_1_288' title='bbox 1085 5203 1283 5267; x_wconf 77' lang='lat' dir='ltr'><strong>Assuetumque</strong></span> <span class='ocrx_word' id='word_1_289' title='bbox 1310 5203 1381 5256; x_wconf 88' lang='lat' dir='ltr'><strong>malo</strong></span> <span class='ocrx_word' id='word_1_290' title='bbox 1405 5205 1532 5270; x_wconf 88' lang='lat' dir='ltr'><strong>prohibet</strong></span> <span class='ocrx_word' id='word_1_291' title='bbox 1558 5213 1634 5258; x_wconf 89' lang='lat' dir='ltr'><strong>recto</strong></span> <span class='ocrx_word' id='word_1_292' title='bbox 1653 5216 1760 5260; x_wconf 86' lang='lat' dir='ltr'><strong>vertere</strong></span> 
     </span>
    </p>

    <p class='ocr_par' dir='ltr' id='par_1_18' title="bbox 73 5289 1760 5357">
     <span class='ocr_line' id='line_1_46' title="bbox 73 5289 1760 5357; baseline 0.003 -15"><span class='ocrx_word' id='word_1_293' title='bbox 73 5302 93 5341; x_wconf 80' lang='lat' dir='ltr'><strong>lc</strong></span> <span class='ocrx_word' id='word_1_294' title='bbox 111 5308 248 5356; x_wconf 68' lang='lat' dir='ltr'><strong>gressum</strong></span> <span class='ocrx_word' id='word_1_295' title='bbox 265 5291 326 5342; x_wconf 75' lang='lat' dir='ltr'><strong>ibid.</strong></span> <span class='ocrx_word' id='word_1_296' title='bbox 344 5307 365 5342; x_wconf 85' lang='lat' dir='ltr'><strong>c.</strong></span> <span class='ocrx_word' id='word_1_297' title='bbox 379 5291 396 5340; x_wconf 92' lang='lat' dir='ltr'><em>I</em></span> <span class='ocrx_word' id='word_1_298' title='bbox 400 5289 433 5339; x_wconf 89' lang='lat' dir='ltr'><strong>V:</strong></span> <span class='ocrx_word' id='word_1_299' title='bbox 453 5290 486 5340; x_wconf 90' lang='lat' dir='ltr'><strong>de</strong></span> <span class='ocrx_word' id='word_1_300' title='bbox 501 5298 632 5350; x_wconf 87' lang='lat' dir='ltr'><strong>matrona,</strong></span> <span class='ocrx_word' id='word_1_301' title='bbox 650 5291 695 5340; x_wconf 84' lang='lat' dir='ltr'><strong>col.</strong></span> <span class='ocrx_word' id='word_1_302' title='bbox 708 5291 790 5340; x_wconf 76' lang='lat'>1802:</span> <span class='ocrx_word' id='word_1_303' title='bbox 806 5291 877 5339; x_wconf 90' lang='lat' dir='ltr'><strong>Usus</strong></span> <span class='ocrx_word' id='word_1_304' title='bbox 897 5291 925 5338; x_wconf 91' lang='lat' dir='ltr'><strong>in</strong></span> <span class='ocrx_word' id='word_1_305' title='bbox 944 5297 1051 5339; x_wconf 88' lang='lat' dir='ltr'><strong>nostros</strong></span> <span class='ocrx_word' id='word_1_306' title='bbox 1070 5289 1139 5341; x_wconf 87' lang='lat' dir='ltr'><strong>fiunt</strong></span> <span class='ocrx_word' id='word_1_307' title='bbox 1151 5290 1218 5342; x_wconf 88' lang='lat' dir='ltr'><strong>haec</strong></span> <span class='ocrx_word' id='word_1_308' title='bbox 1238 5299 1293 5342; x_wconf 83' lang='lat' dir='ltr'><strong>tarn</strong></span> <span class='ocrx_word' id='word_1_309' title='bbox 1307 5293 1451 5344; x_wconf 88' lang='lat' dir='ltr'><strong>commoda</strong></span> <span class='ocrx_word' id='word_1_310' title='bbox 1462 5295 1545 5357; x_wconf 77' lang='lat' dir='ltr'><strong>liunt3</strong></span> <span class='ocrx_word' id='word_1_311' title='bbox 1565 5297 1666 5347; x_wconf 86' lang='lat' dir='ltr'><strong>Versus</strong></span> <span class='ocrx_word' id='word_1_312' title='bbox 1679 5313 1760 5348; x_wconf 86' lang='lat' dir='ltr'><strong>cano-</strong></span> 
     </span>
    </p>

    <p class='ocr_par' dir='ltr' id='par_1_19' title="bbox 107 5377 1760 5534">
     <span class='ocr_line' id='line_1_47' title="bbox 111 5377 1760 5451; baseline 0.004 -21"><span class='ocrx_word' id='word_1_313' title='bbox 111 5380 206 5440; x_wconf 86' lang='lat' dir='ltr'><strong>niales,</strong></span> <span class='ocrx_word' id='word_1_314' title='bbox 225 5381 270 5430; x_wconf 83' lang='lat' dir='ltr'><strong>col.</strong></span> <span class='ocrx_word' id='word_1_315' title='bbox 282 5381 364 5430; x_wconf 77' lang='lat'><strong>1632:</strong></span> <span class='ocrx_word' id='word_1_316' title='bbox 384 5379 457 5429; x_wconf 83' lang='lat' dir='ltr'><strong>Grex</strong></span> <span class='ocrx_word' id='word_1_317' title='bbox 475 5378 557 5430; x_wconf 88' lang='lat' dir='ltr'><strong>solito</strong></span> <span class='ocrx_word' id='word_1_318' title='bbox 571 5395 644 5428; x_wconf 89' lang='lat' dir='ltr'><strong>more</strong></span> <span class='ocrx_word' id='word_1_319' title='bbox 664 5385 757 5430; x_wconf 81' lang='lat' dir='ltr'><strong>cantat</strong></span> <span class='ocrx_word' id='word_1_320' title='bbox 770 5377 889 5430; x_wconf 78' lang='lat' dir='ltr'><strong>Alleluia</strong></span> <span class='ocrx_word' id='word_1_321' title='bbox 901 5377 1048 5429; x_wconf 79' lang='lat' dir='ltr'><strong>Gradnale.</strong></span> <span class='ocrx_word' id='word_1_322' title='bbox 1077 5377 1192 5442; x_wconf 65' lang='lat' dir='ltr'><strong>Fortasse</strong></span> <span class='ocrx_word' id='word_1_323' title='bbox 1209 5397 1265 5445; x_wconf 75' lang='lat' dir='ltr'><strong>erpo</strong></span> <span class='ocrx_word' id='word_1_324' title='bbox 1283 5381 1397 5432; x_wconf 73' lang='lat' dir='ltr'><strong>mnnina</strong></span> <span class='ocrx_word' id='word_1_325' title='bbox 1411 5383 1507 5448; x_wconf 81' lang='lat' dir='ltr'><strong>publici</strong></span> <span class='ocrx_word' id='word_1_326' title='bbox 1524 5385 1588 5434; x_wconf 79' lang='lat' dir='ltr'><strong>iuria</strong></span> <span class='ocrx_word' id='word_1_327' title='bbox 1600 5385 1675 5451; x_wconf 81' lang='lat' dir='ltr'><strong>secto</strong></span> <span class='ocrx_word' id='word_1_328' title='bbox 1693 5395 1760 5448; x_wconf 77' lang='lat' dir='ltr'><strong>narrt,</strong></span> 
     </span>
     <span class='ocr_line' id='line_1_48' title="bbox 107 5464 1304 5534; baseline 0.002 -16"><span class='ocrx_word' id='word_1_329' title='bbox 107 5470 257 5534; x_wconf 78' lang='lat' dir='ltr'><strong>priusquam</strong></span> <span class='ocrx_word' id='word_1_330' title='bbox 275 5469 365 5520; x_wconf 66' lang='lat' dir='ltr'><strong>mana</strong></span> <span class='ocrx_word' id='word_1_331' title='bbox 382 5485 473 5518; x_wconf 76' lang='lat' dir='ltr'><strong>suanus</strong></span> <span class='ocrx_word' id='word_1_332' title='bbox 490 5468 524 5517; x_wconf 80' lang='lat' dir='ltr'><strong>cia</strong></span> <span class='ocrx_word' id='word_1_333' title='bbox 541 5477 681 5518; x_wconf 78' lang='lat' dir='ltr'><strong>ooeesserot.</strong></span> <span class='ocrx_word' id='word_1_334' title='bbox 754 5465 781 5528; x_wconf 86' lang='lat' dir='ltr'><strong>b)</strong></span> <span class='ocrx_word' id='word_1_335' title='bbox 803 5469 844 5518; x_wconf 83' lang='lat' dir='ltr'><strong>vis</strong></span> <span class='ocrx_word' id='word_1_336' title='bbox 865 5467 931 5518; x_wconf 73' lang='lat' dir='ltr'><strong>illud.</strong></span> <span class='ocrx_word' id='word_1_337' title='bbox 1005 5464 1031 5529; x_wconf 83' lang='lat' dir='ltr'><strong>c)</strong></span> <span class='ocrx_word' id='word_1_338' title='bbox 1054 5467 1153 5517; x_wconf 85' lang='lat' dir='ltr'><strong>ducere</strong></span> <span class='ocrx_word' id='word_1_339' title='bbox 1173 5468 1216 5519; x_wconf 86' lang='lat' dir='ltr'><strong>vel</strong></span> <span class='ocrx_word' id='word_1_340' title='bbox 1236 5469 1304 5520; x_wconf 75' lang='lat' dir='ltr'><strong>Mal.</strong></span> 
     </span>
    </p>
   </div>
   <div class='ocr_carea' id='block_1_6' title="bbox 222 5665 1207 5742">
    <p class='ocr_par' dir='ltr' id='par_1_20' title="bbox 222 5665 1207 5742">
     <span class='ocr_line' id='line_1_49' title="bbox 222 5665 1207 5742; baseline -0.001 -18"><span class='ocrx_word' id='word_1_341' title='bbox 222 5665 250 5742; x_wconf 90' lang='lat' dir='ltr'><strong>l)</strong></span> <span class='ocrx_word' id='word_1_342' title='bbox 273 5667 336 5726; x_wconf 88' lang='lat' dir='ltr'><em>VII.</em></span> <span class='ocrx_word' id='word_1_343' title='bbox 362 5669 474 5724; x_wconf 77' lang='lat' dir='ltr'><strong>decreta</strong></span> <span class='ocrx_word' id='word_1_344' title='bbox 497 5688 526 5725; x_wconf 87' lang='lat' dir='ltr'><strong>o.</strong></span> <span class='ocrx_word' id='word_1_345' title='bbox 546 5667 640 5726; x_wconf 77' lang='lat'>1075.</span> <span class='ocrx_word' id='word_1_346' title='bbox 666 5667 756 5736; x_wconf 78' lang='lat' dir='ltr'><strong>edita;</strong></span> <span class='ocrx_word' id='word_1_347' title='bbox 785 5667 826 5740; x_wconf 86' lang='lat' dir='ltr'><strong>cs.</strong></span> <span class='ocrx_word' id='word_1_348' title='bbox 853 5665 953 5722; x_wconf 82' lang='lat' dir='ltr'><strong>Menai</strong></span> <span class='ocrx_word' id='word_1_349' title='bbox 971 5666 1038 5736; x_wconf 84' lang='lat' dir='ltr'><strong>XX,</strong></span> <span class='ocrx_word' id='word_1_350' title='bbox 1063 5669 1115 5724; x_wconf 86' lang='lat' dir='ltr'><strong>col.</strong></span> <span class='ocrx_word' id='word_1_351' title='bbox 1132 5665 1207 5723; x_wconf 81' lang='lat'><strong>408.</strong></span> 
     </span>
    </p>
   </div>
   <div class='ocr_carea' id='block_1_7' title="bbox 0 0 2218 6393">
    <p class='ocr_par' dir='ltr' id='par_1_21' title="bbox 0 0 2218 6393">
     <span class='ocr_line' id='line_1_50' title="bbox 0 0 2218 6393; baseline 0 0"><span class='ocrx_word' id='word_1_352' title='bbox 0 0 2218 6393; x_wconf 95' lang='lat' dir='ltr'><strong> </strong></span> 
     </span>
    </p>
   </div>
  </div>
 </body>
</html>
