4396 6390
436 399 500 462 454
727 403 908 460 GERHOHI
930 400 1164 457 PRAEPOSITI
1186 399 1596 458 REICHERSBERGENSIS
1620 402 1787 457 LIBELLI.

362 615 413 665 (ss).
541 591 596 657 Sic
621 591 707 654 enim
730 589 868 676 legimus
892 612 912 652 a
935 587 1143 674 pontificibus
1165 587 1320 651 Romanis
1345 587 1504 673 quosdam
1534 609 1647 673 regum
1670 611 1728 653 seu
1751 589 1942 676 principum
1965 611 2023 676 pro
2045 591 2116 654 in-

435 699 571 763 utilitate
596 697 648 761 vel
678 697 831 782 nequicia
854 718 913 760 sua
936 696 1236 760 excommunicatos
1260 705 1292 758 et
1315 693 1496 777 destitutos,
1527 694 1674 782 aliosque
1704 718 1763 782 pro
1794 695 1858 760 illis
1891 697 2137 780 constitum,

433 817 468 870 ut
491 804 524 869 hi
548 827 630 890 quos
660 813 882 890 provexerunt
904 824 969 866 non
993 801 1096 866 solum
1121 824 1163 865 ex
1186 801 1365 882 instituto⁸,
1395 799 1452 864 sed
1477 801 1575 868 stiam
1599 823 1642 864 ex
1665 813 1821 888 precepto
1846 825 1962 866 eorum
1986 802 2153 887 gladio

432 911 563 976 vindice
593 919 869 996 persequerentur
897 908 1007 973 hostes
1038 907 1219 972 aecclesiae
1243 906 1296 972 vel
1319 909 1421 992 regni.
1469 906 1557 976 Saue
1586 909 1620 972 in
1644 907 1764 973 talibus
1794 907 1891 972 bellis
1924 909 2163 980 movendiss

433 1041 491 1104 pro
516 1016 705 1081 defensione
720 1017 847 1102 patriae
864 1038 922 1079 seu
939 1014 1130 1095 aecclesiae,
1155 1013 1351 1078 sacerdotali
1367 1036 1497 1101 quoque
1513 1013 1594 1082 tuba
1618 1037 1693 1079 cum
1708 1017 1867 1102 principis
1888 1015 2002 1080 edicto
2022 1039 2085 1081 con
2101 1062 2181 1077 ἡ

434 1133 578 1206 sonante,
604 1124 649 1186 sic
666 1143 700 1186 se
716 1122 829 1208 lingua
845 1121 1056 1186 sacerdotalis
1074 1119 1172 1185 debet
1189 1119 1351 1203 cohibere,
1375 1143 1417 1184 ne
1441 1143 1476 1185 se
1493 1121 1644 1190 videatur
1660 1121 1817 1187 mortibus
1835 1124 1938 1187 etiam
1955 1123 2189 1204 hostiurn-32

433 1231 660 1313 commiscere5
685 1229 769 1293 sicut
792 1228 833 1292 de
855 1226 1130 1313 beetoaeGregorio
1153 1227 1291 1313 legimus
1302 1231 1323 1309 ¹,
1348 1228 1413 1313 qui,
1434 1250 1508 1291 cum
1525 1227 1689 1296 Romanos
1704 1229 1824 1294 milites
1848 1231 1883 1293 in
1901 1227 2077 1294 defension
2102 1268 2176 1284 2-

430 1335 532 1401 Urbis
549 1347 662 1400 contra
673 1334 909 1421 Longabardos
926 1335 1067 1420 pecunia
1083 1333 1328 1398 aecclesiastica
1346 1333 1436 1398 velut
1452 1333 1660 1402 saccellarius
1680 1337 1808 1401 iuvaret
1824 1347 1927 1424 atque
1945 1336 2069 1401 doctri·
2083 1372 2156 1399 „2-

433 1442 626 1508 sacerdotali
643 1453 798 1528 tanquam
814 1442 962 1506 iusticias
978 1441 1114 1526 signifer
1130 1441 1298 1522 animaret,
1316 1439 1504 1504 amortibus
1516 1451 1626 1505 tamen
1639 1443 1782 1534 ipsorum
1794 1441 2184 1529 Longabardomrn]

433 1549 556 1614 studuit
579 1548 642 1613 sibi
666 1570 794 1630 cavere,
818 1549 898 1633 ipsis
915 1569 1044 1634 quoque
1061 1544 1208 1611 hostibus
1227 1546 1393 1632 parcendo
1416 1568 1477 1611 nec
1501 1545 1587 1612 bella
1610 1547 1780 1614 inferendo
1803 1549 1857 1612 vel
1882 1549 2000 1613 inferri
2024 1572 2082 1635 pre
2104 1595 2168 1614 x

433 1655 594 1742 cipiendo,
617 1657 681 1719 nisi
696 1665 854 1742 quantum
870 1655 981 1740 exegit
996 1655 1175 1720 necessitas
1190 1653 1330 1719 iniuriae
1345 1653 1586 1740 propulsandae
1602 1654 1656 1718 vel
1672 1653 1761 1722 urbis
1778 1677 1818 1720 ac
1833 1657 1964 1742 patriae
1983 1655 2138 1720 defen*

433 1762 566 1826 sandae.
599 1762 686 1826 Hinc
703 1771 762 1844 est,
775 1762 863 1848 quod
879 1759 1024 1825 hostibus
1037 1783 1152 1828 versus
1168 1758 1283 1825 urbem
1299 1758 1549 1846 properantibus
1565 1773 1676 1825 monet
1691 1784 1711 1826 a
1726 1772 1818 1848 tergo
1835 1762 2031 1827 instandum
2044 1773 2122 1838 ve]

433 1891 475 1933 ex
491 1868 629 1933 adverso
641 1867 871 1932 resistendum:
885 1866 1003 1954 quibus
1020 1869 1054 1931 in
1065 1889 1148 1953 pace
1161 1866 1404 1954 quiescentibus
1422 1877 1454 1932 et
1470 1866 1663 1954 aecclesiam
1679 1891 1746 1938 non
1756 1868 1946 1938 ledentibus
1959 1870 2111 1941 minime

433 1975 528 2040 docet
543 1974 631 2039 bella
646 1974 825 2056 inferenda,
839 1997 1026 2061 quanquam
1042 1983 1120 2038 nota
1135 1973 1233 2040 fuerit
1247 1973 1373 2038 hostilis
1390 1995 1501 2038 eorum
1517 1975 1680 2060 nequicia.
1711 1975 1793 2048 Inde
1809 1987 1869 2059 est,
1884 1976 1978 2063 quod
1992 1999 2096 2063 penes

433 2084 661 2168 imperatorem
685 2082 879 2146 Masticium
910 2079 972 2145 sibi
999 2103 1132 2166 prorsus
1162 2079 1325 2148 infensum
1350 2079 1472 2144 dudum
1502 2093 1684 2164 accusabis,
1714 2081 1802 2168 quod
1825 2083 1997 2148 Malchum
2026 2086 2090 2169 spi·
2103 2102 2194 2156 φ

432 2211 566 2275 scopum
589 2189 640 2253 sui
663 2189 848 2274 patrimonii
872 2189 1073 2274 provisorem
1096 2209 1155 2273 pro
1179 2186 1355 2256 reddendis
1377 2185 1589 2272 pensionibus
1613 2188 1737 2252 mmdiu
1766 2189 1801 2262 in
1825 2187 1986 2253 custodiis
2011 2188 2083 2255 affli-

432 2297 543 2377 xisset,
568 2316 736 2381 quousque
761 2295 909 2379 spiritum
933 2294 1088 2376 exalaret,
1113 2292 1291 2359 Sabiniano
1315 2315 1373 2358 sno
1394 2291 1751 2379 Constantinopolitano
1775 2295 1917 2370 diacono
1942 2295 2081 2363 scribens

255 2370 412 2514 [Gss‘ffiffl
432 2403 514 2466 ait²t
546 2402 645 2467 Uarrm
670 2416 724 2483 est,
754 2401 840 2487 qaod
869 2403 1002 2466 brera'ter
1024 2425 1174 2489 supperas
1196 2403 1407 2466 serenissimis
1431 2401 1569 2496 manicis
1591 2404 1717 2482 sessuris,
1748 2406 1826 2489 quia
1848 2406 1882 2468 si
1903 2428 1958 2490 epo
1982 2429 2081 2470 seruus

432 2533 537 2574 eorum
560 2511 595 2573 ia
618 2523 746 2572 inertem
769 2509 820 2572 uel
841 2507 1147 2594 Loupabardoramb
1171 2533 1219 2572 me
1241 2510 1372 2572 miscere
1394 2508 1572 2588 ocissimum,
1595 2507 1689 2573 bodie
1705 2508 1994 2596 Langobardorum
2014 2534 2080 2598 pers

430 2640 486 2679 aee
508 2639 610 2702 repam
640 2639 695 2679 uec
718 2614 812 2678 duces
841 2639 896 2680 aec
919 2617 1044 2678 comites
1067 2615 1193 2678 haberet
1214 2629 1305 2700 atque
1336 2616 1370 2678 ia
1393 2638 1515 2678 summa
1538 2616 1724 2702 confusione
1748 2615 1856 2682 divim
1878 2631 1966 2682 esset.
2015 2615 2081 2698 Sed,
2096 2643 2117 2682 aa

431 2725 508 2808 quia
539 2721 640 2785 Deum
671 2724 773 2800 tr’meo,
807 2723 842 2785 ia
872 2735 968 2786 morte
998 2722 1164 2786 czriaaiibet
1196 2721 1333 2785 bominis
1362 2745 1410 2784 me
1439 2722 1569 2785 miscere
1592 2722 1752 2808 formido.
1806 2722 1957 2792 Malodes
1987 2738 2082 2789 autem

433 2829 552 2892 isdem⁰
577 2831 741 2914 epsicopus
763 2851 860 2912 aeque
883 2829 918 2891 ia
939 2828 1080 2892 crestodio
1096 2829 1171 2915 fuit
1191 2851 1289 2914 usqae
1314 2830 1345 2892 ia
1362 2829 1474 2912 ulique
1497 2829 1694 2915 afflictioae5
1716 2828 1773 2894 sed
1795 2829 1848 2894 die
1870 2855 1935 2918 qua
1959 2855 2082 2895 caesam

432 2935 517 2999 drmit
545 2948 574 2999 et
601 2934 749 2998 addictus
779 2947 832 3013 eat,
862 2936 1013 2999 nesciente
1040 2959 1088 2998 me
1111 2959 1131 2999 a
1155 2932 1357 3021 Borsefaciod
1380 2935 1504 2999 notorio
1534 2937 1569 2999 ia
1599 2934 1723 3000 domam
1755 2935 1865 3000 daches
1896 2951 1950 3017 est,
1982 2939 2084 3023 ibique

360 3063 412 3116 (aa).
424 3041 601 3128 prandidit
623 3055 651 3104 et
672 3041 841 3104 honoratas
864 3055 909 3104 eet
930 3041 970 3104 ab
994 3063 1028 3104 eo
1051 3054 1080 3105 et
1100 3055 1186 3105 aucte
1208 3041 1309 3105 sedita
1339 3055 1479 3105 mortuus
1508 3055 1553 3106 est
1581 3043 1731 3107 incestus.
1780 3041 1888 3122 Quam
1912 3065 1993 3110 vero
2017 3065 2083 3108 cm·

431 3147 504 3211 dele
519 3147 627 3210 visum
643 3145 740 3210 fucrit
762 3145 838 3210 huic
862 3145 1080 3210 sacratissimo
1097 3145 1232 3228 doctori,
1256 3156 1292 3210 ut
1315 3148 1469 3232 episeopo
1493 3144 1626 3211 iubente
1650 3147 1767 3235 ahquis
1791 3149 1836 3213 ita
1858 3149 2083 3235 castigaretur,
2101 3174 2124 3214 a

430 3263 466 3317 ut
489 3275 532 3317 ex
554 3254 626 3340 ipsa
649 3253 862 3338 castigatione
886 3254 999 3316 mortis
1022 3275 1122 3316 causa
1148 3254 1331 3334 inferretur,
1362 3253 1437 3317 inde
1462 3253 1633 3340 colligitur,
1657 3253 1745 3342 quod
1768 3254 1908 3320 Iohanni
1931 3257 2084 3343 episeopo

432 3358 679 3445 Calliopolitauo
700 3359 785 3424 inter
800 3358 864 3423 aha
880 3356 1027 3424 scribens
1043 3359 1126 3422 ait³:
1151 3359 1336 3441 Matrimdo,
1360 3370 1477 3446 qaom⁰
1494 3363 1606 3448 frater
1629 3377 1658 3426 et
1679 3365 1880 3449 coepiscopus
1902 3379 2009 3432 aester
2020 3364 2084 3428 Aa·

431 3467 525 3532 dreas
553 3467 742 3531 Tarentinus
771 3469 936 3554 episcopus
958 3467 1046 3554 fecit
1067 3468 1214 3554 fustibus
1243 3469 1409 3554 costipari,
1440 3470 1586 3553 quamuis
1616 3469 1729 3534 scinde
1755 3484 1828 3554 post
1858 3469 1948 3538 VIII
1968 3495 2086 3536 mames

430 3575 532 3637 bortc⁰
549 3574 650 3638 obesse
664 3598 726 3637 eoa
742 3573 917 3652 credamus,
941 3587 1043 3637 tame-a
1066 3575 1143 3658 quia
1166 3597 1235 3637 eam
1258 3587 1366 3638 cosma
1374 3576 1541 3660 propositi
1560 3577 1614 3639 sui
1635 3575 1777 3640 ordinem
1801 3577 1990 3648 haa'usmodi
2002 3579 2088 3665 feeit

333 3702 362 3741 ·t.
371 3703 412 3743 11¹.
431 3681 553 3768 affligi,
584 3679 704 3745 duobus
733 3681 814 3744 huuc
844 3680 1000 3744 mensibus
1023 3705 1043 3743 o
1065 3682 1235 3744 massarum
1264 3681 1479 3766 solempnitate
1501 3681 1665 3768 strepeude,
1689 3696 1723 3746 at
1744 3683 1795 3746 vel
1815 3683 1869 3746 dec
1893 3685 1979 3750 ‘eam
2004 3709 2086 3749 uere·
2103 3708 2127 3747 so

359 3808 411 3860 (so.
431 3786 559 3866 meridia,
583 3787 708 3872 qualem
730 3810 762 3850 se
786 3785 824 3850 de
847 3801 945 3851 cetero
969 3787 1112 3851 exhibere
1130 3789 1244 3872 possit,
1267 3788 1418 3850 elisamae.
1465 3785 1612 3851 Audiant
1633 3787 1716 3852 haec
1740 3789 1896 3875 episcopi,
1921 3791 1980 3876 qui
2003 3789 2085 3854 ultro

432 3901 464 3954 et
485 3901 600 3966 contra
623 3892 784 3956 iusticiam
799 3891 990 3978 plerumque
1014 3890 1100 3956 bella
1122 3903 1264 3975 movent,
1289 3913 1432 3978 gwerras
1456 3894 1601 3958 excitant
1624 3903 1656 3958 et
1678 3893 1869 3981 plerumque
1892 3897 2085 3966 innocentes

432 3999 530 4062 etiam
553 4018 709 4084 personas
732 3999 876 4062 truncari
901 4008 933 4064 et
954 4009 1057 4062 morte
1081 4009 1175 4063 tenus
1202 3998 1285 4063 male
1316 3999 1449 4063 tractari
1476 4001 1663 4086 precipiunt
1686 4000 1894 4088 officiumque
1918 4002 2031 4072 militis
2055 4013 2086 4066 et

431 4103 609 4168 sacerdotis
639 4105 672 4167 in
696 4126 761 4168 una
790 4127 929 4190 persona
960 4104 1171 4188 confundunt,
1196 4106 1323 4170 comitis
1348 4115 1380 4170 et
1402 4105 1565 4191 pontilicis
1589 4106 1780 4192 dignitatem
1810 4107 1907 4172 simul
1937 4111 2086 4178 ammini-

431 4220 543 4292 strant,
573 4209 720 4276 hostibus
750 4233 815 4274 nou
844 4210 1135 4297 tyrannizantibus,
1159 4234 1272 4276 venun
1301 4234 1340 4276 ea
1363 4235 1448 4298 quae
1478 4214 1570 4298 pacis
1601 4224 1634 4277 et
1663 4215 1786 4300 getiae
1817 4225 1892 4279 sunt
1921 4215 2086 4286 humiliter
2102 4241 2126 4280 ss

430 4316 651 4404 querentibus,
675 4316 801 4403 gladios
824 4317 986 4382 intentent
1009 4327 1041 4382 st
1064 4340 1119 4382 eos
1143 4318 1249 4382 occidi
1272 4318 1326 4382 vel
1349 4321 1494 4384 truncari
1516 4321 1717 4406 precipiunt:
1742 4343 1823 4408 quos
1845 4323 1973 4390 utinam
1992 4324 2085 4388 vivos

430 4423 504 4508 capi
527 4424 734 4508 preciperent
757 4432 790 4487 et
813 4446 832 4486 a
855 4423 1012 4488 mortibus
1036 4447 1148 4489 eorum
1172 4422 1235 4488 sibi
1258 4427 1428 4490 caverent!
1476 4425 1542 4506 Qui
1565 4427 1594 4490 si
1616 4429 1691 4513 capi
1714 4450 1748 4492 se
1772 4451 1837 4492 non
1860 4430 2085 4514 permittentes

252 4553 410 4606 suessam
430 4551 450 4592 a
472 4527 628 4592 militibus
652 4530 878 4615 episcoporum
895 4529 1129 4612 occiderentur,
1150 4531 1368 4618 qualicunque
1392 4532 1490 4618 pallio
1515 4535 1735 4599 excusationis
1751 4535 1941 4600 verecunda
1956 4545 2084 4630 patrum

431 4645 627 4720 tegerentur,
656 4657 697 4698 ne
728 4635 910 4700 homicidae
933 4636 1132 4702 viderentur.
1178 4637 1274 4703 Nunc
1298 4649 1416 4721 autem,
1442 4640 1518 4725 quia
1541 4641 1688 4726 episcopi
1711 4640 1844 4728 quidam
1869 4643 1916 4706 sic
1939 4644 2084 4732 tyranni·

431 4751 515 4824 sant,
539 4751 575 4804 ut
598 4742 696 4806 etiam
719 4743 908 4806 innocentes
931 4765 1088 4828 personas
1112 4755 1145 4808 et
1167 4743 1329 4830 spiritales
1359 4744 1497 4809 militum
1526 4767 1658 4811 suonam
1688 4746 1806 4832 gladiis
1835 4749 2000 4814 interdum
2028 4772 2083 4815 ex·
2100 4773 2130 4812 so

428 4858 561 4933 ponant,
593 4849 754 4912 esurimus
779 4859 811 4912 et
835 4849 959 4912 sitimus
983 4849 1066 4913 hane
1090 4851 1262 4933 iusticiam,
1292 4861 1329 4914 ut
1350 4851 1473 4916 iudicis
1496 4863 1528 4916 et
1550 4854 1689 4939 negocia
1718 4853 1877 4940 spiritalia
1906 4877 1967 4942 per
1990 4857 2083 4942 spiri-

429 4953 510 5017 tales
535 4965 567 5018 et
590 4954 751 5018 secularia
772 4976 832 5041 per
854 4954 1017 5019 seculares
1047 4957 1093 5020 ita
1119 4965 1329 5043 peragantur,
1359 4980 1402 5022 ne
1425 4959 1555 5022 termini
1578 4981 1599 5023 a
1620 4959 1768 5046 patribus
1792 4961 1959 5026 constituti
1981 4962 2081 5048 negli-

429 5069 557 5144 gantur.
603 5058 760 5125 'I'alibus‘
784 5058 913 5125 iudiciis
937 5061 971 5124 in
995 5061 1156 5127 aecclesia
1179 5061 1300 5127 Christi
1324 5064 1476 5129 distincte
1500 5063 1658 5130 ordinatis
1686 5066 1942 5132 confunderetur
1970 5079 2005 5132 et
2028 5091 2081 5133 ex·

430 5165 613 5230 cluderetur
636 5167 766 5231 omnino
790 5189 850 5231 rex
872 5166 1051 5250 Babilonis,
1081 5169 1235 5255 princeps
1265 5168 1472 5236 tenebrarum
1500 5181 1533 5236 et
1560 5172 1769 5255 confusionis,
1794 5173 1849 5260 qui
1872 5197 1960 5239 nunc
1983 5173 2081 5240 rebus

536 5361 562 5426 a)
584 5367 680 5417 stituto
700 5392 733 5401 -
753 5373 883 5434 precepto
909 5384 988 5432 aspra
1007 5367 1052 5418 lin.
1070 5367 1131 5418 add.
1150 5367 1183 5419 B.
1283 5366 1311 5432 b)
1341 5368 1451 5436 longob.
1470 5370 1503 5422 B.
1604 5370 1629 5435 c)
1657 5331 1723 5424 deest
1742 5372 1788 5424 Gr.
1889 5373 1917 5436 d)
1944 5376 2030 5428 bonif.
2049 5375 2080 5428 B.
2096 5384 2120 5424 tt

429 5449 455 5515 e)
476 5453 542 5506 deest
559 5454 593 5504 B.
664 5453 686 5516 f)
708 5455 819 5506 Talibus
839 5481 873 5490 —
893 5454 1043 5507 Ierusalem
1061 5456 1111 5508 des.
1131 5456 1164 5507 A.

538 5633 567 5705 1)
593 5635 686 5711 Epist.
706 5637 738 5706 V,
764 5636 814 5708 39,
841 5637 909 5693 ΕΕ.
934 5637 958 5707 Ι,
977 5657 1011 5712 p.
1030 5637 1103 5708 328,
1128 5640 1169 5710 cs.
1192 5638 1278 5711 infra
1300 5639 1347 5696 De
1369 5649 1475 5716 quarta
1497 5640 1595 5719 cipitia
1617 5643 1705 5700 noctis
1729 5663 1752 5700 c.
1773 5643 1822 5700 15.
1931 5644 1962 5714 2)
1989 5645 2079 5722 Epist.

435 5741 514 5812 V,6,
540 5741 609 5813 EE,
635 5742 658 5812 I,
677 5763 710 5818 p.
729 5742 803 5799 286.
896 5740 927 5816 3)
952 5741 1045 5818 Epist.
1070 5743 1127 5814 III,
1153 5744 1205 5816 45,
1230 5744 1299 5802 ΕΕ.
1325 5746 1349 5817 I,
1371 5766 1401 5822 p.
1421 5746 1494 5804 201.
