4568 6428
457 408 496 469 18
825 409 1014 466 emeram
1037 411 1090 465 os
1113 379 1391 464 sscnauetlls
1414 410 1734 468 nssnsricoauu

452 599 581 665 accedit
604 600 696 687 quasi
721 599 763 664 ad
788 599 1046 664 communionem
1069 596 1207 683 simplici
1232 607 1264 661 et
1286 589 1377 662 fideli
1401 597 1585 680 devotione,
1616 598 1775 686 numquid
1805 600 1875 664 sine
1906 599 2013 665 fructu
2037 600 2101 663 erit

327 725 431 774 saraa
451 705 714 772 benedictionis?
751 706 827 770 Non
849 706 972 792 utique.
1018 704 1103 768 Nam
1126 704 1204 791 quid
1227 706 1262 769 in
1284 704 1410 792 psalmo
1432 705 1541 770 XXV.
1565 705 1668 770 iustus
1693 705 1781 771 dicat
1804 705 1897 770 audi:
1933 707 2007 772 Non
2029 707 2106 772 sedi

373 831 431 875 tas.
451 840 520 878 cnm
536 816 669 880 concilio
686 817 835 878 vanitatis
850 829 879 878 et
893 837 962 878 cum
978 815 1090 899 iniqua
1103 815 1280 900 perentibus
1296 837 1358 878 non
1373 815 1517 878 introibo.
1555 811 1656 878 Odici
1675 815 1837 878 ecclesiam
1857 815 2101 900 ntalipnantium

372 939 430 979 tuo
451 937 479 986 ct
501 947 569 986 cam
595 923 704 1007 impiia
727 945 788 985 non
811 921 929 986 sedebo.
977 919 1064 984 Ecce
1089 919 1192 983 iustus
1215 942 1280 984 non
1311 920 1473 984 consentit
1495 919 1590 983 malo.
1636 920 1788 984 Lavabo*
1817 923 1897 985 inter
1924 923 2100 985 innocentes

450 1053 562 1093 manue
584 1053 677 1094 ntaca
714 1027 802 1092 Ecce
819 1049 995 1092 consensus
1012 1024 1180 1108 bonorum,
1205 1027 1331 1090 etiamsi
1348 1047 1484 1112 corpore
1508 1027 1549 1090 sit
1564 1027 1649 1090 inter
1664 1025 1775 1090 malos.
1816 1026 1904 1108 Quid
1928 1027 2136 1114 sequiturts

371 1153 430 1194 ms.
450 1135 493 1199 Et
516 1135 716 1200 circumdabo
739 1136 840 1200 altare
863 1149 958 1212 taum,
983 1133 1126 1198 Domine.
1163 1131 1262 1213 Quod
1285 1142 1334 1196 est
1358 1132 1470 1212 altare,
1495 1132 1556 1197 hoc
1579 1131 1661 1197 fides
1686 1130 1817 1215 Christi,
1842 1133 1876 1197 in
1900 1133 1998 1198 corde
2021 1135 2099 1198 iusti

450 1252 499 1306 est
522 1240 633 1323 altare,
658 1240 746 1328 quod
768 1239 856 1305 fideli
882 1239 1053 1304 devotione
1078 1238 1285 1326 amplectitur
1307 1241 1421 1304 iustus.
1468 1239 1520 1304 De
1545 1239 1638 1304 altari
1669 1239 1828 1304 materiali
1859 1242 2101 1306 communicant

450 1345 527 1413 boni
558 1357 590 1412 et
620 1347 695 1412 inali
719 1358 943 1411 verumtamen
973 1348 1007 1410 in
1037 1345 1208 1411 aecclesia.
1254 1347 1307 1410 De
1339 1346 1433 1411 altari
1464 1369 1542 1411 vero
1573 1345 1732 1433 spirituali
1763 1369 1828 1411 non
1859 1347 2101 1411 communicant

274 1455 513 1522 u.10n.s,sr.nisi
543 1453 603 1518 soli
633 1453 853 1540 predestinati.
908 1452 996 1534 Quid
1027 1475 1104 1538 ergo
1136 1453 1337 1518 comedunt?
1384 1453 1474 1534 Quid
1504 1451 1646 1518 bibunt?
1693 1452 1842 1518 Christus
1872 1455 1993 1540 inquit:
2035 1455 2103 1532 Qut

450 1562 619 1626 manducat
641 1586 754 1648 corpus
777 1587 876 1626 meam
900 1576 928 1627 et
957 1563 1035 1626 bibit
1063 1563 1247 1648 sanquinem
1278 1586 1390 1640 mum,
1422 1565 1456 1626 in
1479 1587 1526 1624 mc
1549 1576 1653 1626 nmnct
1681 1576 1710 1625 et
1738 1584 1792 1649 eqo
1815 1564 1850 1626 in
1873 1586 1916 1626 eo.
1963 1561 2098 1625 Manere
2122 1587 2148 1624 ro

450 1668 485 1731 in
509 1665 637 1732 Christo
661 1678 694 1732 et
716 1666 837 1732 habere
859 1665 1022 1732 Christum
1046 1667 1080 1730 in
1103 1690 1137 1731 se
1161 1678 1357 1748 manentem,
1382 1666 1443 1731 hoc
1468 1677 1517 1731 est
1540 1666 1737 1732 manducare
1759 1665 1923 1732 Christum
1947 1667 2098 1753 spiritua·

451 1773 534 1855 liter,
558 1774 618 1839 hoc
643 1785 692 1838 est
715 1774 912 1838 manducare
941 1796 1072 1839 carnem
1104 1787 1137 1838 et
1166 1771 1279 1838 bibere
1310 1773 1502 1859 sanguinem
1526 1770 1647 1838 Christi
1678 1773 1899 1859 spiritualiter.
1945 1773 2041 1840 Unde
2065 1775 2099 1838 in

313 1900 431 1950 nasas.
450 1881 548 1945 inicio
572 1881 730 1944 sermonis
753 1880 838 1945 illius
862 1881 909 1945 sic
934 1903 1069 1945 exorsus
1093 1891 1142 1945 eat
1158 1879 1325 1945 Christus:
1354 1879 1544 1966 Opcrnmini
1563 1906 1624 1944 non
1646 1883 1748 1945 cibum
1772 1884 1831 1966 qui
1844 1885 1942 1968 perit,
1965 1883 2022 1946 sed
2043 1885 2103 1967 qai

443 2003 610 2076 permanet
632 1991 667 2054 in
691 1991 786 2053 uitam
809 2003 955 2069 eternam,
979 2014 1069 2074 quem
1085 1990 1180 2076 filiun
1203 1989 1340 2052 hominia
1364 1987 1453 2051 datu
1476 1989 1570 2052 nohia
1619 1985 1716 2067 Quod
1739 2009 1907 2073 exponens
1931 1987 2096 2052 adiunxit:

357 2117 429 2156 tarn
451 2097 520 2161 Hoc
543 2111 587 2160 ast
609 2121 686 2182 opus
710 2095 783 2174 Dei,
815 2111 847 2160 nt
869 2095 1005 2160 creditis
1036 2099 1070 2159 in
1093 2121 1170 2160 eum.
1218 2093 1319 2158 Fides
1350 2094 1384 2156 in
1416 2093 1514 2157 corde
1545 2095 1620 2158 iusti
1645 2105 1695 2158 est
1719 2094 1830 2176 altare,
1861 2095 1895 2157 in
1925 2117 1989 2181 quo
2013 2093 2098 2158 filius
2121 2121 2146 2159 ιε

448 2203 587 2267 hominis
611 2224 671 2288 per
693 2200 852 2266 occultam
876 2203 1013 2287 gratiam
1038 2200 1147 2267 cibum
1172 2201 1311 2282 conficit,
1337 2199 1465 2264 scilicet
1488 2201 1667 2282 caritatem,
1692 2223 1789 2286 quam
1814 2201 1916 2265 iustus
1933 2199 2097 2265 Christum

450 2309 586 2374 credens
604 2321 636 2372 et
651 2307 790 2394 diligens
806 2319 838 2372 et
854 2307 1032 2372 aecclesiae
1053 2309 1211 2372 unitatem
1235 2307 1299 2372 fide
1323 2329 1453 2394 quoque
1473 2319 1627 2394 operante
1650 2329 1710 2392 per
1732 2305 1939 2371 dilectionem
1958 2306 2097 2393 amplec-

358 2437 430 2478 ·r.nr.
449 2427 520 2481 tens
544 2416 597 2480 die
621 2439 659 2480 ac
690 2425 784 2480 nocte
816 2415 863 2479 sic
893 2413 1090 2479 manducare
1115 2415 1161 2478 'et
1183 2413 1299 2478 bibere
1325 2437 1459 2479 carnem
1483 2424 1516 2478 et
1538 2415 1730 2500 sanguinem
1747 2413 1868 2478 Christi
1892 2437 1956 2478 non
1980 2425 2096 2494 cessat,

450 2523 577 2587 etiamsi
601 2543 736 2607 corpore
759 2543 924 2608 nunquam
949 2520 1082 2585 recedat
1106 2519 1147 2584 ab
1171 2521 1325 2585 hereticis
1349 2531 1382 2585 et
1406 2521 1608 2586 scismaticis.

556 2628 735 2714 Hucusque
760 2626 800 2691 de
825 2627 976 2692 hereticis
1001 2639 1032 2692 et
1056 2629 1259 2710 scismaticis,
1291 2629 1347 2714 qui
1371 2627 1449 2692 foris
1474 2638 1558 2710 sunt,
1582 2626 1742 2710 diximus,
1773 2650 1859 2692 nunc
1884 2628 1924 2693 de
1948 2627 2042 2692 malis
2067 2639 2099 2692 et
2119 2655 2146 2693 ao

451 2733 645 2816 carnalibus,
670 2735 725 2820 qui
749 2736 834 2798 intus
857 2731 1028 2798 nobiscum
1052 2744 1135 2816 sunt,
1160 2734 1327 2821 paulisper
1350 2736 1556 2799 inmoremnr.
1600 2734 1680 2798 Mali
1704 2735 1773 2799 sive
1798 2735 1944 2800 carnales
1967 2744 2100 2822 propter

451 2842 541 2907 lucra
564 2851 596 2905 et
619 2827 790 2905 commoda
812 2839 1004 2926 temporalia
1026 2863 1092 2905 non
1115 2852 1249 2928 propter
1264 2839 1429 2906 Christum
1452 2838 1623 2906 nobiscum
1646 2842 1680 2905 in
1700 2840 1839 2906 ecolesai
1856 2850 2099 2922 conversantur,

451 2971 512 3014 nec
535 2959 644 3012 tamen
667 2947 710 3011 ad
733 2959 852 3012 sortem
876 2946 987 3012 salutis
1011 2949 1184 3034 pertinent,
1210 2949 1287 3036 quia
1310 2970 1375 3012 non
1391 2945 1566 3030 Christum,
1592 2947 1650 3012 sed
1674 2971 1737 3034 qne
1761 2971 1820 3012 sua
1840 2958 1915 3012 sunt
1930 2957 2099 3033 quaenmt.

451 3054 549 3120 Tales
580 3054 740 3120 aecclesia
769 3065 805 3118 ut
834 3052 942 3119 febres
973 3056 1110 3119 sustinet
1139 3077 1201 3119 neo
1232 3077 1253 3119 a
1283 3056 1508 3120 communione
1540 3065 1679 3141 separat,
1711 3057 1788 3141 quia
1815 3054 1903 3119 idem
1930 3052 2100 3118 nobiscum

452 3161 645 3227 confitentur
668 3171 700 3226 et
723 3163 866 3248 speciem
890 3163 981 3247 pacis
1005 3173 1037 3226 et
1060 3163 1206 3226 caritatis
1231 3163 1265 3226 in
1288 3163 1410 3226 unitate
1435 3162 1615 3228 aecclesiae
1640 3163 1744 3248 magis
1767 3185 1826 3248 pro
1856 3162 1946 3227 lucro
1977 3160 2101 3226 carnali
2120 3189 2148 3228 ss

452 3292 549 3356 qnam
572 3291 631 3355 pro
656 3265 784 3332 Christo
815 3267 991 3355 preferant.
1010 3295 1022 3316 ·
1039 3267 1155 3332 Gratia
1177 3269 1278 3354 igitur
1300 3270 1432 3333 unitatis
1456 3279 1488 3334 et
1511 3270 1602 3356 pacis
1626 3269 1688 3334 hoc
1717 3267 1913 3334 beneficium
1942 3266 2099 3351 obtinent,

451 3377 543 3440 utin
567 3373 717 3440 omnibus
748 3376 958 3439 sacramentis
990 3374 1241 3440 aecclesiasticis
1274 3374 1479 3440 celebrandis
1505 3399 1617 3440 veram
1641 3375 1822 3440 efficaciam
1851 3374 2001 3441 habeant.
2048 3375 2100 3439 De

451 3480 571 3547 talibus
594 3481 674 3546 dicit
697 3481 937 3567 Augustinusl:
969 3483 1059 3548 Intra
1089 3483 1275 3547 catholicam
1306 3485 1491 3548 aecclesiam
1523 3484 1624 3547 nichil
1653 3509 1672 3548 a
1704 3485 1781 3548 bono
1812 3487 1923 3570 mapsa,
1953 3484 2055 3548 nichil
2081 3511 2100 3548 a

453 3592 536 3654 malo
560 3593 663 3654 minua
686 3600 719 3654 et
742 3600 851 3653 cetera
874 3611 937 3676 que
962 3599 1123 3652 secuntur.
1156 3587 1253 3652 Tales
1277 3588 1438 3654 aecclesia
1462 3591 1599 3654 sustinet
1620 3591 1684 3653 nisi
1708 3590 1791 3654 forte
1813 3591 1989 3676 contingat,
2013 3589 2101 3677 quod

282 3724 301 3761 1.
310 3719 361 3761 cor.
370 3721 390 3769 5,
400 3722 433 3759 n.
454 3697 534 3762 dicit
556 3695 736 3784 apostolus:
769 3697 810 3762 Si
830 3700 902 3783 quia
918 3698 1029 3784 frater
1053 3699 1231 3760 continetur
1247 3697 1433 3783 fornicator
1457 3707 1489 3760 ct
1513 3705 1622 3760 cetera
1644 3719 1747 3782 usque
1772 3723 1826 3762 nec
1850 3723 1918 3761 cum
1941 3722 1975 3761 cc
1998 3700 2101 3762 cihuns
2121 3723 2148 3761 ao

453 3831 582 3870 evincere.
635 3801 874 3889 Augustinus²:
913 3803 1168 3868 Nominotionem
1199 3803 1337 3889 intellipe
1367 3807 1563 3884 conaturam,
1599 3829 1657 3890 que
1680 3806 1723 3891 fit
1756 3806 1791 3868 in
1821 3805 1959 3889 aliquem
1991 3805 2102 3869 ordine

455 3913 624 3977 iudicaria.
671 3912 756 3975 Nam
779 3914 811 3975 si
831 3911 899 3975 sola
923 3913 1094 3974 nontinntio
1117 3912 1251 3998 sufficit,
1275 3911 1368 3974 multi
1389 3910 1601 3996 danpnaruur
1624 3913 1807 3974 innocentes.
1847 3909 2044 3996 Repetamus
2067 3910 2101 3973 in

455 4017 589 4081 exordio
613 4029 817 4103 pretaxatam
840 4016 1015 4102 Augustini
1040 4019 1233 4081 sententiam
1258 4018 1437 4102 galeatam3
1469 4016 1574 4102 inquit
1598 4017 1722 4080 enimi:
1761 4017 1833 4081 Non
1858 4021 1892 4082 in
1916 4019 2102 4104 confessione

448 4149 650 4212 papauerum
673 4150 728 4188 nec
750 4127 784 4188 in
801 4126 1021 4212 purpomentia
1037 4124 1241 4188 hereticorum
1264 4149 1319 4189 nec
1343 4127 1377 4188 in
1402 4125 1550 4210 lanquore
1573 4126 1821 4188 aomar-ancorum
1842 4150 1896 4188 nec
1921 4126 1954 4188 in
1978 4126 2101 4188 cecitate

455 4231 625 4294 iudeorum
655 4231 813 4315 quereruln
844 4245 888 4294 cat
916 4232 1039 4318 reli9i0,
1070 4231 1127 4294 sed
1148 4231 1238 4317 aprici
1268 4256 1328 4311 eos,
1360 4233 1419 4316 qai
1447 4231 1617 4294 christiani
1644 4232 1847 4316 appellantur
1877 4232 2027 4295 cathol-ici
2054 4222 2104 4294 uel
2121 4255 2147 4295 as

456 4337 609 4417 ortodoni,
636 4338 671 4400 id
685 4351 729 4400 eat
745 4339 931 4424 intepritatis
954 4337 1094 4401 custodes
1116 4351 1145 4402 ct
1167 4352 1250 4401 recta
1265 4352 1420 4402 sectantes.
1461 4336 1544 4400 Item
1561 4337 1681 4400 adiecit
1696 4334 1898 4422 Augustinus
1914 4338 1948 4400 in
1965 4359 2100 4422 sequen-

455 4442 557 4507 tibus:
600 4442 753 4508 Cnrnnlea
783 4468 854 4506 nero
885 4445 995 4508 tolerat
1025 4469 1119 4529 usquc
1149 4445 1195 4508 ad
1224 4447 1464 4509 eerttilotionem.
1520 4443 1672 4530 Quinque
1709 4467 1786 4529 ergo
1821 4443 1941 4529 gradus
1976 4465 2101 4530 ponens

456 4551 543 4637 apud
558 4549 658 4630 111101,
680 4551 760 4636 ‘qnia
783 4549 860 4613 foris
884 4559 967 4632 sunt,
993 4549 1071 4614 dicit
1094 4573 1159 4614 non
1183 4573 1253 4614 esse
1278 4549 1477 4636 querendam
1505 4550 1712 4636 religionem3
1742 4549 1888 4614 carnales
1911 4573 1999 4630 vere,
2024 4552 2102 4637 quia

456 4658 599 4743 speciem
628 4657 760 4720 unitatis
790 4679 855 4720 non
884 4667 1017 4742 propter
1041 4655 1216 4740 Christum,
1248 4656 1307 4720 sed
1336 4668 1469 4743 propter
1500 4658 1670 4722 commoda
1694 4658 1802 4722 camis
1827 4669 1990 4739 secuntur,
2022 4657 2101 4722 dicit

456 4786 527 4828 esse
550 4765 636 4827 intus
660 4763 855 4828 tollet-andos
870 4786 973 4850 usque
990 4764 1032 4828 ad
1048 4764 1301 4828 ventilationem.
1333 4763 1447 4828 Plures
1468 4787 1533 4829 non
1557 4775 1631 4829 sunt
1646 4762 1824 4828 visibilium
1839 4764 2099 4828 adversariorum
2119 4791 2147 4828 so

455 4869 585 4956 gradus.
633 4870 722 4951 Quid
745 4893 821 4956 ergo
846 4871 886 4936 de
910 4873 1066 4957 apostatis
1090 4870 1262 4935 dicemus?
1300 4870 1367 4935 Aut
1390 4872 1423 4934 in
1446 4871 1497 4935 his
1520 4870 1677 4956 gradibus
1708 4870 1915 4936 includentur
1938 4881 1994 4934 aut
2017 4872 2102 4934 iuter

455 4977 659 5042 adversarios
691 4977 811 5042 Christi
841 5001 906 5041 non
937 4977 1167 5042 asscribentur.
1215 4977 1250 5042 Si
1281 4979 1366 5041 inter
1395 4978 1454 5042 hos
1485 5001 1549 5042 non
1580 4977 1798 5062 ascribentur,
1828 4977 1987 5064 numquid
2016 4978 2101 5041 inter

358 5109 386 5147 ⁸.
422 5111 435 5148 ¹.
455 5086 577 5148 amicos
608 5083 728 5149 Christi
759 5084 883 5150 scilicet
912 5084 1088 5150 catholicos
1120 5095 1152 5148 et
1183 5084 1359 5149 ortodoxos
1391 5083 1700 5168 annumerabuntur,
1739 5085 1808 5149 ‘aut
1837 5087 1923 5148 inter
1951 5085 2100 5148 inimicos

456 5191 596 5276 denique
621 5203 676 5256 aut
700 5192 820 5255 amicos
844 5214 1012 5255 numerum
1036 5203 1068 5256 et
1090 5191 1198 5256 locum
1222 5191 1420 5256 sortientur?
1455 5192 1634 5256 Videamus
1658 5192 1753 5257 huius
1769 5190 1920 5256 vocabuli
1943 5192 2099 5278 interpre-

562 5389 589 5452 θ)
612 5391 731 5442 laudabo
751 5409 771 5442 c.
2118 5404 2147 5442 to

565 5554 594 5626 l)
619 5555 768 5612 Parrhasii
790 5555 928 5612 liodberti
951 5555 985 5612 L.
1010 5557 1045 5613 dc
1068 5575 1185 5632 corpore
1209 5564 1235 5612 et
1258 5557 1397 5634 sanquine
1419 5557 1537 5615 Domini
1559 5577 1581 5613 c.
1602 5555 1652 5626 12,
1677 5559 1694 5612 l.
1712 5559 1730 5612 l.
1756 5556 1928 5627 col.1588;
1964 5556 2004 5627 cf.
2029 5575 2101 5632 quar

457 5663 581 5720 Sclrnlelt
598 5682 631 5737 p.
650 5662 700 5732 71,
725 5683 753 5718 n.
778 5664 805 5718 1.
830 5664 956 5720 adnotat.
1077 5661 1108 5730 2)
1133 5663 1249 5739 Aupnst.
1277 5663 1376 5722 Sermo
1402 5662 1524 5723 CCCLI
1547 5659 1594 5740 (de
1611 5660 1808 5740 poenitentia),
1841 5684 1863 5720 c.
1882 5664 1911 5733 4,
1936 5660 2024 5736 giu,
2056 5663 2098 5719 ed.

456 5770 563 5827 Bened.
586 5769 618 5840 V,
643 5773 692 5826 col.
714 5769 795 5825 1360
812 5769 848 5839 E,
872 5770 1000 5826 sednon
1023 5771 1065 5827 nd
1084 5769 1205 5826 vertnm.
1300 5770 1329 5842 3)
1360 5771 1392 5828 V.
1416 5791 1507 5846 nqrra
1524 5791 1557 5847 p.
1583 5771 1631 5828 13.
