4396 6390
564 385 875 442 COMMENTARIUS
898 387 939 442 IN
962 385 1151 442 PSALMUM
1174 385 1281 441 LXIV.
1680 379 1744 442 479

92 574 146 659 qui
170 572 272 636 multa
295 595 354 637 sua
377 571 574 658 possidendo
598 571 727 635 diviciis
751 569 897 654 affluunt,
923 582 955 636 ct
981 571 1031 635 his
1056 572 1112 658 qui
1140 571 1239 635 nichil
1263 570 1315 635 vel
1338 594 1453 658 parum
1483 571 1635 637 habendo
1666 596 1744 659 pau-

91 687 295 765 parescunt,
320 678 451 765 equalis
473 678 592 742 dentur
614 677 800 764 stipendia?
848 677 893 760 Si,
921 689 957 742 ut
987 679 1051 742 iam
1083 677 1188 742 dictus
1212 677 1355 764 Prosper
1384 679 1466 742 ait1:
1498 679 1641 744 Habenti
1668 681 1745 746 darc

91 787 195 850 nichil
215 800 261 850 est
281 786 376 850 alim
396 810 491 871 qaam
507 785 645 871 perdere
651 811 662 867 ,·
685 788 833 870 quoniam
858 786 944 870 quod
965 786 1055 850 babet
1069 785 1220 848 aecclesia
1244 809 1313 849 cum
1336 786 1439 850 m'cbil
1459 785 1641 852 habentibus
1664 812 1744 851 cova·

90 917 183 956 marae
214 893 301 956 debet
329 893 450 957 babere.
497 891 620 976 Magna
643 892 753 976 utique
777 890 927 976 perditio,
952 901 984 954 et
1006 890 1071 954 filio
1102 889 1293 975 perditionis
1323 889 1400 954 licet
1430 891 1570 956 necdum
1600 892 1744 958 revelato

56 996 213 1083 splacita
236 997 393 1063 institutio
418 998 613 1082 agnoscitur,
638 1019 713 1063 cum
735 1019 787 1060 res
811 995 1009 1082 pauperibus
1028 996 1153 1060 ‘debita
1176 996 1271 1060 datur
1294 995 1466 1080 diviubus3
1492 1007 1523 1062 et
1547 999 1744 1084 apostolicae
1763 1021 1834 1063 aa.

90 1103 261 1168 doctrinae
285 1104 389 1168 forma
416 1126 481 1168 non
504 1113 642 1185 tenetur,
667 1125 741 1166 cum
766 1102 920 1166 divitibus
945 1113 978 1167 et
1000 1101 1199 1190 pauperibus
1224 1125 1309 1189 equa
1331 1105 1436 1189 portio
1461 1103 1532 1168 dari
1555 1107 1743 1191 precipitur.

90 1209 187 1290 Quae
211 1208 446 1275 distributionis
471 1209 670 1295 coequalitas
693 1231 755 1273 nec
779 1210 864 1273 inter
886 1210 974 1295 ipsos
993 1232 1088 1274 veros
1105 1208 1225 1273 Christi
1249 1231 1410 1296 pauperes
1433 1211 1467 1274 in
1492 1214 1744 1296 congregatione

88 1317 241 1380 viventes
272 1314 474 1380 admittenda
497 1326 556 1397 est,
581 1316 658 1401 quia
685 1339 751 1379 non
779 1315 937 1402 equaliter
961 1315 1109 1380 omnibus
1133 1317 1238 1380 victus
1263 1328 1295 1379 et
1318 1317 1454 1380 vestitus
1485 1316 1655 1382 donandus
1686 1331 1744 1401 est,

90 1445 167 1486 cum
190 1445 255 1487 non
279 1444 391 1486 omnes
411 1421 572 1507 equaliter
586 1421 726 1486 valeant.
761 1421 805 1485 Et
828 1421 902 1485 ideo
917 1433 1055 1508 pensata
1078 1421 1278 1507 singulorum
1301 1422 1491 1508 indigentia,
1515 1436 1612 1508 prout
1628 1425 1745 1511 cuique

37 1554 67 1592 ro
90 1549 174 1615 opus
199 1538 248 1592 est
276 1530 310 1592 in
333 1528 519 1592 huiusmodi
549 1527 701 1592 habenda
724 1537 772 1591 est
796 1529 983 1592 cautissima
1006 1527 1199 1592 differentia.
1248 1528 1341 1608 Quae
1367 1552 1440 1592 cum
1464 1531 1510 1593 ita
1533 1553 1567 1593 sc
1592 1529 1744 1614 habeant,

91 1657 191 1722 super
213 1634 309 1699 huius
325 1634 507 1699 doctrinam
523 1634 656 1719 regulae
672 1636 721 1698 ira
737 1633 803 1698 Dei
827 1633 867 1698 de
892 1633 982 1698 caelo
1006 1645 1094 1698 recte
1119 1634 1262 1698 creditur
1281 1635 1477 1721 quandoque
1501 1636 1689 1719 revelanda,
1714 1649 1746 1701 et

91 1741 147 1806 illa
170 1741 291 1828 phyala
314 1741 503 1805 iracundiae
527 1741 593 1804 Dei
616 1740 714 1826 plena
737 1741 864 1826 plenius
888 1739 1094 1820 effrmdenda,
1119 1740 1159 1805 de
1184 1763 1249 1826 qua
1272 1741 1390 1826 legitur
1412 1743 1445 1805 in
1461 1741 1679 1829 Apocalypsi:
1704 1745 1748 1808 Et
1765 1768 1915 1817 sparsa.

91 1863 196 1913 cartus
211 1849 341 1936 angelus
356 1848 634 1935 affuditpbpalcm
657 1873 746 1911 saccas
773 1851 805 1911 ia
820 1849 942 1935 flamen
966 1849 1051 1912 illud
1068 1873 1214 1934 magnum
1231 1848 1403 1935 Eep‘raan,
1427 1863 1455 1912 et
1476 1852 1608 1914 siccavit
1630 1877 1744 1936 aqueum
1767 1840 1819 1907 [De
1839 1845 1949 1929 aumas

91 1959 170 2035 eius,
196 1969 229 2018 ut
243 1969 419 2040 pararetur
443 1957 496 2019 cia
519 1957 645 2042 regib-as
672 1956 712 2018 ab
736 1968 805 2018 ortu
827 1954 913 2018 solis.
960 1954 1004 2017 Et
1035 1955 1107 2018 uidi
1135 1955 1172 2018 de
1196 1979 1248 2018 ore
1272 1955 1421 2019 droconis
1444 1969 1473 2019 ct
1495 1956 1533 2019 de
1557 1981 1609 2020 ore
1633 1958 1746 2022 bestiae
1789 1915 1928 2049 fflffl

35 2085 69 2124 rs
92 2077 120 2126 et
143 2062 181 2125 dc
205 2087 257 2126 ore
278 2062 567 2148 pseudoprophetae
589 2064 724 2147 spiritus
747 2076 807 2124 tres
831 2060 999 2125 inmundos
1024 2063 1055 2124 r'a
1080 2060 1204 2125 maduca
1229 2085 1381 2124 ranarum
1398 2062 1581 2147 procedere.

200 2273 370 2360 Scriptura
393 2273 480 2337 enim
504 2295 593 2356 sana,
617 2274 772 2360 precipue
790 2295 853 2358 que
869 2294 987 2337 nomen
1007 2270 1106 2336 habet
1129 2272 1250 2358 regule,
1274 2271 1374 2336 nichil
1397 2273 1431 2336 in
1448 2293 1481 2336 se
1504 2271 1601 2338 debet
1624 2273 1744 2340 habere
1764 2267 1828 2369 ,2225

90 2380 202 2444 fedum
218 2380 271 2444 val
295 2390 485 2461 tortuosum,
515 2402 557 2444 ne
588 2403 623 2443 so
648 2391 821 2466 sequentes
844 2402 910 2443 non
933 2389 1000 2443 tam
1023 2380 1057 2443 in
1079 2380 1167 2442 mam
1190 2390 1312 2443 rectam
1336 2378 1470 2465 dirigat,
1499 2403 1598 2465 quam
1621 2381 1744 2446 invium

90 2509 230 2572 pravum
246 2486 396 2568 deducat,
415 2496 452 2550 ut
470 2495 642 2572 prenotata
657 2486 771 2571 regula
787 2509 851 2550 non
867 2497 955 2550 recte
972 2508 1088 2571 regens
1104 2485 1246 2571 aliquem
1262 2497 1360 2571 atque
1376 2484 1449 2549 ideo
1465 2487 1595 2550 nomine
1612 2487 1745 2573 regulae

41 2620 72 2658 so
91 2592 236 2678 indigna,
262 2603 374 2658 contra
397 2615 495 2679 quam
517 2615 604 2656 nunc
627 2603 797 2678 tantopere
822 2591 988 2678 disputare
1005 2591 1084 2656 illud
1100 2593 1198 2677 cogit,
1215 2590 1302 2677 quod
1319 2593 1417 2656 etiam
1438 2591 1571 2678 quidam
1596 2595 1745 2658 canonici

90 2701 192 2763 vitam
216 2721 420 2765 communem
444 2697 623 2764 secundum
646 2698 791 2784 regulam
815 2697 905 2763 beati
920 2699 1096 2784 Augustini
1118 2698 1266 2784 professi,
1292 2721 1334 2762 ex
1357 2699 1602 2785 interpositione
1627 2722 1745 2765 sermo-

89 2829 168 2870 num
191 2803 280 2871 beati
295 2805 470 2892 Augustini
494 2805 612 2886 allecti,
637 2805 775 2869 eandem
800 2805 846 2868 sic
870 2816 1052 2891 acceptant,
1077 2815 1112 2868 ut
1135 2805 1169 2869 in
1189 2804 1403 2870 conventibus
1428 2806 1494 2869 suis
1519 2827 1591 2870 eam
1615 2808 1745 2872 recitari

90 2913 214 2976 faciant
238 2913 332 2999 quasi
354 2912 561 2993 autenticam,
587 2922 618 2975 et
641 2911 760 2974 nullius
784 2913 902 2975 erroris
925 2913 1142 2998 permixtione
1165 2911 1331 2992 infectam,
1354 2933 1419 2975 non
1444 2911 1649 2977 attendentes
1673 2935 1744 2978 eam

91 3019 259 3084 doctrinae
291 3016 488 3104 apostolicae
518 3020 552 3081 in
582 3017 689 3082 multis
718 3019 925 3081 contrariam.
971 3017 1113 3081 Proinde
1138 3018 1165 3081 si
1188 3017 1297 3103 placet
1323 3017 1521 3103 apostolicae
1546 3018 1745 3102 discretioni,

46 3151 72 3192 a
91 3135 126 3189 ut
149 3125 257 3190 aulica
285 3124 341 3188 illa
370 3125 530 3210 scriptura
558 3125 593 3188 in
617 3123 784 3188 aecclesiis
815 3123 1005 3188 matricibus
1035 3134 1184 3187 teneatur
1214 3146 1272 3209 pro
1298 3125 1489 3188 clericorum
1514 3127 1673 3190 canonica
1695 3148 1744 3190 re·

91 3231 184 3318 gula:
213 3232 317 3318 primo
341 3231 442 3316 ipsius
466 3253 570 3316 prava
596 3231 630 3294 in
655 3229 780 3294 directa
802 3230 891 3312 fiant,
916 3241 951 3294 ut
975 3229 1081 3294 aulica
1104 3229 1211 3293 edicta
1235 3229 1351 3293 edictis
1375 3229 1562 3317 apostolicis
1587 3231 1627 3294 de
1653 3231 1744 3295 cleri-
1765 3259 1874 3308 ausas.

92 3361 204 3402 corum
227 3340 295 3402 vita
326 3338 509 3402 efficiantur
540 3359 692 3418 consona,
722 3337 839 3400 decisis
870 3337 946 3400 indc
977 3337 1086 3423 pravis
1118 3347 1150 3400 et
1178 3336 1313 3422 reliquis
1344 3338 1534 3400 auctoritate
1566 3337 1745 3422 apostolica

92 3445 301 3518 canonizatis.
349 3443 442 3524 Quae
473 3465 613 3529 namque
645 3445 726 3508 ratio
758 3456 815 3524 est,
845 3453 880 3506 ut
910 3443 1048 3506 maiores
1073 3453 1104 3506 et
1127 3441 1235 3528 plures
1260 3442 1452 3506 clericorum
1476 3445 1745 3529 congregationes

91 3550 239 3637 regulam
253 3551 466 3638 profiteantur
488 3549 627 3614 aulicam
650 3549 739 3614 nulla
763 3549 849 3613 sedis
874 3548 1071 3635 apostolicae
1096 3550 1287 3612 auctoritate
1309 3550 1544 3631 canonizatum,
1562 3572 1636 3614 curn
1652 3550 1746 3636 plura

47 3686 74 3724 so
92 3659 300 3722 inveniantur
321 3668 450 3743 patrum
473 3656 726 3721 orthodoxorum
757 3657 878 3742 scripta
901 3655 1126 3737 directissima,
1151 3677 1235 3740 quae
1259 3677 1317 3741 pro
1343 3656 1392 3718 sui
1415 3655 1608 3720 rectitudine
1632 3655 1747 3721 haberi

91 3775 228 3851 possunt
249 3787 309 3851 pro
333 3763 455 3849 regula,
486 3774 551 3827 tam
576 3762 619 3826 ad
641 3761 878 3826 informandam
902 3763 1003 3825 vitam
1028 3761 1219 3826 clericorum
1250 3763 1559 3847 incongregatione
1590 3762 1649 3826 sub
1673 3786 1745 3849 pre·

91 3870 165 3934 latis
180 3871 370 3952 viventium,
388 3893 485 3956 quam
510 3880 543 3933 et
566 3891 676 3933 eoram
694 3870 749 3954 qui
773 3868 851 3932 foris
875 3869 972 3955 positi
996 3868 1173 3932 secundum
1197 3889 1339 3931 canones
1363 3877 1450 3931 recte
1468 3868 1602 3932 vivendi
1625 3868 1747 3933 habent

92 3977 294 4063 propositum
310 3974 370 4040 sab
386 3977 544 4060 regimine
561 3975 765 4038 antistitum?
790 3974 888 4055 Quod
903 3974 953 4038 his
970 3973 1096 4038 duobus
1111 3973 1301 4038 clericorum
1314 3973 1488 4060 generibus
1501 3974 1640 4060 amplius
1652 3987 1710 4058 est,
1727 3999 1747 4040 a

92 4083 177 4146 malo
191 4091 249 4164 est,
267 4093 300 4146 et
315 4082 495 4146 affirmante
508 4080 654 4145 Isidoro2
670 4104 730 4145 nec
747 4082 832 4144 inter
847 4080 982 4146 clericos
999 4081 1168 4166 religiosos
1184 4103 1245 4144 nec
1262 4082 1347 4144 inter
1361 4080 1462 4144 laicos
1475 4081 1673 4146 censendum
1688 4093 1745 4146 est.

49 4215 74 4255 as
201 4190 258 4271 Et,
293 4199 329 4252 ut
358 4188 399 4253 ad
429 4188 549 4252 flumen
579 4187 746 4252 Babilonis
777 4187 935 4251 Eufraten
973 4189 1199 4273 respiciamus,
1234 4186 1419 4250 huiusmodi
1450 4186 1560 4252 clerici
1598 4190 1744 4274 exceptis
1764 4214 1827 4266 (res).

93 4297 298 4383 paucissimis
328 4318 392 4360 non
423 4296 507 4359 sicut
537 4317 614 4358 aves
645 4293 714 4357 nidi
745 4295 804 4375 sui,
840 4293 928 4381 quod
956 4305 1005 4357 est
1033 4293 1221 4375 ierusalem,
1256 4295 1290 4357 in
1317 4294 1478 4379 principio
1506 4292 1636 4358 leticiae
1652 4317 1745 4359 suae

94 4425 253 4467 memores
283 4402 390 4467 flendo
421 4425 518 4487 super
547 4399 681 4464 flumina
704 4399 871 4464 Babilonis
902 4400 1055 4480 resident,
1088 4399 1146 4463 sed
1177 4399 1299 4463 eisdem
1330 4401 1423 4485 aquis
1447 4399 1538 4464 velut
1560 4402 1667 4485 pisces
1697 4401 1745 4464 in·
1764 4426 1882 4477 musar.

94 4511 192 4573 mersi
222 4508 330 4573 taliter
358 4509 392 4571 in
423 4509 469 4572 eis
499 4506 628 4589 ludunt,
659 4517 695 4570 ut
723 4529 889 4592 nunquam
921 4507 1064 4592 cogitent
1093 4506 1239 4570 revolare
1276 4505 1318 4570 ad
1347 4506 1437 4570 illurn
1467 4506 1745 4571 lerosolimitanae

95 4613 342 4680 cohabitationis
365 4615 487 4696 nidmu,
512 4616 546 4677 in
562 4636 626 4700 quo
641 4614 754 4700 primis
772 4614 952 4677 aecclesiae
976 4613 1059 4695 filiis,
1084 4624 1238 4698 tanquam
1255 4611 1348 4676 bonis
1365 4611 1461 4698 pullis
1481 4623 1550 4676 erat
1574 4635 1631 4677 cor
1645 4637 1744 4677 uuum
1764 4639 1883 4688 sessa.

49 4749 77 4786 sc
95 4733 128 4786 et
150 4723 260 4785 anima
281 4743 348 4786 uua
369 4723 403 4784 in
426 4721 511 4802 Deo,
535 4743 595 4784 nec
620 4721 792 4806 quisquam
816 4741 925 4783 eorum
950 4718 1074 4804 aliquid
1098 4741 1190 4782 susan
1215 4740 1285 4782 esse
1311 4717 1450 4782 dicebat.
1493 4719 1612 4784 Paucis
1636 4721 1744 4805 igitur,

93 4841 129 4892 ut
152 4828 274 4892 dictum
299 4839 356 4911 est,
381 4829 539 4914 exceptis,
564 4825 681 4913 quibus
705 4827 832 4889 animus
857 4837 905 4890 est
929 4827 1151 4890 conversionis
1177 4824 1242 4912 [εἰι
1267 4824 1474 4912 reversionis]
1500 4827 1533 4888 in
1556 4825 1744 4908 ierusalem,

93 4935 203 5022 plures
227 4957 338 4998 eorum
363 4934 555 5018 contemptis
579 4934 672 5019 aquis
697 4932 806 5018 Syloe,
831 4955 915 5018 quae
939 4931 1042 4996 fluunt
1070 4955 1144 4996 cum
1171 4930 1309 5013 silentio,
1342 4931 1414 5017 plus
1443 4931 1582 5016 diligunt
1611 4929 1746 4995 flumina
1765 4960 1850 5008 aas.

93 5040 261 5105 Babilonis
285 5052 318 5104 et
341 5063 442 5126 aquas
459 5038 616 5121 turbidas,
632 5038 706 5103 Deo
722 5038 861 5120 volente,
887 5061 945 5124 per
962 5037 1117 5124 phyalam
1142 5039 1225 5102 sexti
1249 5037 1357 5124 angeli
1373 5038 1503 5101 omnino
1520 5037 1745 5102 desiccandas.
1765 5066 1914 5115 spansa.

95 5146 177 5212 Cum
194 5149 280 5211 enim
297 5148 435 5233 septima
459 5155 491 5210 et
513 5145 626 5209 ultima
649 5145 769 5232 phyala
791 5145 962 5209 iracundia
977 5145 1041 5208 Dei
1066 5144 1163 5232 plena
1178 5144 1281 5207 ultimi
1298 5144 1440 5208 effusura
1464 5145 1505 5209 sit
1528 5146 1609 5208 iram
1632 5143 1745 5207 iudicii
1765 5172 1827 5220 (rsa).

48 5281 75 5321 ss
94 5255 128 5318 in
144 5276 263 5335 aerem,
287 5252 321 5317 id
338 5265 387 5317 est
409 5254 442 5316 in
459 5254 564 5316 aerias
581 5263 766 5338 potestates,
791 5251 946 5316 demones
971 5251 1094 5315 scilicet
1110 5273 1286 5337 omnesque
1310 5251 1454 5336 ipsorum
1471 5249 1657 5336 complices,
1681 5272 1745 5314 noa

201 5451 228 5514 a)
251 5461 278 5504 ct
297 5455 461 5504 reversionis
479 5453 529 5502 dcc.
550 5453 583 5500 A.

204 5615 233 5690 l)
256 5615 310 5672 Iul.
336 5616 460 5673 Potacrii
489 5617 523 5672 dc
552 5615 609 5672 vita
639 5617 783 5689 contempl.
809 5615 849 5685 II,
881 5635 903 5670 c.
930 5615 959 5684 9,
993 5613 1066 5689 Opp.
1092 5635 1160 5689 app.
1186 5617 1236 5670 rol.
1264 5613 1313 5668 32.
1429 5611 1460 5686 2)
1485 5613 1529 5669 De
1553 5615 1616 5669 eccl.
1641 5612 1747 5690 officiis

94 5723 135 5792 II,
161 5743 183 5780 c.
205 5723 234 5792 3,
258 5719 324 5796 §L
349 5725 391 5779 ed.
416 5723 556 5779 Areaalus
579 5721 625 5791 Vl,
645 5741 678 5797 p.
697 5721 770 5776 415.
