4396 6390
550 110 860 168 COMMENTARIUS
884 112 925 166 m*
949 111 1137 168 PSALMUM
1161 111 1266 168 LXIV.
1358 189 1359 192 Ἴ
1668 109 1731 172 433

71 292 200 359 Christo
232 305 365 360 auctore
397 297 604 360 constitutam
633 296 720 361 clero
750 298 784 361 in
808 298 1060 383 congregatione
1084 299 1208 362 viventi
1233 299 1412 384 assignavit
1436 311 1468 364 et
1491 300 1638 386 predicto
1663 303 1731 388 epi·

70 423 169 486 scopo
194 424 358 466 unacum
387 400 450 466 sibi
478 401 758 467 commanentibus
789 402 917 468 clericis
948 402 1185 468 observandam
1219 405 1468 486 commendavit,
1496 407 1593 471 etiam
1618 407 1658 472 de
1682 409 1730 472 in-

69 507 197 572 ferioris
222 508 345 573 ordinis
370 509 496 573 clericis
527 507 613 574 idem
642 507 757 574 beatus
786 510 972 574 adiunxit¹:
1006 511 1047 575 Si
1074 514 1133 596 qui
1162 535 1233 576 nero
1263 527 1335 576 sunt
1364 514 1476 578 clerici
1504 529 1592 578 entra
1622 540 1730 580 sacros

70 615 198 680 ordines
222 618 389 695 consn‘trtti,
413 618 472 702 qni
492 641 524 680 se
548 619 703 682 corstiaere
723 641 783 681 non
795 633 937 704 possunt,
961 620 1074 682 sortiri
1095 641 1207 682 naeres
1231 618 1340 683 debent
1362 633 1390 683 ct
1412 620 1572 704 stipendia
1595 646 1653 685 sno
1677 646 1727 686 eta-

42 723 167 786 sterius
182 725 336 808 accipere.
373 722 416 786 Et
435 725 511 807 quia
536 723 574 786 de
597 723 713 788 eisdem
730 725 887 809 patribus,
913 723 950 788 de
974 725 1087 814 quibam
1103 725 1237 811 prefati
1256 749 1373 803 sumus,
1397 728 1541 790 novimas
1563 730 1727 813 ‚sc-reptem,
1747 707 1985 848 GlDl⁸Pf³l¹⁵⁸ti⁰l

70 827 156 912 quod
171 828 374 894 dividebant
392 830 538 916 singulis,
552 844 652 914 prout
675 833 786 916 cuique
810 854 887 916 opus
910 844 986 909 erat,
1012 829 1050 893 cle
1073 853 1179 893 eorum
1202 854 1323 916 quoque
1346 831 1504 917 stipendio
1528 834 1727 918 cogitandum
1773 800 1975 850 regompapae.

69 948 160 1019 utque
176 936 414 1020 providendam
439 950 491 1014 est,
516 949 544 998 et
565 937 621 1000 snb
644 937 877 1002 aecclesiastica
900 937 1010 1022 rapula
1032 951 1105 1000 sant
1127 937 1260 1016 tenende,
1285 951 1319 1002 ut
1341 939 1430 1003 bonis
1454 941 1593 1003 moribus
1617 942 1726 1006 vivant

69 1055 97 1104 et
118 1041 271 1106 canendas
280 1043 420 1128 psalmis
444 1042 619 1128 istor-'pilent
643 1057 671 1106 et
693 1043 732 1106 ab
749 1044 891 1106 omnibus
910 1044 1036 1106 illicitis
1052 1067 1106 1107 cor
1122 1057 1150 1107 et
1165 1044 1305 1130 linquam
1323 1058 1352 1108 et
1366 1068 1489 1131 corpus,
1507 1045 1575 1110 Deo
1591 1061 1726 1126 anctore,

68 1162 256 1212 conseruent.
309 1145 506 1227 Notandum,
539 1148 615 1232 quia
645 1169 710 1211 non
741 1146 801 1211 sub
833 1149 991 1212 canorrica
1014 1146 1066 1211 vel
1095 1148 1285 1234 apostolica,
1317 1149 1375 1214 sed
1400 1148 1478 1213 ‘sub
1503 1151 1727 1216 ecclesiastica
1745 1173 1817 1213 aas.

32 1252 183 1338 stragula
213 1253 349 1318 clericos
380 1253 571 1338 coniugatos
602 1245 760 1318 tenendos
792 1254 932 1318 affirmat
956 1265 1086 1318 sanctus
1112 1253 1301 1339 Gregorius,
1327 1277 1425 1341 quam
1449 1257 1614 1321 succincte
1639 1279 1725 1322 com·

67 1359 292 1444 prehendens:
318 1361 430 1441 Bonis,
453 1361 568 1446 inquit,
593 1363 733 1426 moribus
756 1365 872 1441 vt‘nont,
897 1377 926 1427 et
947 1362 1098 1426 coalendis
1114 1363 1255 1448 psalmis
1281 1364 1445 1449 invigilent
1467 1365 1556 1427 etad
1581 1367 1725 1429 omnibus

69 1467 195 1531 illicitas
224 1481 253 1531 et
281 1491 335 1531 cor
364 1483 392 1532 et
421 1469 561 1555 linquam
586 1483 614 1532 et
636 1492 759 1554 corpus,
784 1469 851 1532 Deo
875 1483 1010 1548 auctore,
1034 1483 1219 1532 conservent.
1267 1467 1463 1532 Huiusmodi
1488 1468 1616 1533 clericis
1641 1470 1723 1535 chri-

68 1573 174 1635 stiana
197 1573 309 1658 regula
331 1573 512 1637 informatis
537 1585 569 1637 et
591 1584 685 1638 extra
709 1576 978 1659 congregationes
1008 1575 1086 1638 foris
1118 1573 1354 1659 accipientibus
1379 1597 1524 1660 congrua
1547 1575 1721 1661 stipendia,

67 1701 133 1742 non
150 1678 359 1743 confunditur
375 1681 584 1765 congregatio
608 1681 641 1744 in
658 1703 758 1744 unum
775 1679 912 1744 collecta
936 1703 974 1744 ea
998 1680 1197 1758 confusione,
1224 1703 1320 1766 quam
1344 1681 1528 1744 invenimus
1552 1683 1587 1745 in
1610 1684 1724 1768 regula

23 1812 50 1850 ιι
67 1786 154 1870 regis
169 1784 349 1850 Ludewici.
381 1785 475 1866 Quae
493 1808 566 1850 cum
583 1787 787 1850 sanctissima
811 1788 990 1850 communis
1006 1787 1093 1850 vitae
1118 1787 1284 1851 contineat
1307 1785 1408 1850 multa
1430 1788 1587 1869 instituta,
1613 1799 1722 1852 tamen

67 1892 100 1954 in
132 1891 194 1956 hoc
224 1893 389 1956 invenitur
420 1891 564 1974 confusa,
596 1892 684 1978 quod
713 1892 838 1956 eisdem
869 1891 1005 1972 clericis,
1037 1891 1154 1979 quibus
1184 1893 1252 1957 illic
1283 1893 1474 1958 ordinantur
1505 1893 1643 1958 cenobia
1670 1895 1723 1959 vel

69 1997 219 2078 claustra,
243 2001 474 2085 permittuntur
489 2017 618 2085 quoque
634 1997 821 2063 habitacula
843 2000 971 2084 privata
988 2009 1020 2063 et
1034 2001 1168 2085 propria
1179 2005 1198 2063 ².
1236 1999 1332 2080 Quod
1349 1999 1427 2085 quid
1444 2011 1494 2063 est
1509 1998 1607 2082 aliud,
1625 2023 1722 2086 quam

68 2105 228 2190 oppositio
244 2105 279 2168 in
295 2105 433 2186 adiecto,
450 2114 485 2169 ut
502 2105 638 2169 alterum
655 2104 841 2168 destruatur
857 2128 898 2168 ex
922 2104 1041 2187 alter03
1066 2106 1149 2169 sicut
1174 2128 1247 2170 cum
1264 2106 1383 2171 dicitur
1406 2105 1525 2170 animal
1550 2117 1721 2188 mortuum,

68 2234 125 2296 per
148 2211 182 2274 id
199 2211 287 2297 quod
303 2211 434 2275 animali
451 2210 591 2275 adicitur
605 2221 777 2292 mortuum,
795 2213 1005 2297 consequitur
1024 2211 1080 2276 tali
1105 2211 1231 2276 adiecto
1256 2211 1376 2276 animal
1393 2211 1603 2277 destructum.
1639 2213 1721 2276 Nam

32 2343 53 2381 so
68 2319 93 2380 si
110 2329 160 2381 est
183 2330 354 2399 mortuum,
379 2327 510 2382 nonest
533 2317 662 2398 animal,
688 2319 765 2404 quia
788 2319 836 2382 rei
851 2320 947 2381 vivae
970 2341 1089 2382 nomen
1113 2329 1162 2382 cst
1185 2318 1316 2382 animal.
1353 2317 1509 2383 Similiter
1525 2341 1598 2382 cum
1615 2319 1723 2406 dispo-

69 2425 127 2489 sito
150 2425 217 2487 iam
242 2424 382 2488 claustro
414 2424 610 2511 claustrique
642 2425 742 2510 portis
774 2435 806 2488 et
829 2424 985 2488 custodiis
1010 2426 1155 2490 eiusdem
1179 2425 1311 2490 claustri
1342 2423 1578 2490 habitatoribus
1608 2425 1723 2490 domus

67 2531 195 2616 privata
219 2541 251 2594 et
275 2532 405 2617 propria
421 2529 624 2616 relinquitur,
646 2542 678 2594 et
694 2530 835 2617 quadam
852 2533 945 2618 quasi
969 2533 1024 2617 pia
1046 2532 1321 2596 condescensione
1345 2533 1391 2618 pii
1416 2533 1503 2617 regis
1526 2531 1722 2618 indulgetur,

67 2647 132 2700 tota
164 2636 346 2701 claustralis
377 2637 545 2722 dispositio
577 2636 784 2700 confunditur
814 2648 846 2702 et
876 2639 1101 2724 corrumpitur,
1133 2651 1288 2725 tanquam
1319 2640 1346 2702 si
1376 2638 1476 2704 multo
1500 2641 1576 2703 vino
1607 2663 1723 2725 parum

67 2744 185 2806 veneni
210 2742 358 2824 addatur,
375 2754 410 2807 ut
432 2742 569 2807 illudve
587 2742 826 2829 dampnationis
846 2757 977 2808 eternae
1001 2747 1133 2808 suavius
1153 2744 1293 2826 bibatur,
1312 2745 1399 2831 quod
1416 2747 1577 2831 scriptura
1599 2745 1724 2810 indicat

22 2848 197 2914 redicens:
223 2851 263 2914 Ve
283 2853 446 2936 peccatori
466 2865 581 2914 terrum
606 2851 798 2937 ingredienti
819 2851 941 2916 duobus
964 2854 1047 2916 ois's!
1742 2874 1811 2916 asera
1819 2875 1839 2924 a,
1849 2877 1882 2915 ιι.

173 2955 293 3020 Annon
317 2955 444 3020 duabus
463 2958 525 3019 viis
549 2956 704 3020 incedunt
735 2957 790 3042 qui
819 2957 997 3021 secundum
1022 2959 1266 3022 concessionem
1289 2957 1362 3021 talis
1386 2956 1519 3042 regulae
1544 2979 1722 3043 congrega·
1741 2982 1806 3031 (ιιι).

67 3063 165 3127 tionis
195 3064 341 3126 instituta
372 3063 467 3127 simul
497 3085 571 3127 cum
601 3065 749 3148 privatae
781 3062 895 3127 domus
926 3063 1129 3148 indulgentia
1153 3063 1359 3150 suscipiunt?
1406 3063 1466 3134 Est
1489 3085 1618 3148 quoque
1642 3062 1724 3127 illud

67 3168 322 3255 reprehensibile
337 3171 372 3232 in
388 3169 516 3255 prefata
539 3169 661 3255 regula,
687 3168 774 3255 quod
797 3170 831 3233 in
855 3171 958 3255 primo
983 3171 1051 3233 eius
1077 3170 1242 3256 capitulo³
1265 3168 1458 3254 euangelica
1481 3191 1625 3233 summae
1649 3191 1721 3254 per-

66 3275 216 3340 fectionis
239 3275 452 3356 hortamenta,
476 3287 511 3339 ut
535 3287 600 3340 est:
634 3277 729 3356 Vade,
760 3277 856 3340 tterzde
880 3302 959 3362 quoe
983 3278 1076 3341 dobes
1100 3277 1192 3341 etde
1210 3279 1410 3362 pauperibus
1433 3291 1461 3340 et
1483 3279 1564 3355 ceni,
1595 3301 1722 3362 sequere
1740 3299 1898 3348 uersuram.

17 3407 49 3446 so
67 3407 124 3464 nae,
148 3391 322 3469 ceteraque
347 3381 396 3446 his
421 3381 539 3447 similia
562 3381 638 3445 solis
662 3382 829 3447 monachis
853 3384 1060 3467 assignantur
1083 3393 1115 3446 et
1138 3405 1197 3468 per
1213 3381 1353 3468 quedam
1377 3382 1532 3445 inferiora
1548 3380 1720 3467 baptizatis

67 3489 99 3552 in
124 3487 253 3553 Christo
278 3489 403 3552 cunctis
428 3490 641 3553 communiter
671 3487 832 3552 servanda
861 3489 954 3552 simul
983 3487 1170 3552 indistincte
1194 3487 1409 3552 informantur
1433 3486 1553 3568 clerici,
1580 3509 1662 3574 eque
1686 3498 1722 3553 ut

67 3597 168 3660 ceteri
192 3594 370 3659 christiani.
417 3595 524 3659 Decet
552 3617 629 3658 sane
658 3596 766 3680 potius
796 3596 831 3658 in
854 3593 928 3658 aula
952 3596 1052 3679 regia,
1077 3617 1175 3681 quam
1199 3596 1232 3658 in
1257 3594 1334 3658 sede
1359 3594 1537 3680 apostolica
1560 3592 1721 3659 fabricata

67 3725 138 3766 csse
163 3701 240 3766 talia
265 3701 468 3782 documenta,
500 3702 663 3787 quoniam,
696 3702 779 3765 sicut
804 3702 934 3786 scripsit
957 3723 1015 3764 rex
1034 3700 1216 3765 Antiochus
1241 3701 1328 3764 omni
1351 3722 1451 3785 regno
1476 3722 1545 3780 suo,
1576 3711 1612 3764 ut
1635 3711 1721 3764 esset
1740 3671 1941 3794 iliiiiiiiigis

66 3809 170 3873 omnis
193 3807 332 3894 populus
356 3831 449 3889 unus,
474 3809 518 3872 ita
542 3829 601 3872 rex
616 3806 812 3871 Ludewicus
837 3809 982 3892 exceptis
1007 3807 1228 3871 tantummodo
1251 3805 1419 3870 monachis
1444 3806 1566 3870 clerum
1592 3807 1720 3870 socians
1762 3797 1910 3864 Antiochi]

25 3914 196 4002 apopu10,
221 3916 350 4000 scripsit
373 3913 426 3978 vel
450 3915 602 4000 cuiquam
626 3935 669 3977 ex
692 3912 869 3999 capellanis
894 3914 960 3976 suis
984 3913 1103 3976 clerico
1123 3912 1278 3976 scribenti
1295 3913 1460 3975 consensit
1483 3924 1514 3976 et
1538 3913 1607 3998 ipse
1632 3914 1720 3976 omni

65 4043 165 4107 regno
190 4043 258 4102 suc,
287 4031 323 4084 ut
341 4032 431 4084 esset
453 4019 592 4106 populus
616 4042 698 4083 unus
735 4019 892 4104 fieretque
924 4021 1008 4082 sicut
1037 4018 1175 4104 populus
1200 4021 1246 4082 sic
1271 4018 1433 4082 sacerdos.
1481 4019 1617 4082 Meliora
1642 4041 1719 4104 ergo
1739 4043 1853 4092 cresus.

66 4137 140 4191 sunt
163 4127 245 4212 legis
262 4150 359 4213 quam
384 4128 469 4212 regis
494 4126 656 4207 mandata,
679 4127 831 4212 quoniam
855 4126 888 4189 in
905 4125 977 4210 lege
1001 4124 1104 4189 tribus
1120 4125 1202 4188 Levi
1226 4124 1346 4210 legitur
1369 4147 1389 4189 a
1412 4125 1546 4211 reliquis
1569 4123 1719 4189 tribubus
1739 4150 1806 4188 neus.
1816 4149 1848 4197 rs,
1859 4151 1878 4189 1.

65 4235 196 4299 omnino
227 4244 400 4320 segregata
430 4257 469 4298 ac
499 4245 628 4297 terrena
658 4232 839 4296 hereditate
868 4234 1012 4318 privata3
1042 4243 1074 4295 et
1103 4230 1365 4295 benedictionem
1390 4231 1471 4295 dans
1502 4255 1607 4295 novae
1637 4231 1719 4317 legis

66 4340 158 4422 lator,
183 4339 277 4404 verbi
303 4341 354 4404 sui
377 4341 540 4404 ministros
565 4351 597 4403 et
620 4339 861 4424 dispensatores
885 4339 1101 4402 misteriorum
1126 4338 1190 4401 Dei
1215 4338 1316 4402 voluit
1339 4351 1371 4401 et
1394 4336 1505 4402 docuit
1528 4361 1593 4402 non
1617 4337 1720 4402 solum

23 4469 85 4512 soa
107 4447 229 4534 populo
252 4448 432 4511 communis
457 4446 698 4526 christianismi,
723 4445 896 4509 sedetiam
920 4467 939 4508 a
963 4455 1037 4508 cetu
1061 4444 1214 4529 spiritalis
1239 4455 1271 4507 et
1294 4445 1466 4508 monastici
1489 4445 1647 4529 propositi
1672 4466 1720 4508 se·

65 4552 260 4639 gregandos,
289 4555 335 4617 ita
363 4553 496 4636 scilicet,
521 4563 643 4616 utnon
668 4573 780 4616 omnes
809 4551 961 4615 monachi
991 4550 1072 4614 fiant
1102 4549 1223 4632 clerici,
1255 4548 1313 4613 sed
1344 4571 1386 4613 ex
1416 4548 1466 4612 his
1498 4549 1719 4613 tantummodo

65 4659 161 4724 electi
186 4669 218 4722 et
241 4659 405 4744 segregati
430 4657 570 4745 quadam
595 4659 805 4744 prerogativa
829 4659 971 4721 sanctius
996 4659 1079 4721 inter
1103 4667 1232 4720 sanctos
1257 4655 1482 4720 conversandi.

172 4765 251 4830 Ideo
274 4763 395 4828 Paulus
420 4765 585 4851 apostolus
609 4773 799 4849 segregatus
822 4765 856 4827 in
881 4763 1086 4849 euangelium
1109 4763 1174 4826 Dei
1198 4762 1354 4848 gloriatur
1376 4764 1411 4825 in
1431 4761 1572 4826 Domino
1597 4784 1631 4824 se
1654 4784 1721 4825 una
1738 4787 1803 4835 (ιιι).

66 4879 155 4937 *cum
172 4871 334 4953 Bernaba,
359 4872 443 4936 sicut
465 4873 499 4935 in
514 4870 653 4935 Actibus
678 4870 897 4956 apostolorum
920 4869 1047 4955 legitur,
1072 4871 1205 4954 inopus
1230 4867 1479 4953 euangelizandi
1502 4877 1718 4953 segregatum,
1738 4866 1860 4969 232⁸,qu

18 5005 45 5044 ss
64 5002 130 5044 non
161 4978 264 5043 solum
288 5000 307 5041 a
331 4977 522 5042 seculariter
543 4977 724 5040 viventium
756 4987 788 5040 et
819 4977 970 5061 coniugio
994 4976 1153 5040 utentium
1184 4975 1259 5039 laxo
1290 4975 1466 5060 proposito,
1498 4973 1676 5037 sedetiam
1701 4996 1721 5036 a

64 5085 229 5149 communi
245 5085 313 5149 vita
328 5085 508 5148 viventium
532 5085 643 5147 stricto
669 5094 701 5146 et
717 5083 810 5168 quasi
836 5084 1014 5146 monastico
1039 5084 1194 5146 instituto.
1230 5079 1489 5146 Ministrantibus
1514 5080 1601 5143 enim
1624 5079 1719 5144 disci-

64 5190 150 5277 pulis
181 5200 213 5255 et
243 5189 462 5254 ieiunantibus
493 5189 577 5254 dixit
601 5189 741 5275 Spiritus
772 5200 921 5254 sanctus:
953 5188 1118 5277 Segrepete
1147 5189 1231 5253 milri
1251 5188 1387 5252 Panium
1415 5201 1443 5251 et
1469 5187 1655 5250 Barnabant
1686 5189 1720 5250 in
1739 5212 1860 5262 retusa.

177 5341 206 5412 1)
225 5341 318 5417 spise
333 5340 387 5411 XI,
402 5341 474 5410 aaa,
491 5340 558 5396 ΕΕ.
572 5339 613 5409 II,
621 5361 655 5416 p.
666 5339 739 5394 333.
811 5336 841 5412 2)
859 5337 964 5396 Concil.
978 5338 1152 5414 Aquisyran.
1167 5335 1402 5407 a.816,c.142,
1418 5335 1525 5404 Μαηεὶ,
1541 5333 1625 5392 Cone.
1634 5335 1685 5390 XI
1687 5335 1718 5404 V,

69 5449 121 5505 col.
136 5447 217 5504 243:
234 5447 367 5512 Quamvis
380 5449 520 5504 canonicis
532 5448 658 5520 proprias
671 5447 778 5502 licitum
791 5448 827 5500 sit
839 5447 946 5501 habere
958 5446 1117 5500 mansiones
1131 5451 1179 5501 etc.
1247 5441 1277 5516 3)
1293 5442 1368 5499 Ibid.
1386 5461 1409 5499 c.
1426 5441 1497 5510 114,
1515 5442 1532 5496 l.
1547 5442 1565 5496 l.
1579 5441 1629 5498 col.
1645 5440 1718 5496 227.

137 5568 238 5620 Libelli
257 5570 291 5620 ds
312 5568 367 5619 lite.
398 5570 453 5620 111.
1473 5563 1507 5612 60
