4426 6398
456 362 521 425 666
961 367 1197 426 TRACTATUS
1221 367 1511 426 EBORACENSES.
1545 369 1603 430 IV.

457 553 645 620 sacerdotis.
693 553 854 619 Sacerdos
882 555 1026 641 quippe*
1050 552 1147 620 aliam
1169 554 1393 642 prefigurebat
1420 556 1455 620 in
1478 553 1609 620 Christo
1631 565 1792 636 natumm,
1822 552 1859 618 id
1882 563 1934 618 est
1963 551 2100 644 hominis,

455 683 517 725 rex
540 659 649 743 cham,
672 659 708 725 id
723 670 773 725 est
787 659 862 724 Dei.
897 659 956 725 Ille
980 662 1181 748 superiorem
1204 662 1291 748 qua'³
1313 661 1438 750 equalis
1462 671 1512 726 est
1534 660 1608 726 Deo
1632 662 1726 748 patri,
1750 661 1812 725 istc
1836 659 2102 746 inferioremque

457 768 563 832 minor
586 776 636 831 est
657 775 760 854 patre.
801 765 1030 855 Prefigurabat
1059 767 1158 832 etiam
1181 767 1344 850 sacerdos,
1360 766 1450 854 quod
1472 765 1621 833 Christus
1644 767 1687 832 ad
1709 777 1822 832 6666θ
1847 775 1937 831 esset
1958 787 2103 852 passurus

321 896 438 948 apaan.
456 883 594 938 mortem
618 883 651 938 et
673 872 851 938 traditurus
874 883 977 937 semet
991 874 1098 960 ipsum
1121 875 1156 938 in
1171 873 1369 939 oblationem
1393 884 1426 939 et
1448 876 1582 940 hostiam
1598 874 1667 939 Deo
1683 876 1787 961 patri,
1811 876 1849 939 in
1864 873 1994 938 odorem
2008 877 2104 938 navi-

279 973 659 1052 e.r·.1o‚1s.tctir.Rex
683 989 791 1044 autem
815 977 1047 1066 prefigurabat,
1072 979 1160 1067 quod
1183 989 1377 1066 regnaturus
1400 990 1487 1045 esset
1512 981 1547 1044 in
1571 989 1718 1067 eternum
1741 989 1774 1044 et
1797 1001 1949 1044 sessurus
1976 979 2011 1042 in
2032 977 2126 1044 eolice

279 1109 438 1160 mesauri.
459 1095 492 1150 et
514 1084 592 1150 sede
616 1084 727 1174 celesti
758 1110 857 1173 aspro
888 1110 1005 1152 omnem
1026 1089 1246 1174 principatum
1269 1101 1298 1152 et
1315 1100 1496 1174 potestatem
1526 1101 1555 1152 et
1582 1089 1725 1152 vinum
1749 1100 1780 1152 et
1801 1087 2057 1166 dominationem,
2077 1095 2106 1150 et

459 1191 547 1279 quod
577 1191 782 1257 coronandus
814 1202 900 1258 esset
929 1191 1035 1278 gloria
1064 1192 1240 1258 ethonore
1271 1202 1304 1258 et
1326 1190 1571 1258 constituendus
1601 1189 1832 1279 superomnia
1856 1212 1961 1278 opera
1983 1190 2056 1272 Dei,
2078 1205 2106 1256 et

458 1297 547 1384 quod
570 1296 633 1363 sibi
656 1297 848 1363 subicienda
872 1309 980 1363 essent
1003 1299 1122 1364 omnia.
1156 1298 1243 1364 Nam
1265 1309 1299 1364 et
1321 1297 1395 1364 ideo
1417 1295 1497 1364 Saul
1520 1308 1553 1363 et
1574 1297 1687 1363 David
1710 1297 1805 1363 electi
1828 1296 1985 1362 dicuntur
1999 1320 2020 1362 a
2039 1297 2105 1362 Deo

459 1414 491 1469 et
509 1405 598 1470 uncti
621 1426 720 1491 super
733 1403 949 1469 hereditatem
964 1403 1019 1469 dei
1034 1404 1137 1470 Israel
1161 1415 1194 1470 et
1216 1403 1371 1470 sederunt
1392 1405 1427 1470 in
1443 1403 1524 1470 solio
1547 1414 1581 1469 et
1603 1403 1681 1468 sede
1704 1404 1798 1490 regni
1820 1404 1857 1468 in
1871 1402 2077 1468 Hierusalem
2084 1404 2105 1486 ¹¹,

459 1532 558 1598 super
581 1509 668 1597 quod
691 1521 724 1575 et
746 1533 767 1574 a
788 1510 949 1598 prophete
971 1523 1004 1575 et
1026 1509 1069 1576 ab
1092 1511 1209 1598 angelo
1233 1533 1381 1577 sessurus
1405 1533 1477 1576 esse
1501 1509 1650 1576 Christus
1676 1512 1711 1574 in
1735 1520 1882 1598 eternum
1906 1508 2105 1575 describitur.
2119 1536 2137 1574 6

351 1641 440 1690 666
459 1617 731 1704 Multiplicabitur
753 1617 849 1700 enim,
873 1617 980 1703 inquit
995 1617 1122 1700 Ysaias,
1146 1620 1215 1684 eiua
1237 1621 1407 1706 imperium
1430 1634 1459 1684 et
1476 1621 1571 1706 poecis
1593 1643 1655 1684 666
1677 1621 1739 1684 erit
1752 1621 1858 1706 666·
1880 1642 1980 1704 super
2001 1619 2107 1682 666-’66

459 1723 574 1789 Dauid
594 1737 623 1788 et
644 1747 740 1810 super
761 1747 890 1812 requam
913 1726 991 1804 eius,
1014 1737 1048 1788 ut
1062 1727 1222 1812 confirmet
1243 1725 1372 1790 illudet
1386 1727 1564 1790 corroboret
1584 1727 1620 1789 iu
1641 1725 1764 1790 iudicio
1786 1739 1816 1789 et
1837 1727 1980 1805 iusticia,
2003 1724 2107 1788 amodo

316 1817 489 1920 ”liss'liijet
510 1853 607 1916 usque
629 1832 665 1894 ia
678 1829 933 1916 sempiternum&
967 1828 1012 1894 Et
1034 1829 1170 1916 angelus
1194 1829 1236 1895 ad
1251 1829 1407 1896 Mariam:
1430 1831 1476 1896 Et
1497 1831 1596 1912 dabit,
1619 1831 1734 1916 inquit,
1752 1833 1800 1896 'es'
1812 1831 1996 1896 Dominas⁸
2011 1831 2107 1894 66666

461 1936 575 2002 David
591 1938 699 2023 potrus
721 1937 789 2000 cius
812 1945 845 2000 et
860 1936 1002 2000 ceterel.
1035 1935 1129 2001 Non¹
1149 1935 1244 2001 dicit:
1269 1934 1362 2001 dabit
1383 1935 1430 2000 illi
1453 1935 1564 2001 sedern
1579 1935 1692 2000 Aaron
1706 1936 1808 2023 patris
1825 1936 1906 2018 eius,
1931 1958 1995 2000 nec
2018 1934 2107 2000 dicit:

461 2063 560 2128 super
582 2040 698 2110 solium
719 2040 831 2106 Aaron
855 2051 888 2106 et
910 2064 1008 2129 super
1031 2065 1167 2129 regnum
1191 2043 1261 2108 eius
1285 2040 1423 2124 sedebit,
1446 2052 1482 2108 ut
1505 2041 1674 2107 confirmet
1697 2040 1787 2123 illud,
1811 2041 1871 2107 sed
1894 2040 1992 2107 dicit:
2023 2040 2140 2106 debita

460 2147 507 2213 illi
530 2143 691 2213 Dominus
721 2147 835 2213 sedem
857 2147 969 2213 David
993 2157 1025 2213 et
1047 2148 1176 2214 sedebit
1205 2171 1304 2236 super
1326 2147 1443 2214 solium
1467 2158 1500 2213 et
1521 2170 1657 2234 regnum
1681 2147 1804 2213 David.
1852 2146 1981 2230 Quibus
2004 2145 2108 2212 verbis

461 2254 652 2337 ostenditur,
683 2253 771 2340 quod
800 2277 900 2319 unum
930 2253 1046 2320 solium
1077 2265 1110 2320 et
1136 2277 1203 2320 unc
1232 2255 1327 2321 sedes
1358 2265 1408 2320 ost
1437 2265 1470 2320 et
1498 2277 1599 2320 unum
1627 2275 1765 2340 regnum
1788 2253 1912 2320 Christi
1936 2265 1970 2320 et
1992 2254 2108 2319 David
2174 2243 2181 2265 '

461 2360 557 2426 Unde
582 2361 670 2426 etin
693 2360 809 2448 spiritu
832 2383 915 2426 unus
936 2372 986 2427 est
1002 2359 1150 2427 Christus
1166 2372 1199 2427 et
1213 2361 1326 2428 David
1349 2371 1382 2426 et
1403 2383 1470 2426 una
1492 2359 1668 2448 potestask,
1691 2383 1758 2426 una
1780 2360 1896 2447 gloria,
1919 2383 1989 2426 una
2010 2360 2109 2447 digni-

461 2478 511 2532 tas
527 2466 649 2533 Christi
673 2477 706 2532 et
723 2467 844 2532 David.
881 2466 992 2548 Quare
1016 2477 1049 2533 et
1072 2468 1167 2534 sedes
1182 2467 1295 2552 David
1319 2477 1352 2534 et
1374 2467 1490 2533 solium
1513 2477 1546 2532 et
1568 2489 1704 2553 regnum
1728 2477 1762 2532 et
1783 2477 1930 2555 potestas
1954 2477 1989 2532 et
2011 2467 2110 2554 gloria

462 2584 495 2638 et
518 2573 659 2660 dignitas
684 2595 782 2660 super
805 2574 914 2638 omnia
944 2585 977 2639 et
1003 2576 1108 2640 maior
1130 2574 1280 2640 omnibus
1303 2585 1336 2640 et
1358 2575 1521 2639 universis
1544 2575 1695 2638 sanctior.
1742 2572 1822 2639 Ideo
1845 2575 1947 2639 etiam
1970 2585 2004 2640 et
2026 2583 2110 2662 pote-
2124 2595 2145 2634 u

462 2689 579 2744 statem
603 2689 635 2744 et
657 2681 829 2766 imperium
853 2679 943 2746 dedit
965 2679 1012 2744 illi
1028 2680 1190 2746 Dominus
1213 2703 1312 2768 super
1334 2681 1423 2768 ipsos
1442 2681 1540 2745 etiam
1556 2679 1743 2745 sacerdotes
1758 2679 1904 2746 Domini.
1941 2679 2110 2764 Dominus,

462 2789 606 2874 inquam,
630 2785 730 2870 dedit,
754 2786 811 2874 qui
833 2785 933 2852 nichil
956 2787 1084 2870 iniuste,
1109 2786 1168 2852 sed
1190 2788 1299 2853 omnia
1314 2789 1397 2852 iuste
1412 2786 1501 2851 facit.
1536 2787 1661 2852 Iustum
1677 2808 1755 2873 ergo
1777 2785 1849 2869 fuit,
1873 2796 1910 2852 ut
1932 2809 1995 2851 rex
2017 2809 2111 2873 super

463 2892 648 2958 sacerdotes
672 2902 705 2957 et
727 2901 921 2980 potestatem
943 2890 1080 2958 haberet
1101 2903 1135 2958 et
1157 2894 1340 2981 imperium.

571 2997 639 3064 Sed
660 2998 701 3064 de
717 2999 832 3085 Moyse
849 2998 929 3086 quid
944 2995 1100 3082 dicemus,
1124 3001 1181 3086 qui
1202 3022 1268 3065 non
1283 2999 1345 3064 fuit
1358 3021 1420 3064 rex
1434 3000 1587 3065 unctione
1604 3009 1759 3084 sacratus,
1773 3021 1847 3064 ¹non
1869 2999 1932 3064 fuit
1950 2999 2111 3082 sacerdos,

463 3106 522 3171 sed
545 3105 613 3171 dux
635 3115 761 3170 tantun
784 3105 896 3192 populi
913 3106 999 3171 fuit?
1027 3105 1144 3171 Nonne
1168 3117 1201 3170 et
1215 3106 1287 3193 ipse
1303 3129 1402 3192 super
1417 3105 1603 3171 sacerdotes
1619 3115 1814 3192 potestatem
1830 3104 1947 3171 habuit
1966 3117 1999 3172 et
2014 3107 2112 3194 impe·
2127 3124 2149 3164 a

462 3213 572 3278 rium?
603 3211 718 3276 Nonne
734 3211 847 3277 Aaron
862 3222 895 3276 et
909 3211 993 3276 lilios
1009 3213 1079 3276 eius
1094 3212 1227 3277 uncxit¹
1247 3223 1280 3278 et
1299 3212 1502 3278 consecravit
1516 3212 1552 3275 in
1567 3211 1754 3277 sacerdotes
1771 3222 1804 3277 et
1818 3210 1937 3278 levitas
1961 3223 1995 3278 et
2010 3212 2113 3278 taber·

463 3318 617 3384 naculum
640 3328 673 3383 et
688 3317 804 3384 altaria
820 3329 853 3384 et
868 3319 977 3383 omnia
991 3341 1073 3383 vasa
1088 3319 1158 3383 eius
1174 3318 1391 3384 sanctificavit
1413 3327 1445 3383 et
1463 3327 1565 3384 totum
1582 3317 1749 3384 dedicavit
1763 3319 2013 3384 sanctuarium?
2044 3319 2114 3408 Que

462 3425 552 3491 nulla
567 3426 692 3490 ratione
708 3424 817 3490 facere
834 3426 1001 3512 potuisset,
1020 3425 1084 3488 uisi
1100 3424 1146 3488 illi
1162 3446 1263 3512 super
1277 3425 1338 3514 hec
1354 3425 1463 3490 omnia
1477 3424 1639 3489 Dominus
1663 3435 1696 3490 et
1709 3435 1905 3512 potestatem
1920 3424 2068 3492 dedisset
2084 3437 2115 3490 et

463 3533 647 3619 imperium,
671 3532 728 3618 qui
742 3530 843 3596 nichil
858 3532 975 3597 iniuste
992 3533 1060 3617 agit
1075 3531 1129 3596 vel
1143 3533 1300 3618 iniquum.
1332 3531 1443 3612 Quare
1458 3532 1579 3597 iustum
1602 3541 1635 3596 et
1650 3553 1769 3618 equum
1784 3530 1856 3616 fuit,
1880 3542 1917 3597 ut
1933 3532 2033 3596 etiarn
2049 3531 2115 3597 dux

464 3660 563 3725 super
585 3638 646 3726 hec
662 3639 771 3703 omnia
794 3647 826 3702 et
841 3647 1036 3725 potestatem
1051 3636 1188 3703 haberet
1211 3647 1243 3701 et
1260 3638 1456 3724 imperium„
1476 3636 1520 3702 Et
1535 3659 1576 3702 ne
1592 3637 1633 3703 de
1650 3637 1718 3703 solo
1733 3637 1848 3725 Moyse
1864 3637 1927 3703 hoc
1943 3638 2114 3724 intelligas,
2129 3655 2152 3694 ω

464 3744 552 3827 audi,
570 3744 657 3831 quod
672 3745 771 3810 etiam
785 3745 910 3832 losuem
928 3754 960 3809 et
975 3745 1096 3832 ceteri¹1
1112 3743 1212 3810 duces
1228 3743 1313 3809 hanc
1327 3743 1520 3808 habuerunt.
1549 3742 1633 3808 Nam
1650 3743 1829 3809 secundum
1846 3745 2009 3833 scripture
2025 3767 2114 3830 sacre

464 3852 693 3933 testimonium,
724 3851 807 3916 sicut
836 3849 897 3915 fuit
920 3850 1079 3916 Dominus
1111 3873 1184 3915 cum
1207 3849 1333 3936 Moyse,
1363 3851 1410 3914 ita
1440 3849 1501 3915 fuit
1530 3872 1605 3916 cum
1627 3851 1724 3916 Iosue
1755 3861 1788 3916 et
1817 3851 1936 3940 ceteris
1966 3850 2114 3934 ducibus,

464 3958 618 4045 quoniam
642 3966 674 4020 et
696 3957 761 4043 ipsi
790 3957 825 4020 iu
848 3957 963 4043 spiritu
979 3966 1024 4020 et
1046 3957 1165 4021 virtute
1189 3954 1310 4021 Christi
1332 3964 1493 4020 venerunt
1522 3967 1555 4021 et
1583 3978 1757 4044 personam
1788 3958 1858 4022 eius
1889 3969 2063 4048 gesserunt
2085 3969 2115 4022 et

354 4086 445 4136 -ene
464 4066 554 4129 vices
577 4072 760 4144 tenuerunt,
784 4073 817 4127 et
839 4073 1088 4127 sacramentum.
1124 4061 1298 4127 ‘Salomon
1320 4085 1449 4150 quoque
1473 4063 1629 4150 pacificus
1651 4085 1712 4127 rex
1734 4063 1805 4150 ipse
1828 4073 1877 4128 tot
1900 4066 2111 4130 sacramentis

295 4191 445 4235 arms-r.
465 4169 587 4235 Christi
611 4180 643 4234 et
666 4167 806 4257 ecclesie
828 4168 964 4251 refulsit,
990 4179 1024 4234 ut
1046 4168 1252 4256 ecclesiastes
1275 4169 1390 4234 merito
1412 4179 1594 4234 vocaretur.
1640 4169 1726 4257 Ipse,
1751 4169 1838 4256 quod
1860 4169 1941 4236 nulli
1964 4170 2114 4236 sacerdo·
2131 4185 2154 4226 ὓ

465 4285 533 4341 tum
549 4297 740 4340 concessum
756 4274 826 4357 huit,
844 4275 975 4340 domum
990 4274 1132 4340 Domino
1149 4274 1315 4362 edificavit
1328 4297 1514 4362 novumque
1531 4277 1770 4340 sanctuarium⁰
1786 4278 1979 4359 construxit,
1995 4300 2114 4342 novum

296 4406 353 4456 ns,
363 4405 447 4447 6-6.
466 4379 672 4446 sacrificandi
691 4382 789 4444 ritum
804 4381 950 4464 institutit,
975 4381 1181 4446 secerdotum
1195 4403 1366 4446 numerum
1381 4381 1560 4468 ampliavit,
1576 4382 1734 4469 templum
1748 4382 1884 4447 Domini
1899 4382 2069 4448 dedicavit
2084 4394 2114 4448 et

309 4513 367 4562 iae,
376 4511 448 4554 1-is.
466 4489 576 4552 omnia
590 4489 745 4553 interiora
767 4489 837 4552 eius
861 4488 1013 4570 sacravit,
1038 4487 1273 4552 sollennitatem
1288 4487 1504 4553 dedicationis
1520 4488 1599 4553 fecit
1622 4498 1654 4553 et
1676 4487 1872 4554 sacerdotali
1891 4512 1983 4554 more
2000 4492 2114 4556 oratio·

328 4583 446 4688 ,fffil‘y
465 4615 540 4658 nem
564 4593 607 4658 ad
626 4594 736 4658 Deum
758 4592 842 4658 fudit
864 4603 896 4658 et
917 4593 1073 4680 populum
1095 4592 1275 4659 benedixit.
1309 4593 1350 4657 In
1370 4594 1421 4658 his
1444 4594 1543 4680 igitur
1565 4593 1714 4660 omnibus
1735 4615 1795 4680 per
1817 4593 1956 4682 liguram
1976 4595 2114 4661 christia

465 4699 600 4763 Domini
615 4700 677 4764 fuit
692 4709 724 4764 et
738 4698 860 4765 Christi
874 4699 973 4764 futuri
988 4701 1077 4764 vices
1093 4701 1250 4766 exercuit.
1282 4699 1437 4764 Similiter
1451 4709 1484 4764 et
1499 4699 1540 4765 de
1557 4701 1673 4789 ceteris
1688 4699 1821 4786 regibus
1837 4701 2043 4766 sentiendum
2058 4713 2113 4786 est,
2130 4717 2154 4758 ω

466 4807 522 4892 qui
537 4807 572 4869 in
588 4806 703 4892 spiritu
714 4804 779 4870 Dei
794 4815 953 4870 venerunt
969 4816 1002 4870 et
1016 4807 1146 4888 virtute,
1162 4806 1282 4871 nonde
1298 4806 1368 4870 illis·
1377 4807 1433 4893 qui
1447 4817 1668 4892 regnaverunt
1684 4818 1717 4872 et
1730 4829 1797 4872 non
1809 4829 1852 4872 ex
1863 4807 1949 4891 Deo,
1962 4811 2114 4895 quoniam

465 4934 531 4977 non
546 4933 651 4996 reges,
674 4911 733 4976 sed
753 4913 894 4976 tirannip
910 4911 1042 4976 fuerunt
1064 4922 1096 4976 et
1116 4913 1149 4978 in
1170 4913 1285 4999 spiritu
1300 4912 1443 5000 maligno
1460 4923 1493 4978 et
1508 4914 1671 4977 contraria
1685 4914 1804 4978 virhrtc
1820 4925 1991 4979 venerunt.
2028 4915 2114 4996 Quo·

465 5029 558 5082 rumq
573 5041 656 5082 nnus
672 5018 733 5082 fuit
749 5018 858 5100 Ozias,
875 5019 941 5105 qui,
958 5019 1111 5104 quoniam
1126 5040 1186 5105 per
1202 5017 1388 5106 superbiam
1403 5020 1573 5106 usurpavit
1589 5011 1816 5102 sacerdotium,
1833 5018 1925 5107 lepra
1940 5043 2113 5107 percussus

300 5149 445 5190 armum
466 5135 524 5206 est,
549 5125 702 5210 quoniam
724 5147 790 5188 non
814 5107 886 5188 erat⁴
906 5124 1044 5189 christus
1067 5124 1211 5206 Domini,
1240 5148 1302 5190 nec
1326 5149 1399 5190 oum
1423 5125 1565 5190 Domino
1588 5149 1672 5191 unus
1696 5137 1766 5191 erat
1789 5127 1932 5214 spiritus,
1958 5126 2017 5191 sed
2040 5149 2114 5213 age·

465 5228 561 5295 batur
584 5231 699 5317 spiritu
721 5229 816 5295 huius
838 5231 961 5295 mundi.
1007 5231 1077 5296 Nec
1101 5231 1142 5295 de
1166 5253 1205 5296 eo
1228 5231 1355 5317 legitur,
1380 5231 1467 5319 quod
1490 5230 1561 5296 oleo
1585 5242 1698 5297 saneto
1720 5232 1819 5297 fuerit
1842 5243 2063 5297 consecratus.
2130 5247 2155 5287 ὥ

572 5445 598 5508 6)
620 5448 813 5499 Verumtamen
831 5464 886 5499 sac.
906 5447 939 5498 B.
1012 5445 1040 5511 6)
1061 5465 1109 5500 om.
1128 5448 1161 5498 B.
1234 5444 1260 5510 c)
1283 5449 1317 5499 ad
1336 5450 1429 5500 horam
1449 5446 1481 5500 B.
1554 5447 1582 5512 d)
1605 5451 1691 5502 Ierus.
1710 5450 1744 5502 B.
1817 5447 1844 5514 e)
1863 5450 1893 5501 ia
1911 5468 1991 5516 mcry.
2008 5451 2069 5501 odd.
2082 5451 2114 5501 A.

463 5533 617 5600 Deeqaitsir
635 5535 734 5585 nobum
751 5553 814 5586 eron
835 5536 868 5586 A.
940 5533 969 5601 g)
990 5537 1067 5588 Deus
1084 5537 1145 5587 odd.
1163 5538 1192 5587 in
1209 5555 1289 5603 musy.
1308 5537 1341 5587 B.
1413 5535 1443 5600 6)
1465 5545 1518 5602 cet.
1536 5538 1570 5589 B.
1641 5536 1663 5602 i)
1685 5539 1919 5606 Non-reguum
1932 5539 2024 5590 David
2043 5539 2113 5590 tlt.

463 5641 510 5674 cru.
524 5623 557 5674 Β.
621 5621 651 5685 k)
671 5624 783 5690 sequitur
802 5631 829 5675 et
846 5625 956 5675 erus.A.
1021 5623 1041 5688 1)
1063 5627 1142 5676 unxit
1159 5626 1193 5676 B.
1263 5622 1300 5688 m)
1321 5627 1404 5677 Iosue
1423 5622 1456 5677 B.
1517 5623 1546 5690 n)
1566 5627 1623 5678 rod.
1642 5644 1707 5678 corr.
1725 5644 1755 5679 ea
1773 5629 1873 5679 ceteris
1892 5627 1926 5679 A.
1991 5625 2019 5689 ο)
2040 5643 2115 5678 sauc-

464 5721 572 5762 tnarum
591 5713 625 5763 A.
681 5708 709 5779 p)
730 5713 837 5778 tyranni
858 5712 890 5762 B.
949 5711 977 5778 q)
999 5715 1119 5775 Quorum
1134 5739 1167 5748 -
1181 5721 1357 5766 consecratus
1376 5715 1393 5766 l.
1407 5717 1449 5766 45.
1468 5732 1515 5766 ons.
1529 5715 1562 5767 Β.
1940 5719 1945 5724 “
