4410 6406
589 358 642 413 DE
665 357 1000 415 INVESTIGATIONE
1024 357 1276 415 ANTICHRISTI
1299 359 1332 414 L.
1349 359 1373 413 1.
1751 350 1811 412 341

151 552 186 606 et
208 541 339 608 Samsai
362 541 474 608 scriba
497 556 530 608 et
545 544 646 610 ceteri
669 544 848 609 consiliarii
871 567 993 628 eorum,
1018 547 1075 632 qui
1099 546 1197 610 etiam
1221 543 1392 631 epistolam
1415 544 1634 609 accusationis
1657 544 1816 608 miserunt

150 648 315 714 adversus
331 649 451 715 Iudeos
476 649 519 715 ad
542 672 653 737 regern
668 649 872 716 Artaxersen
886 653 1002 738 primo,
1022 651 1140 717 deinde
1158 673 1287 738 quoque
1312 651 1355 715 ad
1370 651 1526 732 Darium3
1551 650 1639 736 quod
1661 673 1721 738 per
1744 650 1813 732 hos,

150 756 302 843 inquam,
326 780 408 844 opus
431 757 622 843 impeditum
646 769 696 822 est
718 779 821 844 usque
849 757 893 822 ad
916 757 1095 823 secundum
1118 781 1240 822 annum
1262 757 1359 822 Darii
1382 758 1469 843 regis
1492 758 1667 822 Persarum
1691 769 1723 821 et
1746 757 1814 822 Me·

149 861 283 946 dorum,
307 862 369 928 hoc
393 865 427 928 in
450 864 667 929 hereticorum
690 866 793 950 tipum
818 863 967 930 diabolus
991 876 1104 930 contra
1119 865 1251 930 domum
1266 864 1332 929 Dei
1356 863 1576 929 manufactam
1600 863 1730 928 molitus
1754 876 1813 948 est,

109 991 127 1028 s
149 970 242 1034 sicut
265 971 378 1034 turrim
402 993 530 1057 quoque
554 969 644 1036 illam
667 972 701 1036 in
725 994 841 1058 campo
866 971 959 1036 Dura
982 973 1016 1036 in
1039 973 1234 1059 positionem
1258 971 1373 1035 domus
1388 971 1455 1035 Dei
1479 971 1568 1035 etin
1591 982 1706 1058 typum
1728 970 1813 1036 futu·
1834 995 1919 1044 nans,
1929 997 1949 1035 1.

147 1097 268 1141 rarum
282 1076 446 1142 heresium
460 1078 549 1164 prior
564 1077 634 1164 ipse
648 1077 801 1142 edificare
816 1079 989 1166 temptavit
1004 1102 1063 1166 per
1078 1078 1236 1160 homines,
1253 1079 1309 1165 qui
1326 1077 1368 1142 ab
1382 1078 1527 1160 Oriente,
1543 1077 1578 1142 id
1594 1087 1643 1142 est
1659 1075 1701 1141 ab
1717 1078 1813 1142 unius
1874 1063 1876 1066 ¹

147 1184 227 1247 veri
252 1183 317 1248 Dei
341 1185 526 1269 cognitione
549 1195 581 1248 et
612 1184 796 1268 dilectione,
827 1185 906 1250 moti
937 1197 1027 1268 sunt3
1059 1186 1143 1250 sicut
1173 1184 1288 1250 decem
1318 1207 1448 1271 quoque
1478 1183 1582 1248 tribus
1612 1206 1672 1270 per
1694 1183 1812 1248 vitulos

148 1311 275 1354 aureos
298 1313 318 1354 a
339 1290 435 1355 domo
451 1291 518 1356 Dei
541 1291 647 1374 scidit,
672 1315 737 1356 non
760 1291 864 1356 solum
887 1291 934 1356 illi
957 1291 1068 1356 domui
1083 1292 1149 1356 Dei
1172 1291 1358 1356 manufacto
1382 1291 1544 1380 invidens,
1568 1290 1627 1356 sed
1651 1300 1683 1354 et
1705 1290 1813 1356 sumre

148 1407 272 1461 contra
295 1397 467 1462 ecclesiam
491 1399 640 1464 scissioni
670 1398 887 1464 hereticorum
915 1399 1097 1464 intendens.
1143 1399 1188 1463 Et
1217 1399 1383 1463 hominum
1407 1397 1540 1484 quidem
1564 1399 1629 1462 iam
1653 1397 1813 1462 dictorum

92 1525 124 1562 ro
148 1525 240 1589 opus
261 1504 507 1590 impedientium
530 1504 684 1570 molimen
707 1504 750 1569 ad
773 1506 834 1571 hoc
854 1505 966 1590 valuit,
991 1516 1150 1592 quatenus
1174 1505 1217 1569 ad
1240 1506 1483 1591 suggestionem
1507 1527 1619 1569 eorum
1642 1527 1702 1569 rex
1718 1503 1812 1568 Arta-

146 1632 271 1675 xerses
294 1612 487 1698 preciperet,
517 1633 559 1676 ne
583 1612 726 1677 sinerent
748 1613 837 1677 idem
860 1635 942 1700 opus
965 1613 1046 1695 fieri,
1069 1612 1175 1677 donec
1198 1612 1281 1678 forte
1305 1633 1404 1698 super
1425 1612 1488 1676 hoc
1511 1613 1598 1697 regis
1621 1622 1812 1698 preceptum

147 1716 246 1781 aliud
269 1717 409 1782 iubenh's
433 1728 665 1804 agnoscerent;
690 1720 782 1784 cuius
805 1719 1030 1806 impedimenti
1054 1729 1182 1804 tempus
1206 1718 1301 1783 simul
1325 1741 1399 1783 cum
1417 1741 1454 1782 eo
1471 1741 1535 1804 quo
1561 1717 1747 1783 edificatum
1764 1729 1813 1782 est

148 1834 381 1911 computantes
397 1825 507 1889 Iudei:
535 1826 766 1915 Quadraginta,
790 1827 951 1913 inquiunt,
975 1842 1003 1892 et
1024 1851 1080 1892 sen
1094 1829 1189 1891 arinis
1212 1827 1391 1914 edifleamm
1415 1841 1460 1891 est
1480 1827 1628 1912 ternplum
1651 1827 1707 1890 hoc
1730 1839 1759 1890 et
1780 1841 1813 1890 tu
1831 1849 1952 1899 ronam

150 1933 190 1996 in
215 1933 314 1997 trr'baa
338 1931 447 1997 diebos
470 1934 622 1998 saciata
645 1934 739 2015 illud,
764 1956 838 1998 cum
861 1933 1033 2015 Dominus,
1058 1933 1112 1998 cui
1134 1931 1196 1997 hec
1221 1931 1375 1997 dicebant
1398 1942 1558 1996 struentes
1583 1931 1811 2018 calumpniam,

89 2058 125 2098 rs
149 2060 222 2102 non
245 2038 285 2102 de
308 2038 429 2125 templo
452 2037 506 2103 illo
530 2039 727 2123 manufacto,
759 2039 818 2105 sed
841 2040 883 2105 de
907 2040 1026 2126 templo
1052 2041 1196 2126 corporis
1226 2041 1275 2104 sui
1304 2039 1457 2104 dixisset:
1491 2038 1619 2121 Solvite,
1649 2039 1811 2125 inquiens,
1831 2064 1904 2103 mro.

150 2146 302 2232 templum
333 2147 390 2211 doc
419 2161 448 2212 et
469 2162 545 2233 post
574 2147 715 2212 triduum
745 2150 885 2212 eccimbo
916 2147 1008 2212 illud.
1057 2145 1268 2212 Sanaballath
1297 2168 1426 2233 quoque
1452 2146 1604 2211 Oronites
1633 2155 1665 2209 et
1688 2143 1811 2210 'lobias
1830 2136 1989 2237 „ffidffi‘jgm

149 2251 358 2316 Ammonitas
382 2262 415 2317 et
438 2250 550 2318 Gosen
572 2251 681 2318 Arabs
705 2252 971 2319 reedificantibus
995 2253 1126 2318 domum
1150 2252 1288 2318 eandem
1305 2253 1439 2317 Domini
1462 2252 1590 2317 fortiter
1612 2253 1810 2335 restiterunt,

151 2359 211 2446 qni
241 2369 274 2422 et
303 2357 511 2424 adduxersmt
541 2369 655 2424 contra
685 2382 740 2425 eos
765 2359 941 2425 ‘Aminites
966 2370 997 2425 et
1019 2358 1148 2424 Arabas
1172 2371 1269 2446 atque
1292 2359 1431 2424 Azozios
1462 2357 1673 2446 prohibentes
1697 2381 1752 2424 eos
1776 2360 1809 2422 in
1830 2384 1907 2434 aa.

150 2487 255 2529 manu
283 2474 316 2530 et
344 2464 461 2530 robore
492 2465 668 2552 aliquando
692 2489 770 2531 vero
795 2477 828 2531 et
849 2487 967 2553 pacem
997 2467 1185 2532 simulantes
1216 2468 1250 2530 in
1274 2466 1347 2531 dolo
1372 2468 1418 2531 eis
1443 2465 1658 2532 coedificandi
1685 2464 1809 2530 adiuto-

94 2595 131 2633 ac
150 2571 238 2636 rium
254 2570 450 2656 obtulerunt,
474 2573 533 2637 sed
556 2571 711 2638 admissi⁸
727 2596 792 2638 non
808 2583 892 2657 sunt,
913 2583 1025 2660 utpote
1049 2573 1195 2638 homines
1220 2573 1322 2638 dolosi
1346 2583 1444 2660 atque
1467 2572 1544 2637 fidei
1568 2572 1685 2638 aliene.
1721 2571 1810 2653 Quid

151 2687 264 2742 autem
287 2679 402 2744 borum
424 2678 478 2744 vel
501 2690 613 2766 aperte
638 2681 833 2745 inimiciciae
858 2680 911 2745 vel
933 2680 1141 2745 fraudulenta
1171 2682 1310 2745 societas
1337 2681 1458 2745 rectius
1485 2679 1686 2765 intelligitur,
1711 2701 1808 2765 quam

150 2784 372 2850 hereticorum
395 2797 508 2852 contra
533 2786 706 2852 ecclesiam
734 2808 821 2852 nunc
851 2787 1025 2852 manifesta
1055 2787 1240 2869 crudelitas,
1271 2811 1358 2852 nunc
1388 2786 1501 2852 dolosa
1531 2785 1721 2852 concordia!
1769 2786 1809 2852 In
1828 2813 1949 2862 rastra.

151 2892 261 2958 multra
284 2893 381 2976 enim,
412 2893 526 2980 inquit,
551 2909 640 2959 crant
662 2919 790 2959 mecum.
837 2893 905 2960 Sed
928 2897 1028 2976 horno,
1052 2895 1107 2976 ait,
1128 2900 1224 2981 pacis
1247 2921 1343 2975 nicae,
1372 2898 1406 2959 ia
1430 2919 1490 2981 quo
1513 2896 1680 2981 sperabam
1704 2909 1732 2958 at
1753 2896 1813 2979 qui
1827 2919 1943 2969 naono.

152 2999 263 3064 edebat
280 3025 382 3087 partes
404 3025 487 3066 meos
509 3003 680 3088 ampliavit
700 3001 867 3066 adversum
891 3027 939 3066 me
961 3003 1255 3088 supplantatione-ra.
1295 3001 1377 3082 Quis
1393 3024 1459 3066 non
1474 3001 1565 3066 novit
1581 3000 1807 3064 lllanibeorum

103 3128 132 3168 as
154 3103 453 3189 Circumcelliones,
477 3107 533 3194 qui
556 3108 708 3171 nimirum
733 3107 831 3172 cellas
856 3107 1054 3172 circueundo
1078 3107 1188 3172 dolum
1212 3110 1332 3173 sanctis
1355 3108 1421 3173 Dei
1445 3106 1671 3189 moliebantur,
1690 3104 1808 3192 quibus

154 3221 187 3276 et
210 3234 308 3276 ncces
330 3213 516 3278 innumeras
540 3212 690 3278 manibus
713 3215 765 3279 usi
788 3214 975 3279 crudelibus
992 3216 1086 3301 quasi
1109 3214 1252 3280 zelantes
1269 3214 1374 3279 zelum
1390 3214 1456 3279 Dei
1479 3212 1689 3278 inferebant?
1726 3212 1808 3293 Quis

153 3317 367 3383 Arrianorum
396 3320 525 3405 ignoret
553 3321 778 3406 pervicatiam,
809 3344 895 3386 nunc
926 3321 1065 3386 eandem
1094 3320 1265 3386 nobiscum
1292 3321 1390 3386 fidem
1413 3320 1488 3386 fuco
1512 3319 1687 3385 verborum
1711 3319 1807 3383 simu-

154 3425 300 3508 lantium,
324 3449 411 3490 nunc
433 3437 564 3512 apertas
587 3439 700 3492 contra
716 3426 880 3493 Christum
903 3426 1123 3514 blasphemias
1148 3429 1375 3510 evomentium,
1400 3429 1534 3514 insuper
1555 3449 1634 3491 vero
1658 3435 1691 3490 et
1714 3447 1808 3511 reges

154 3553 232 3596 suae
261 3533 431 3618 pravitatis
461 3531 615 3620 dogmata
644 3534 782 3598 infectos
813 3544 926 3599 contra
956 3535 1129 3599 ecclesiam
1160 3534 1402 3616 concitantium,
1433 3557 1494 3620 per
1521 3556 1602 3621 quos
1633 3544 1665 3597 et
1695 3542 1809 3619 aperta

107 3663 135 3702 ao
154 3639 270 3702 sevitia
293 3637 440 3703 ecclesiis
464 3639 695 3704 catholicorum
720 3639 839 3704 clausis
863 3642 1035 3728 episcopos
1059 3663 1171 3704 eorum
1195 3639 1301 3704 exiliis
1325 3640 1542 3724 detruserunt,
1566 3640 1629 3726 ipsi
1646 3661 1703 3704 sue
1720 3651 1808 3704 secte

154 3745 324 3831 episcopos
337 3743 524 3810 civitatibus
535 3744 760 3832 subrogantes,
777 3749 882 3833 magis
898 3770 976 3812 vero
993 3747 1167 3812 simulacra
1183 3745 1323 3835 quedam
1341 3748 1568 3834 episcoporum
1583 3743 1808 3811 fabricantes?

153 3851 226 3931 Que
249 3852 402 3917 nimirum
432 3854 611 3918 maximum
635 3863 754 3918 cuncta
776 3876 841 3918 non
865 3854 969 3920 solum
998 3854 1277 3945 impedimentum,
1308 3853 1368 3918 sed
1391 3865 1423 3918 et
1446 3853 1675 3918 detrimentum
1698 3853 1809 3917 domui

153 3957 227 4040 Dei,
252 3968 389 4045 quc·cst
413 3958 562 4042 ecclesia,
587 3961 766 4025 extiterunt
788 3959 1019 4026 reedificande.
1065 3960 1150 4025 Nam
1173 3961 1323 4047 primum,
1355 3961 1440 4025 sicut
1462 3959 1647 4048 predictum
1672 3969 1730 4042 est,
1755 3982 1807 4023 ea-

152 4063 228 4128 dem
251 4065 366 4129 domus
389 4087 448 4152 per
464 4064 630 4132 Christum
649 4089 765 4132 verum
788 4066 995 4132 Salomonem
1019 4066 1172 4132 edificata
1195 4077 1253 4150 est,
1277 4089 1338 4154 per
1360 4089 1455 4154 reges
1479 4090 1557 4133 vero
1580 4089 1619 4131 ac
1643 4067 1808 4153 principes

106 4197 133 4236 ss
151 4183 376 4258 persecutores
400 4174 494 4260 quasi
516 4171 706 4238 Babilonios
721 4172 913 4257 'destructa
945 4173 1064 4238 deinde
1095 4175 1231 4259 regumb
1261 4175 1472 4240 concessione
1503 4197 1562 4260 per
1591 4173 1676 4237 filios
1706 4184 1808 4237 trans·

150 4279 352 4364 migrationis
383 4279 573 4344 reedificata
602 4291 660 4363 est,
693 4279 811 4367 quibus
840 4281 906 4344 iam
930 4280 1009 4345 dicti
1033 4282 1095 4345 viri
1125 4283 1159 4345 in
1189 4280 1406 4346 hereticorum
1436 4291 1551 4367 typum
1581 4277 1809 4344 edificantibus

150 4385 347 4450 restiterunt.
394 4385 463 4450 Nec
494 4388 674 4473 incongrue
704 4396 819 4474 typum
843 4388 890 4451 eis
914 4387 1130 4452 hereticorum
1159 4387 1334 4473 assignem.
1381 4388 1419 4451 In
1448 4385 1638 4473 regionibus
1667 4407 1809 4473 namque

151 4490 299 4556 Samaria
330 4491 514 4557 habitantes
544 4492 644 4558 libros
676 4495 774 4558 etiam
805 4493 887 4579 legis
915 4494 982 4558 Dei
1010 4492 1186 4577 habebant,
1218 4494 1259 4558 de
1290 4493 1408 4580 quibus
1439 4492 1668 4559 scrutabantur
1698 4491 1808 4557 simili·

151 4597 280 4662 tudines
296 4598 563 4666 simulacrorum⁰
587 4622 728 4665 suorum.
763 4599 918 4686 Dumque
934 4601 1084 4666 victimas
1107 4600 1313 4665 immolarent
1328 4601 1481 4683 Domino,
1506 4601 1604 4664 etiam
1628 4599 1809 4664 simulacris

104 4732 133 4770 ao
152 4706 218 4769 suis
234 4703 473 4770 sacrificabant.
509 4705 599 4787 Quid
615 4706 730 4772 horum
754 4708 1010 4772 conversationis
1034 4708 1150 4772 reatutl
1173 4707 1326 4772 hereticis
1350 4706 1496 4790 similius,
1520 4708 1587 4794 qui,
1611 4729 1686 4771 cum
1709 4705 1809 4770 libros

150 4809 321 4877 nobiscum
344 4812 465 4877 veteris
493 4814 617 4899 pariter
640 4836 680 4878 ac
703 4814 781 4878 novi
810 4801 998 4880 testamenti
1027 4814 1212 4900 reciperent
1241 4813 1384 4900 dumque
1414 4815 1449 4876 in
1471 4815 1567 4878 unius
1590 4813 1655 4877 Dei
1685 4813 1808 4899 profes-

152 4918 242 4982 sione
264 4916 436 4983 nobiscum
460 4930 578 5003 essent,
609 4931 719 4985 tamen
748 4919 915 4986 aureolam
945 4919 1108 4985 heresium
1136 4943 1278 5003 suarum,
1309 4920 1475 4984 mendatis
1497 4931 1712 5002 monstruosa,
1744 4941 1809 4982 non

152 5022 371 5090 deserebant?
408 5025 555 5106 Quarum
579 5026 742 5092 heresium
758 5027 812 5092 vel
828 5027 1013 5113 catalogum
1029 5048 1221 5113 proponere,
1245 5027 1367 5091 nedum
1390 5038 1504 5092 contra
1528 5026 1674 5112 singulas
1698 5026 1807 5113 dispu-

150 5141 220 5194 tare
243 5131 338 5197 huius
362 5132 511 5219 opusculi
533 5155 599 5198 non
622 5135 759 5220 requirit
781 5133 929 5217 intentio,
960 5156 1022 5198 nec
1045 5133 1186 5198 admittit
1208 5132 1364 5217 brevitas,
1394 5133 1451 5197 sed
1475 5133 1510 5197 id
1533 5156 1630 5197 nosse
1654 5135 1732 5198 satis
1756 5133 1807 5216 sit,

104 5265 133 5304 aa
150 5237 314 5303 maliciam
336 5237 503 5304 hominum
526 5261 607 5326 opus
630 5239 882 5306 reedificationis
906 5240 1153 5327 impedientium
1171 5241 1315 5327 pensatis
1333 5239 1493 5323 omnibus,
1511 5263 1574 5327 que
1592 5241 1681 5304 circa
1696 5238 1809 5325 templi

150 5341 310 5409 fabricam
340 5341 395 5410 vel
424 5357 542 5411 statum
572 5357 666 5433 gesta
696 5356 784 5431 sunt,
815 5348 958 5412 maxime
988 5359 1103 5434 typum
1133 5347 1305 5433 pretulisse
1336 5347 1564 5430 hereticorum,
1596 5348 1652 5433 qui
1683 5357 1715 5411 ct
1745 5347 1808 5431 ipsi

150 5450 329 5516 aecclesiae
345 5451 411 5516 Dei
434 5463 508 5538 post
522 5463 769 5539 persecutorum
784 5453 980 5519 tirannidem
997 5455 1091 5541 qnasi
1115 5465 1189 5540 post
1204 5452 1430 5518 Babilonicam
1454 5453 1679 5539 captivitatem
1702 5451 1808 5516 reedi-

150 5556 277 5622 ficande
301 5559 480 5624 maximum
505 5561 683 5624 extiterunt
705 5560 986 5647 impedimentum.

258 5717 285 5784 a)
306 5723 402 5772 admisi
421 5739 442 5773 c.
516 5719 544 5784 h)
567 5740 680 5788 regnum
699 5743 721 5776 c.
794 5721 820 5788 c)
842 5724 1037 5775 aimnlacorum
1056 5743 1077 5776 c.
1151 5723 1179 5788 d)
1201 5732 1261 5776 retu
1280 5743 1301 5775 c.
