4386 6390
547 358 781 430 TRACTATUS
805 359 882 415 PRO
907 357 1164 416 CLERICORUM
1189 359 1374 418 CONUBIO.
1723 355 1787 418 595

142 548 276 612 absoluit
302 561 394 612 totam
418 547 580 612 ecclesiam
604 547 642 612 de
666 547 791 612 inuidia
808 547 1017 635 perfidorum.
1053 547 1117 611 Hic
1142 549 1284 612 convicit
1299 547 1474 612 Antemum
1495 547 1789 635 Constantinopoli-

142 663 253 718 tsnum
269 655 468 739 episcopum,
489 653 544 738 qui
561 653 776 718 discussione*
788 655 953 742 patefacta
976 679 1145 740 stumquam
1162 656 1261 719 uoluit
1278 659 1422 742 confiteri
1443 658 1476 719 in
1493 655 1668 720 doctrinam
1687 657 1789 721 autbo-

143 763 201 826 lice
224 762 438 847 responsionis
461 760 506 826 ad
527 763 800 847 interrogationem
816 761 901 824 beati
918 784 1002 846 pape
1017 761 1155 847 Apapiti
1173 761 1253 826 druis
1269 776 1400 827 naturas
1416 765 1450 826 in
1466 787 1526 827 uno
1543 763 1669 828 domino
1685 777 1789 828 nostro

143 867 214 932 lesu
232 867 371 948 Clrrr‘sto,·
384 868 582 955 glorificatus
597 881 642 932 est
656 868 695 932 ab
712 867 854 931 omnibus
870 868 1053 932 christianis
1061 892 1155 953 papa
1167 867 1333 954 Apapitus.
1366 867 1543 933 Silceriusl
1559 873 1684 934 natione
1699 868 1789 934 Carn-

115 996 126 1038 r
137 999 255 1060 panus,
285 999 324 1038 en
337 973 456 1059 pauet
483 973 633 1038 Ormisda
657 976 802 1060 episcopo
830 973 984 1054 Romano,
1006 972 1079 1036 LX.
1104 996 1124 1036 a
1144 974 1253 1037 Petro.
1294 974 1360 1039 Hic
1383 975 1459 1060 quia
1488 975 1591 1039 noluit
1620 977 1790 1040 restituere

144 1079 318 1145 Antemum
342 1079 531 1160 hereticum,
556 1100 653 1165 quem
676 1078 826 1165 deposuit
841 1078 1011 1165 Agapitus‚
1037 1079 1202 1167 depositus
1227 1091 1276 1144 est
1298 1079 1340 1144 ab
1365 1082 1555 1168 episcopatu
1579 1105 1599 1145 a
1622 1080 1790 1146 Theodato

144 1196 281 1273 tyranno
305 1209 363 1272 per
375 1185 564 1252 Vilisarium
583 1185 772 1272 patricium
798 1211 887 1272 quem
902 1189 1039 1272 suscepit
1058 1186 1196 1273 Vipilius
1210 1188 1455 1252 archidiaconus
1471 1191 1505 1252 in
1527 1213 1585 1252 sura
1609 1189 1790 1275 quasijide,
1810 1263 1821 1288 ι

145 1307 172 1359 et
193 1296 281 1358 misit
303 1319 369 1358 cunr
396 1296 444 1358 “in
460 1295 591 1357 erilium
615 1295 650 1358 in
665 1292 795 1357 Pontias
819 1307 847 1356 et
860 1294 1042 1358 sustenta-uit
1062 1317 1131 1357 curn
1142 1318 1228 1379 pane
1252 1296 1476 1374 tribulationis,
1500 1309 1528 1360 et
1550 1321 1634 1381 aqna
1650 1298 1792 1382 anpustie
1824 1264 1904 1358 ‘'³⁷'0n

144 1403 202 1486 qui
215 1400 363 1486 deficiens
378 1414 518 1464 mortuus
540 1413 585 1466 est
607 1413 635 1464 et
649 1400 812 1486 confessor
820 1401 933 1487 factus
957 1414 1008 1480 est,
1033 1413 1061 1463 et
1081 1401 1219 1485 sepultus
1243 1415 1287 1466 est
1309 1403 1343 1465 in
1359 1401 1464 1465 eodem
1481 1403 1565 1484 loeo,-
1587 1403 1637 1467 ibi
1657 1404 1793 1467 occurrit
1810 1370 1971 1420 S'Reg'w'ffl'

105 1529 128 1568 ro
143 1506 309 1571 multitudo
326 1507 409 1570 male
432 1507 607 1570 habentium
633 1519 661 1570 et
681 1520 842 1570 sanantur.
882 1505 1111 1570 Deuadedit⁰·²
1133 1510 1257 1572 natione
1281 1507 1443 1571 Ilomanus
1465 1523 1614 1594 carpetra
1636 1507 1792 1594 Stephano

145 1611 204 1677 sub
231 1611 441 1694 DioclitianO,
464 1611 571 1675 LXX.
599 1610 629 1699 [a
651 1609 774 1699 Petro}
819 1611 885 1676 Hic
916 1613 1031 1676 olerum
1061 1615 1191 1677 multum
1216 1613 1338 1693 dilexit,
1362 1614 1536 1679 sacerdotes
1559 1629 1587 1678 ct
1609 1616 1725 1679 clerum
1749 1613 1795 1678 ad

145 1721 212 1784 loca
229 1721 374 1805 pristina
396 1722 561 1784 reuocauit.
602 1719 804 1784 Theoderus³
827 1722 951 1784 natione
976 1719 1106 1799 Graccis,
1130 1744 1169 1784 ecc
1183 1733 1279 1806 patre
1300 1719 1460 1784 Theodoro
1484 1723 1629 1807 episcopo
1653 1721 1691 1785 de
1714 1723 1791 1784 cici-

144 1841 203 1892 tute
226 1825 445 1906 lherosolima,
468 1824 607 1888 LXXV.
632 1847 652 1888 a
674 1824 782 1888 Petra.
829 1825 894 1890 Hic
917 1826 992 1913 fuit
1020 1840 1142 1889 arrrator
1158 1850 1339 1912 pauperum
1371 1827 1489 1913 lar-pus,
1520 1829 1670 1914 beniprms
1699 1851 1794 1912 super

144 1957 248 1996 omnes
277 1947 306 1996 et
333 1933 461 1996 multum
492 1934 680 1996 riutbericors.
728 1932 835 1996 Huius
865 1933 1054 2017 temporibus
1083 1929 1206 2019 [uenit]
1230 1932 1345 1997 Pirrus
1375 1957 1413 1996 eor
1434 1933 1567 2019 Africa,
1598 1936 1657 2018 qui
1676 1935 1794 2020 fuerat

103 2061 126 2100 u
141 2040 330 2126 patriarcba
350 2038 721 2126 Constantinopolitanae,
744 2041 780 2102 in
804 2040 908 2103 urbem
926 2038 1058 2102 Romam
1082 2039 1128 2102 ad
1150 2040 1263 2102 limina
1286 2041 1505 2125 apostolorum.
1549 2039 1614 2117 Qui
1634 2043 1793 2125 inpressas

145 2144 309 2211 libellum(¹
331 2146 444 2232 optulit
466 2170 532 2209 curn
557 2170 614 2209 sua
637 2147 865 2230 subscriptione
888 2145 1057 2232 apostolice
1079 2143 1206 2232 sedi[s]
1229 2149 1263 2210 iu
1273 2148 1436 2232 presentia
1460 2149 1565 2210 curtati
1585 2147 1666 2210 cleri
1687 2161 1715 2211 et
1733 2170 1790 2232 po-

137 2254 225 2340 puli,
249 2253 479 2337 condempnans
502 2253 536 2316 in
560 2252 665 2316 eodem
682 2253 787 2316 libello
812 2254 927 2330 omnia,
951 2275 1009 2337 que
1032 2277 1052 2315 a
1075 2275 1107 2314 se
1130 2252 1181 2315 cel
1201 2277 1221 2314 a
1246 2251 1458 2316 decessoribus
1480 2255 1548 2316 suis
1568 2266 1675 2317 corrtra
1691 2253 1790 2339 fldem

144 2373 282 2424 nostram
306 2359 530 2422 inmaculatam
554 2358 660 2423 dicta⁰
684 2359 735 2423 uel
756 2373 825 2422 acta
842 2359 987 2446 fuerant.

133 2453 139 2464 ⁵
251 2465 424 2529 Possemus
454 2463 706 2528 innumerabiles
738 2464 928 2528 clericorum
957 2462 1040 2527 filios
1075 2460 1116 2526 ab
1148 2463 1289 2549 antiquis
1320 2463 1467 2549 patribus
1498 2463 1793 2530 ecclesiasticorum

102 2595 128 2635 ro
145 2571 295 2636 ordinum
318 2581 350 2634 et
372 2571 529 2636 honorum
554 2569 766 2657 dignitatibus
790 2569 977 2635 sublimatos
1002 2569 1142 2633 adicere.
1178 2569 1351 2633 Possumus
1375 2581 1408 2634 et
1429 2570 1578 2635 viventes
1602 2571 1708 2636 adhuc
1727 2572 1793 2657 epi-

145 2699 263 2764 scopos
286 2678 325 2742 de
350 2676 486 2760 clericis,
514 2679 611 2741 immo
635 2676 676 2742 de
692 2676 900 2764 presbyteris,
923 2677 958 2742 in
980 2676 1083 2758 Italia,
1107 2677 1141 2738 in
1158 2674 1275 2756 Gallia,
1298 2677 1333 2739 in
1355 2675 1610 2742 normannus-⁴
1633 2676 1675 2742 ab
1699 2679 1793 2764 ipso8

145 2807 232 2872 papa
254 2785 443 2850 intronizari
466 2805 637 2848 concessos
660 2794 716 2848 aut
733 2795 765 2848 et
780 2783 944 2848 ordinatos
961 2782 1141 2865 ostendere,
1166 2782 1225 2846 sed
1241 2783 1390 2848 sufficere
1407 2785 1469 2848 ista
1485 2784 1647 2849 credimus
1663 2795 1796 2870 propter

147 2889 333 2956 evitandam
356 2890 575 2977 prolixitatem
598 2889 755 2954 adversus
778 2889 1012 2954 adulteratores
1029 2912 1188 2954 canonum
1206 2899 1238 2954 et
1253 2889 1409 2955 adversus
1427 2891 1621 2976 cogitaturos
1637 2913 1794 2955 novarum

146 2997 366 3062 traditionum.
403 2994 529 3077 Quibus
545 3019 606 3060 neo
623 2997 757 3061 credere
780 3019 841 3060 nec
865 2995 1039 3060 adsensum
1062 2994 1201 3082 prebere
1225 2994 1434 3082 prohibemus
1458 3007 1642 3062 sanctorum
1665 3010 1793 3084 patrum

103 3129 129 3169 a
146 3101 373 3191 prohibitione,
398 3104 496 3167 immo
520 3103 865 3185 excommunicatione,
890 3104 974 3166 sicut
996 3101 1159 3188 apostolus
1175 3101 1295 3166 Paulus
1320 3102 1415 3167 dicit:
1441 3104 1482 3168 st
1499 3107 1571 3190 quis
1586 3106 1681 3169 aliud
1695 3129 1793 3170 eruun-

144 3213 329 3299 9elizauerit
342 3213 429 3275 uobis
438 3225 547 3297 preter
563 3211 649 3296 quod
669 3233 723 3298 epo
747 3211 930 3296 ereanpdizo
953 3210 1050 3290 robis,
1075 3210 1240 3284 anatliema
1263 3212 1312 3275 sit.
1355 3209 1493 3273 Sanctus
1510 3211 1608 3274 etiam
1624 3211 1692 3274 Leo
1707 3233 1795 3297 papa
1813 3237 1863 3278 aar.
1873 3236 1921 3286 1,e.

148 3316 191 3380 ad
214 3317 383 3402 episcopos
407 3337 467 3402 per
489 3317 658 3380 universas
681 3316 868 3402 provincias
892 3316 939 3378 sic
963 3315 1045 3378 ait⁵:
1072 3313 1220 3401 Simerest
1234 3317 1372 3404 fratres,
1396 3331 1430 3380 at
1444 3318 1638 3382 concorditer
1653 3319 1795 3382 salubres

147 3426 331 3511 mscspriatis
354 3425 493 3488 bortatur
516 3438 544 3487 et
564 3424 667 3488 nichil
684 3447 744 3509 per
768 3425 988 3486 contentionem
1011 3435 1143 3508 apentes,
1173 3422 1230 3486 sed
1251 3423 1297 3486 ad
1319 3422 1427 3487 ornaeh
1455 3423 1598 3488 'studium
1623 3425 1796 3490 deuotionis

148 3533 312 3596 unanimes
341 3530 462 3594 divinis
491 3545 520 3594 et
541 3531 724 3616 apostolicis
745 3530 1014 3594 constitutionibus
1036 3531 1184 3614 pareatis
1213 3542 1242 3592 et
1266 3532 1300 3593 in
1324 3529 1411 3594 nullo
1427 3533 1609 3616 patiamini
1621 3531 1796 3618 prouiden-

104 3661 131 3702 ω
148 3640 271 3702 telesiam
294 3661 447 3702 canonum
471 3637 593 3701 decreta
615 3637 743 3701 uiolari.

256 3741 312 3807 Sic
337 3741 514 3829 Gregorius
538 3740 681 3806 Eusebio
712 3741 958 3828 archiepiscopo
982 3751 1014 3805 ot
1037 3740 1355 3828 conprovincialibus
1387 3743 1456 3806 eius
1488 3740 1616 3806 scribit:
1650 3742 1691 3808 Si
1718 3743 1799 3830 quid

150 3851 318 3916 incidentis
347 3852 494 3916 utilitatis
524 3875 619 3915 causa
650 3850 846 3915 tractandum
877 3863 929 3930 est,
959 3851 1007 3913 sic
1033 3873 1129 3913 causa
1154 3848 1192 3912 de
1215 3873 1278 3934 qua
1301 3851 1407 3936 apitur
1422 3852 1569 3938 formam
1593 3853 1741 3936 accioiat,
1765 3864 1800 3915 ut

149 3972 263 4022 statuta
293 3972 425 4022 ueterum
455 3958 545 4022 nulla
575 3958 735 4022 convellat.
789 3956 877 4022 Unde
903 3960 1016 4021 iterum
1039 3979 1145 4020 coram
1169 3955 1236 4018 Deo
1260 3969 1289 4019 et
1309 3959 1427 4020 sanctis
1450 3958 1554 4044 apicius
1577 3981 1797 4037 ammonemus,

149 4080 184 4130 ut
204 4066 259 4129 bec
281 4067 388 4130 omnia
409 4088 528 4129 summo
549 4064 654 4128 studio
684 4078 712 4128 et
741 4077 802 4128 tota
831 4065 942 4128 mentis
972 4064 1138 4127 intentione
1167 4063 1304 4126 servetis.
1351 4061 1436 4126 Nam
1460 4064 1595 4148 siquis,
1626 4063 1712 4149 quod
1737 4088 1798 4127 non

105 4195 131 4236 re
150 4171 317 4252 credimus,
340 4173 458 4256 scripta
468 4173 631 4257 presentia
655 4171 766 4256 aliqua
790 4173 824 4234 in
835 4184 929 4256 parte
951 4170 1130 4255 repleuerit,
1155 4192 1175 4231 a
1197 4169 1282 4232 beati
1294 4168 1385 4233 Petri
1405 4171 1615 4255 apostolorum
1636 4171 1799 4256 principis

147 4302 280 4366 parere
303 4281 645 4366 noveritseprepatum.
681 4275 784 4340 Extat
804 4276 901 4340 etiam
916 4296 983 4339 vox
1006 4273 1160 4338 melliflua
1182 4272 1270 4338 beati
1286 4275 1375 4338 Petri
1399 4275 1616 4360 apostolorum
1640 4277 1797 4362 principis

150 4383 306 4448 adversus
335 4406 405 4465 eoS,
436 4384 491 4469 qui
521 4393 634 4446 contra
663 4391 783 4446 statuta
812 4403 973 4446 canonum
1004 4382 1180 4446 conmissos
1212 4379 1274 4445 sibi
1304 4382 1454 4468 nequiter
1484 4382 1687 4468 opprimere¹
1731 4404 1798 4447 non

151 4500 289 4572 cessant,
313 4491 361 4554 sic
384 4489 533 4554 dieenst:
559 4489 706 4554 Seniores
729 4492 788 4575 qui
808 4491 843 4553 in
858 4489 946 4554 vobis
968 4503 1040 4552 sunt
1062 4490 1185 4553 obsecro
1209 4491 1371 4554 consenior
1395 4514 1448 4577 epo
1472 4504 1500 4553 et
1522 4492 1606 4554 testis
1626 4489 1798 4576 passione¹¹
1817 4517 1976 4568 raason-s.

155 4598 284 4680 Christi,
311 4599 432 4684 pascite
458 4621 583 4686 prepem
612 4599 672 4683 qui
698 4598 733 4661 in
756 4596 843 4660 vobis
870 4609 914 4660 est
942 4620 1004 4660 non
1034 4609 1145 4674 coacte,
1176 4595 1233 4659 sed
1260 4610 1427 4682 spontanee
1456 4621 1553 4682 neque
1583 4599 1686 4684 turpis
1716 4597 1802 4662 lucri

106 4863 134 4903 ιο
258 4847 284 4914 a)
307 4851 461 4902 discutione
479 4868 500 4901 c.
562 4845 590 4911 b)
612 4852 699 4916 patrie
718 4867 739 4900 e.
800 4846 826 4911 c)
848 4849 1008 4900 Deusdedid
1026 4867 1047 4901 e.
1109 4849 1137 4912 d)
1159 4849 1269 4901 libellus
1287 4867 1308 4901 c.
1375 4849 1401 4912 e)
1422 4853 1524 4917 scripta
1543 4851 1575 4902 L.
1589 4851 1620 4902 P.
1687 4850 1708 4914 s)
1730 4854 1801 4903 inor·

151 4943 260 4992 mannia
278 4958 299 4992 o.
370 4937 400 5006 g)
422 4941 476 4990 isso
495 4957 516 4990 c.
589 4937 617 5003 h)
639 4955 746 4990 ornnem
765 4955 785 4989 c.
858 4935 879 5002 i)
899 4926 1038 5009 ephimera
1056 4956 1077 4989 c.
1150 4935 1179 5001 k)
1199 4941 1487 5005 communionum
1506 4957 1527 4992 e.

261 5175 290 5246 1)
315 5175 756 5252 trimestriummense
779 5175 803 5246 r,
822 5195 856 5252 p.
876 5173 1073 5232 rso-293.
1145 5173 1174 5244 2)
1198 5174 1274 5231 rua
1293 5194 1328 5250 p.
1347 5174 1420 5230 319.
1491 5174 1521 5245 s)
1546 5175 1621 5232 rua
1640 5195 1674 5252 p.
1693 5176 1802 5232 331-

154 5283 227 5340 333.
303 5282 334 5353 4)
361 5281 410 5355 Cf.
428 5280 564 5360 Greparii
584 5281 709 5360 Repistr.
733 5281 797 5353 VII,
817 5282 831 5338 1
852 5276 956 5357 (Jaffe',
973 5280 1047 5336 Bibl.
1060 5280 1100 5351 II,
1112 5301 1146 5357 p.
1166 5275 1258 5356 380).·
1281 5281 1447 5337 Audivimus
1465 5283 1549 5338 etiam
1565 5283 1803 5357 Rotomagensem

153 5391 392 5464 archiepiscopum
416 5384 609 5465 (Willrelnrum
632 5383 660 5464 1)
690 5390 845 5446 sacerdotis
868 5388 955 5444 filium
980 5406 1042 5444 esse
1072 5381 1208 5462 (Ratbudi
1231 5386 1313 5462 episc.
1339 5382 1507 5464 Sapiensis).
1554 5388 1637 5454 Quod
1660 5391 1684 5445 si
1707 5409 1804 5446 rerum

107 5513 135 5554 sc
153 5498 387 5570 deprehenditur,
418 5497 531 5552 noveris
557 5497 724 5568 promotioni
754 5497 828 5552 illins
852 5515 903 5552 nos
927 5513 1070 5552 assensum
1100 5513 1280 5567 nequaquam
1303 5496 1441 5552 tribuere.
1556 5494 1586 5566 5)
1612 5497 1670 5572 Ep.
1691 5495 1740 5553 12.
1765 5496 1808 5553 ad

154 5603 236 5680 episc.
255 5603 386 5674 Maurit,
413 5600 486 5679 Opp.
504 5603 567 5660 edd.
584 5601 736 5672 Baller.I,
762 5604 812 5660 col.
831 5602 905 5672 676,
930 5622 953 5659 c.
972 5601 1006 5671 9;
1029 5600 1184 5658 Hinrclrius
1201 5620 1235 5676 p.
1254 5600 1327 5657 624.
1346 5599 1420 5658 625.
1513 5600 1544 5672 6)
1568 5602 1639 5680 Ray.
1656 5603 1711 5674 IX,
1731 5602 1803 5673 156,

155 5709 224 5768 ΕΕ.
247 5710 288 5781 II,
308 5730 342 5787 p.
362 5710 434 5767 158.

1538 5830 1589 5881 75*
