4478 6396
689 383 926 441 OPUSOULUM
949 385 1001 440 DE
1025 383 1197 439 EDIFIOIO
1222 385 1299 439 DEI.
1757 377 1817 439 187

166 572 290 650 tiorum,
316 573 462 655 qtraoauis
486 570 608 635 diuiru's
630 574 807 636 rationibus
821 597 853 636 sc
871 572 1068 658 dispensasse
1084 587 1312 636 monstraturus
1328 597 1391 638 esse
1415 573 1578 638 uideatur:
1602 587 1713 650 tamen,
1730 575 1819 635 iacta

165 676 253 762 ενοι]
280 679 434 763 cereptum
459 691 511 757 est,
543 692 576 741 ut
604 678 732 742 uideant
759 703 853 764 opera
879 693 980 743 sesua
1003 681 1093 758 borsa,
1125 693 1154 742 et
1173 680 1351 766 plorificent
1373 679 1499 743 Patrem
1523 694 1666 759 ommam,
1697 681 1756 764 qui
1777 693 1821 742 est

167 787 202 847 iu
231 785 338 864 coels's,
370 798 489 870 oportet
518 787 610 848 etium
635 788 781 870 presenti
807 787 1020 872 testificatione
1043 785 1225 871 predicari,
1257 800 1285 849 et
1313 787 1409 850 bonae
1430 787 1547 874 famae
1563 788 1728 872 preconiis
1757 809 1819 848 uon

167 893 274 954 taceri.
322 890 415 954 Idem
432 890 555 954 Iustino
579 889 809 954 archidiacono
834 901 866 954 et
889 891 1027 955 Fausto:
1056 891 1206 972 Quattuor,
1230 891 1335 976 inquit
1346 895 1366 973 ¹,
1384 895 1548 978 poru'oaes
1564 894 1650 980 fiant
1672 892 1710 957 de
1733 892 1818 956 oblo-

135 1001 248 1061 sta'oue
272 1012 364 1083 atqice
381 999 572 1084 prediorum
589 1002 752 1084 pensione,
783 1002 828 1062 ito
859 1013 893 1062 ut
922 1023 1015 1062 unam
1040 1001 1106 1063 sibi
1126 999 1216 1062 tollat
1237 1001 1375 1076 antestes,
1406 1001 1506 1063 aliurn
1534 1000 1659 1063 clericis
1675 1021 1740 1084 pro
1763 1021 1818 1062 suo

169 1105 289 1168 italicis
313 1119 341 1168 ct
364 1106 508 1169 electione
539 1105 721 1192 dispertiat,
752 1108 881 1169 terciam
904 1107 1104 1191 pauperibus
1133 1107 1189 1169 sub
1220 1108 1308 1169 omni
1335 1109 1524 1170 couscientia
1540 1106 1653 1193 foc-iat
1682 1107 1816 1192 creperi.

167 1209 282 1274 Nonne
308 1211 369 1273 iste
395 1211 524 1296 sapiens
548 1210 744 1274 architectus
768 1209 934 1275 edificavit
957 1221 1083 1296 portam
1107 1209 1230 1274 fontis?

278 1329 350 1389 147.
386 1326 438 1389 De
462 1325 524 1389 hac
548 1325 667 1411 legitur
690 1327 722 1389 in
746 1325 827 1390 libro
851 1326 1016 1390 Hesdrae:
1049 1327 1092 1391 Et
1107 1341 1237 1413 portam
1253 1328 1362 1415 fontis
1385 1328 1547 1414 edificavit
1569 1325 1697 1392 Sellium.
1745 1317 1961 1415 Ip86²'1}f‘}{,j³'

168 1434 331 1520 edificavit
353 1459 431 1512 earn,
463 1449 492 1497 et
513 1437 597 1513 teuit,
628 1448 656 1497 et
678 1437 785 1498 statuit
808 1435 917 1498 eiulans
941 1436 1017 1514 eius,
1049 1447 1196 1512 etseras,
1228 1448 1255 1496 et
1279 1449 1383 1497 stactes.
1433 1432 1498 1514 Qui
1521 1444 1596 1496 sunt
1619 1433 1671 1496 isti
1696 1442 1817 1514 vectes,

124 1564 149 1602 ιο
166 1541 230 1604 nisi
260 1538 456 1604 fortissimae
487 1541 706 1621 auctoritates,
738 1537 855 1625 quibus
886 1538 969 1603 haec
999 1549 1093 1625 porta
1123 1539 1169 1602 sic
1201 1540 1352 1620 munitur,
1384 1550 1419 1603 ut
1449 1561 1483 1602 se
1508 1549 1541 1602 et
1563 1561 1627 1602 non
1652 1538 1740 1603 illam
1764 1539 1817 1603 de-

168 1656 281 1728 struat,
306 1647 453 1732 quisquis
477 1656 669 1710 testamento
693 1668 791 1731 super
814 1645 876 1709 hac
900 1656 994 1732 porta
1017 1647 1201 1731 conscripto
1225 1645 1315 1710 aliud
1338 1644 1590 1732 superordinat?
1637 1645 1819 1710 Voluerunt

169 1752 333 1839 quondam
357 1763 465 1838 patres
494 1754 527 1815 in
550 1751 709 1816 Toletano
733 1751 874 1839 quodam
898 1751 1059 1816 concilio²
1082 1763 1274 1815 testamento
1299 1752 1499 1816 deeimarum
1523 1752 1611 1816 aliud
1635 1752 1817 1838 superordi-

168 1882 256 1940 nare,
289 1869 467 1924 statuentes
497 1858 572 1922 inde
603 1881 667 1923 uon
692 1869 823 1944 quartas
852 1859 932 1940 fieri,
964 1857 1022 1922 sed
1052 1859 1170 1922 tercias
1201 1860 1376 1944 portioneS,
1408 1858 1489 1922 duas
1513 1857 1650 1941 clericis,
1684 1860 1818 1922 terciam

169 1967 368 2030 destinantes
392 1967 564 2052 episcopis.
613 1964 679 2029 Sed
703 1966 779 2051 quis
803 1965 844 2028 de
868 1987 1048 2052 pauperum
1072 1987 1170 2029 causa
1200 1987 1265 2029 non
1289 1977 1382 2030 caute
1413 1975 1548 2052 agentes
1571 1976 1697 2051 portam
1720 1965 1818 2030 fontis

124 2099 150 2137 ss
169 2085 214 2138 tot
237 2075 318 2137 seris
343 2082 375 2136 et
398 2070 545 2135 vectibus
569 2072 726 2135 munitam
749 2071 916 2135 desumere
940 2070 1151 2154 videbantur,
1183 2095 1248 2135 non
1278 2071 1375 2154 illam,
1407 2071 1466 2136 sed
1492 2071 1577 2136 illius
1600 2071 1817 2136 destructores

168 2181 291 2245 destrui
315 2201 411 2266 posse
434 2201 494 2264 per
516 2178 577 2242 hoc
602 2176 773 2264 probatum
798 2188 862 2242 est:
894 2177 983 2264 quod
1012 2177 1092 2242 illud
1122 2178 1298 2264 capitulum
1326 2178 1560 2265 posterioribus
1584 2190 1616 2242 et
1638 2177 1818 2265 potioribus

168 2286 314 2352 conciliis
339 2296 502 2350 cassatum
526 2297 558 2349 et
583 2285 808 2372 'dampnatum
832 2295 890 2350 est.
1837 2298 1908 2340 ‘tta

274 2394 389 2458 Patres
413 2393 498 2456 enim
521 2394 556 2456 in
579 2391 813 2478 Agrippinensi
837 2391 973 2456 concilio
999 2391 1175 2477 capitsdum
1200 2391 1392 2455 Toletanum
1420 2390 1557 2456 tolerare
1586 2391 1742 2475 nolentes,
1773 2393 1819 2455 ita
1832 2388 1996 2482 *gffiffif‘

168 2503 319 2566 dicuntss:
349 2501 492 2580 Decium,
524 2525 603 2586 quae
631 2527 651 2564 a
667 2501 821 2588 fidelibus
845 2501 949 2579 datur,
976 2499 1040 2564 Dei
1061 2524 1169 2563 cerasus
1192 2500 1405 2585 nuncupando
1428 2513 1472 2564 est
1494 2513 1522 2564 ct
1544 2499 1615 2564 ideo
1639 2524 1678 2564 eu
1699 2502 1819 2586 intepro

122 2634 150 2672 ao
167 2609 350 2674 reddenda:
373 2611 463 2671 estius
486 2610 583 2671 tercia
602 2631 684 2693 pars
706 2607 875 2670 secundum
899 2631 1046 2670 canossam
1076 2606 1257 2670 Toletunum
1281 2608 1498 2692 episcoporum
1522 2607 1610 2670 debet
1631 2630 1703 2670 esse.
1751 2605 1820 2670 Nos

168 2741 240 2782 aero
264 2717 323 2780 lac
332 2729 484 2802 potestate
507 2717 556 2777 uti
576 2715 737 2794 uolumus,
760 2713 817 2777 sed
839 2728 955 2776 tuntum
971 2714 1107 2800 singulis
1123 2715 1216 2778 aunis
1233 2727 1377 2799 qrcurtam
1387 2727 1514 2799 partem
1530 2738 1589 2776 usu
1604 2712 1819 2777 Romanorum

160 2825 351 2911 ponteficum
374 2836 403 2886 et
424 2823 652 2886 obseruantia-m
675 2834 800 2884 sauctae
818 2820 979 2884 Romanae
1002 2822 1150 2884 ecclesiae
1174 2819 1212 2884 de
1236 2819 1343 2883 eodem
1359 2819 1471 2884 laudere
1488 2821 1637 2884 volumus.
1677 2819 1822 2897 Quodsi

168 2934 241 3017 quis
264 2932 469 2994 contentiosus
477 2929 586 3016 fuerit
610 2928 682 2992 iude
705 2937 877 3014 repertus⁸‚
902 2929 968 2990 siue
991 2927 1124 2991 clericus
1147 2929 1212 2991 siae
1237 2927 1348 3006 laicus,
1373 2925 1449 2990 illeb
1474 2929 1687 2990 communione
1706 2929 1818 3013 priua-

168 3040 253 3102 bitur
277 3051 305 3100 et
326 3035 478 3124 synodali
498 3059 629 3098 censura
653 3035 856 3098 iudicabitur.
893 3033 992 3114 Ecce,
1011 3032 1172 3119 quomodo
1190 3043 1351 3096 cassatum
1371 3041 1403 3096 et
1427 3031 1638 3117 dampnatum
1656 3045 1714 3116 est,
1732 3032 1820 3119 quod

122 3168 148 3207 ss
167 3145 301 3229 antique
318 3141 518 3206 deeimarum
535 3151 727 3204 testamento
749 3163 813 3204 non
830 3151 917 3204 recte
939 3139 1220 3226 superordinatum
1235 3149 1293 3220 est,
1310 3138 1478 3203 Romanae
1499 3137 1661 3225 siquidem
1682 3140 1819 3204 auctori-

167 3260 262 3330 tatae,
287 3249 376 3312 velut
407 3247 539 3335 quidam
569 3247 666 3311 ferrei
697 3257 728 3311 et
757 3245 974 3332 infringibiles
998 3258 1107 3310 vectes
1139 3247 1287 3309 muniunt
1317 3245 1378 3309 hoc
1408 3255 1637 3310 testamentum
1661 3246 1701 3310 de
1726 3257 1820 3332 porta

167 3356 321 3420 fontium:
347 3366 378 3419 et
402 3365 550 3442 quartam
567 3357 747 3440 portionem
772 3352 831 3417 sub
849 3355 957 3418 omni⁰
976 3354 1175 3418 conscientia
1199 3351 1382 3438 dispensari
1405 3353 1634 3438 precipientes,
1658 3376 1723 3417 non
1747 3376 1818 3440 per-

166 3464 298 3527 mittunt
321 3462 362 3526 de
387 3463 521 3526 decimis
545 3461 615 3524 fieri
639 3472 703 3525 tres
728 3463 863 3544 tercias3
888 3459 947 3524 sed
970 3461 1154 3547 precipiunt
1177 3457 1357 3523 secundum
1380 3468 1501 3522 statuta
1517 3481 1679 3523 canonum
1695 3471 1762 3524 tam
1778 3459 1819 3524 de

167 3570 353 3657 prediorum
378 3569 695 3633 aecclesiasticorum
711 3569 877 3654 pensione,
903 3590 999 3653 quam
1025 3566 1064 3630 de
1088 3568 1161 3652 ipsa
1185 3566 1400 3630 decimatione
1426 3575 1564 3651 quatuor
1583 3577 1715 3652 quartas
1737 3566 1818 3631 fieri.

122 3712 149 3752 so
279 3689 351 3750 148.
387 3685 513 3749 Harum
537 3707 611 3766 una,
637 3706 720 3770 qnae
745 3684 902 3769 contingit
926 3684 1115 3769 episcopum
1138 3683 1172 3744 in
1196 3679 1381 3767 baptismali
1412 3681 1583 3764 aecclesia,
1615 3681 1655 3746 de
1686 3682 1818 3769 reliquis

168 3792 316 3880 partibus
341 3801 544 3877 sequestrata
567 3790 779 3876 transportari
802 3792 929 3876 poterit,
963 3813 1025 3876 quo
1050 3790 1222 3875 episcopus
1247 3787 1403 3868 decernit,
1429 3789 1515 3875 quia,
1540 3800 1575 3852 ut
1598 3787 1713 3852 beatus
1738 3787 1818 3852 Gre-

168 3902 278 3986 gorius
302 3898 485 3985 Augustino
509 3896 688 3984 Anglorum
719 3898 873 3983 episcopo
905 3895 1050 3960 scribens
1081 3899 1249 3977 testatum,
1282 3894 1322 3959 de
1353 3894 1413 3959 hac
1441 3896 1590 3980 portione
1620 3894 1748 3960 debitor
1771 3907 1820 3960 est

169 4009 341 4094 episeopus
364 4004 536 4092 providere
554 4005 797 4090 peregrinorum
823 4013 855 4068 et
878 4003 1041 4089 hospitum
1057 4000 1327 4088 susceptionibus.
1365 4002 1417 4065 De
1435 4001 1496 4065 hac
1513 4024 1602 4088 erge,
1627 4003 1654 4066 si
1670 4001 1818 4085 voluerit,

169 4125 302 4201 propter
329 4111 555 4198 hospitalitatis
580 4112 807 4175 executionem
831 4121 937 4196 potest
961 4109 1085 4196 aliquid
1108 4110 1141 4172 in
1165 4107 1351 4194 baptismali
1375 4109 1537 4173 aecclesia
1559 4109 1743 4195 relinquere
1766 4110 1820 4173 vel

123 4245 151 4286 ss
168 4244 228 4308 per
251 4219 458 4300 monasteria,
483 4240 545 4304 que
562 4217 697 4281 multum
712 4216 887 4303 hospitalia
902 4218 1002 4298 novit,
1028 4215 1152 4302 aliquid
1176 4215 1305 4296 exinde,
1331 4216 1485 4302 quamdiu
1509 4217 1579 4302 ipse
1595 4217 1677 4280 vivit
1694 4227 1819 4280 contru-

156 4328 248 4404 dere
272 4337 405 4413 propter
427 4323 655 4410 hospitalitatis
680 4323 822 4388 officium
846 4323 1032 4408 diligentius
1057 4323 1295 4409 exequendum,
1327 4324 1374 4387 sic
1405 4323 1530 4387 scilicet
1560 4325 1593 4387 in
1622 4325 1818 4388 successoris

169 4434 304 4499 arbitrio
328 4431 500 4518 relinquat,
524 4441 631 4494 utrum
655 4431 702 4494 sic
726 4453 767 4493 an
791 4430 991 4494 commodius
1015 4430 1137 4494 iudicet
1160 4429 1356 4494 faciendum.
1404 4428 1439 4494 Si
1471 4431 1556 4493 enim
1588 4432 1819 4516 prestationem

169 4542 222 4606 vel
246 4540 410 4605 dationem
434 4561 526 4601 suam
550 4536 689 4600 voluerit
718 4559 849 4601 manere
878 4548 1078 4622 perpetuam,
1110 4537 1290 4600 successori
1318 4559 1375 4600 suo
1400 4536 1616 4622 preiudicium
1639 4537 1763 4602 faciens
1788 4548 1819 4602 et

170 4658 399 4713 testamentum
424 4645 464 4709 de
488 4645 623 4708 decimis
648 4645 865 4730 conscriptum
895 4643 1035 4724 solvens,
1067 4644 1193 4707 etiamsi
1217 4666 1301 4707 novo
1325 4642 1434 4728 aliquo
1459 4643 1630 4730 privilegio
1654 4643 1819 4708 dationem

125 4783 152 4821 so
171 4778 263 4821 suam
294 4752 469 4818 contendat
498 4753 635 4832 munire,
666 4774 730 4815 nou
761 4751 879 4837 poterit
910 4773 948 4814 eo
979 4750 1131 4814 defuncto
1162 4748 1249 4812 datio
1273 4748 1326 4813 vel
1357 4751 1512 4834 prestatio
1542 4761 1654 4814 contra
1678 4773 1820 4815 canones

171 4863 259 4926 fecta
289 4860 424 4944 durare,
456 4861 483 4923 si
514 4881 586 4923 eam
610 4858 748 4923 voluerit
776 4858 828 4922 νε]
858 4858 1036 4944 proximus,
1061 4856 1113 4920 νε]
1144 4855 1315 4939 secundus,
1340 4856 1393 4920 νε]
1424 4856 1622 4943 quotuslibet
1652 4880 1820 4922 successor

172 4971 240 5034 eius
264 4979 400 5032 mutare.
438 4967 703 5030 'Testamentum
719 4967 804 5029 enim
825 4964 914 5028 uliud
930 4986 1024 5027 nemo
1042 4962 1082 5027 de
1099 4963 1235 5027 decimis
1258 4973 1365 5048 potest
1387 4985 1509 5048 ponere
1533 4975 1643 5049 preter
1665 4963 1708 5048 id,
1734 4965 1822 5051 quod
1840 4983 1916 5029 ‘trae

171 5076 310 5162 positum
335 5085 393 5137 est.
442 5072 539 5153 Quod
562 5095 664 5159 usqne
689 5071 770 5136 adeo
795 5073 875 5135 seris
901 5081 932 5134 et
955 5069 1104 5134 vectibus
1131 5071 1289 5133 munitum
1314 5081 1346 5133 et
1369 5069 1594 5134 confirmatum
1619 5082 1676 5152 est,
1700 5082 1736 5135 ut
1759 5071 1819 5136 hoc

171 5205 277 5268 neque
308 5203 368 5267 per
391 5179 567 5244 monachos
598 5202 684 5243 nova
714 5178 896 5265 privilegia,
926 5199 1033 5262 neque
1064 5199 1123 5263 per
1146 5175 1263 5240 milites
1292 5175 1332 5240 de
1356 5177 1491 5240 decimis
1516 5187 1548 5240 et
1571 5177 1820 5241 aecclesiasticis

126 5317 153 5355 ss
173 5288 295 5376 prediis
319 5309 384 5352 non
407 5285 491 5351 bene
514 5285 727 5350 beneficiatos
750 5286 867 5348 iniuste
891 5284 1119 5348 modernorum
1144 5283 1291 5346 iusticias
1308 5283 1433 5368 possint
1450 5307 1650 5370 expugnare.
1686 5285 1730 5348 Et
1745 5286 1821 5371 quia

279 5435 306 5496 a)
328 5437 410 5486 fuerit
428 5435 489 5484 odd.
509 5452 529 5484 c.
603 5431 630 5490 h)
652 5435 687 5484 sit
705 5433 764 5484 adl.
783 5451 803 5482 c.
877 5433 903 5490 c)
926 5433 1046 5483 omnium
1064 5449 1084 5481 c.

283 5563 311 5632 l)
338 5565 457 5640 Frapm.
483 5561 596 5618 XXIV.
623 5564 664 5619 erl.
689 5562 768 5618 Tlsiel
784 5581 816 5636 p.
836 5561 910 5616 498.
1003 5559 1033 5628 2)
1061 5557 1109 5630 (is.
1136 5559 1204 5632 Spa.
1230 5559 1287 5617 Tol.
1312 5558 1366 5628 IX,
1392 5578 1414 5615 c.
1434 5559 1463 5628 6,
1491 5559 1590 5616 Manui
1612 5559 1665 5629 XI,
1691 5561 1740 5616 col.
1763 5559 1802 5615 28
1811 5582 1821 5630 ,-

174 5671 327 5729 Hinsclsius
344 5691 378 5746 p.
397 5669 459 5725 399
469 5691 479 5739 ;
512 5669 580 5743 Spa.
605 5669 694 5724 Brac.
719 5668 743 5738 I,
769 5689 791 5724 c.
811 5668 839 5737 l,
865 5670 882 5724 l.
903 5669 921 5724 l.
942 5687 974 5742 p.
994 5665 1055 5722 423
1065 5688 1074 5735 ,·
1106 5666 1146 5737 cs.
1173 5665 1251 5723 Stutc
1274 5667 1291 5722 l.
1310 5667 1327 5722 l.
1348 5685 1380 5741 p.
1400 5665 1450 5721 39.
1576 5662 1606 5740 3)
1630 5665 1695 5724 Noa
1719 5667 1820 5726 inverti.

175 5777 205 5848 4)
230 5777 324 5854 Epist.
350 5777 403 5848 XI,
430 5776 502 5846 562,
530 5775 598 5832 ΕΕ.
624 5774 664 5845 ΙΙ,
684 5795 716 5850 p.
736 5775 808 5830 331.

1557 5858 1608 5908 24*
1715 5861 1718 5868 '
