4410 6406
402 404 466 468 322
695 410 875 467 GERHOHI
898 411 1132 467 PRAEPOSITI
1155 409 1563 466 REICHERSBERGENSIS
1587 410 1752 466 LIBELLI.

221 622 383 672 ausaausa.
400 597 516 662 macho
540 597 650 664 fratre.
685 597 825 662 Rursum
841 597 1010 662 Menelaus
1034 597 1251 663 sacerdotium
1275 595 1460 662 reambiens
1484 619 1584 662 aurea
1608 587 1749 684 qaeda'm
1765 619 1855 679 vasa,
1874 617 1962 683 quae
1980 595 2067 658 fura-

307 729 380 770 aaa
400 715 451 768 tus
481 704 588 769 fuerat
617 705 651 768 in
674 704 804 791 templo,
832 703 925 769 dedit
946 703 1147 769 Andronicu
1193 704 1258 768 Pro
1290 725 1355 790 qua
1385 726 1420 768 re
1450 702 1528 768 dum
1558 715 1751 790 argueretur
1780 701 1822 767 ab
1848 703 1947 784 Onia,
1975 701 2069 765 dedit

401 811 571 875 consilium
593 809 793 892 Andronico,
818 822 979 898 quatenus
1004 811 1123 876 Oniam
1147 811 1355 893 interficeret,
1384 811 1496 897 sicque
1520 809 1642 875 factam
1667 821 1725 892 est,
1751 821 1784 874 et
1806 809 1984 874 Menelaus
2009 831 2071 894 per

400 917 653 982 fraudulentiam
681 917 776 982 simul
806 928 839 982 et
861 916 1050 982 violentiam
1080 919 1114 982 in
1137 927 1297 1004 potestate
1328 918 1516 1003 permansit.
1563 917 1607 980 Et
1636 917 1697 982 hec
1727 917 1832 981 tercia
1861 914 1990 1003 templo
2022 913 2070 977 illi

399 1024 586 1088 manufacto
616 1023 781 1089 tribulatio
812 1024 882 1088 fuit.
930 1022 993 1089 Oui
1023 1026 1072 1090 rei
1102 1023 1181 1088 mihi
1205 1023 1310 1088 simile
1334 1021 1464 1087 videtur
1485 1022 1566 1088 illud
1589 1022 1719 1106 malam,
1744 1022 1833 1110 quod
1856 1024 1936 1087 item
1962 1023 2103 1086 tereios

399 1129 482 1212 loco,
509 1141 584 1217 post
607 1153 647 1194 ea
671 1153 755 1217 quae
779 1129 948 1218 praedicta
971 1142 1055 1214 sunt,
1083 1133 1118 1195 in
1142 1130 1284 1196 ecclesia
1307 1140 1340 1194 et
1362 1140 1476 1194 contra
1500 1129 1674 1194 ecclesiam
1697 1129 1763 1194 Dei
1786 1130 1918 1194 actitari
1941 1127 2072 1192 machi-

400 1247 499 1301 nante
523 1235 654 1302 diabolo
679 1238 775 1324 cepit.

404 1435 455 1498 16.
488 1433 547 1497 De
572 1444 685 1498 stata
709 1432 895 1498 ecclesie
920 1431 1182 1520 temporibus
1201 1433 1397 1499 Heinrici
1417 1432 1550 1514 ΙΙΙΙΗ,
1573 1431 1774 1519 quomodo
1797 1428 2073 1518 temporibus

911 1551 950 1604 et
973 1542 1081 1605 actis
1103 1539 1306 1606 Antiochi
1330 1550 1544 1626 congruat.

507 1664 686 1751 Postquam
710 1665 797 1728 enim
820 1687 881 1752 per
899 1677 1028 1730 sanctos
1053 1675 1086 1729 et
1108 1664 1248 1729 illustres
1265 1666 1352 1730 viros
1377 1664 1515 1729 devictis
1538 1662 1708 1728 heresibus
1733 1663 1875 1728 ecclesia
1891 1663 2075 1727 victoriam
2095 1687 2122 1726 ro

402 1781 435 1835 et
457 1793 573 1859 pacem
597 1769 745 1852 obtinuit,
771 1794 845 1836 cam
868 1772 997 1836 interim
1022 1795 1152 1859 qaoque
1176 1771 1305 1836 diviciis
1330 1782 1362 1835 et
1385 1769 1561 1835 honoribus
1584 1769 1749 1856 regalibus
1781 1769 1897 1834 eadem
1922 1768 2076 1834 ecclesia

401 1901 461 1965 per
484 1900 579 1964 reges
603 1889 636 1942 et
658 1878 823 1965 principes
848 1888 944 1943 aucta
968 1877 1063 1943 simul
1087 1889 1120 1943 et
1143 1877 1307 1944 cumulata
1331 1889 1389 1960 est,
1414 1875 1666 1956 ambiciosorum
1690 1877 1872 1964 pervicatia
1897 1877 1998 1963 quasi
2022 1876 2074 1938 in-

402 1985 519 2049 testino
549 1982 634 2049 bello
666 2007 739 2049 eam
766 1997 895 2050 vastare
926 1987 1023 2073 cepit.
1078 1985 1247 2073 Siquidem
1279 1997 1312 2049 et
1342 2007 1435 2071 reges
1466 2005 1486 2048 a
1516 1982 1717 2070 temporibus
1742 1981 1851 2048 Caroli
1874 1983 1995 2069 Magni
2028 2004 2075 2046 ex

403 2091 612 2156 concessione
643 2090 848 2178 quorundam
871 2093 1090 2157 Romanorum
1120 2092 1320 2180 pontificum,
1344 2089 1498 2155 videlicet
1520 2090 1642 2156 Leonis
1672 2091 1766 2154 tercii
1796 2101 1829 2154 et
1851 2089 1996 2154 Adriani
2021 2111 2075 2152 se-

403 2197 534 2280 eundi1,
560 2197 856 2262 ecclesiasticarum
880 2197 942 2263 sibi
966 2198 1160 2285 dignitatum
1184 2199 1392 2263 investituras
1408 2195 1630 2263 vendicabant
1653 2207 1685 2261 et
1707 2219 1845 2284 persepe
1869 2196 1903 2260 in
1922 2195 2076 2261 ecclesia
2096 2220 2121 2260 rs

318 2341 341 2379 p.
350 2329 384 2370 aa.
402 2304 468 2368 Dei
490 2327 556 2370 non
579 2327 661 2392 quos
683 2303 816 2370 volebat
826 2316 850 2387 ⁸,
875 2304 933 2370 sed
957 2328 1037 2392 quos
1061 2304 1216 2370 volebant
1238 2307 1272 2370 in
1297 2303 1533 2392 episcopalium
1557 2303 1683 2368 sedium
1704 2304 1847 2389 'apicem
1872 2301 2075 2367 exaltabant

404 2420 436 2474 et
458 2433 539 2497 quos
562 2409 717 2476 volebant
740 2410 965 2476 humiliabant.
1006 2412 1152 2493 Quorum
1175 2421 1286 2477 tamen
1308 2435 1424 2498 regam
1447 2410 1592 2476 nonnulli
1617 2411 1706 2475 circa
1729 2410 1824 2474 huius
1848 2405 1953 2474 cladis
1978 2412 2074 2496 prin-

403 2518 489 2604 cipia
511 2517 690 2582 modestius
714 2541 749 2583 se
772 2519 807 2582 in
829 2518 879 2582 his
904 2529 1001 2605 atque
1025 2521 1258 2606 temperantias
1289 2516 1432 2604 agebant
1461 2518 1613 2581 nimirum
1643 2515 1855 2582 electionibus
1887 2516 2072 2582 aecclesia-

404 2625 492 2688 sticis
523 2625 557 2688 in
588 2625 806 2690 concedendis
840 2624 1018 2690 honoribus
1049 2625 1236 2708 deferendo,
1272 2627 1425 2712 ipsasque
1457 2624 1632 2710 dignitates
1663 2647 1727 2688 non
1762 2623 1805 2688 ad
1834 2625 1976 2709 gratiam
2009 2645 2074 2688 sea

403 2732 563 2816 pecuniae
578 2732 736 2818 precium,
754 2733 833 2818 quin
848 2733 956 2819 potias
980 2731 1022 2796 ad
1038 2755 1164 2797 morum
1189 2743 1221 2798 et
1244 2733 1400 2797 scientiae
1423 2733 1667 2819 prerogativam
1682 2730 1852 2818 largiendo
1860 2731 1884 2794 ¹’.
1922 2730 1971 2795 At
1986 2753 2072 2795 vero
2093 2755 2121 2793 eo

253 2839 385 2912 amara.
403 2835 460 2901 ubi
484 2836 527 2901 ad
549 2859 644 2923 reges
668 2849 801 2902 ventum
826 2850 884 2920 est,
910 2839 965 2925 qui
992 2838 1188 2925 ignorabant
1210 2839 1339 2926 Ioseph,
1365 2838 1515 2922 ecclesia,
1540 2861 1604 2926 qae
1629 2849 1699 2903 erat
1729 2837 1869 2920 domina,
1901 2838 1993 2902 facta
2016 2849 2073 2902 est

262 2943 523 3019 rua.1s,1.ancilla
546 2953 578 3008 et
601 2945 695 3026 sicat,
716 2944 847 3030 quando
863 2944 966 3009 tribas
982 2945 1060 3010 Dan
1084 2947 1172 3033 cepit
1195 2944 1257 3010 sibi
1274 2968 1410 3033 querere
1433 2947 1683 3032 possessionem,
1708 2968 1784 3010 cum
1807 2945 1870 3009 iam
1894 2967 1961 3010 non
1978 2955 2073 3009 esset

404 3073 464 3114 rex
493 3051 527 3114 in
550 3049 663 3132 Israel,
695 3051 753 3115 sed
776 3053 1000 3138 unusquisque
1024 3052 1111 3139 quod
1141 3051 1262 3117 bonam
1294 3050 1357 3116 sibi
1379 3050 1554 3117 videbatur
1577 3052 1639 3118 hoc
1662 3050 1816 3135 faciebat,
1841 3074 1914 3117 cum
1938 3052 2008 3115 iam
2034 3052 2073 3114 in

262 3182 385 3231 uram.
405 3157 544 3222 ecclesia
560 3157 625 3222 Dei
640 3157 694 3222 vel
717 3159 750 3222 in
768 3157 863 3222 domo
880 3159 1008 3224 Michae
1034 3161 1121 3246 cepit
1139 3181 1210 3223 esse
1234 3158 1356 3224 idolam
1381 3169 1414 3224 et
1436 3159 1588 3224 sacerdos
1606 3159 1839 3240 conducticias,
1863 3180 1929 3222 non
1946 3156 2071 3222 electio

405 3264 494 3346 cleri,
518 3286 583 3329 non
607 3287 784 3330 consensus
807 3265 1047 3348 honoratorum,
1078 3289 1144 3331 non
1166 3267 1280 3353 petitio
1304 3265 1415 3354 populi
1446 3267 1480 3330 in
1503 3265 1692 3330 ordinandis
1717 3266 1878 3352 episcopis
1903 3263 2071 3350 quereba-
2091 3289 2119 3328 ae

404 3380 466 3454 tar,
490 3393 556 3436 aon
580 3373 745 3436 sanctitati
767 3374 866 3454 vitae,
898 3396 963 3437 non
994 3374 1148 3437 scientiae
1180 3372 1344 3438 illustriori
1369 3372 1512 3436 delatam
1536 3384 1595 3454 est,
1627 3371 1685 3436 sed
1709 3373 1906 3458 quicumque
1929 3369 2072 3436 volebat

404 3476 561 3564 implebat
583 3501 715 3542 manum
739 3501 830 3543 suam
855 3491 888 3544 et
910 3479 1015 3543 factus
1035 3491 1085 3543 est
1108 3479 1261 3544 sacerdos
1277 3503 1343 3544 non
1358 3481 1424 3543 iam
1440 3479 1583 3560 Domini,
1608 3478 1667 3543 sed
1682 3501 1887 3543 mammonae
1912 3501 1951 3543 ac
1975 3479 2071 3564 prin·

253 3610 385 3660 usstass.
405 3585 486 3671 cipis
506 3584 601 3649 huius
617 3584 730 3649 mundi
747 3584 902 3649 dicentis:
927 3586 1017 3652 Haec
1040 3590 1146 3652 omnia
1170 3589 1231 3652 tibi
1252 3589 1343 3668 dabo,
1366 3591 1400 3653 si
1420 3587 1535 3652 cadens
1558 3587 1746 3653 adoraveris
1769 3611 1824 3651 ma.
1863 3585 1952 3667 Quid
1977 3587 2070 3650 enim

237 3717 385 3767 arouse.
405 3701 475 3755 erat
498 3690 561 3755 nisi
584 3689 706 3755 diaboli
729 3691 886 3778 principis
910 3691 1005 3756 haias
1022 3692 1134 3756 mundi
1157 3695 1191 3756 in
1207 3692 1349 3779 maligno
1373 3693 1470 3780 positi
1494 3691 1651 3776 adoratio,
1675 3693 1869 3779 principum,
1893 3691 2069 3779 inquibus

405 3794 557 3882 superbie
582 3807 613 3862 et
636 3799 779 3862 avaricie
804 3799 936 3885 spiritus
953 3797 1131 3882 habitabat,
1156 3799 1199 3864 ad
1222 3799 1284 3864 hoc
1308 3799 1456 3864 clientela
1474 3799 1652 3882 deservire,
1668 3811 1705 3863 ut
1721 3800 1859 3886 quisque
1883 3798 1946 3863 illis
1971 3799 2066 3863 fami·
2087 3823 2112 3862 aa

403 3903 515 3968 liarias
532 3903 721 3968 deserviens
739 3903 905 3990 dignitatis
930 3905 1151 3971 ecclesiastice
1175 3905 1312 3971 alicuius
1336 3907 1465 3993 apicem
1481 3907 1583 3971 cicius
1607 3907 1762 3992 consequi
1786 3907 1963 3992 potuisset3
1989 3929 2066 3970 cum

404 4009 512 4074 taliter
535 4009 666 4075 aliande
690 4010 844 4075 videlicet
872 4011 1087 4076 ascendentes
1110 4035 1177 4077 non
1200 4012 1243 4077 ad
1266 4012 1356 4077 aliud
1377 4013 1451 4095 nisi,
1476 4023 1512 4077 ut
1535 4024 1645 4078 essent
1673 4013 1809 4078 heretici
1832 4034 2065 4099 promoveren-

404 4117 481 4181 tur?
527 4117 612 4181 Nam
636 4129 669 4182 et
691 4118 755 4204 ipsi
776 4116 891 4182 taliam
914 4118 1115 4183 ordinatores
1147 4119 1226 4184 dicti
1257 4120 1413 4206 episcopi,
1444 4142 1517 4184 cam
1548 4131 1657 4184 essent
1687 4117 1862 4183 indubitati
1892 4119 2064 4184 simoniaci

404 4225 469 4287 iam
494 4223 569 4288 olim
592 4225 627 4288 in
650 4247 708 4289 suo
732 4235 863 4290 auctore
888 4247 908 4288 a
931 4247 1050 4310 magno
1075 4224 1218 4311 Symone
1241 4225 1340 4290 Petro
1371 4225 1508 4312 aliisque
1533 4224 1777 4291 successoribus
1802 4225 1871 4289 eius
1894 4224 2063 4311 legittimis

404 4328 623 4417 predamnati,
658 4330 758 4395 nichil
792 4341 901 4417 preter
935 4330 1201 4417 dampnationem
1210 4337 1231 4414 ²,
1264 4355 1362 4418 qaam
1392 4331 1576 4396 habuerant
1610 4333 1677 4396 sais
1709 4331 1881 4413 ordinatis,
1914 4331 2109 4396 conferrere

404 4447 594 4522 potuerant3
629 4437 759 4524 ipsique
793 4437 905 4502 taliam
941 4437 1080 4502 ordinati
1114 4461 1174 4525 per
1208 4461 1320 4503 eorum
1354 4462 1469 4503 manas
1504 4439 1745 4525 impositionem
1779 4438 1986 4502 vulneratum
2021 4436 2063 4502 ab

406 4543 452 4606 eis
477 4545 574 4629 caput
603 4555 860 4630 reportaverant.
909 4543 998 4625 Quid
1028 4567 1180 4631 sponsam
1205 4543 1336 4627 Christi,
1369 4555 1514 4610 sanctam
1545 4544 1719 4610 ecclesiam
1749 4567 1815 4609 non
1844 4545 1983 4632 periculi
2010 4544 2063 4609 vel

406 4648 482 4713 mali
512 4647 572 4713 sab
602 4648 720 4714 talibus
749 4649 907 4738 pronubis
938 4661 970 4715 et
1000 4650 1166 4716 sodalibus
1198 4653 1309 4738 sponsi
1339 4674 1470 4739 passam
1500 4649 1704 4732 arbitremur,
1740 4649 1938 4716 irruentibus
1969 4652 2063 4715 nimi·

405 4777 477 4819 rum
507 4755 549 4819 ad
577 4778 649 4820 eam
679 4759 800 4843 passim
831 4767 877 4840 et,
905 4768 942 4822 at
972 4756 1094 4823 dictam
1126 4770 1189 4841 est,
1221 4758 1351 4823 aliunde
1383 4757 1634 4822 ascendentibus
1666 4755 1865 4845 quibuslibet
1887 4757 1940 4823 vel
1964 4781 2061 4844 pecu-

404 4861 505 4926 niosis
528 4862 593 4925 iam
618 4861 660 4926 ad
684 4885 778 4927 omne
794 4865 917 4929 viciam
941 4865 1127 4929 exercitatis
1151 4865 1205 4929 vel
1228 4889 1248 4929 a
1271 4863 1545 4929 descendentibus
1568 4862 1733 4930 nobilibus
1757 4864 1798 4929 ad
1823 4886 1917 4929 omne
1940 4865 2062 4930 viciam
2079 4887 2108 4925 ro

406 4969 523 5050 cereis,
559 4968 601 5032 ad
633 4991 713 5055 quos
743 4969 923 5034 monendos
952 4970 1005 5034 vel
1036 4971 1219 5056 arguendos
1250 4971 1386 5058 quilibet
1420 4972 1613 5036 accessisset
1641 4971 1732 5035 velut
1761 4994 1781 5035 a
1811 4971 1914 5057 spinis
1945 4982 1979 5036 et
2007 4972 2061 5035 tri-

406 5071 489 5138 bulis
514 5075 686 5139 convulsas
711 5086 744 5140 et
766 5075 963 5140 dilaceratus
994 5074 1154 5141 abiisset?
1200 5077 1298 5143 Tales
1328 5100 1469 5165 namque
1499 5077 1542 5141 ad
1572 5100 1689 5164 sponse
1714 5077 1848 5142 Domini
1878 5079 2061 5143 castitatem

513 5271 540 5336 a)
561 5274 672 5326 volebat
690 5293 710 5326 c.
784 5273 812 5336 b)
836 5274 977 5342 larigendo
996 5295 1017 5328 e.

517 5435 546 5511 1)
571 5436 619 5510 Cf.
640 5439 721 5496 lisido
745 5439 868 5496 Ferrar.
893 5441 928 5497 de
949 5440 1077 5499 scismate
1099 5441 1239 5513 Issldebr„
1265 5442 1365 5499 Libelli
1387 5443 1410 5513 I,
1429 5463 1462 5519 p.
1481 5443 1562 5500 565:
1587 5445 1669 5500 Hanc
1693 5445 1902 5501 concessionem
1917 5444 2060 5500 Adrianus
2103 5490 2106 5494 .

406 5545 576 5615 apostolicus
599 5545 714 5613 Karolo,
738 5546 799 5602 Leo
822 5548 927 5602 tercius
950 5548 1076 5604 Ladoico
1099 5590 1105 5603 .
1126 5590 1158 5604 ..
1184 5549 1428 5606 confirmaverunt.
1464 5550 1591 5608 Adriani
1612 5550 1637 5607 Ι.
1663 5560 1689 5608 et
1712 5550 1816 5609 Leonis
1833 5549 1915 5608 VIII.
1932 5550 2008 5628 ficta
2030 5548 2060 5607 ia
2077 5564 2107 5604 aa

407 5650 501 5706 animo
525 5650 621 5720 habea·
646 5652 685 5723 cf.
705 5651 742 5707 Ε.
760 5652 922 5723 Banbeim,
948 5652 1078 5712 ‘Forsca
1103 5675 1127 5711 z.
1145 5655 1185 5712 D.
1200 5648 1314 5714 Gessit!
1331 5665 1349 5713 t.
1367 5657 1434 5728 XV,
1454 5677 1487 5732 p.
1506 5657 1586 5729 635,·
1610 5659 1652 5731 cs.
1676 5659 1762 5730 infra
1786 5677 1809 5714 c.
1828 5657 1879 5714 85.
1951 5655 1982 5727 2)
2009 5654 2057 5729 C'f.

407 5755 555 5813 Humberti
576 5759 642 5815 adv.
666 5758 833 5816 simoniacos
856 5761 874 5815 l.
891 5758 932 5830 II,
957 5779 980 5816 c.
1000 5760 1050 5832 26,
1076 5761 1177 5818 Libero·
1199 5763 1223 5835 I,
1242 5783 1276 5840 p.
1298 5763 1487 5820 lvo—172.
