4568 6428
466 409 507 471 58
597 416 752 472 LIBELLI
774 415 941 472 HONORII
964 393 1345 471 AUGUSTODUNENSIS
1369 411 1608 468 PRESBYTERI
1630 412 1680 467 ET
1704 409 1971 467 SOHOLASTICI.

466 603 622 688 assumpti
645 600 774 666 habitus
798 601 963 688 religionis
986 600 1068 665 filios
1084 601 1150 664 Dei
1173 598 1214 664 de
1238 600 1328 663 vita*
1353 601 1470 662 erroris
1493 598 1624 662 trahunt
1647 597 1688 662 ad
1711 599 1848 684 gratiam
1872 597 2104 678 conversionis,

466 719 498 772 ct
520 707 577 772 filii
602 706 733 794 quidem
762 709 796 771 in
826 707 920 772 domo
950 705 1187 794 permanebunt
1211 717 1242 771 et
1265 706 1401 770 heredes
1431 706 1532 791 patris
1560 716 1662 786 erunt,
1695 705 1780 767 servi
1811 713 1929 784 autem,
1961 727 2034 768 cum
2064 702 2105 767 ad

465 814 677 879 hereditatem
700 837 765 878 non
787 816 979 900 pertineant,
1004 813 1045 878 ad
1069 813 1258 878 derelictum
1282 835 1362 900 opus
1385 811 1551 876 recedunt.

1146 1003 1175 1063 3.
1217 999 1276 1062 De
1307 997 1419 1063 luda.

571 1125 657 1189 Hinc
682 1136 740 1205 est,
765 1123 850 1210 quod
867 1123 965 1188 ludas
989 1122 1146 1209 reprobus
1170 1124 1204 1187 in
1228 1122 1399 1208 collegium
1422 1121 1714 1210 predestinatorum
1729 1124 1819 1187 venit
1835 1134 1867 1186 et
1882 1122 2005 1187 tamdiu
2021 1123 2140 1187 intera

354 1257 445 1298 ⁸cure.
466 1253 520 1294 eos
544 1232 671 1312 mansit,
696 1230 906 1317 quoadusque
930 1229 1030 1293 filium
1054 1230 1169 1293 summi
1188 1229 1289 1315 patris
1312 1252 1371 1316 pro
1396 1229 1498 1293 salute
1521 1229 1633 1293 mundi
1657 1228 1790 1293 tradidit
1814 1240 1845 1293 et
1869 1233 2015 1314 'peracto
2039 1251 2105 1293 ser-

465 1339 545 1401 vitio
569 1337 610 1400 ad
635 1359 710 1400 suos
735 1345 899 1400 consortes
923 1335 1027 1400 rediit.

1145 1471 1174 1532 4.
1214 1469 1273 1533 De
1303 1467 1423 1554 lupis.

571 1594 641 1658 Hos
664 1594 744 1658 tales
762 1593 920 1658 Dominus
944 1593 1198 1658 investimentis
1222 1593 1330 1656 ovium
1353 1593 1448 1678 lupos
1471 1615 1606 1679 rapaces
1631 1592 1830 1657 demonstrat
1841 1599 1861 1674 ¹,
1886 1607 1918 1657 et
1940 1595 2105 1681 apostolus

465 1700 563 1764 falsos
594 1700 708 1764 fratres
740 1699 881 1786 appellat
892 1706 912 1763 ².
958 1699 1015 1763 Hii
1045 1698 1087 1762 ad
1117 1698 1372 1784 explorandamb
1397 1708 1528 1762 sanctae
1553 1701 1807 1763 conversationis
1834 1699 2037 1765 libertateme
2062 1698 2105 1765 ab
2126 1725 2154 1762 ro

465 1805 611 1870 hostibus
635 1805 755 1871 Christi
779 1808 956 1888 mittuntur,
989 1807 1071 1869 sicut
1101 1805 1322 1891 exploratores
1347 1807 1580 1869 contrariorum
1604 1805 1739 1869 consilia
1762 1817 1794 1869 et
1818 1819 1908 1871 actus
1933 1806 2104 1893 explorare

466 1913 656 2000 diriguntur.
704 1913 746 1976 Et
770 1913 846 1998 quia
870 1935 912 1976 cx
935 1911 1028 1975 nobis
1052 1935 1115 1975 non
1140 1923 1222 1993 sunt,
1252 1934 1292 1974 ex
1316 1910 1410 1975 nobis
1434 1923 1555 1976 exeunt
1579 1923 1610 1976 et
1634 1923 1760 1976 secreta
1783 1924 1915 1978 sanctae
1940 1913 2105 2000 religionis

466 2021 532 2084 suis
557 2017 767 2106 complicibus
791 2017 954 2082 irridendo
979 2017 1127 2103 produnt.
1174 2017 1217 2082 Et
1239 2019 1338 2082 miror
1360 2041 1418 2081 vos
1446 2041 1543 2104 super
1566 2018 1810 2084 huiuscemodid
1834 2021 2001 2098 sciscitari,
2026 2021 2105 2106 quid

467 2126 607 2191 debeant
631 2124 807 2206 observari,
832 2147 904 2188 cum
928 2123 1088 2188 audiatise
1113 2123 1244 2188 cottidie
1269 2124 1301 2186 in
1326 2122 1474 2188 omnibus
1498 2125 1665 2189 aecclesiis
1690 2126 1829 2190 recitari.

1111 2313 1141 2374 5.
1182 2310 1241 2373 De
1273 2307 1456 2374 canibus.
2125 2337 2153 2375 ra

299 2471 446 2518 Proteum,
525 2489 527 2494 .
576 2437 673 2502 Canis
696 2461 837 2501 rece-raus
860 2436 904 2500 ad
918 2439 1075 2514 counitum,
1098 2438 1145 2499 sic
1166 2435 1277 2498 stulttia
1300 2438 1417 2500 itera-aa
1439 2435 1588 2500 stultitiae
1611 2451 1720 2500 actitat.
1758 2435 1847 2516 Quos
1872 2460 1948 2522 ergo
1966 2436 2106 2524 Spiritus

466 2554 596 2608 sanctus
626 2542 761 2606 canibus
792 2553 967 2626 comparat,
999 2540 1056 2605 hos
1084 2540 1243 2604 aecclesia
1267 2563 1286 2603 a
1310 2563 1367 2604 suo
1392 2541 1575 2604 consortio‘
1599 2540 1761 2627 reprobat.
1808 2542 1851 2607 Et
1881 2545 1959 2630 quia
1988 2567 2105 2609 canum

465 2672 553 2714 mora
578 2650 665 2713 omui
688 2647 881 2712 inmunditia
904 2647 1099 2734 polluuntur,
1124 2669 1144 2710 a
1160 2646 1272 2734 celesti
1287 2646 1492 2710 Hierusalem
1509 2649 1637 2732 penitus
1661 2648 1887 2732 excluduntur,
1912 2662 1947 2715 ut
1971 2651 2105 2715 dicitur:

291 2779 446 2829 aptatam.
468 2757 563 2821 Foris
586 2781 676 2820 canes
699 2771 727 2820 ct
751 2755 901 2820 ramundi.
943 2752 1050 2818 Canes
1074 2764 1157 2834 sunt,
1183 2754 1259 2839 quia
1283 2753 1324 2816 ad
1347 2754 1502 2817 vomitum
1526 2755 1704 2839 iniquitatis
1728 2767 1907 2820 recurrunt.
1953 2757 2105 2822 Inmundi

289 2851 446 2952 ,·p„⁰,f‘„„,
466 2872 549 2943 sunt,
574 2862 651 2948 quia
672 2873 708 2924 ut
732 2883 805 2925 sues
829 2863 862 2924 in
886 2859 1078 2924 volutabro8
1101 2860 1200 2923 variis
1225 2858 1396 2922 sordibush
1420 2859 1589 2923 involvunt
1613 2861 1679 2924 sel.
2125 2887 2152 2926 so

1076 3049 1105 3110 6.
1147 3045 1207 3110 De
1238 3044 1493 3110 damonibus.

571 3173 660 3236 Inter
693 3172 764 3236 illos
798 3193 937 3256 namque
973 3180 1134 3256 apostatas
1169 3169 1301 3255 angelos
1337 3183 1572 3257 computantur,
1608 3174 1663 3258 qui
1698 3175 1731 3236 in
1766 3173 1938 3239 tenebroso
1973 3197 2105 3241 carcere

466 3281 605 3344 aeternis
635 3278 766 3364 ignibus
796 3276 946 3342 tradendi
975 3285 1191 3356 reservantur,
1222 3277 1277 3362 qui
1308 3277 1506 3342 domicilium
1536 3300 1628 3342 suum
1657 3303 1722 3344 non
1752 3293 1973 3363 servaverunt,
2005 3281 2063 3346 sed
2086 3305 2106 3345 a

466 3385 561 3449 laude
585 3385 649 3449 Dei
680 3396 713 3448 et
742 3385 902 3448 consortio
933 3382 1121 3468 angelorum
1151 3392 1424 3468 apostataverunt.
1471 3384 1521 3448 lta
1551 3386 1614 3466 isti,
1646 3387 1722 3472 quia
1752 3409 1852 3451 suave
1883 3390 1994 3474 iugum
2018 3388 2107 3452 Deis

467 3491 655 3556 abiecerunt
678 3503 709 3554 et
733 3491 894 3554 caminum
919 3488 1219 3552 examinationis¹·⁴
1243 3487 1284 3552 ob
1307 3490 1541 3575 inpatientiam,
1573 3489 1614 3554 ob
1642 3489 1860 3574 rebellionem,
1892 3492 1933 3557 ob
1956 3493 2151 3559 luxuriaeue

365 3622 448 3664 amr.
466 3598 625 3663 furoreml
655 3597 876 3682 *reliquerunt
901 3597 934 3658 in
958 3597 1084 3660 camino
1109 3605 1259 3659 aeternae
1284 3595 1522 3682 dampnationis
1545 3609 1701 3684 perpetuo
1726 3598 1895 3664 ardebunt.

1104 3784 1132 3844 7.
1175 3781 1233 3845 Dc
1264 3780 1464 3868 piscibus.

572 3910 631 3973 Isti
654 3919 728 3972 sunt
750 3909 867 3993 pisces,
892 3907 948 3992 qui
971 3917 1069 3970 retem
1085 3917 1238 3991 rumpunt
1261 3918 1293 3970 et
1316 3907 1349 3969 in
1365 3905 1481 3970 fluctus
1497 3907 1653 3972 resiliunt.
1689 3909 1800 3974 Retem
1816 3932 1955 3998 namque
1972 3925 2104 3977 sanctae

467 4015 597 4102 regulae
622 4024 654 4079 et
677 4014 797 4078 ordinis
821 4010 1038 4101 inobediendo
1062 4011 1222 4093 scindunt,
1246 4035 1305 4097 per
1329 4012 1416 4098 quod
1439 4013 1479 4077 de
1503 4015 1630 4099 gurgite
1654 4026 1862 4100 peccatorum
1885 4019 1943 4081 vix
1967 4022 2107 4084 extracti

467 4132 550 4187 sunt.
589 4119 804 4185 Concordiam
828 4119 962 4182 fratrum
986 4129 1147 4204 rumpunt,
1173 4117 1214 4182 de
1237 4140 1315 4181 vase
1339 4121 1535 4200 monasterii,
1560 4121 1594 4182 in
1618 4142 1680 4205 quo
1705 4144 1725 4185 a
1748 4121 1876 4187 Christo
1901 4136 1975 4189 sunt
1997 4124 2104 4208 locati,
2125 4155 2151 4194 so

467 4232 501 4293 in
524 4227 639 4292 fluctus
663 4226 763 4290 seculi
786 4225 956 4312 prosiliunt
979 4235 1011 4288 ct
1032 4223 1135 4310 preda
1159 4222 1350 4288 demonibus
1374 4225 1463 4290 fiunt.

1124 4413 1154 4473 8.
1195 4409 1255 4474 De
1285 4421 1435 4474 aratro.

321 4577 448 4626 ,mm
573 4537 642 4602 Hos
667 4536 839 4624 previdens
862 4535 1022 4599 Dominus
1046 4536 1079 4598 in
1103 4533 1272 4620 euangelio
1296 4536 1378 4598 aitn:
1409 4535 1509 4601 Nemo
1538 4539 1661 4602 mittens
1687 4563 1814 4604 monum
1843 4541 1889 4605 ad
1909 4557 2050 4608 aramum
2079 4560 2107 4610 et

467 4649 638 4734 respiciens
660 4660 742 4708 reiro
765 4659 857 4730 aptita
880 4657 923 4708 cst
945 4666 1038 4729 reputo
1061 4642 1133 4706 Dei.
1180 4639 1299 4704 Aratio
1322 4652 1410 4705 terra
1434 4641 1558 4724 colitur,
1586 4653 1622 4708 ut
1644 4642 1768 4709 fructus
1796 4668 1838 4710 ex
1862 4669 1901 4710 ea
1924 4647 2103 4735 colligatur.

467 4753 552 4817 Per⁰
576 4761 718 4816 aratrum
741 4749 936 4834 intellegitur
955 4748 1021 4812 Dei
1045 4748 1221 4829 servitium,
1245 4769 1305 4833 per
1324 4745 1411 4833 quod
1434 4747 1533 4813 corda
1556 4749 1722 4814 fidelium⁹
1746 4751 1947 4837 excoluntur,
1971 4765 2007 4819 ut
2030 4778 2104 4820 cen·
2124 4785 2150 4824 ss

468 4871 542 4924 teno
565 4857 694 4923 fructu⁵
716 4856 780 4920 frui
802 4865 995 4920 mercantur.
1031 4854 1070 4917 In
1093 4852 1181 4940 quod
1203 4863 1345 4918 aratrum
1369 4876 1500 4918 manum
1522 4856 1629 4939 mittit,
1653 4857 1766 4944 quise
1790 4857 1834 4922 ad
1848 4858 1914 4924 Dei
1936 4862 2104 4927 servitium

468 4965 637 5031 convertit.
684 4962 751 5027 Sed
773 4973 858 5026 retro
882 4961 1023 5047 respicit,
1056 4959 1133 5024 dum
1162 4959 1321 5024 secularia
1349 4971 1457 5025 mente
1481 4971 1628 5026 tantum<l
1651 4964 1883 5051 concupiscit&
1929 4965 1974 5030 Et
1996 4969 2024 5030 si
2047 4969 2103 5032 mi-

575 5187 601 5253 a)
629 5192 675 5240 via
700 5186 730 5239 B.
810 5186 838 5249 b)
867 5186 1033 5254 exploranda
1057 5181 1092 5235 D.
1171 5183 1197 5248 c)
1227 5185 1408 5238 libertatatem
1433 5205 1495 5238 corr.
1523 5186 1676 5240 libertatem
1701 5186 1734 5240 A.
1816 5187 1844 5250 d)
1872 5191 2015 5244 huiuscedi
2040 5211 2103 5246 corr.

467 5279 654 5333 huiuscemodi
675 5274 705 5327 B.
788 5275 814 5338 c)
842 5276 985 5327 audiamus
1005 5270 1036 5324 B.
1116 5273 1138 5334 f)
1167 5277 1330 5326 commercio
1356 5293 1418 5326 corr.
1445 5278 1583 5328 consortio
1603 5272 1635 5328 B.
1714 5275 1742 5344 g)
1768 5278 1852 5332 volut.
1877 5297 1940 5331 corr.
1959 5281 2045 5334 solut.
2064 5279 2104 5345 B;

467 5369 527 5421 odd.
547 5369 599 5420 luti
618 5363 645 5418 C.
709 5364 736 5428 h)
758 5367 939 5417 immundiciis
960 5361 986 5414 C.
1053 5360 1073 5424 i)
1095 5381 1123 5414 se
1142 5365 1197 5413 inv.
1212 5359 1239 5414 0.
1303 5363 1331 5425 k)
1354 5366 1562 5417 examinationis
1581 5383 1644 5416 cors.
1662 5384 1730 5418 arou.
1745 5376 1810 5434 post.
1830 5371 2056 5423 examinationem
2076 5369 2104 5424 0.
2122 5379 2150 5418 to

470 5457 489 5522 l)
509 5459 644 5509 fervorem
662 5453 689 5507 C.
761 5453 797 5514 m)
819 5461 892 5505 recte
910 5450 942 5504 B.
1015 5449 1042 5514 n)
1065 5452 1132 5503 dicit
1151 5447 1222 5502 B.C.
1294 5451 1322 5514 o)
1343 5453 1408 5504 deest
1426 5449 1460 5504 D.
1532 5450 1562 5519 p)
1582 5455 1600 5505 f.
1620 5472 1643 5506 c.
1663 5451 1690 5505 0.
1757 5453 1784 5523 q)
1805 5458 1871 5508 deest
1889 5454 1921 5510 B.
1988 5457 2011 5522 r)
2033 5460 2103 5512 desi·

469 5547 546 5598 derat
564 5545 607 5596 vel
627 5546 798 5609 concupiscit
817 5540 844 5594 C.

577 5752 827 5825 1)Maot.r,15.
898 5748 1186 5819 2)2.00r.11,2a.
1257 5747 1536 5820 3)Maut.11,30.
1607 5749 1829 5824 uacuas
1900 5755 2103 5828 amatas.
