4418 6412
443 303 507 366 374
732 308 913 365 GERHOHI
935 307 1169 365 PRAEPOSITI
1192 308 1602 367 REICHERSBERGENSIS
1625 309 1793 366 LIBELLI.

442 518 566 562 mamm
590 496 828 577 contexuimus,
852 518 933 582 quos
956 497 1075 582 partim
1099 495 1250 580 vidimus,
1282 499 1400 585 partim
1424 519 1553 584 quoque
1585 497 1691 562 adhuc
1721 496 1848 562 flaturas
1875 494 2066 566 formidamus.

442 600 550 668 Semel
580 623 719 688 namque
750 603 855 688 posito
885 601 946 684 his,
974 603 1030 689 qui
1058 603 1092 667 in
1116 603 1257 669 ecclesia
1279 603 1344 668 Dei
1375 605 1521 691 episcopi
1543 603 1597 668 vel
1620 603 1851 690 opiscoporum
1881 603 2019 688 magistri
2040 630 2068 672 ae

440 719 549 796 patras
573 709 669 795 positi
693 719 777 790 sunt,
801 707 842 774 de
867 707 1030 774 scandalis
1054 710 1193 776 ecclesio
1215 732 1282 775 non
1305 733 1419 775 curare
1450 710 1551 774 altum
1581 732 1697 797 sapere
1728 732 1790 774 nec
1820 708 1995 774 humilibus
2015 734 2071 777 con·

441 816 561 880 sentire
592 837 632 879 ac
662 837 728 878 non
758 815 937 880 secundum
967 814 1075 881 Iesum
1100 816 1265 884 Christum
1296 816 1520 882 dubitantibus
1550 827 1584 882 et
1613 815 1842 881 scandalizatis
1873 815 2021 880 fratribus
2045 842 2074 884 ac

440 920 609 1008 discipulis
639 920 734 1004 latus,
766 943 881 986 manus
911 945 950 987 ac
973 922 1075 1009 pedes
1103 925 1287 990 innocentie
1311 922 1470 988 videndas
1494 945 1534 988 ac
1557 923 1739 1010 palpandas
1762 923 2099 1005 demonstraremus

441 1039 473 1094 et
495 1029 528 1093 hi
553 1028 617 1093 duo
634 1027 811 1093 consiliarii
826 1029 969 1116 pessimi,
994 1028 1147 1116 superbia
1170 1041 1203 1095 et
1226 1031 1382 1112 avaricia,
1406 1029 1536 1117 penitus
1560 1029 1694 1094 admissi
1717 1029 1849 1112 fixerint,
1874 1028 1976 1093 nichil
1997 1031 2079 1096 malo
2187 1109 2188 1112 Ἴ

440 1158 521 1218 rum,
553 1157 616 1222 que
647 1135 799 1219 diximus,
830 1137 924 1222 sequi
954 1134 1168 1202 dubitandum
1198 1161 1265 1202 non
1294 1147 1352 1202 est.
1399 1137 1502 1202 Immo
1525 1158 1604 1201 vero
1635 1146 1668 1201 et
1697 1135 1933 1202 discessionem
1963 1134 2004 1200 de
2032 1135 2082 1201 sub

440 1243 585 1308 Romane
617 1241 796 1308 aecclesiae
821 1241 1009 1308 obedientia
1038 1267 1098 1330 per
1120 1244 1216 1309 talem
1242 1255 1464 1330 contemptum
1486 1242 1715 1308 scandalorum
1736 1242 1895 1330 parturiri
1917 1241 2086 1308 timendum

262 1373 420 1422 aramus.
440 1359 499 1433 ost,
530 1351 614 1414 sicut
637 1371 658 1413 a
682 1347 797 1414 Grecis
822 1371 951 1436 quoque
975 1351 1040 1414 iam
1064 1349 1141 1414 olim
1165 1349 1343 1415 discessum
1367 1361 1536 1436 astatque
1560 1350 1607 1413 ita
1629 1349 1809 1414 revelatum
1833 1350 1874 1414 iri
1897 1349 2001 1414 filium
2024 1371 2087 1436 per-

441 1456 581 1539 ditionis,
613 1457 640 1520 si
672 1466 781 1520 tamen
811 1455 872 1520 hec
896 1456 949 1521 vel
979 1456 1052 1521 talis
1077 1467 1126 1522 est
1153 1457 1319 1541 discessio,
1344 1480 1441 1544 quam
1466 1456 1628 1542 significat
1655 1455 1831 1542 apostolus,
1856 1455 1989 1520 dicens:
2020 1456 2094 1522 Nelei
2108 1483 2128 1522 u

442 1567 559 1630 acuerit
581 1564 732 1629 discessio
749 1568 895 1651 priosum
919 1574 951 1628 et
974 1575 1092 1628 cetera.

368 1745 419 1800 (ar).
535 1726 587 1789 59.
624 1722 684 1787 De
709 1723 985 1810 expeditione
1009 1723 1086 1789 illa
1109 1723 1454 1789 lerosolimitana
1476 1733 1564 1789 tota
1588 1723 1856 1805 calamitosa,
1882 1745 2002 1810 quam

1079 1831 1271 1895 avaricia
1299 1833 1443 1896 suasit.

545 1953 726 2020 Videamus
750 1965 857 2019 autem
881 1977 1055 2042 perunum
1080 1977 1121 2019 ex
1144 1955 1195 2018 his
1219 1954 1422 2038 consiliariis,
1448 1965 1598 2042 questum
1623 1955 1697 2020 dico
1713 1954 1765 2019 vel
1791 1955 1984 2036 avariciam,
2003 1953 2096 2040 quale

439 2071 660 2148 quantumque
691 2061 820 2142 malum,
849 2073 970 2148 quanta
998 2061 1108 2126 clades
1132 2073 1164 2126 et
1187 2063 1350 2148 pernicies
1380 2063 1413 2126 in
1443 2072 1545 2128 totam
1576 2061 1697 2148 ubique
1728 2072 1888 2126 terrarum
1921 2060 2097 2126 ecclesIam
2117 2085 2139 2124 rs

438 2169 606 2255 processit.
645 2169 773 2232 Recens
797 2179 886 2233 tenet
908 2169 1076 2250 memoria,
1100 2191 1175 2233 nam
1199 2179 1273 2232 ante
1291 2191 1391 2233 annos
1407 2167 1510 2232 XIIII
1527 2179 1618 2256 gesta
1635 2179 1709 2233 sunt
1730 2190 1793 2255 que
1810 2168 2066 2254 perstrinximus
2077 2172 2098 2231 ¹.

438 2275 622 2340 Exierunta
645 2297 664 2339 a
688 2275 820 2339 civitate
839 2275 1053 2340 Ierosolima³
1075 2275 1260 2362 frequentes
1284 2277 1399 2359 nuntii,
1423 2297 1583 2362 personae
1603 2275 1695 2340 vultu
1718 2285 1750 2339 et
1774 2285 1860 2339 etate
1876 2272 2098 2354 venerabiles,

439 2381 550 2446 adiere
575 2381 681 2446 curias
705 2404 818 2468 regrmr
843 2403 880 2446 ac
904 2382 1098 2468 principum,
1122 2383 1228 2468 ipsum
1246 2404 1374 2469 quoque
1398 2384 1451 2468 pie
1475 2383 1631 2448 memorie
1648 2381 1858 2468 querimoniis
1883 2382 1950 2445 suis
1975 2403 2098 2468 papam

440 2487 659 2554 sollicitabant
679 2487 885 2573 Eugenium⁴
907 2511 1036 2552 necnon
1060 2501 1092 2553 et
1115 2488 1291 2554 abbatem⁶
1306 2487 1508 2571 Olarevallis,
1533 2488 1715 2554 columnam
1736 2487 1918 2553 aecclesiae
1943 2511 1984 2552 ao
2005 2487 2097 2552 lumi·

439 2617 517 2660 nare
541 2594 710 2681 fulgidum,
735 2596 906 2682 episcopos
930 2617 968 2658 ac
993 2596 1220 2682 episcoporum
1243 2595 1355 2660 adiere
1379 2595 1518 2660 concilia
1542 2593 1744 2660 calamitates
1767 2605 1880 2658 sancte
1905 2593 1993 2658 illius
2018 2596 2098 2658 civi·
2116 2619 2141 2657 so

439 2704 515 2767 tatis
538 2700 732 2767 lacrimabili
748 2703 952 2788 querimonia
975 2702 1185 2789 deponentes,
1203 2703 1342 2789 qualiter
1357 2701 1510 2767 videlicet
1532 2711 1647 2788 gentes
1670 2700 1805 2766 finitima
1830 2713 1981 2766 sanctum
2005 2700 2097 2765 illurn

439 2809 546 2874 locum
576 2808 777 2890 infestarent,
802 2807 941 2894 qualiter
971 2808 1036 2872 illic
1067 2809 1175 2873 omnia
1203 2809 1451 2874 christianorum
1480 2809 1553 2873 loca
1584 2818 1617 2873 et
1646 2807 1863 2873 habitationes
1895 2807 2035 2872 cedibus
2065 2819 2099 2872 et

439 2914 529 2980 luctu
552 2913 761 3000 complerent,
792 2913 952 2979 incendiis
984 2938 1022 2979 ac
1051 2915 1154 3001 preda
1177 2927 1352 2998 vastarent,
1378 2917 1485 2980 omnia
1512 2918 1643 3002 iamque
1671 2914 1829 2979 interesse
1854 2915 1935 3000 quin
1958 2937 2097 3001 congre·

440 3031 513 3108 gate
538 3023 572 3085 in
587 3045 687 3086 unum
703 3033 850 3086 sanctam
867 3023 1033 3086 civitatem
1057 3033 1088 3086 et
1112 3021 1319 3108 sepulchrum
1342 3023 1552 3108 requietionis
1577 3021 1738 3087 dominice
1763 3023 1880 3086 occisis
1904 3020 2097 3086 habitatori-

342 3151 421 3200 rpss.
439 3127 501 3192 bus
531 3127 595 3192 sihi
623 3127 782 3210 tollerent,
808 3129 886 3192 *nisi
909 3129 1101 3214 quantocius
1126 3129 1172 3191 eis
1196 3150 1216 3192 a
1240 3127 1369 3213 regibus
1397 3128 1580 3192 cismarinis
1605 3141 1636 3194 et
1661 3129 1911 3194 christianorum
1935 3130 2096 3194 universi-
2115 3153 2140 3193 aa

439 3245 505 3301 tate
529 3236 677 3300 exercitu
700 3258 798 3322 quam
821 3237 952 3322 copioso
977 3233 1214 3299 subveniretur.
1261 3233 1409 3321 Cumque
1425 3305 1426 3310 ἵ
1440 3236 1503 3299 ista
1526 3237 1728 3321 querimonia
1756 3247 1932 3322 augeretur
1954 3237 1990 3300 in
2014 3236 2095 3319 dies,

440 3365 499 3406 rex
521 3343 741 3406 Romanorum
766 3340 992 3423 Chunradusf,
1024 3364 1083 3405 rex
1107 3363 1236 3428 quoque
1260 3341 1399 3406 Francia
1423 3341 1640 3406 Ludawicus⁷
1664 3343 1934 3407 christianissima
1961 3344 2096 3407 misera·

439 3450 526 3513 tione
550 3450 688 3535 permoti
717 3447 863 3512 lahorem
893 3447 955 3512 sibi
986 3450 1068 3512 tanti
1096 3449 1218 3533 negotii
1246 3459 1376 3534 tamque
1400 3449 1538 3534 piissimi
1562 3450 1669 3535 operis
1693 3460 1940 3536 assumpsersmt
1964 3459 1997 3514 et
2021 3472 2095 3514 cum

299 3579 420 3620 numu.
438 3555 564 3619 infinito
588 3557 735 3620 exercitu
759 3555 800 3619 de
825 3554 973 3620 omnibus
997 3556 1090 3619 terris
1116 3555 1364 3618 christianorum
1388 3553 1502 3618 adeas
1527 3555 1709 3620 confluente
1726 3556 1814 3619 viam
1836 3565 2024 3620 terraneam
2047 3557 2094 3620 in-

439 3663 565 3748 gressi8
588 3673 672 3742 sunt,
703 3672 812 3749 preter
835 3667 913 3726 εοε9
937 3663 993 3748 qui
1015 3660 1156 3725 navibus
1186 3683 1245 3747 per
1273 3683 1364 3725 mare
1388 3663 1475 3726 viam
1506 3663 1721 3748 arripuerunt.
1769 3660 1844 3726 Non
1873 3661 1935 3726 fuit
1966 3663 2094 3745 civitas,
2113 3687 2137 3726 so

440 3791 502 3855 que
533 3767 765 3851 multitudines,
796 3791 861 3832 non
884 3768 962 3832 villa
991 3789 1049 3832 seu
1072 3769 1176 3850 vicus,
1200 3790 1263 3854 que
1287 3791 1352 3831 non
1376 3767 1481 3832 saltim
1504 3791 1627 3854 paucos
1651 3769 1822 3851 emitteret,
1847 3769 1995 3855 episcopi
2020 3793 2095 3834 cmn

438 3873 593 3961 gregibus
624 3897 703 3940 suae
732 3875 926 3961 parrochie⁸
951 3873 1013 3938 sibi
1038 3873 1199 3954 adunatis,
1223 3873 1324 3938 duces
1348 3897 1476 3961 quoque
1502 3885 1534 3939 et
1557 3876 1691 3940 comites
1719 3875 1838 3962 aliique
1862 3877 2030 3962 principes
2054 3899 2094 3940 ac

439 3991 609 4068 magnates
640 3981 758 4068 singuli
790 4005 862 4046 cum
894 3983 960 4046 suis
991 3983 1104 4045 turmis
1134 3980 1342 4063 incedebant,
1374 3993 1476 4064 scuta,
1507 3982 1634 4068 gladios
1658 3993 1690 4046 et
1712 3982 1830 4047 loricas
1860 3982 1991 4069 aliaque
2015 3981 2094 4047 belli

439 4111 520 4153 vasa
550 4111 661 4153 secum
692 4088 892 4174 perferentes
917 4111 990 4152 cum
1014 4089 1146 4174 copiosa
1169 4089 1396 4174 preparatione
1429 4098 1613 4174 sumptuum
1642 4111 1680 4153 ac
1708 4088 2003 4172 tabernaculorum,
2029 4113 2092 4176 que

439 4195 591 4283 plaustris
615 4205 647 4259 et
671 4196 763 4281 equis
786 4195 964 4258 innumeris
989 4193 1224 4260 subvehebant.
1271 4195 1339 4259 Vix
1368 4197 1529 4260 terrestris
1553 4196 1608 4259 via
1636 4195 1731 4259 simul
1754 4207 1786 4260 et
1809 4197 1916 4282 campi
1947 4198 2092 4282 contigui
2110 4220 2136 4261 ss

438 4325 498 4389 per
521 4313 641 4366 terram
664 4300 861 4387 gradientes,
878 4303 935 4365 vix
951 4300 1096 4366 Danubii
1121 4301 1275 4366 decursus
1299 4303 1432 4366 navium
1456 4301 1677 4367 multitudines
1701 4301 1861 4389 capiebat.
1897 4302 1979 4366 'l'am
2005 4303 2093 4368 enim

440 4418 509 4473 erat
532 4408 674 4472 infinitus
699 4409 871 4490 exercitus,
897 4407 994 4494 quod,
1019 4431 1060 4472 ex
1077 4431 1140 4493 quo
1157 4420 1270 4493 gentes
1295 4430 1366 4472 esse
1392 4419 1557 4494 ceperunt,
1582 4431 1758 4495 numquam
1775 4420 1896 4474 tantam
1913 4409 2091 4492 hominum,

439 4516 584 4602 equitum
615 4513 709 4579 simul
740 4525 772 4577 et
801 4513 962 4600 peditum,
994 4513 1231 4579 multitudinem
1262 4515 1295 4576 in
1324 4539 1423 4578 unum
1454 4525 1686 4601 congregatam
1716 4517 1945 4580 estimaverim.
1993 4516 2091 4582 Nulla

439 4643 551 4686 eorum
574 4619 822 4684 necessitatibus
839 4620 1004 4685 venalium
1027 4643 1135 4685 rerum
1158 4622 1238 4702 fora,
1254 4622 1313 4684 vix
1335 4621 1391 4685 ulli
1416 4623 1524 4707 campi
1548 4624 1663 4685 castris
1686 4621 1847 4688 metandis
1871 4622 2089 4688 sufficiebant.

439 4727 535 4792 Unde
551 4727 667 4813 vulgus
691 4726 936 4810 innumerabile,
962 4728 1015 4791 cui
1033 4727 1178 4813 plaustra
1197 4737 1229 4791 et
1248 4729 1324 4813 equi
1340 4727 1536 4792 victualibus
1553 4728 1756 4815 perferendis
1772 4729 1917 4812 deerant,
1934 4753 2000 4794 non
2016 4741 2090 4816 post
2108 4755 2134 4794 so

438 4834 571 4920 longum
594 4833 680 4898 fame
704 4835 791 4919 cepit
814 4832 972 4898 laborare.
1008 4833 1179 4898 Multitudo
1197 4857 1337 4920 namque
1359 4835 1456 4898 etiam
1479 4836 1718 4900 rusticanommr
1741 4859 1780 4901 ac
1804 4859 1972 4901 servorum
1989 4836 2090 4902 domi·

546 4995 572 5061 a)
595 4999 748 5066 parrothiee
767 5016 787 5048 c.

548 5125 578 5202 1)
602 5127 724 5203 Scripsit
743 5127 829 5204 ipilar
851 5145 880 5183 α.
897 5125 990 5182 1161.
1061 5123 1092 5200 2)
1114 5127 1161 5183 De
1184 5127 1316 5184 hocloco
1339 5127 1379 5199 cs.
1398 5127 1516 5203 Kapler,
1541 5127 1704 5186 ‘Analectea
1727 5149 1780 5186 aar
1796 5126 1898 5186 Geel.
1923 5131 1950 5186 d.
1975 5130 2091 5188 amelien

440 5236 619 5312 Kreuezaps'
638 5255 671 5310 p.
692 5233 730 5289 16
747 5253 819 5310 sqq„
844 5233 893 5309 qai
915 5233 984 5309 qaid
1007 5231 1122 5290 Gerlach
1146 5233 1200 5290 lrac
1222 5234 1390 5290 narratione
1412 5233 1531 5291 voluerit
1552 5242 1627 5291 recte
1649 5235 1784 5310 exposuit.
1894 5235 1924 5306 3)
1950 5237 2091 5294 Edessam

440 5350 552 5418 captam
582 5341 645 5398 belli
672 5340 750 5398 sacra¹
778 5359 880 5398 cassam
905 5338 1073 5416 praebuisse
1102 5358 1181 5396 aaao
1212 5348 1253 5396 est
1279 5339 1346 5415 qaia
1375 5340 1463 5410 sciat,·
1499 5341 1539 5412 cs.
1566 5340 1751 5413 Stamlrofcl,
1780 5340 1854 5398 ‘Der
1878 5343 2091 5420 geschichtlich
2108 5359 2135 5398 ss

439 5449 550 5506 Ialralt’
570 5468 603 5524 p.
624 5447 673 5519 12,
705 5467 783 5524 quera
814 5455 907 5504 tamea
937 5448 1012 5504 locta
1035 5445 1227 5503 commentarii
1254 5445 1284 5502 ia
1302 5448 1407 5522 psalm.
1433 5446 1484 5516 39,
1509 5446 1556 5504 abi
1579 5445 1694 5506 Gerlols
1718 5447 1819 5506 rectius
1841 5458 1956 5521 παπαί,
1982 5450 2088 5528 effispit.

441 5555 470 5626 4)
494 5556 551 5612 ΙΙΙ,
655 5554 686 5625 5)
711 5553 923 5611 Bambardum.
1023 5549 1133 5626 6)111.
1233 5551 1263 5623 t)
1295 5552 1358 5609 VII.
1462 5551 1493 5623 8)
1521 5551 1569 5627 Of.
1595 5553 1771 5625 Bernhardi,
1796 5553 1936 5614 ‘Koarad
1955 5556 2024 5614 ΙΙΙ]
2048 5557 2088 5627 ΙΙ,

434 5684 466 5740 p.
485 5663 559 5720 597.
651 5659 683 5736 9)
707 5660 908 5738 Lotlrariapos,
932 5668 963 5716 at
985 5659 1163 5732 Sturmlro'sel
1178 5679 1211 5735 p.
1232 5659 1281 5716 13.
1306 5659 1474 5736 suspicatur.
