4544 6420
388 593 416 631 ⁸t.
425 593 458 631 21.

361 805 390 846 11.
397 806 431 854 tl,
439 805 459 847 8.

295 2636 454 2686 eraserat.

1838 137 1850 166 t

485 270 544 331 152
775 275 954 330 GERHOHI
977 275 1209 331 PRAEPOSITI
1233 273 1639 330 REICHERSBERGENSIS
1663 251 1828 330 LIBELLI,

479 463 612 528 fratrem
636 463 726 527 Esau
757 486 830 527 cum
863 465 994 528 armatis
1026 461 1089 526 sibi
1119 473 1342 526 occurrentem
1373 485 1437 526 non
1469 463 1581 542 armis,
1614 461 1673 525 sed
1702 463 1861 547 patientia
1887 460 2070 543 tineend03
2103 471 2137 524 ct

479 581 597 650 cetera,
629 592 712 656 quae
744 569 797 634 ille
827 568 1008 656 figuraliter
1032 571 1155 654 ‘gessit
1187 569 1373 655 specialiter
1403 569 1607 655 exequendo.
1655 568 1748 649 Quae
1773 569 1882 632 omnia
1906 569 1932 631 si
1958 570 2136 654 episcopus

479 699 536 762 pro
567 675 677 740 debito
709 678 759 740 sui
790 676 913 740 ordinis
944 675 1143 756 observaret,
1175 699 1290 740 revera
1322 677 1368 739 sic
1393 676 1538 761 spacium
1567 675 1652 738 inter
1675 697 1807 760 gregem
1833 686 1864 738 et
1888 697 2020 760 gregem
2047 674 2135 738 ordi·

478 795 580 864 naret,
612 794 647 846 ut
676 807 741 847 non
773 795 869 856 esset,
900 787 982 848 siout
1000 785 1148 869 popolus,
1179 786 1226 847 sio
1256 784 1420 864 sacerdos,
1450 803 1511 845 nec
1540 781 1670 844 omnino
1695 804 1754 844 sua
1777 781 1942 846 voluntate
1967 781 2020 846 ille
2046 793 2137 844 esset

478 890 630 954 sacerdos
655 901 711 954 aut
733 891 841 976 gregis
866 903 984 969 custos,
1010 890 1065 975 qui
1089 891 1122 952 in
1139 887 1234 953 domo
1258 890 1390 976 propria
1414 900 1569 974 tanquam
1592 888 1660 974 lupi
1684 888 1826 974 quadam
1850 887 2006 974 spelunca
2022 889 2169 975 potiuss

476 995 611 1082 predam
637 1007 824 1082 congregat,
857 1019 954 1082 quam
985 997 1017 1060 in
1042 995 1267 1060 claustralibus
1292 997 1391 1081 septis
1415 996 1500 1058 inter
1524 993 1718 1059 vestibulum
1743 1009 1775 1058 et
1799 995 1899 1059 altare
1924 1018 1998 1059 cum
2023 1017 2136 1058 sacer·

478 1101 607 1167 dotibus
632 1115 664 1166 et
687 1103 751 1166 Dei
776 1104 931 1166 ministris
956 1125 1013 1189 pro
1038 1104 1183 1188 peccatis
1206 1103 1399 1166 intercedat.

584 1231 636 1291 21.
672 1227 764 1292 Haec
789 1227 829 1290 dc
846 1225 930 1290 villis
955 1227 1042 1291 dicta
1067 1228 1139 1307 sint,
1165 1250 1302 1313 quarum
1324 1249 1447 1312 paucas
1471 1226 1632 1290 aecclesia
1657 1227 1799 1312 suscepit
1822 1249 1841 1290 a
1865 1225 2007 1311 regibus,
2032 1229 2080 1290 ita
2098 1241 2134 1290 ut

477 1333 516 1398 de
549 1335 650 1420 ipsius
680 1334 772 1418 regni
802 1335 865 1397 sint
896 1333 1116 1398 facultatibus.
1164 1334 1255 1399 Sicut
1282 1335 1368 1397 enim
1392 1331 1525 1397 cuilibet
1548 1333 1637 1396 fideli
1660 1356 1724 1396 nou
1749 1331 1935 1397 dubitamus
1959 1333 2070 1412 licere,
2097 1345 2134 1397 ut

477 1441 545 1504 sive
577 1440 617 1503 de
649 1439 829 1504 hereditate
860 1463 920 1503 sua
950 1441 1019 1503 sive
1051 1439 1091 1504 de
1116 1439 1180 1504 alia
1204 1441 1347 1525 legitime
1378 1441 1539 1525 acquisita
1567 1441 1771 1525 possessione
1801 1438 1998 1504 oblationem
2029 1441 2133 1504 faeiat
2156 1465 2182 1502 rc

477 1547 661 1611 aecclesiis:
687 1548 734 1610 sic
759 1547 900 1633 idipsum
923 1546 1056 1632 regibus
1080 1547 1180 1610 licere
1200 1570 1295 1611 nemo
1313 1557 1361 1611 est
1385 1549 1440 1632 qui
1465 1545 1607 1629 dubitet,
1633 1569 1737 1626 nemo,
1763 1548 1817 1632 qui
1841 1546 1923 1610 tales
1947 1546 2131 1610 oblationes

476 1653 517 1717 ab
542 1654 704 1718 aecclesia
727 1653 926 1718 recusandas
950 1665 1051 1740 putet.
1099 1653 1151 1716 De
1182 1655 1274 1738 regni
1305 1664 1413 1717 autem
1443 1653 1607 1726 facultate,
1633 1677 1716 1739 quae
1742 1665 1791 1716 est
1813 1676 1865 1716 res
1890 1653 2031 1738 publica,
2063 1677 2130 1717 non

477 1760 616 1824 debete
640 1783 715 1846 rege
740 1760 811 1824 fieri
834 1759 964 1824 donatio
989 1761 1127 1846 privata.
1174 1760 1235 1824 Est
1259 1761 1344 1824 enim
1368 1773 1424 1824 aut
1448 1758 1579 1844 regibus
1610 1761 1644 1823 in
1668 1772 1832 1846 posterum
1857 1762 2055 1824 successuris
2081 1762 2130 1823 in·

476 1880 566 1952 tegre
590 1867 814 1931 conservanda
839 1878 895 1930 aut
918 1868 1155 1930 communicato
1180 1868 1362 1953 principum
1380 1866 1515 1931 consilio
1539 1866 1701 1930 donanda.
1738 1867 1789 1930 De
1814 1889 1848 1930 rc
1874 1879 1981 1931 autern
1998 1869 2130 1953 privata

476 1985 540 2038 tarn
565 1998 585 2038 a
608 1974 750 2060 regibus,
776 1997 873 2060 quarn
897 1997 916 2037 a
940 1975 1056 2038 ceteris
1081 1972 1283 2060 principibus
1307 1985 1414 2058 potest
1436 1973 1505 2036 fieri
1531 1973 1661 2037 donatio
1687 1975 1824 2059 privata.
1872 1973 1926 2038 Sic
1950 1974 2130 2060 imperator
2152 1998 2178 2036 rs

476 2081 717 2160 Constantinus,
747 2082 775 2143 si
798 2079 877 2166 quid
901 2079 1069 2144 aecclesiis
1094 2079 1237 2144 donabat
1264 2081 1304 2144 de
1329 2081 1429 2166 ipsius
1454 2080 1544 2165 regni
1569 2079 1708 2166 publicis
1733 2079 1951 2162 facultatibus,
1976 2104 2042 2144 non
2065 2081 2127 2144 hoc

475 2189 562 2266 fecit,
592 2189 654 2250 nisi
678 2187 832 2251 consultis
857 2186 1043 2249 consulibus
1069 2188 1250 2273 ceterisque
1274 2187 1367 2272 regni
1390 2186 1576 2266 maioribus,
1607 2210 1742 2272 quorum
1767 2187 2004 2251 collaudatione
2029 2201 2127 2251 testa·

476 2307 584 2358 menta
615 2317 712 2380 super
740 2292 858 2358 talibus
888 2292 1050 2356 conscribi
1081 2294 1167 2368 fecit,
1199 2317 1239 2356 ne
1264 2317 1322 2357 sua
1345 2293 1474 2356 traditio
1499 2295 1636 2378 posteris
1661 2294 1694 2357 in
1719 2293 1852 2358 dubium
1876 2295 1988 2357 venire
2013 2296 2126 2380 possit.

476 2400 526 2464 lle
552 2400 648 2464 rebus
673 2413 779 2464 autem
804 2399 867 2463 sibi
891 2401 1042 2484 privatim
1059 2399 1295 2486 pcrtinentibus
1319 2401 1364 2463 ita
1388 2423 1466 2484 erga
1490 2398 1684 2464 aecclesiam
1701 2400 1765 2464 Dei
1789 2400 1849 2464 fuit
1873 2401 2054 2476 munificus,
2081 2413 2126 2476 ut,

475 2509 500 2570 si
526 2508 598 2592 quis
621 2506 748 2587 librum,
781 2507 835 2592 qui
867 2507 907 2570 de
939 2505 1166 2570 donationibus
1198 2507 1281 2570 illius
1305 2507 1426 2570 Ronrac
1459 2508 1661 2592 conscriptus
1693 2517 1750 2586 est,
1782 2507 1950 2592 perlegere
1975 2507 2126 2578 voluerit..
2146 2533 2175 2570 so

474 2615 619 2677 inveniat
643 2613 731 2677 illum
755 2614 855 2677 fuisse
880 2625 945 2676 tam
971 2615 1004 2676 in
1020 2615 1155 2700 privatis
1172 2613 1307 2677 hilarem
1325 2613 1480 2686 datorem,
1506 2637 1603 2698 quam
1628 2615 1660 2676 in
1678 2612 1817 2698 publicis
1841 2613 1969 2677 fidelem
1995 2637 2033 2678 ac
2051 2638 2126 2700 prn-

474 2721 603 2784 dentcm
629 2720 896 2806 dispensatorem.
933 2719 1000 2784 Sua
1024 2722 1109 2783 enim
1126 2719 1305 2784 liberaliter
1328 2720 1470 2798 donarit,
1496 2719 1619 2805 regalia
1636 2743 1714 2783 vero
1739 2720 1969 2784 discretissime
1995 2721 2126 2808 dispen-

474 2829 573 2909 savit,
598 2823 672 2908 non,
690 2839 724 2890 ut
741 2849 815 2891 curn
832 2826 964 2912 quidam
982 2839 1147 2900 accusant,
1173 2827 1375 2890 confundens
1400 2850 1437 2890 ac
1462 2828 1662 2912 permiscens
1687 2827 1931 2891 aecclesiastica
1947 2828 2124 2912 regalibus,

474 2933 531 2996 scd
555 2933 716 2996 honorans
741 2932 935 2997 aecclesiam
960 2932 1000 2996 de
1025 2934 1103 3018 ipsis
1128 2932 1302 3018 regalibus.
1342 2933 1457 3019 Neque
1482 2935 1568 2996 enim
1591 2933 1642 2996 rel
1668 2933 1852 3019 pontificem
1877 2934 2003 3020 regales
2018 2931 2124 2999 ¹curas

376 3065 403 3101 ⁸.
439 3067 452 3102 ¹.
475 3041 670 3104 'ministrare
703 3040 871 3126 disposuit,
903 3063 1009 3125 neque
1035 3038 1097 3103 sibi
1121 3039 1161 3104 de
1186 3040 1428 3104 aecclesiastico
1460 3041 1616 3125 regimine
1646 3039 1768 3127 aliquid
1798 3053 1918 3104 temere
1943 3045 2123 3128 usurpavit.
2144 3066 2170 3103 ss
2232 3089 2236 3098 .

473 3146 559 3210 Hinc
584 3157 632 3209 cst
656 3147 743 3233 quod
767 3148 800 3209 in
817 3146 943 3210 Nicena
968 3147 1092 3232 synodo
1116 3159 1188 3233 post
1205 3170 1315 3210 omnes
1341 3148 1510 3232 episcopos
1534 3147 1665 3210 ultimus
1689 3147 1835 3210 residens
1860 3147 1900 3210 dc
1918 3147 2124 3213 sacerdotum

473 3254 579 3316 (tausis
610 3253 709 3317 nichil
739 3253 883 3318 iudicare
914 3255 1120 3340 presumpsit,
1153 3253 1211 3317 sed
1240 3277 1299 3339 per
1323 3255 1430 3316 comnia
1454 3252 1513 3317 suh
1539 3255 1765 3340 episcoporum
1790 3254 1946 3339 dignitate
1972 3278 2006 3317 se
2031 3277 2122 3319 rove-

471 3371 580 3423 reuter
603 3359 786 3438 humilians,
811 3360 853 3424 ad
877 3382 988 3424 eorum
1012 3383 1046 3423 se
1071 3359 1240 3424 arbitrium
1263 3359 1407 3446 pondere
1432 3360 1589 3424 iudicavit
1600 3364 1621 3424 ¹.
1669 3361 1740 3424 Non
1766 3383 1843 3445 ergo
1868 3384 1888 3424 a
1909 3360 2122 3426 Constantino

471 3468 630 3551 processit
653 3469 715 3531 ista
739 3468 883 3530 confusio
909 3479 941 3530 et
965 3467 1209 3531 strccedentium
1234 3467 1446 3552 quorumdam
1470 3468 1700 3552 imperatorum
1725 3467 1906 3531 exiciabilis
1931 3467 2063 3532 abusio:
2088 3481 2122 3532 ut

472 3596 566 3658 reges
591 3586 622 3636 et
646 3574 809 3659 principes
834 3575 1026 3659 promotioni
1051 3575 1287 3660 episcoporum,
1319 3571 1483 3654 abbatum,
1509 3573 1747 3637 abbatissarum
1772 3597 1805 3636 se
1829 3574 1912 3638 ultro
1936 3576 2121 3660 ingerentes
2142 3601 2167 3638 so

472 3679 697 3744 administrent
722 3680 980 3760 aecclesiastica;
1006 3703 1069 3766 que
1087 3703 1105 3743 a
1123 3679 1335 3744 Constantino
1356 3703 1419 3743 non
1436 3680 1588 3764 leguntur
1604 3679 1837 3744 administrata.
1886 3681 2024 3745 Rursum
2049 3684 2121 3768 quis

472 3788 626 3873 episcopo
656 3786 775 3850 milites
807 3786 849 3850 ad
878 3787 1081 3872 procinctum
1113 3786 1286 3872 colligendi
1317 3811 1355 3850 ae
1388 3799 1495 3851 cetera
1520 3788 1611 3852 ducis
1636 3789 1744 3852 officia
1768 3788 1902 3872 gerendi
1927 3800 2120 3874 potestatem

472 3892 593 3976 tribuit,
625 3915 720 3978 quam
753 3917 772 3956 a
796 3891 1007 3956 Constantino
1040 3906 1070 3957 et
1102 3892 1161 3956 sub
1190 3892 1402 3957 (lorrstantino
1434 3917 1539 3980 neque
1571 3893 1685 3958 beatus
1714 3894 1870 3960 Silvester
1900 3917 2006 3980 neque
2039 3895 2121 3960 alius

473 4001 644 4087 episcopus
668 3999 806 4063 habuit?
842 3999 914 4062 Non
940 4023 1017 4084 ergo
1042 3999 1288 4063 aO‹·›1rstanti1m
1314 4011 1345 4063 et
1362 3999 1518 4064 Silvestro
1544 4003 1650 4086 (irrepit
1675 4002 1769 4065 huius
1795 4002 1993 4065 confusionis
2018 4004 2122 4087 origo,

473 4108 625 4192 quoniam
649 4119 681 4169 et
704 4105 757 4169 ille
781 4107 878 4190 regis,
904 4119 935 4168 et
958 4107 1018 4169 iste
1043 4107 1204 4190 pontilicis
1222 4106 1364 4170 officium
1381 4121 1447 4170 tam
1464 4107 1662 4193 simpliciter.
1688 4121 1753 4170 tam
1771 4109 1896 4172 sincero
1913 4111 2120 4184 ministravit,
2140 4135 2165 4172 ss

474 4226 508 4276 ut
531 4212 612 4278 alter
634 4237 692 4298 pro
716 4235 796 4297 pace
821 4211 987 4275 militando
1013 4214 1171 4276 exercitui
1196 4236 1336 4297 preesse,
1362 4216 1476 4278 eastris
1500 4238 1538 4278 ac
1555 4213 1649 4278 bellis
1674 4216 1830 4278 iuteresse
1854 4238 1918 4277 non
1943 4227 2119 4294 recusaret,

473 4319 554 4382 alter
577 4319 645 4384 sola
668 4319 733 4382 Dei
758 4319 976 4381 ministrorum
1002 4329 1033 4381 el
1058 4317 1178 4382 (lu-isti
1209 4343 1387 4404 pauperum
1419 4343 1530 4384 curam
1561 4321 1714 4406 gerendo,
1746 4345 1810 4383 non
1835 4321 1937 4384 solum
1969 4324 2001 4385 in
2028 4323 2119 4408 spiri-

472 4425 612 4489 tualibus
636 4427 816 4489 animarum
841 4424 930 4488 lucra
956 4425 1097 4488 studiose
1123 4425 1311 4505 curnuluret,
1338 4427 1395 4489 sed
1413 4428 1511 4490 ctiam
1528 4427 1567 4490 dc
1585 4427 1807 4512 corporalibus
1824 4428 2004 4492 aecclesiae
2022 4428 2120 4492 rebus

472 4556 582 4597 eornm
607 4534 735 4618 inopiae
761 4532 979 4596 sollertissime
1004 4531 1199 4617 provideret.

578 4659 631 4721 ⁴22.
666 4657 788 4720 Volens
819 4659 927 4742 itaque
959 4656 1073 4720 beatus
1105 4657 1251 4742 pontifex
1284 4657 1440 4721 Silvestcr
1471 4659 1519 4721 sui
1551 4659 1734 4744 exemplum
1767 4661 1904 4745 pesteris
1936 4659 2165 4746 relinquerem

471 4763 650 4848 vidensque
675 4779 752 4828 tunc
776 4765 809 4826 in
833 4764 919 4827 clero
937 4765 1037 4826 vitam
1062 4787 1264 4826 communem
1290 4763 1458 4842 defecisse,
1485 4789 1546 4850 que
1572 4764 1691 4828 nullam
1717 4767 1748 4828 in
1774 4765 1909 4829 decimis
1933 4767 2037 4850 legem
2064 4767 2118 4830 ha-

470 4870 540 4934 buit
564 4870 616 4933 vel
641 4870 738 4934 hahet
762 4871 824 4933 nisi
849 4893 945 4956 quarn
970 4869 1107 4954 apiostoli
1131 4868 1322 4942 habuerunt,
1353 4871 1416 4955 qui,
1450 4883 1544 4956 prout
1568 4873 1684 4956 cuique
1710 4895 1790 4957 ‹qrirs
1808 4885 1886 4950 crat,
1911 4874 2028 4951 onmia,
2055 4897 2117 4959 quc

471 4975 699 5056 offerebantur,
732 4977 925 5048 diviserunt,
957 4989 989 5040 et
1020 4975 1106 5061 quod
1138 4976 1295 5061 supe1l'uit
1325 4977 1523 5061 pauperibus
1555 4977 1755 5041 dimiserunt.
1804 4978 1942 5060 Videas,
1973 4981 2117 5065 inquam,

471 5083 531 5146 hoe
556 5092 656 5145 totum
674 5082 830 5147 Silvester
853 5105 948 5168 papa,
973 5084 1043 5168 ipse
1067 5084 1190 5168 primus
1214 5084 1355 5146 omnium
1374 5083 1592 5148 Romanorum
1616 5085 1814 5169 pontificum,
1839 5101 1912 5171 post
1928 5088 2014 5149 vitae
2032 5110 2117 5150 corn

470 5190 575 5252 mamis
607 5188 771 5252 defectum
801 5189 898 5252 nichil
929 5213 1021 5252 suum
1051 5189 1188 5253 dicentis
1214 5187 1359 5252 obviarit
1383 5189 1494 5252 morbo
1519 5192 1675 5254 avaritiae
1700 5215 1757 5254 sua
1783 5195 1946 5277 querentis
1971 5217 2029 5278 per
2052 5194 2116 5257 tale
2137 5219 2163 5258 ss

469 5295 645 5374 decretum,
671 5317 734 5380 quo
760 5295 799 5358 de
822 5295 995 5381 rapacibus
1019 5294 1169 5359 nra-nibus
1193 5298 1418 5382 episcoporum
1443 5311 1474 5360 et
1491 5298 1681 5361 clericmum
1707 5323 1765 5362 sua
1790 5302 1992 5384 querentium
2011 5313 2117 5364 extor-

470 5414 584 5488 queret
607 5415 730 5488 partem
757 5425 944 5488 pauperum.

580 5623 607 5696 l)
633 5625 662 5680 V.
687 5643 777 5698 supro
797 5643 828 5698 p.
850 5623 919 5690 150,
944 5643 973 5678 a.
993 5623 1020 5678 3.
