4396 6390
459 422 522 484 510
747 425 925 482 CERHOHI
948 425 1180 482 PRAEPOSITI
1203 423 1612 480 REICHERSBERGENSIS
1637 424 1803 479 LIBELLI.

456 624 575 700 patres,
600 609 730 676 moralis
753 611 946 697 disciplinae
969 612 1189 693 instructores,
1215 610 1319 698 qualis
1344 621 1413 675 erat
1436 611 1501 675 iarn
1525 610 1629 675 dictus
1653 633 1740 697 papa
1764 609 1959 695 Gregorius3
1983 610 2012 673 in
2027 613 2067 680 hac

457 729 564 784 autem
589 717 701 804 vigilia
729 727 843 804 quarta
873 728 1095 783 commovetur
1123 741 1212 782 mare
1242 728 1344 782 totum
1375 717 1570 781 fundotenus
1600 728 1816 804 perventum
1839 715 1979 781 validum
2003 717 2068 786 disei-

457 825 541 911 pulis
572 823 693 889 Christi
727 825 822 888 nimis
857 825 1063 888 contrarium.
1118 823 1200 889 Cum
1231 825 1316 888 enim
1347 823 1559 910 discipulatus
1591 822 1710 888 Christi
1745 825 1792 888 sic
1825 821 2026 904 describatur,
2047 839 2070 892 nt

301 957 438 1006 suonam
458 933 512 1018 qui
546 954 612 995 non
646 932 808 995 renuntiat
843 929 990 994 omnihus
1022 953 1083 1017 que
1114 930 1272 1016 possidet,
1308 953 1373 994 non
1406 931 1509 1017 possit
1540 929 1661 994 Christi
1695 953 1766 994 esse
1803 928 1991 1014 discipulus,
2019 931 2070 997 huic

458 1038 624 1103 doctrinae
655 1036 751 1101 valde
782 1038 961 1102 contrarius
991 1047 1107 1101 ventus
1137 1047 1186 1101 est
1221 1039 1352 1123 spiritus
1387 1038 1565 1115 avariciae,
1597 1059 1679 1123 quae
1714 1059 1779 1101 non
1815 1035 1920 1100 solum
1950 1039 2090 1101 tenacitas

458 1144 603 1232 possidet
633 1167 700 1226 sua,
732 1143 791 1207 sed
821 1153 853 1207 et
883 1142 1001 1229 cupide
1032 1142 1161 1207 anhelat
1191 1143 1233 1207 ad
1264 1143 1440 1230 optinenda
1469 1167 1533 1207 non
1564 1165 1632 1207 sua.
1678 1143 1765 1206 Hinc
1794 1152 1853 1222 est,
1884 1140 1970 1227 quod
1996 1164 2073 1228 neque

458 1250 575 1315 milites
607 1251 749 1315 conteuti
779 1251 843 1313 sint
872 1249 1040 1335 stipendiis
1071 1251 1147 1332 suis,
1178 1271 1284 1336 neque
1317 1250 1427 1314 clerici
1456 1251 1531 1331 suis,
1561 1262 1596 1314 ut
1618 1248 1772 1314 videlicet
1801 1248 1897 1312 altari
1928 1250 2075 1312 servientes

459 1357 498 1422 dc
530 1357 624 1421 altari
654 1358 766 1420 vivant
799 1355 1022 1442 habentesque
1057 1355 1132 1420 inde
1163 1357 1285 1421 rictum
1317 1367 1349 1421 et
1378 1359 1530 1420 vestitum
1565 1357 1615 1420 his
1652 1357 1794 1420 contenti
1830 1355 1905 1418 sint.
1962 1353 2012 1417 Ex
2035 1355 2078 1418 hac

288 1453 439 1555 „Tmssf'ffl
459 1463 568 1527 radice
603 1464 768 1544 vitiorum,
804 1463 961 1544 avaricia,
998 1473 1176 1527 nascuntur
1209 1461 1311 1528 multa
1344 1462 1444 1545 mala,
1481 1473 1593 1527 contra
1628 1485 1690 1549 que
1726 1463 1753 1526 si
1787 1461 1973 1548 proferatur
2005 1483 2081 1547 qnan-

457 1568 607 1636 tumlibet
636 1591 716 1633 sana
745 1581 777 1633 et
806 1591 885 1633 vera
915 1569 1075 1650 doctrina,
1108 1569 1286 1656 despicitur
1315 1571 1407 1656 quasi
1440 1570 1610 1633 fantasma.
1664 1569 1746 1632 Nam
1781 1568 1816 1631 in
1846 1568 1954 1653 prima
1983 1566 2146 1652 vigilia,10

459 1677 515 1762 qui
537 1675 715 1762 disputavit
745 1687 858 1739 contra
886 1673 1070 1740 idolatriam
1092 1677 1181 1740 risus
1206 1685 1255 1740 est
1284 1675 1408 1763 aliquid
1438 1675 1559 1740 solidae
1584 1676 1729 1739 veritatis
1753 1673 1887 1756 habere,
1912 1683 2088 1758 cooperante

458 1782 686 1846 miraculorum
716 1783 930 1845 attestatione.
978 1781 1132 1846 Similiter
1162 1783 1195 1844 in
1219 1782 1363 1846 secunda
1385 1782 1499 1867 vigilia
1529 1781 1715 1846 defensores
1739 1780 1922 1844 catholicae
1945 1778 2022 1843 fidei
2043 1781 2091 1842 risi

459 1899 491 1953 et
514 1889 637 1952 inventi
662 1897 736 1952 sunt
765 1889 859 1951 inniti
890 1887 992 1952 solido
1017 1889 1248 1974 scripturarum
1272 1888 1492 1952 frmdamento.
1538 1889 1620 1952 Item
1651 1889 1684 1951 in
1707 1889 1810 1952 tercia
1833 1885 1949 1972 vigilia
1972 1889 2094 1950 instruc-

304 2003 438 2106 Rmffgjffl:
458 2007 544 2060 tores
568 2017 693 2059 morum
712 1995 775 2058 visi
791 2004 864 2058 sunt
879 2016 993 2058 verum
1017 1993 1136 2077 dicere,
1160 2005 1317 2080 arguente
1341 2017 1602 2081 unumquemque
1626 1995 1757 2081 propria
1782 1994 2000 2058 ‘conscientia
2023 1995 2097 2078 cogi-

462 2101 637 2166 tationibus
668 2103 752 2165 inter
775 2123 809 2164 se
834 2098 1062 2164 accusantibus
1092 2110 1148 2165 aut
1178 2102 1275 2164 ctiam
1306 2099 1556 2166 defendentibus
1586 2103 1691 2187 ipsam
1720 2101 1966 2164 conscientiam.
2014 2099 2098 2163 Nunc
2115 2121 2134 2161 u

460 2219 568 2272 autem
591 2208 625 2271 in
642 2217 818 2294 conspectu
841 2206 1006 2271 hominurn
1023 2207 1275 2271 existimantium
1292 2219 1441 2293 questum
1457 2208 1612 2294 pietatem
1630 2208 1749 2270 frustra
1771 2206 1891 2270 fundas
1916 2227 2100 2287 samonem,

461 2313 518 2378 ubi
537 2337 601 2378 non
625 2323 674 2378 cst
697 2312 835 2394 auditus,
860 2314 936 2399 quia
952 2312 1041 2376 velut
1056 2311 1217 2377 fantasma
1241 2323 1408 2400 reputatur
1429 2315 1526 2378 inane
1550 2312 1726 2400 quicquid·
1751 2312 1870 2377 dicitur
1893 2323 2010 2377 contra
2032 2335 2103 2398 que-

332 2447 440 2496 sarua
459 2430 553 2503 stum,
571 2421 626 2506 qni
646 2421 750 2507 pietas
766 2429 906 2506 putatur.
940 2419 1030 2483 Inter
1045 2419 1105 2483 hec
1129 2421 1234 2484 beonia
1257 2423 1315 2506 qni
1336 2422 1485 2508 rittellr'pit
1506 2445 1600 2508 super
1623 2445 1747 2510 apertum
1769 2435 1798 2485 et
1804 2445 1996 2506 proripueram,
2019 2418 2103 2482 vide-

459 2526 535 2590 licet
557 2527 737 2590 Romanum
767 2525 953 2612 pontificem
984 2548 1132 2612 egenum,
1161 2527 1237 2612 quia
1267 2527 1375 2591 multis
1406 2537 1480 2613 eget
1510 2527 1552 2592 ad
1575 2527 1793 2591 Romanorum
1823 2527 2014 2608 avariciam,
2045 2548 2104 2590 non

459 2631 590 2718 quidem
615 2632 820 2719 explendam,
845 2633 922 2719 quia
945 2630 1151 2719 inexplebilis
1176 2645 1233 2714 est,
1262 2633 1321 2697 sed
1344 2645 1519 2720 utcumque
1544 2633 1769 2720 mitigandam,
1794 2634 1870 2719 quia
1893 2631 2105 2696 intolerabilis
2122 2655 2144 2693 a

460 2749 518 2820 est,
543 2749 575 2802 et
597 2740 681 2802 inter
704 2738 762 2803 hos
792 2761 908 2803 avaros
938 2739 1008 2825 ipse
1039 2762 1165 2825 pauper
1195 2750 1244 2804 est
1273 2762 1337 2803 non
1367 2739 1491 2804 habens
1522 2751 1610 2804 tanta
1634 2751 1754 2826 quanta
1785 2741 1964 2826 exiguntur
1994 2737 2036 2802 ab
2060 2761 2106 2803 eo.

459 2845 583 2909 Videns
608 2867 684 2932 ergo
708 2855 840 2908 rentum
864 2844 1008 2909 validum
1039 2855 1147 2909 tantae
1178 2846 1340 2910 avariciae
1371 2846 1471 2928 timet,
1502 2869 1543 2910 ne
1568 2869 1587 2910 a
1610 2847 1763 2910 Romanis
1787 2847 1839 2910 vel
1862 2845 2036 2910 deseratur
2057 2845 2107 2908 vel

460 2950 633 3036 affligatur,
656 2952 719 3015 nisi
742 2973 853 3015 eorum
877 2951 930 3015 siti
953 2951 1140 3036 satisfaciat,
1171 2962 1268 3039 atque
1299 2952 1374 3018 inde
1397 2954 1512 3039 incipit
1534 2953 1637 3038 mergi
1661 2952 1875 3039 expectando,
1907 2975 1973 3016 non
2002 2962 2108 3016 tamen

461 3057 643 3144 expetendo
668 3079 802 3121 munera
825 3058 909 3121 inter
932 3080 990 3122 sua
1011 3058 1134 3123 indicia
1157 3061 1257 3144 gratis
1275 3060 1478 3146 exequenda,
1496 3061 1647 3146 quoniam
1663 3070 1807 3146 potestas
1823 3058 1994 3123 iudicandi
2010 3060 2107 3143 gratis

460 3164 506 3228 illi
530 3163 646 3229 collata
669 3175 726 3229 est.
759 3163 855 3229 Unde
880 3165 907 3229 si
930 3187 988 3228 sua
1011 3164 1133 3230 iudicia
1147 3165 1304 3230 venderet
1326 3189 1390 3230 non
1414 3167 1517 3231 solurn
1542 3166 1755 3253 expectando,
1780 3165 1838 3230 sed
1862 3167 1961 3230 etiarn
1986 3164 2147 3252 aliquidne

320 3263 441 3366 ⁰2⁴3}ss
459 3269 640 3335 indebitum
670 3271 864 3358 expetendo,
888 3271 941 3335 vel
971 3295 1087 3358 perse
1112 3273 1217 3357 ipsum
1240 3273 1293 3336 vel
1323 3295 1382 3358 per
1412 3273 1537 3360 aliquos
1560 3274 1689 3354 lenitas,
1720 3294 1785 3336 non
1814 3271 1919 3336 solum
1949 3273 2108 3358 inciperet

460 3378 564 3464 mergi
587 3399 646 3464 per
668 3379 810 3442 muneris
835 3377 996 3442 occultum
1020 3379 1209 3465 appetitum,
1234 3378 1292 3443 sed
1316 3381 1445 3443 omnino
1470 3391 1670 3465 mergeretur
1693 3402 1752 3465 per
1774 3389 1923 3464 apertum
1947 3388 2106 3464 questum.

461 3483 550 3548 Talis
573 3496 716 3571 questus,
740 3484 819 3550 hen!
850 3484 945 3570 longe
976 3485 1105 3570 lateque
1136 3484 1264 3549 auditus
1289 3496 1338 3550 est
1366 3487 1400 3549 in
1423 3483 1539 3550 diebus
1562 3487 1690 3568 nostris,
1716 3507 1789 3550 curn
1813 3485 1931 3550 fratres
1954 3484 2108 3570 Hospita-

460 3590 567 3656 lenses
590 3590 791 3655 laborassent
814 3592 1014 3677 emancipari
1037 3590 1077 3656 de
1101 3589 1350 3655 subobedientia
1373 3591 1621 3656 lerosolimitani
1644 3592 1846 3678 patriarchae
1868 3592 2107 3656 interveniente

460 3697 561 3762 multa
583 3699 724 3784 pecunia
745 3720 851 3784 neque
875 3707 964 3761 caste
988 3695 1096 3761 oblata
1118 3719 1224 3782 neque
1249 3707 1337 3761 caste
1361 3709 1497 3784 accepta
1508 3703 1528 3781 ¹,
1553 3700 1630 3785 quia
1652 3699 1725 3762 talis
1742 3699 1957 3784 emancipatio
1974 3697 2029 3760 vel
2045 3720 2107 3761 non
2125 3721 2148 3759 u

462 3803 574 3868 debuit
600 3803 671 3868 fieri
694 3803 747 3868 vel
770 3802 952 3867 rationabili
984 3826 1082 3867 causa
1112 3803 1263 3888 exigente
1293 3805 1393 3889 gratis
1424 3806 1536 3891 utique
1566 3804 1679 3870 debuit
1707 3804 1787 3869 fieri.
1835 3803 1902 3870 Sed
1926 3805 2005 3890 quia
2030 3803 2108 3866 tales

462 3909 674 3974 ecclesiarum
698 3911 918 3974 truncationes
941 3909 1056 3974 beatae
1081 3909 1255 3974 memoriae
1279 3909 1381 3974 abbas
1406 3909 1678 3976 Clarevallensis²
1705 3913 1739 3974 in
1761 3909 1869 3975 libello
1894 3909 1935 3974 de
1960 3909 2107 3974 conside·

461 4017 608 4079 ratione³
636 4015 722 4080 clare
752 4017 886 4096 notavit,
917 4038 975 4079 nos
1005 4017 1038 4078 in
1068 4015 1163 4079 huius
1194 4016 1271 4080 facti
1302 4018 1554 4102 exaggeratione
1584 4019 1756 4103 parcimuS,
1781 4027 1929 4103 optantes
1958 4016 2107 4080 omnibus

461 4121 551 4186 Petri
574 4120 826 4202 successoribus,
850 4131 894 4201 ut,
920 4123 979 4184 etsi
1002 4122 1105 4206 mergi
1128 4120 1202 4186 Deo
1225 4123 1430 4207 permittente
1461 4124 1627 4209 incipiant,
1658 4145 1699 4186 ne
1728 4134 1836 4187 tamen
1867 4146 1909 4188 ex
1933 4133 2002 4187 toto
2026 4145 2107 4186 mer-

462 4240 588 4314 gantur,
616 4227 752 4292 dextcra
775 4226 895 4292 Christi
927 4250 982 4292 eos
1012 4238 1141 4292 tenente
1172 4251 1269 4314 supra
1299 4251 1388 4292 mare
1420 4228 1585 4293 ambulent
1615 4241 1647 4294 et
1675 4227 1803 4294 Christo
1833 4231 1867 4293 in
1896 4251 2016 4293 navem
2047 4228 2108 4293 sibi
2125 4253 2148 4292 u

463 4337 667 4399 commissam
698 4343 828 4419 recepto
859 4333 901 4397 ad
930 4332 1006 4398 litus
1036 4345 1211 4420 properent
1232 4336 1354 4399 venire.
1400 4335 1475 4400 Non
1505 4346 1554 4401 est
1584 4345 1691 4400 autern
1721 4335 1924 4422 negligenter
1953 4335 2108 4400 intuenda

325 4434 443 4527 HQ?
464 4440 653 4526 ewangelici
681 4449 789 4504 textus
812 4438 919 4504 littera
942 4439 982 4504 de
1005 4442 1068 4503 ista
1091 4451 1206 4525 quarta
1228 4441 1350 4527 vigilia.
1396 4442 1568 4507 Mathaeus
1597 4442 1690 4506 dicit:
1722 4443 1766 4507 Et
1788 4443 1975 4508 desceudene
1998 4443 2109 4508 Petrus

464 4548 501 4611 de
524 4549 672 4612 navicula
696 4549 876 4612 cymbula-bat
897 4573 991 4634 super
1014 4573 1140 4632 aquom,
1163 4563 1197 4612 ut
1218 4553 1336 4614 verrt'ret
1357 4551 1402 4616 od
1425 4551 1536 4616 [eruta.
1587 4550 1702 4614 Videas
1725 4573 1797 4614 vero
1820 4563 1941 4614 centum
1965 4550 2106 4614 validum

463 4656 574 4718 timuit.
621 4654 665 4718 Et
687 4679 755 4718 cum
779 4657 910 4740 cepisset
931 4657 1034 4741 mergi
1054 4656 1204 4719 clamavit
1225 4657 1349 4720 dr'ceua:
1379 4657 1535 4734 ‘Doctrina
1558 4659 1680 4720 saluom
1703 4681 1750 4720 me
1766 4656 1854 4745 foc’.
1898 4655 1943 4720 Et
1964 4658 2108 4720 coartiano

463 4760 552 4825 Iesus
575 4761 738 4825 conradens
761 4785 887 4824 oronam
906 4761 1115 4847 apprehendit
1137 4787 1204 4825 error
1228 4776 1256 4825 ct
1277 4763 1324 4825 ue't
1346 4763 1417 4825 titi:
1439 4761 1597 4827 ‘Modico-e
1613 4763 1707 4850 fidei,
1731 4787 1828 4848 quare
1852 4763 2031 4827 uictimari&
2067 4763 2110 4826 Et
2125 4787 2147 4824 ro

353 4893 383 4933 η.
391 4895 444 4934 ror.
464 4892 532 4931 cum
556 4867 767 4932 oscerrdiaaent
790 4869 838 4931 *in
860 4869 1051 4947 nuciculam,
1076 4871 1207 4931 cesso-vit
1229 4882 1342 4932 centua.
1393 4867 1458 4944 Qui
1485 4883 1586 4933 cutem
1616 4871 1650 4933 iu
1673 4870 1820 4933 navicula
1844 4883 1934 4933 eraut
1963 4884 2109 4934 occurrunt

286 5001 444 5051 renuamus.
464 4989 491 5038 et
513 4974 726 5038 adoraverunt
751 4999 818 5038 aaran
844 4973 996 5038 diceutes:
1026 4973 1120 5036 ‘Vere
1144 4973 1178 5035 F
1177 4975 1252 5037 r'le'ua
1275 4973 1340 5038 Det
1361 4974 1415 5038 ca'.
1463 4973 1594 5038 Marcus
1625 4973 1720 5038 dicit:
1752 4975 1796 5039 Et
1824 5000 1893 5039 cum
1922 5000 1993 5039 saro
2025 4991 2107 5056 esset,

464 5095 531 5144 crat
552 5083 644 5144 nucia
668 5083 700 5144 *in
724 5081 827 5144 aredio
851 5083 938 5144 muri
958 5095 986 5144 et
1008 5082 1075 5166 ipae
1098 5081 1183 5142 colera
1207 5083 1238 5142 iu
1256 5093 1348 5144 terra.
1384 5080 1428 5144 Et
1450 5081 1561 5145 ve'deaa
1584 5105 1635 5145 eoa
1658 5083 1833 5146 laborantes
1856 5084 1890 5146 ia
1913 5083 2107 5170 remigando,

464 5200 532 5249 erut
552 5188 633 5250 euim
658 5199 763 5249 'ceretu'a
786 5189 963 5251 contrarius
986 5189 1041 5266 eia,
1065 5200 1093 5250 et
1115 5189 1201 5250 circa
1224 5201 1367 5270 quartoue
1392 5187 1537 5273 vipr'ft'om
1567 5189 1666 5251 noctrb
1693 5175 1779 5252 venit
1803 5187 1849 5252 ad
1869 5213 1921 5252 eos
1943 5190 2107 5253 corbulone

570 5329 597 5394 a)
620 5333 747 5397 quicquic
766 5349 787 5382 c.
2122 5343 2144 5382 rt

574 5461 602 5530 1)
618 5459 666 5532 Cf.
680 5460 726 5516 Dc
737 5459 862 5536 invwdp.
871 5460 999 5516 Anticlrr.
1013 5459 1036 5530 I,
1051 5479 1073 5516 c.
1085 5459 1136 5514 62.
1145 5458 1196 5515 72.
1263 5456 1294 5532 2)
1306 5459 1485 5518 Bernardus.
1549 5458 1579 5534 3)
1593 5461 1627 5517 L.
1641 5460 1698 5532 III,
1712 5462 1763 5518 c.4
1777 5457 1864 5538 (opp.
1878 5464 1921 5519 ed.
1932 5463 2104 5532 Mabr'llonl,

465 5568 515 5623 col.
533 5562 626 5641 437):
650 5568 775 5621 Murmur
797 5567 895 5637 loquor
919 5573 948 5622 et
965 5568 1162 5638 querimoniam
1184 5567 1375 5623 ecclesiarum.
1411 5567 1548 5623 Truncari
1564 5586 1594 5624 se
1612 5569 1757 5624 clamitant
1772 5588 1805 5625 ac
1821 5571 2018 5626 demembrari.
2053 5570 2106 5625 Vel

464 5674 558 5728 nullae
575 5674 620 5728 vel
637 5691 746 5744 paucae
762 5674 910 5728 admodum
926 5681 1001 5741 sunt,
1019 5692 1091 5744 quae
1105 5675 1216 5746 plagam
1228 5676 1310 5729 istam
1327 5681 1375 5729 aut
1387 5693 1444 5729 non
1456 5676 1572 5730 doleant
1584 5683 1633 5730 aut
1646 5694 1702 5731 non
1715 5677 1841 5732 timeant.
1867 5675 1987 5740 Quaeris
2005 5677 2104 5748 quam?

466 5778 676 5848 Subtrahuntur
704 5780 823 5834 abbates
855 5779 1003 5852 episeopis,
1028 5782 1153 5852 episcopi
1175 5781 1405 5854 archiepiscopis,
1435 5782 1639 5854 archicpiscopi
1661 5783 1826 5853 patriarchis
1849 5783 1908 5838 sire
1931 5785 2104 5855 primatibus.
