4478 6396
725 405 963 462 Ol’USCULUM
988 407 1040 460 DE
1065 405 1238 461 amuleto
1263 407 1340 461 DEI.
1796 399 1858 460 201

202 613 295 654 arma
319 591 444 677 regalia
468 602 499 655 et
526 593 560 655 in
585 614 619 655 se
645 591 883 656 confidentibus
907 594 1037 675 usitata,
1069 593 1127 658 sed
1152 593 1263 658 David
1294 595 1432 680 pastoris
1463 617 1554 658 arma
1585 605 1617 657 ct
1647 595 1861 658 instrumenta

200 697 382 782 pastoralia
405 698 514 784 eligat,
539 697 657 784 quibus
682 711 796 762 contra
820 698 1006 785 superbiam
1030 700 1143 764 mundi
1168 711 1370 786 pugnaturus
1395 699 1561 786 procedat.

314 843 387 904 178.
423 840 468 904 Ut
491 842 588 904 etiam
613 851 655 922 te,
681 864 699 904 o
724 841 911 905 venerande
939 841 1049 928 presul
1074 833 1197 924 Chiae,
1224 844 1276 908 cui
1299 843 1361 906 hoe
1379 842 1578 929 ¹opusculum
1601 843 1674 907 Deo
1699 842 1859 906 tribuente
1932 829 1933 832 Ἴ

202 949 419 1033 compositum
435 947 611 1029 offerimus,
630 947 719 1011 circa
734 947 832 1012 linem
849 948 1036 1035 specialiter
1059 947 1220 1035 alloquar:
1246 949 1362 1013 Nonne
1382 949 1472 1014 fuisti
1487 961 1598 1035 pastor
1614 951 1733 1030 ovium,
1758 961 1860 1014 stren-

169 1077 286 1117 srmus
310 1054 436 1140 scilicet
459 1065 566 1118 rector
582 1054 840 1118 monachorum?
876 1055 992 1119 Nonne
1016 1056 1049 1118 in
1066 1057 1256 1142 episcopum
1281 1056 1404 1120 electus
1428 1068 1461 1120 et
1484 1057 1578 1142 quasi
1602 1080 1662 1142 pro
1686 1056 1859 1120 multorum

202 1160 306 1224 salute
330 1160 373 1224 ad
396 1184 540 1247 pugnam
565 1160 744 1225 destinatus
769 1164 963 1226 vestimenta
988 1174 1020 1226 et
1043 1185 1135 1226 arma
1159 1161 1265 1227 Saulis
1295 1147 1440 1242 induisti,
1465 1163 1596 1248 quando
1621 1165 1713 1228 iuxta
1735 1186 1859 1227 morem

199 1267 470 1354 predecessorum
501 1278 639 1348 tuorum,
672 1291 736 1332 non
766 1269 984 1356 antiquorum,
1016 1268 1074 1332 sed
1104 1269 1333 1334 modernorum
1358 1281 1390 1334 et
1413 1271 1646 1357 proximorum,
1677 1270 1795 1334 milites
1820 1293 1858 1335 ac

199 1376 367 1460 principes
391 1377 425 1438 irr
441 1374 619 1439 hominium
644 1377 826 1462 suscepisti,
852 1377 945 1464 quasi
969 1399 1028 1462 per
1043 1377 1125 1440 tales
1150 1389 1260 1441 contra
1284 1376 1440 1440 mundum
1458 1389 1661 1463 pugnaturus
1685 1401 1724 1441 ac
1748 1379 1858 1442 trium·

198 1481 359 1568 plraturus
384 1481 498 1545 esses?
534 1480 661 1562 Quibus
685 1493 840 1568 tanquam
866 1484 964 1546 armis
988 1482 1047 1547 tibi
1070 1507 1173 1570 parvo
1198 1495 1230 1547 et
1254 1486 1287 1547 in
1304 1483 1372 1547 solo
1388 1483 1462 1547 Deo
1487 1483 1664 1548 confidenti
1687 1507 1753 1548 non
1773 1508 1858 1550 com-

155 1587 387 1675 repetentibus
417 1589 549 1674 gravari
580 1599 612 1652 et
642 1588 794 1675 impediri
824 1601 856 1654 te
888 1591 988 1652 sentis
1019 1601 1052 1653 et
1082 1591 1218 1654 senties:
1256 1591 1282 1653 si
1314 1613 1378 1654 non
1409 1590 1471 1654 illis
1503 1591 1658 1676 depositis
1690 1602 1722 1654 et
1752 1593 1858 1655 exutis

200 1695 377 1780 pastoralia
407 1706 532 1759 tantum
563 1697 778 1760 instrumenta
807 1718 967 1778 resumes,
1000 1720 1083 1783 quae
1115 1709 1147 1760 ct
1177 1707 1274 1760 antea
1304 1709 1434 1783 portare
1466 1701 1694 1779 consueveras
1727 1697 1857 1784 quando

198 1802 287 1866 nullo
312 1804 471 1888 principe,
496 1802 583 1867 nullo
607 1803 709 1867 milite
734 1805 871 1890 stipatus
895 1804 1102 1890 pastoraliter
1125 1803 1312 1868 incedebas.

311 1948 382 2010 179.
418 1945 574 2010 Attamen
604 1969 671 2010 non
700 1947 829 2010 modica
860 1946 1045 2010 differentia
1074 1947 1159 2010 inter
1189 1946 1278 2010 illum
1309 1956 1387 2010 tunc
1418 1946 1680 2010 monasterialem
1712 1957 1744 2009 et
1770 1971 1857 2012 nunc

202 2052 422 2138 episcopalem
446 2062 565 2116 statum
589 2063 679 2116 tuum
704 2065 752 2116 est
766 2052 993 2128 observanda.
1029 2051 1122 2116 Tunc
1147 2054 1233 2118 enim
1258 2052 1386 2117 suffecit
1410 2053 1443 2116 in
1459 2053 1655 2139 pastoralem
1679 2077 1792 2140 peram
1816 2055 1856 2120 de

155 2184 181 2223 rs
199 2159 285 2224 lacte
310 2159 481 2245 coagulato
505 2159 586 2224 tales
611 2158 701 2223 eibos
726 2159 889 2245 colligere,
914 2158 1033 2245 quibus
1057 2161 1246 2224 innocentes
1271 2171 1303 2224 et
1327 2159 1491 2246 simplices
1521 2159 1692 2226 indicabas
1720 2184 1856 2247 pascen-

198 2265 257 2331 dos
289 2277 322 2330 et
351 2267 385 2329 in
415 2265 515 2330 robur
544 2265 637 2330 virile
668 2266 857 2330 nutriendos
888 2289 970 2330 esse.
1026 2266 1120 2330 Nunc
1152 2289 1241 2349 vero,
1273 2268 1350 2353 quia
1382 2277 1495 2330 eontra
1525 2266 1638 2331 mundi
1669 2267 1857 2354 superbiam

196 2385 401 2460 pugnatm'us
433 2372 568 2454 incedis,
600 2373 698 2436 etiarn
728 2372 855 2458 lapides
879 2372 1122 2458 limpidlssimos
1149 2374 1189 2439 de
1214 2395 1300 2460 aqua
1324 2375 1504 2460 scripturae
1530 2373 1683 2458 colligere
1707 2397 1855 2439 neeessa-

196 2483 279 2544 rium
304 2478 454 2558 habebis,
478 2491 522 2560 ut,
548 2481 603 2566 qui
628 2478 667 2542 de
692 2479 896 2543 sanctissimo
921 2481 1063 2567 pectoris
1087 2481 1134 2545 tui
1157 2480 1365 2567 receptaculo
1390 2480 1539 2545 doctrina
1553 2480 1661 2545 lactea
1677 2504 1855 2568 norrvege·

195 2599 293 2668 tatur,
318 2586 386 2668 sed,
412 2585 499 2672 quod
522 2587 615 2671 peius
639 2598 698 2668 est,
724 2597 837 2650 contra
860 2585 1073 2650 humilitatem
1089 2597 1177 2651 tuam
1195 2588 1340 2673 erigitur,
1364 2587 1451 2652 hunc
1475 2588 1637 2651 sententia
1660 2587 1856 2652 iudicialiter

151 2720 178 2758 20
196 2694 318 2757 dictata
343 2695 436 2779 quasi
460 2692 562 2757 funda
585 2691 669 2756 bene
692 2690 811 2756 librata
835 2692 942 2778 lapide
968 2693 1182 2758 anathematis
1205 2696 1367 2780 percutiat
1391 2707 1423 2758 et
1446 2694 1488 2758 ad
1512 2706 1632 2758 terram
1654 2717 1757 2782 usque
1781 2719 1854 2781 pro-

196 2810 329 2880 sternat,
361 2801 492 2886 proprio
521 2799 631 2885 gladio
661 2799 875 2884 iugulandum
899 2811 931 2863 et
954 2799 1009 2864 illo
1034 2803 1141 2887 capite
1171 2801 1375 2887 privandum,
1401 2803 1493 2864 cuius
1517 2799 1664 2864 membra
1689 2795 1861 2866 Christum

195 2906 431 2970 crucifixerunt
455 2919 613 2992 utusque
638 2905 734 2969 hodie
758 2907 793 2969 irr
816 2907 882 2969 suis
906 2906 1061 2970 membris
1086 2907 1289 2993 crucifigunt.

308 3051 379 3113 180.
417 3049 509 3112 Tune
533 3047 592 3113 tibi
616 3049 656 3113 dc
681 3048 766 3113 bello
790 3050 966 3113 revertenti
991 3061 1024 3113 et
1047 3072 1175 3114 omnem
1199 3050 1370 3114 victoriam
1393 3048 1494 3114 verbo
1518 3051 1676 3131 veritatis,
1705 3073 1769 3114 non
1793 3049 1852 3114 tibi

196 3155 351 3220 tribuenti
377 3156 504 3220 dicetur·
527 3155 606 3220 illud
632 3157 794 3220 canticum
819 3179 838 3220 a
861 3155 965 3220 turbis
989 3155 1190 3221 obviantium
1220 3158 1349 3243 tuisque
1378 3157 1491 3220 studiis
1516 3158 1569 3242 pio
1594 3156 1706 3220 favore
1731 3159 1851 3243 astipu-

150 3289 176 3327 aa
195 3263 349 3327 lantiunt:
375 3263 457 3328 Saul
472 3267 633 3350 percussit
655 3266 752 3344 tuille,
777 3279 805 3327 at
827 3265 940 3328 Dauid
962 3265 1064 3328 dece-m
1089 3267 1181 3328 rrrrlia
1207 3267 1238 3328 tin
1263 3266 1392 3329 tualibus
1414 3267 1490 3328 sort.
1539 3262 1623 3327 Cum
1647 3265 1733 3327 enim
1759 3265 1850 3327 ‘satis
1871 3263 2016 3358 {fflibb

195 3373 365 3434 timeretur
381 3370 594 3456 predecessor
610 3379 683 3433 tuus
696 3375 716 3451 ¹,
741 3380 852 3456 utpote
871 3369 961 3435 Sauli
980 3370 1219 3456 quodammodo
1245 3381 1460 3456 comparatus,
1486 3372 1562 3456 quia
1587 3369 1851 3455 supereminebat
1871 3393 1997 3442 erasas.

196 3491 298 3540 totum
322 3477 477 3564 populum
503 3476 544 3542 ab
568 3477 702 3540 humero
728 3489 759 3540 et
783 3499 910 3541 sursum
934 3500 991 3564 pre
1015 3476 1220 3540 multitudiue
1251 3477 1435 3563 principum
1467 3500 1597 3540 suorum
1622 3486 1849 3561 cognatorum:

195 3597 230 3647 tu
255 3584 295 3647 dc
319 3582 406 3647 tribu
429 3583 512 3648 Iuda
541 3595 647 3664 natus,
679 3595 714 3647 tu
743 3607 802 3670 per
826 3585 972 3648 veritatis
1004 3583 1241 3647 confessionem
1270 3581 1470 3662 nobilitatus,
1502 3585 1605 3668 magis
1636 3581 1850 3646 formidabilis

196 3692 259 3754 oris
283 3691 396 3754 mundi
420 3690 633 3777 principibus,
658 3713 756 3776 quam
781 3692 808 3753 si
832 3702 867 3755 tu
884 3705 996 3755 contra
1018 3691 1182 3777 principes
1199 3701 1401 3776 pugnaturus
1419 3689 1563 3755 confidas
1587 3692 1620 3753 irr
1637 3688 1849 3776 principibus,

151 3823 177 3861 ro
196 3799 229 3860 in
253 3797 328 3860 tiliis
352 3797 528 3877 hominum,
553 3799 587 3861 in
611 3797 729 3883 quibus
753 3821 818 3861 non
843 3809 892 3861 est
916 3798 1012 3862 salus.

308 3944 379 4003 181.
422 3940 474 4003 De
503 3951 534 4003 te
559 3951 668 4003 autem
699 3939 807 4003 taliter
836 3952 1012 4026 pugnante,
1044 3942 1136 4026 quasi
1167 3939 1208 4003 de
1233 3942 1302 4004 viro
1335 3938 1543 4005 desiderabili
1575 3951 1607 4003 et
1636 3963 1734 4002 manu
1764 3939 1848 4021 forti,

197 4059 350 4110 irascetur
380 4047 533 4112 Salernon
567 4046 741 4132 pacificus,
778 4047 855 4133 quia
890 4059 962 4133 post
996 4047 1196 4133 aliquantam
1227 4071 1369 4134 pugnarn
1400 4071 1481 4133 paco
1512 4069 1611 4132 super
1640 4069 1755 4132 pacem
1786 4047 1849 4108 eris

197 4153 426 4236 munerandus,
451 4165 487 4217 ut
510 4163 541 4217 te
566 4165 761 4240 cooperante
786 4155 819 4217 in
835 4154 978 4218 Domino
1002 4154 1149 4239 glorieris
1173 4154 1329 4240 templum
1348 4154 1542 4236 edificatum,
1560 4152 1647 4239 quod
1665 4153 1736 4216 Deo
1754 4154 1850 4238 prirrri

196 4261 335 4324 hominis
360 4271 483 4325 costam
507 4261 678 4325 edificante
703 4260 764 4323 fuit
786 4259 982 4324 inchoatum.
1029 4260 1060 4323 A
1085 4262 1177 4325 cuius
1201 4262 1332 4324 introitu
1357 4263 1434 4347 quia
1460 4271 1593 4346 propter·
1616 4270 1754 4346 peccata
1777 4282 1851 4324 mea

152 4367 292 4452 alonge
317 4391 388 4430 sum
412 4367 629 4453 repellendus,
658 4367 721 4431 tuis
746 4377 777 4430 et
801 4367 954 4446 omnium,
979 4369 1034 4452 qui
1058 4367 1120 4432 hoc
1145 4391 1225 4454 opus
1249 4367 1364 4432 lecturi
1389 4379 1471 4442 sunt,
1500 4389 1579 4452 rogo
1604 4366 1752 4430 adiuvari
1776 4389 1849 4452 pre·

196 4473 299 4556 cibus,
324 4486 360 4538 ut
382 4473 461 4538 milri
486 4497 550 4538 non
574 4475 752 4560 imputetur
775 4485 957 4560 peccatum,
982 4474 1069 4560 quod
1092 4474 1186 4538 fedus
1213 4473 1395 4560 pulchrum,
1424 4475 1662 4538 contaminatus
1693 4473 1849 4538 mundum

196 4604 238 4644 ex
262 4592 354 4667 parte
379 4581 600 4646 demonstravi
631 4580 805 4645 edificium.
852 4581 904 4645 De
929 4605 993 4667 quo
1017 4581 1123 4645 adlruc
1155 4581 1248 4667 plura
1279 4591 1412 4667 possent
1441 4583 1625 4658 monstrari,
1657 4581 1683 4642 si
1708 4603 1727 4643 a
1750 4579 1849 4666 lippis

196 4686 303 4751 cordis
335 4688 398 4751 mei
430 4687 531 4752 oculis
562 4698 671 4751 tantus
701 4687 809 4773 fulgor
838 4700 948 4773 posset
979 4688 1118 4752 tolerari.
1166 4688 1233 4752 Sed
1263 4699 1351 4774 puto,
1382 4711 1446 4750 non
1478 4687 1622 4772 expedit,
1654 4699 1690 4750 ut
1712 4711 1732 4750 a
1755 4686 1848 4752 uobis

196 4794 331 4858 ulterius
355 4794 559 4880 procedatur,
584 4796 736 4880 quoniam
761 4818 821 4881 per·
840 4807 968 4858 sanctos
992 4813 1101 4881 patres
1125 4794 1347 4880 multipliciter
1371 4793 1411 4858 de
1436 4794 1496 4858 boc
1521 4793 1649 4858 edificio
1674 4804 1847 4857 tractatur:

151 4927 178 4966 ιο
197 4901 253 4987 qui
284 4900 402 4965 docent
432 4923 596 4986 expresse,
625 4901 704 4987 quid
735 4902 767 4964 in
792 4925 830 4965 eo
855 4903 896 4965 sit
919 4903 1015 4965 turris
1039 4901 1151 4964 David
1182 4900 1333 4964 edificata
1364 4924 1437 4964 cum
1467 4900 1737 4986 propugnaculis3
1770 4901 1849 4987 quid

197 5009 293 5070 turris
324 5006 452 5089 Libani,
485 5030 547 5092 que
578 5009 712 5093 respicit
742 5018 855 5072 contra
886 5008 1102 5088 Damascum,
1134 5007 1213 5094 quid
1245 5018 1373 5071 ceterae
1404 5017 1508 5071 turres
1541 5007 1731 5088 Ierusalem,
1764 5029 1847 5092 quae

197 5116 332 5199 gemmis
357 5115 565 5196 edificantur,
597 5113 675 5200 quid
706 5115 848 5201 denique
873 5117 990 5196 omnia,
1015 5137 1098 5200 quac
1122 5113 1175 5177 vel
1199 5115 1231 5177 in
1255 5113 1376 5200 templo
1401 5114 1453 5178 vel
1476 5115 1509 5177 in
1534 5111 1744 5177 tabernaculo
1768 5113 1848 5199 figu-

196 5221 307 5285 raliter
331 5231 634 5286 commemorantur.
675 5220 756 5285 Cum
782 5243 859 5307 ergo
884 5221 924 5285 de
949 5219 1097 5285 omnibus
1122 5221 1191 5283 istis
1216 5219 1346 5284 abunde
1371 5243 1391 5284 a
1415 5221 1535 5285 sanctis
1559 5218 1706 5306 patribus
1730 5231 1847 5283 tracto-

196 5339 258 5408 tur,
282 5329 370 5408 milri,
395 5351 496 5414 queso
520 5351 540 5392 a
563 5339 606 5409 te,
631 5339 732 5415 pater,
758 5339 790 5392 et
814 5326 963 5392 omnibus
981 5327 1041 5391 hoc
1063 5327 1252 5413 opusculum
1268 5326 1402 5391 lecturis
1419 5329 1515 5391 venia
1531 5329 1732 5412 impetretur,
1749 5325 1846 5411 quod,

152 5461 179 5499 a
195 5434 272 5498 licet
295 5437 401 5499 iussus
425 5447 457 5499 et
480 5436 543 5499 tuis
567 5434 720 5522 precibus
744 5447 887 5512 coactus,
912 5435 1095 5520 presumpsi
1120 5433 1230 5498 oculos
1254 5433 1346 5498 fedos
1370 5435 1404 5497 in
1428 5445 1549 5498 tautam
1574 5432 1847 5519 pulchritudinem

197 5539 341 5605 attollere
365 5552 463 5628 atque
487 5541 571 5606 hauc
596 5543 667 5606 aliis
690 5542 790 5605 nmlto
808 5565 858 5605 me
884 5541 1135 5627 sapientioribus
1160 5553 1192 5605 et
1215 5541 1403 5606 melioribus
1420 5540 1653 5620 demonstrare,
1671 5563 1769 5626 quarn
1786 5561 1846 5624 ego

306 5762 335 5836 1)
358 5763 533 5834 Harlwr'cua,
558 5763 606 5839 qai
628 5785 655 5820 α.
677 5763 908 5820 1106-1126.
932 5764 1052 5820 ardebat.

267 5884 366 5936 Libelli
386 5885 420 5935 de
441 5885 496 5936 lite.
530 5887 583 5936 111.
