4410 6406
434 405 498 468 316
725 413 905 469 GERHOHI
927 413 1161 470 PRAEPOSITI
1184 410 1593 469 REICHERSBERGENSIS
1618 410 1784 466 LIBELLI.

433 599 566 687 quidem
589 609 737 663 sanctum
761 609 793 663 et
815 601 917 665 vitam
940 600 1104 664 sanctitati
1129 601 1324 664 contrariam
1349 600 1376 662 si
1399 598 1569 680 adtendas,
1590 599 1685 684 quasi
1708 597 1935 684 alienigenas*
1960 599 1997 661 in
2022 619 2096 661 arce

434 716 466 771 et
488 705 763 771 abominationem
787 705 996 770 desolationis
1019 706 1133 771 videre
1158 717 1189 772 te
1213 704 1435 792 suspicaberis
1458 706 1492 768 in
1516 704 1724 769 locosancto
1748 714 1901 769 stantem.
1937 703 2097 790 Contigit,

432 823 469 876 nt
492 813 719 899 comperimus,
749 812 925 899 aliquando
950 813 1038 899 apud
1065 812 1156 896 tales,
1181 823 1324 896 616661,
1349 835 1447 900 quem
1472 813 1557 876 inter
1579 810 1705 876 ludicra
1728 835 1788 876 sua
1811 812 1907 898 quasi
1930 821 2100 876 mortuum

433 917 819 1005 abHelise01pr0pheta
837 919 1079 985 suscitandum²
1099 919 1301 1002 exhiberent,
1325 929 1459 1005 peracta
1483 918 1686 983 simulatione
1709 929 1872 983 mortuum
1896 918 2099 982 invenirent.

432 1025 526 1090 Alius
550 1026 627 1090 item
650 1025 851 1090 Antichristo
882 1047 940 1090 suo
971 1027 1065 1112 quasi
1096 1025 1302 1091 suscitandus
1326 1025 1453 1091 oblatus
1481 1027 1567 1090 intra
1590 1024 1655 1089 VH
1679 1024 1749 1090 (1166
1772 1047 1851 1090 vere
1875 1035 2039 1106 mortuus,
2064 1035 2131 1088 uta

435 1132 660 1219 comperimus,
686 1143 718 1196 et
741 1132 884 1218 sepultus
909 1144 967 1196 est.
1014 1132 1058 1196 Et
1081 1132 1154 1219 quis
1180 1133 1263 1196 scire
1287 1143 1404 1220 potest,
1436 1154 1479 1196 an
1509 1142 1542 1196 et
1571 1142 1682 1196 cetera
1712 1131 1873 1214 simulata,
1898 1131 2102 1196 Antichristi

435 1239 559 1305 scilicet
589 1239 742 1325 effigiem,
771 1239 945 1304 demonum
968 1239 1076 1304 larvas
1087 1245 1108 1320 ³,
1132 1239 1356 1304 Herodianam
1380 1240 1540 1304 insaniam
1570 1240 1606 1303 in
1628 1240 1766 1304 veritate
1796 1261 1863 1303 non
1887 1237 2100 1303 exhibeant?

272 1369 374 1418 6616,
382 1369 416 1411 ao.
435 1345 528 1412 Sicut
551 1347 637 1411 enim
660 1348 694 1410 in
710 1347 848 1411 veritate
871 1369 891 1410 a
915 1347 1061 1433 sapiente
1081 1346 1209 1428 dicitur,
1232 1348 1309 1433 quia
1332 1348 1523 1412 nmiediceas
1546 1348 1666 1434 impias
1689 1346 1851 1411 dabbolam
1874 1346 2046 1411 maledicit
2067 1371 2102 1410 66

435 1457 550 1542 pisum,
573 1455 619 1518 ita
642 1464 880 1539 consequenter
903 1453 968 1517 dici
992 1452 1034 1517 ab
1058 1453 1173 1517 eadem
1192 1455 1330 1518 veritate
1354 1463 1471 1540 potest,
1496 1452 1584 1540 quod
1606 1454 1726 1539 impius
1750 1453 1900 1539 effigians
1925 1451 2102 1517 diabolum

375 1615 377 1620 .
434 1558 487 1623 vel
518 1561 587 1624 eius
617 1557 799 1624 membrum
829 1559 953 1645 effigiat
975 1559 1029 1624 vel
1052 1558 1187 1624 exhibet
1210 1583 1244 1624 se
1269 1561 1385 1646 ipsum.
1431 1558 1599 1624 Exhibeat
1629 1569 1781 1646 preterea
1809 1559 2036 1646 imaginaliter
2068 1568 2147 1624 616

436 1665 614 1732 Salvatoris
637 1667 794 1732 infantiae
819 1665 991 1749 cunabula,
1019 1665 1147 1753 parvuli
1169 1669 1326 1753 vagitum,
1350 1689 1511 1753 puerpera
1536 1668 1673 1753 virginis
1696 1666 1909 1731 matronalem
1932 1665 2101 1747 habitum,

436 1772 526 1840 stelle
551 1775 645 1859 quasi
668 1773 756 1838 sidus
780 1771 1018 1858 flammigerum
1027 1778 1048 1854 ⁴,
1073 1773 1233 1838 infantum
1255 1795 1380 1856 necem,
1404 1783 1587 1838 maternum
1610 1773 1762 1839 Rachelis
1785 1773 1949 1860 ploratum
1961 1777 1985 1837 ⁵.
2030 1771 2102 1838 Sed

307 1901 416 1951 r·.as,a
435 1878 588 1944 divinitas
611 1881 746 1967 insuper
769 1890 800 1943 et
822 1891 949 1944 6161166
965 1879 1067 1944 facies
1091 1880 1251 1946 ecclesiae
1276 1879 1429 1945 abhorret
1453 1880 1640 1966 spectacula
1663 1879 1845 1962 theatralia,
1868 1902 1934 1944 non
1958 1880 2104 1967 respicit

435 1988 469 2050 in
484 1987 645 2052 vanitates
670 1999 702 2051 et
724 1987 868 2052 insanias
891 1986 1001 2068 falsas,
1026 1988 1123 2052 immo
1147 2009 1212 2051 non
1236 1986 1345 2069 falsas,
1370 1986 1428 2052 sed
1451 1987 1516 2052 iam
1532 2009 1629 2052 veras
1653 1989 1807 2070 insanias,
1832 1988 1865 2050 in
1889 1985 2014 2073 quibus
2034 1987 2102 2050 viri

435 2103 519 2158 totos
544 2116 577 2156 sc
597 2093 752 2179 frangunt
774 2095 807 2156 in
822 2093 971 2176 feminas,
988 2094 1082 2180 quasi
1098 2093 1220 2180 pudeat
1235 2117 1301 2176 eos,
1319 2094 1406 2180 quod
1422 2095 1484 2158 viri
1501 2106 1585 2178 sunt,
1606 2094 1717 2159 clerici
1740 2096 1774 2158 16
1789 2093 1919 2176 milites,
1942 2093 2103 2158 homines
2124 2117 2148 2156 16

436 2222 471 2265 66
495 2203 528 2264 16
552 2199 725 2265 demonum
755 2200 862 2264 larvas
891 2200 1135 2286 transfigurant.
1180 2201 1334 2288 Dumque
1365 2201 1549 2266 huiusmodi
1573 2202 1735 2265 vanitates
1766 2211 1799 2265 61
1827 2201 1954 2264 1666616
1986 2223 2102 2265 saera-

435 2317 617 2372 mentomm
640 2305 926 2372 demoniacorumb
951 2306 1220 2372 celebrandorum
1249 2307 1330 2372 locis
1361 2318 1394 2372 et
1423 2306 1625 2394 temporibus
1649 2329 1683 2370 se
1707 2309 1869 2394 ingerunt,
1894 2308 1993 2395 quasi
2018 2305 2101 2371 abo-

435 2414 645 2478 minationem
669 2413 877 2478 desolationis
901 2415 935 2478 in
958 2413 1030 2478 loco
1054 2425 1166 2479 666616
1182 2413 1294 2478 videre
1319 2424 1377 2478 cst.
1412 2413 1515 2479 Paulo
1539 2415 1646 2478 minus
1670 2415 1757 2478 enim
1780 2423 1874 2500 turpe
1900 2425 1949 2478 est
1973 2413 2102 2478 faciem

436 2520 595 2585 ecclesiae
626 2518 744 2584 talibus
768 2521 948 2585 vanitatum
978 2519 1173 2607 spectaculis
1205 2519 1397 2586 christianos
1421 2520 1543 2602 fedare,
1569 2543 1666 2607 quam
1691 2520 1767 2584 olim
1790 2521 1824 2584 in
1848 2521 1970 2607 templo
1997 2520 2103 2584 fuerit

435 2627 595 2712 imagines
620 2625 683 2690 Gai
711 2628 832 2690 cesaris
860 2627 998 2712 gentiles
1026 2627 1172 2691 intulisse
1197 2627 1249 2692 vel
1272 2626 1422 2692 Pilatum.
1469 2628 1513 2691 At
1537 2628 1564 2690 si
1588 2628 1661 2713 quis
1684 2628 1843 2713 parictem
1873 2627 1958 2692 banc
1992 2627 2103 2692 fodiat
2122 2651 2148 2690 so

438 2744 470 2797 et
491 2733 658 2798 lucernam
674 2733 864 2820 euangelica
889 2733 1181 2798 animadversionis
1205 2733 1387 2814 admoveat,
1407 2732 1533 2799 videbit
1556 2745 1644 2798 certe
1668 2732 1927 2798 abominationes
1949 2736 2102 2800 maiores

259 2840 496 2914 (6666666166.
543 2841 627 2906 Nam
651 2840 785 2905 durnin
808 2842 991 2928 semetipsis
1014 2840 1171 2928 templum
1187 2842 1253 2904 Dei
1276 2839 1409 2923 violant,
1434 2840 1512 2906 dum
1536 2839 1683 2905 membra
1706 2864 1766 2905 sua
1781 2840 1855 2905 Deo
1872 2840 1984 2906 dicata
2001 2841 2101 2906 Beel-

437 2946 529 3033 fegor
552 2958 754 3030 consecrant,
779 2947 855 3012 dum
883 2949 1063 3012 misterium
1092 2947 1293 3012 sacerdotale
1319 2958 1350 3011 et
1373 2947 1539 3012 leviticum
1569 2969 1629 3034 per
1652 2947 1866 3013 contubernia
1895 2948 2102 3012 feminarum

437 3053 593 3140 polluunt,
622 3053 699 3119 dum
724 3065 873 3140 questum
904 3056 1057 3140 pietatem
1088 3055 1285 3134 existimant,
1316 3053 1394 3119 dum
1425 3053 1595 3140 stipendiis
1618 3055 1686 3120 Dei
1716 3056 1895 3120 ministerio
1927 3054 2101 3141 deputatis

437 3160 635 3225 vanitatibus
660 3172 692 3225 et
714 3184 779 3226 non
799 3161 870 3225 Deo
894 3161 1043 3243 militant,
1067 3161 1145 3226 dum
1168 3184 1348 3248 pauperum
1372 3161 1528 3226 victualia
1551 3163 1584 3225 in
1607 3161 1754 3226 luxurias
1778 3162 1989 3244 transferunt,
2015 3161 2101 3250 quid
2121 3186 2147 3225 ss

339 3291 418 3342 616.
437 3268 500 3332 6161
525 3265 812 3332 *abominationem
836 3267 1044 3332 desolationis
1075 3269 1267 3354 semetipsos
1297 3269 1331 3332 in
1355 3267 1425 3332 1666
1450 3279 1562 3332 666616
1591 3268 1815 3333 constituunt?
1862 3268 2007 3332 Etcum
2031 3271 2102 3333 sint

438 3375 471 3438 in
487 3385 561 3438 cetu
583 3373 695 3438 taliuns
719 3373 866 3438 nonnulli
889 3397 1009 3460 genere
1033 3373 1123 3457 clari,
1148 3373 1328 3439 litterarum
1352 3376 1489 3438 scicntia
1505 3374 1656 3458 11166666,
1674 3375 1802 3439 diviciis
1819 3374 1929 3462 ampli,
1945 3376 2099 3462 corporis

437 3490 470 3544 et
492 3481 630 3544 vestium
655 3480 744 3545 cultu
767 3479 939 3567 splendidi,
963 3492 1000 3545 ut
1022 3480 1086 3545 tale
1111 3480 1190 3568 quid
1220 3481 1261 3546 (16
1292 3483 1339 3546 616
1370 3480 1411 3546 ab
1443 3480 1679 3546 admirantibus
1710 3483 1808 3546 etiam
1831 3481 2003 3568 discipulis
2028 3483 2100 3546 dici

279 3615 348 3656 uuo.
357 3615 419 3662 rar.
436 3587 578 3664 Domino
602 3586 655 3651 vel
679 3586 812 3651 cuilibet
835 3587 904 3651 eius
929 3589 1052 3652 vicario
1078 3589 1196 3674 possit:
1229 3592 1377 3676 (66916166
1399 3591 1506 3676 aspice
1529 3591 1639 3675 quates
1663 3590 1788 3676 lapides
1811 3605 1839 3654 et
1861 3590 1971 3675 quales
1994 3605 2098 3655 61666-

436 3709 503 3758 tarc
525 3694 679 3779 magistro
704 3694 817 3758 celesti
840 3717 905 3758 non
921 3693 1039 3759 faciem
1058 3717 1176 3776 rerum,
1201 3694 1259 3759 scd
1275 3694 1375 3759 corda
1397 3696 1536 3760 intuenti
1559 3718 1624 3759 non
1648 3705 1698 3758 est
1720 3717 1782 3759 nec
1806 3715 1878 3758 esse
1898 3693 1999 3759 debet
2015 3718 2098 3759 cura
2116 3720 2142 3761 ao

437 3799 477 3865 de
494 3799 607 3865 talium
631 3810 792 3866 structura
814 3800 970 3887 lapidum,
995 3803 1051 3888 qui
1075 3800 1116 3866 ab
1133 3801 1309 3888 apostolice
1334 3801 1549 3866 edificationis
1567 3801 1727 3866 dissident
1749 3801 1972 3883 fundamentO,
1993 3801 2096 3866 dicet-

268 3899 418 4002 Ἥζξξζξζ
436 3929 499 3993 que
524 3905 564 3971 de
588 3907 655 3971 bis:
686 3909 788 3972 Actaea
812 3909 883 3973 dico
907 3911 1004 3989 cobis,
1034 3933 1095 3973 666
1119 3911 1313 3994 relic-poetar
1336 3911 1421 3996 lapis
1443 3933 1538 3996 super
1562 3909 1713 3996 lapidem,
1737 3911 1797 3994 qai
1815 3933 1878 3973 666
1902 3909 2093 3974 (destruatur.

435 4013 563 4078 Bonum
587 4015 706 4100 quippe
738 4025 787 4078 661
816 4014 901 4078 male
932 4015 1083 4079 edificata
1113 4016 1217 4100 primo
1248 4014 1331 4079 bene
1362 4015 1495 4096 destrui,
1524 4026 1559 4079 ut
1588 4014 1704 4079 melior
1727 4014 1890 4079 edificatio
1921 4014 1962 4079 de
1986 4015 2093 4080 isdem

436 4119 591 4208 subsequi
614 4121 722 4185 valcat
743 4120 908 4208 lapidibus
932 4131 965 4185 et
988 4121 1172 4208 impendiis.

518 4319 548 4380 6.
590 4316 649 4381 De
680 4317 833 4403 templo
864 4317 1101 4380 manufacto
1133 4318 1334 4403 quociens
1357 4327 1451 4402 post
1481 4318 1652 4402 primam
1684 4317 2010 4382 edificationem
2107 4341 2131 4383 as

914 4423 1173 4488 destructum
1204 4435 1243 4487 et
1273 4433 1511 4509 reparatum
1543 4424 1607 4487 sit.

542 4547 642 4611 Venit
672 4571 759 4613 nunc
791 4550 824 4613 in
856 4560 1010 4630 mentem,
1043 4548 1130 4634 quod
1161 4547 1237 4611 olim
1267 4549 1355 4612 circa
1388 4547 1501 4633 templi
1536 4546 1695 4612 fabricam
1725 4547 1923 4612 Ierosolimis
1960 4549 2088 4614 accidit.

435 4654 584 4719 Herodes
608 4655 765 4738 funestus,
790 4655 999 4741 parvulorum
1021 4678 1103 4720 nece
1128 4666 1290 4736 cruentus,
1314 4655 1444 4740 proprie
1462 4655 1573 4718 uxoris
1598 4677 1637 4718 66
1660 4654 1799 4718 filiorum
1824 4655 1990 4741 parricida
2006 4658 2089 4720 viro-

258 4752 416 4851 ,nffiff'q-,u
436 4782 571 4847 rumque
594 4784 655 4847 per
674 4763 782 4826 omnia
805 4762 1027 4846 sanguinarius
1038 4773 1060 4843 ⁰,
1085 4761 1241 4848 templum
1257 4763 1362 4846 ipsum
1379 4760 1455 4824 olim
1472 4782 1492 4823 a
1509 4761 1680 4826 Salomone
1698 4759 1795 4825 CXX
1812 4760 1996 4825 cubitorum
2021 4763 2088 4827 alti·

437 4866 557 4960 tudinis
581 4866 786 4949 fabricatum,
812 4891 886 4932 curn
910 4867 1109 4931 destructum
1134 4891 1153 4932 6
1177 4867 1330 4931 Cbaldeis
1362 4866 1421 4931 sub
1446 4867 1584 4932 ducibus
1609 4866 1792 4933 Zorobabel
1816 4879 1849 4932 et
1871 4867 2010 4933 Neemia
2033 4869 2088 4932 filii
2107 4894 2132 4932 6

436 4974 634 5060 captivitatis
658 4973 883 5038 adortantibus
906 4973 1073 5060 prophetis
1096 4974 1191 5038 ths
1215 4973 1397 5039 cubitorum
1428 4973 1607 5038 altitudinis
1635 4974 1889 5057 reedificassent,
1915 4973 2029 5039 dolens
2052 4978 2089 5058 is,

435 5103 533 5167 quem
549 5079 773 5162 describimus,
790 5080 939 5144 Herodes
963 5080 1142 5144 altitudinis
1159 5081 1199 5162 ei,
1220 5103 1285 5166 qua
1300 5104 1360 5167 per
1376 5081 1583 5146 Salomonem
1599 5083 1704 5166 primo
1728 5091 1950 5145 constructum
1974 5081 2088 5164 fuerat,

435 5187 575 5251 mediam
598 5198 724 5273 partem
748 5187 872 5270 deesse,
898 5187 940 5250 ad
956 5187 1058 5251 solum
1082 5187 1167 5251 dirui
1189 5189 1346 5274 precepit,
1367 5187 1568 5274 quodetiam
1592 5188 1627 5250 in
1642 5188 1814 5274 pristinam
1838 5186 1898 5251 sub
1916 5186 2089 5252 Salomone

542 5385 568 5449 6)
590 5385 740 5438 6116616666
758 5405 779 5437 c.
851 5384 879 5450 b)
902 5388 1092 5438 demoniacum
1110 5405 1131 5438 e.
1205 5384 1231 5448 c)
1253 5390 1444 5453 sanguinarius
1464 5389 1616 5454 tepentium?

543 5546 573 5624 l)
596 5551 684 5608 16666
709 5551 778 5607 Elia
801 5559 826 5607 61
850 5551 959 5608 Eteocle.
1085 5551 1115 5623 2)
1143 5551 1192 5624 Cf,
1217 5553 1259 5610 W.
1285 5553 1385 5625 Meyer
1408 5555 1425 5608 1.
1443 5555 1462 5608 1.
1482 5573 1515 5628 p.
1535 5552 1585 5608 16.
1713 5553 1743 5613 3)
1774 5553 1848 5610 Salat
1877 5553 2034 5628 hypocrisis
2064 5563 2131 5611 6166

436 5657 548 5714 derasis.
663 5656 694 5726 4)
718 5657 754 5713 16
777 5658 851 5726 lario,
875 5676 929 5732 qao
953 5658 986 5714 de
1009 5659 1124 5716 Herode
1147 5668 1173 5716 61
1195 5660 1363 5717 adoratione
1386 5679 1531 5737 scaporum
1555 5661 1650 5737 apitar
1673 5663 1754 5736 apud
1775 5660 1885 5737 Wrtptt
1909 5663 1928 5719 1.
1944 5663 1962 5717 1.
1983 5681 2017 5736 p.
2036 5660 2086 5717 24.

437 5763 467 5833 5)
494 5761 542 5835 Cf.
566 5763 741 5833 ‘interfectio
759 5765 935 5838 pueroram’,
959 5784 1038 5840 qaam
1061 5766 1155 5821 1611166
1179 5767 1222 5823 ed.
1243 5766 1354 5842 Wriplst
1375 5768 1428 5823 11.
1448 5787 1482 5842 p.
1502 5767 1541 5822 29
1560 5787 1620 5844 sqq.
