4418 6412
676 403 914 462 OPUSCULUM
938 405 993 462 AD
1017 404 1276 462 CARDINALES.
1737 397 1798 460 401
1835 393 1839 402 ’

144 591 301 658 domnum
324 591 549 656 Alexandrum
579 595 721 678 papam¹
750 591 878 656 illorum
908 591 1019 673 errori,
1049 591 1105 678 qui
1133 614 1207 657 cum
1230 591 1380 658 Nestorio
1405 602 1437 657 st
1459 591 1562 656 Paulo
1586 592 1800 659 samosateno

144 709 243 786 atque
260 699 377 764 Fotino
401 699 509 763 conati
532 710 607 764 sunt
630 707 775 763 astruere
799 696 962 762 hominem
986 695 1086 762 verbo
1105 697 1172 762 Dei
1194 699 1319 763 unitum
1343 722 1408 763 uon
1431 721 1502 764 esse
1526 699 1635 764 Deum
1658 697 1711 763 vel
1733 699 1799 764 Dei

145 805 329 870 naturalem
358 805 469 870 filium.
516 803 639 870 Contra
665 803 723 869 hos
747 814 780 868 et
802 826 823 868 a
844 802 938 869 nobis
969 803 1123 868 nonnulla
1153 814 1228 869 sunt
1255 807 1450 892 conscripta,
1475 827 1612 893 quorum
1636 805 1799 892 quaedam

146 912 345 994 emisimus2,
369 910 531 999 quaedam
553 910 660 976 adhuc
684 911 771 975 intus
801 909 890 996 apud
912 932 971 974 nos
995 909 1151 975 habemus
1175 922 1320 999 tempore
1344 934 1402 976 suo
1426 911 1613 994 emittenda,
1645 913 1672 976 si
1701 913 1800 978 fuerit

106 1042 124 1082 s
145 1020 378 1084 necessarium.

254 1124 394 1190 Proinde
418 1123 482 1188 fide
505 1123 687 1188 Alexandri
710 1145 795 1211 pape
819 1133 948 1210 gustate
971 1134 1005 1187 et
1026 1121 1171 1208 legitima
1193 1123 1298 1188 forma
1320 1125 1531 1211 promotionis
1556 1125 1625 1189 sius
1648 1125 1798 1190 conside·

145 1243 218 1296 rata
240 1254 300 1296 nos
322 1232 388 1295 iam
415 1231 516 1295 tercio
545 1253 603 1316 pro
628 1229 713 1294 illius
736 1240 859 1317 papatu
883 1230 1078 1294 certavimus
1102 1251 1212 1295 coram
1236 1229 1354 1296 domno
1376 1231 1573 1318 imperatore
1583 1236 1604 1313 ⁸,
1629 1233 1686 1318 qui
1707 1234 1797 1298 visus

145 1347 196 1402 est
212 1337 321 1424 aliquo
340 1336 436 1401 modo
458 1335 547 1402 flecti
569 1336 724 1422 potuisse,
748 1337 811 1400 nisi
827 1335 916 1423 quod
931 1357 1005 1400 eum
1028 1334 1093 1400 duo
1116 1335 1258 1418 turbant,
1282 1359 1382 1401 unum
1405 1336 1446 1402 de
1470 1339 1635 1424 preterito,
1660 1338 1797 1404 alterum

145 1445 323 1509 defuturo.
357 1442 411 1507 De
427 1443 582 1530 preterito
605 1442 662 1506 illa
684 1443 880 1529 conspiratio
888 1446 910 1523 ⁴,
935 1464 1020 1528 quae
1044 1442 1164 1506 dicitur
1179 1453 1291 1507 contra
1313 1444 1476 1508 iusticiam
1498 1443 1586 1509 faeta
1609 1468 1683 1510 cum
1699 1443 1796 1510 hosti-

97 1577 127 1616 ιο
146 1550 208 1616 bus
232 1551 335 1636 regni,
362 1548 577 1614 Guillehelmo
602 1548 711 1614 Siculo
735 1559 769 1614 et
783 1549 911 1630 ceteris,
936 1547 976 1612 de
1000 1547 1110 1616 futuro
1126 1549 1229 1635 ipsius
1252 1550 1501 1635 conspirationis
1525 1552 1675 1616 executio
1698 1553 1796 1616 inter-

145 1659 300 1722 veniente
324 1656 473 1743 pecunia,
497 1665 533 1720 ut
555 1655 683 1737 dicitur,
707 1655 939 1742 conpromisso.
987 1653 1088 1720 Cuius
1117 1655 1166 1719 rei
1193 1677 1268 1720 cum
1291 1677 1406 1742 sparsa
1428 1656 1470 1720 sit
1492 1655 1614 1743 ubique
1636 1666 1796 1723 terrarum

145 1765 222 1830 feda
238 1765 347 1850 opinio
362 1761 449 1827 nullo
464 1771 605 1848 negante
621 1761 674 1826 vel
690 1761 943 1844 contradicente,
967 1759 1075 1826 hostes
1092 1759 1167 1826 inde
1184 1759 1378 1826 roborantur
1401 1774 1433 1827 et
1455 1764 1551 1828 amici
1576 1761 1794 1829 debilitantur.

255 1872 339 1936 'Va
361 1873 443 1936 onim
463 1893 524 1956 pro
548 1872 628 1934 iusto
647 1873 719 1956 quis
741 1873 892 1952 ctoritate,¹
915 1894 989 1934 nom
1005 1871 1166 1956 proboso
1182 1871 1329 1958 forsitan
1352 1869 1470 1935 audent
1489 1873 1562 1956 quis
1584 1873 1675 1936 mori.
1712 1869 1795 1936 Cum
1814 1860 1936 1965 ffiss,

146 1979 247 2064 igitur
269 1979 359 2041 iusta
378 1977 419 2040 sit
442 1998 542 2040 causa
556 1997 642 2062 pape
658 1974 849 2058 Alexandri,
873 1983 1029 2062 quantum
1053 1973 1095 2040 ad
1118 1973 1254 2040 formam
1278 1976 1498 2061 promotionis,
1523 1997 1621 2062 quam
1644 2000 1704 2042 nos
1726 1987 1795 2042 tue·

100 2109 126 2148 ιι
144 2107 219 2148 mur
242 2095 356 2149 contra
379 2082 562 2148 Gnidonis⁵
585 2083 792 2162 erectionem,
824 2091 976 2163 atamen,
1008 2081 1036 2144 si
1065 2103 1131 2146 non
1161 2090 1210 2146 est
1239 2080 1326 2146 bona
1349 2093 1505 2169 quantum
1535 2083 1578 2147 ad
1607 2083 1696 2148 illam
1726 2085 1795 2149 eius

146 2191 412 2277 propositionem,
437 2212 511 2275 qua,
535 2199 571 2253 ιιι
594 2187 722 2270 dicittu,
747 2189 840 2274 regni
858 2187 1014 2252 honorem
1038 2187 1203 2253 destruere
1225 2189 1395 2275 proposuit
1418 2190 1511 2254 iuxta
1535 2191 1656 2255 cesaris
1680 2213 1795 2277 quere·

145 2297 221 2378 lam,
253 2298 343 2383 piget
366 2294 483 2360 multos
506 2317 566 2382 pro
590 2305 788 2374 sacomam,
813 2295 869 2380 qui
892 2317 950 2380 pro
975 2316 1014 2359 ea
1037 2293 1158 2358 vellent
1180 2317 1283 2381 usque
1307 2294 1350 2358 ad
1373 2296 1565 2381 sanguinem
1588 2319 1744 2383 pugnare,
1769 2298 1796 2361 si

146 2404 194 2467 eis
218 2413 383 2468 constaret
411 2404 484 2489 ipsa
514 2424 613 2466 causa
643 2411 709 2466 tam
733 2399 819 2466 bona
849 2402 882 2464 in
905 2401 1051 2482 materia,
1076 2422 1173 2487 quam
1196 2401 1282 2465 iusta
1304 2401 1338 2464 in
1361 2399 1475 2466 forma.
1521 2401 1617 2466 Unde
1641 2425 1715 2469 cum
1737 2427 1796 2468 nos

146 2509 353 2574 defendimus
376 2510 515 2575 formam
537 2531 596 2596 pro
619 2507 786 2572 electionis
810 2516 842 2572 et
864 2508 1118 2572 consecrationis
1142 2506 1289 2592 legitima
1311 2507 1425 2594 regula
1447 2517 1586 2591 servata,
1610 2532 1695 2595 quae
1718 2510 1798 2576 facit

98 2644 126 2682 ao
145 2616 242 2681 huius
266 2637 385 2681 causae
408 2617 568 2696 nomisma
597 2614 787 2700 legitimum,
819 2613 922 2679 solent
945 2612 1075 2678 obicere
1099 2612 1192 2678 nobis
1216 2614 1272 2700 qui
1295 2623 1382 2710 stent
1405 2637 1447 2678 ex
1470 2613 1609 2680 adverso
1632 2616 1795 2682 dieentes:

147 2723 234 2787 ‘Etsi
254 2723 369 2804 forma,
385 2745 483 2808 quam
500 2720 684 2803 defenditis,
708 2732 758 2786 est
779 2720 925 2806 legitima
947 2732 980 2785 et
1003 2721 1160 2807 speciosa,
1184 2730 1304 2802 tamen,
1328 2722 1406 2808 quia
1428 2720 1551 2786 metalli
1573 2724 1719 2806 materia,
1744 2725 1796 2788 cui

146 2840 197 2894 est
226 2830 394 2916 impressa,
424 2839 493 2893 tota
523 2839 572 2893 est
600 2827 717 2892 falsata
746 2851 806 2914 per
829 2828 968 2892 scoriam
998 2827 1201 2892 scismaticae
1232 2849 1271 2892 ac
1301 2827 1510 2913 symoniacae
1538 2830 1795 2915 conspirationis,

146 2935 333 3008 huiusmodi
362 2937 522 3000 nomisma
550 2946 701 3000 constans
725 2957 767 3000 ex
790 2957 893 3022 prava
914 2935 1051 2998 materia
1074 2944 1106 2998 et
1128 2932 1265 3020 pulchra
1286 2933 1391 2998 forma
1413 2935 1517 3020 magis
1541 2945 1674 3022 propter
1696 2946 1796 3001 mate-

146 3045 228 3107 riam
252 3053 301 3107 est
324 3040 572 3130 inprobandum,
588 3064 687 3128 quam
701 3051 834 3129 propter
849 3041 986 3106 formam
1002 3038 1271 3128 approbandum'.
1306 3039 1360 3104 Ad
1383 3039 1445 3105 hoc
1468 3039 1562 3105 nobis
1579 3041 1763 3107 dicentibus
1771 3053 1795 3125 ⁸,

99 3175 128 3216 aa
146 3149 236 3236 quod
257 3150 383 3214 incerta
405 3171 464 3235 pro
488 3149 586 3214 certis
609 3149 843 3234 recipere-non
867 3146 1054 3228 debeamus,
1078 3169 1152 3212 cum
1176 3145 1217 3212 de
1240 3146 1310 3212 sola
1332 3147 1484 3233 opinione
1508 3145 1662 3234 ambigua
1685 3147 1795 3213 dican·

146 3266 199 3320 tur
222 3255 308 3337 talia,
333 3253 507 3342 obponitur
528 3253 633 3336 nobis,
658 3253 745 3340 quod
767 3253 948 3318 affirmante
971 3252 1177 3340 Augustino6
1199 3235 1370 3340 peccatum
1395 3255 1567 3340 ‘cuiusque
1595 3254 1719 3320 tamdiu
1747 3264 1796 3320 est
1815 3279 1844 3320 ·.
1893 3308 1899 3321 .

146 3364 180 3426 in
203 3361 365 3427 aecclesia
388 3360 600 3443 tolerandum,
624 3360 728 3426 donec
752 3371 808 3425 aut
830 3369 1054 3425 accusatorem
1077 3360 1223 3424 inveniat
1248 3369 1305 3424 aut
1326 3381 1464 3446 pravam
1487 3361 1674 3446 opinionem
1697 3363 1795 3448 perti-
1909 3379 1910 3382 ’

145 3470 222 3533 naci
245 3469 449 3533 animositate
472 3466 637 3532 defendat.
683 3467 889 3532 Pertinacem
904 3488 982 3531 vero
1006 3465 1118 3530 dicunt
1141 3466 1389 3548 animositatem,
1414 3488 1480 3552 qua
1503 3465 1544 3530 de
1567 3466 1660 3531 malis
1684 3469 1795 3554 opina·

145 3573 256 3640 biliter
277 3573 417 3660 vulgatis
440 3573 528 3638 nulla
550 3573 684 3639 offertur
704 3574 846 3659 negatio,
870 3583 1035 3659 tamquam
1059 3569 1179 3637 debeat
1200 3573 1271 3637 sine
1288 3574 1457 3659 questione
1480 3571 1593 3638 haberi
1616 3596 1676 3661 pro
1699 3575 1794 3656 iusto,

102 3709 129 3749 so
147 3680 304 3769 quicquid
321 3680 537 3746 collaudatum
561 3680 623 3744 fuit
645 3703 665 3744 a
687 3679 806 3744 domno
821 3701 908 3767 papa
922 3678 1070 3744 Adriano
1085 3678 1111 3744 I.
1136 3700 1186 3761 eo,
1207 3677 1295 3766 quod
1317 3679 1482 3744 Romanus
1505 3680 1654 3766 pontifex
1675 3679 1794 3745 nullius

146 3787 313 3852 hominum
336 3786 456 3852 iudicio
480 3785 648 3852 subiaceat
659 3791 679 3850 ⁷.
995 3858 997 3862 ¹

256 3894 352 3976 Quod
382 3893 513 3980 quidem
543 3915 602 3959 nos
625 3915 739 3958 verum
768 3893 918 3976 fatemur,
946 3891 1003 3956 ubi
1031 3890 1071 3956 ds
1099 3890 1149 3955 his
1180 3893 1287 3957 causis
1317 3893 1433 3978 agitur,
1458 3915 1541 3980 quae
1564 3902 1701 3979 tangimt
1724 3894 1794 3959 eius

147 4023 319 4089 personam
342 4000 395 4066 vel
418 3999 577 4082 officium,
602 3999 660 4064 sed
683 3999 740 4064 nbi
763 3999 804 4064 de
827 3999 914 4085 agris
938 3997 1113 4063 limitandis
1136 3998 1190 4064 vel
1213 3997 1426 4084 dignitatibus
1448 3999 1544 4064 huius
1567 3999 1679 4064 mundi
1702 4023 1794 4065 secu-

147 4108 258 4173 lariter
280 4106 469 4172 ordinandis
492 4108 608 4193 agitur,
633 4106 774 4172 alienum
798 4115 847 4172 est
870 4106 1051 4170 aRomano
1074 4104 1127 4169 vel
1150 4127 1344 4192 quocunque
1366 4105 1520 4192 pontifice
1544 4105 1584 4170 de
1607 4105 1726 4171 talibus
1749 4108 1795 4171 ita

101 4241 129 4284 ss
147 4215 230 4280 velle
254 4214 410 4297 iudicare,
434 4225 470 4278 ut
492 4215 562 4278 eius
589 4213 710 4278 iudicio
739 4213 862 4277 nemini
891 4211 988 4276 liceat
1015 4210 1249 4294 contradicere,
1274 4213 1437 4299 quoniam,
1467 4213 1495 4276 si
1525 4213 1559 4276 in
1581 4211 1700 4277 talibus
1724 4215 1794 4278 eius

147 4321 268 4388 iudicio
291 4320 408 4408 aliquis
432 4330 587 4407 gravatur
609 4330 722 4384 contra
744 4319 850 4406 legem
874 4319 977 4384 sancti
1000 4317 1162 4404 euangelii
1185 4328 1218 4382 et
1241 4329 1354 4383 contra
1376 4317 1466 4404 leges
1495 4320 1592 4384 etiam
1619 4318 1792 4403 seculares,

147 4429 230 4493 iuste
254 4427 342 4515 quod
365 4438 478 4492 contra
499 4426 589 4513 leges
612 4436 834 4513 presumptum
855 4425 1071 4512 cognoscitur,
1095 4424 1267 4512 perleges
1291 4424 1424 4489 dissolvi
1447 4435 1599 4508 merctur,
1624 4426 1751 4490 etiamsi
1774 4449 1795 4491 a

146 4535 293 4600 Romano
309 4533 462 4621 pontifice
477 4555 537 4621 per
551 4533 787 4618 surreptionem
809 4531 908 4596 fuerit
930 4529 1054 4617 aliquid
1077 4540 1195 4614 actum,
1220 4529 1308 4618 quod
1329 4532 1422 4596 iustis
1445 4530 1573 4618 legibus
1597 4533 1792 4597 contrarium

254 4733 281 4797 a)
302 4752 380 4800 supra
399 4734 444 4786 lin.
461 4751 509 4785 scr.
526 4751 548 4784 c.

102 4917 131 4956 so
258 4897 287 4968 1)
313 4896 362 4969 Cs.
387 4897 463 4954 Atta.
487 4895 699 4973 Reicdersherp.
730 4893 873 4966 α.1164,
905 4894 959 4951 SS.
984 4894 1084 4965 XVII,
1111 4915 1144 4970 p.
1169 4893 1250 4964 471,-
1279 4895 1325 4952 De
1354 4904 1459 4972 quarta
1488 4896 1584 4973 cipitia
1606 4896 1694 4954 noctu
1723 4916 1746 4953 c.
1765 4895 1794 4967 1,

149 5003 283 5063 ‘Oestm
303 5001 582 5078 Vierteljalrrsclm'ft
603 5003 663 5074 fiir
689 5001 794 5058 datdol.
818 5001 922 5059 Theoi?
946 4995 1065 5076 (1871)
1090 5021 1124 5076 p.
1150 5000 1232 5070 572,-
1263 5001 1304 5072 cs.
1330 4999 1458 5060 Gerdodi
1485 5002 1564 5078 epist
1590 5002 1641 5059 18.
1668 5002 1717 5059 19.
1743 5002 1794 5060 21.

150 5109 181 5186 2)
206 5110 310 5188 Mapni
333 5109 438 5170 Geron.
462 5108 685 5186 Reicdersberp,
711 5108 765 5165 66.
790 5108 891 5178 XVII,
909 5128 943 5183 p.
961 5106 1035 5164 494.
1139 5104 1170 5183 3)
1195 5107 1354 5165 Mediolani
1375 5129 1403 5165 a.
1423 5107 1517 5181 1162,
1544 5109 1652 5179 Mart.;
1682 5109 1795 5167 Νονὲιιι·

148 5217 251 5296 beryas
273 5237 302 5274 a.
318 5217 412 5287 1163,
436 5216 509 5293 Aup.
523 5210 578 5292 (.¹);
602 5215 714 5291 Papiae
736 5235 765 5272 α.
785 5215 879 5285 1164,
904 5214 981 5289 Sept.
989 5235 1000 5284 ,·
1028 5215 1069 5286 cf.
1088 5233 1178 5290 snpra
1195 5214 1300 5290 praef.
1319 5234 1351 5290 p.
1373 5214 1445 5271 135.
1482 5215 1667 5274 Mt'lddacher
1677 5215 1796 5283 Nostan-

148 5325 251 5403 derqac
273 5344 302 5382 a.
322 5322 415 5394 1166,
442 5322 526 5379 Febr.
564 5320 726 5380 Gertoham
744 5340 803 5397 pro
818 5320 986 5377 Alexandro
1008 5323 1126 5378 omnm
1150 5339 1208 5378 esse
1229 5321 1390 5397 suspicatur
1412 5323 1430 5378 l.
1447 5323 1465 5378 l.
1485 5341 1519 5397 p.
1538 5321 1610 5378 363.
1648 5320 1696 5394 Os.
1714 5322 1797 5380 edam

103 5448 131 5488 au
150 5431 228 5507 epist.
248 5432 298 5488 11.
328 5430 371 5488 ad
397 5429 593 5486 Alexandrum
618 5427 675 5498 III,
708 5427 807 5504 Miqne
836 5435 854 5483 t.
874 5426 947 5496 193,
978 5429 1029 5484 col.
1054 5426 1127 5484 566.
1242 5426 1273 5497 4)
1307 5425 1355 5499 Os.
1387 5426 1433 5484 De
1457 5427 1586 5506 ,investio
1610 5429 1740 5487 Anticdr.
1770 5428 1794 5501 I,

150 5557 173 5595 c.
198 5538 250 5594 57.
276 5537 328 5593 58.
446 5531 477 5609 5)
501 5534 651 5592 Pascdalis
674 5535 730 5592 III.
845 5529 876 5606 6)
901 5531 950 5606 Os.
976 5533 1075 5591 Sermo
1100 5531 1173 5605 351,
1199 5531 1273 5609 opp.
1299 5534 1342 5590 ed.
1367 5533 1525 5606 BenedV,
1551 5538 1601 5594 col.
1621 5535 1714 5592 1359.
1752 5537 1795 5595 Μ.

149 5644 205 5701 Hic
228 5645 304 5701 locta
324 5643 436 5700 minime
459 5643 593 5718 quadrat.
685 5640 716 5710 7)
735 5639 828 5716 Capit.
845 5639 1028 5716 Iupitramni
1050 5660 1072 5697 c.
1091 5639 1129 5696 51
1157 5634 1332 5715 (Panaetius,
1359 5641 1472 5699 Decret.
1490 5641 1634 5699 Pseudois.
1653 5662 1687 5718 p.
1703 5638 1796 5718 166):

149 5751 253 5824 Neque
276 5750 390 5822 praesul
413 5767 534 5804 summus
557 5767 729 5821 aquoquam
752 5747 931 5804 indicabitur.

220 5869 321 5922 Libelli
340 5870 374 5921 de
394 5869 451 5921 lite.
480 5870 534 5920 111.
1550 5871 1580 5918 51
