<?xml version="1.0" encoding="UTF-8"?>
<!DOCTYPE html PUBLIC "-//W3C//DTD XHTML 1.0 Transitional//EN"
    "http://www.w3.org/TR/xhtml1/DTD/xhtml1-transitional.dtd">
<html xmlns="http://www.w3.org/1999/xhtml" xml:lang="en" lang="en">
 <head>
  <title>
</title>
<meta http-equiv="Content-Type" content="text/html;charset=utf-8" />
  <meta name='ocr-system' content='tesseract 3.04.00' />
  <meta name='ocr-capabilities' content='ocr_page ocr_carea ocr_par ocr_line ocrx_word'/>
</head>
<body>
  <div class='ocr_page' id='page_1' title='image "./monumentagerman00unkngoog_0515.png"; bbox 0 0 4386 6390; ppageno 0'>
   <div class='ocr_carea' id='block_1_1' title="bbox 454 324 1933 431">
    <p class='ocr_par' dir='ltr' id='par_1_1' title="bbox 454 324 1933 431">
     <span class='ocr_line' id='line_1_1' title="bbox 454 324 1933 431; baseline -0.003 -1"><span class='ocrx_word' id='word_1_1' title='bbox 454 367 519 430; x_wconf 84' lang='grc'><strong>578</strong></span> <span class='ocrx_word' id='word_1_2' title='bbox 652 372 987 430; x_wconf 80' lang='lat' dir='ltr'>CAMERACENSIUM</span> <span class='ocrx_word' id='word_1_3' title='bbox 1010 373 1062 430; x_wconf 83' lang='lat' dir='ltr'><strong>ET</strong></span> <span class='ocrx_word' id='word_1_4' title='bbox 1084 373 1394 431; x_wconf 81' lang='lat' dir='ltr'>NOVIOMENSIUM</span> <span class='ocrx_word' id='word_1_5' title='bbox 1418 324 1673 429; x_wconf 75' lang='lat' dir='ltr'>OLERICORUM</span> <span class='ocrx_word' id='word_1_6' title='bbox 1697 370 1933 427; x_wconf 83' lang='lat' dir='ltr'><strong>EPISTOLAE.</strong></span> 
     </span>
    </p>
   </div>
   <div class='ocr_carea' id='block_1_2' title="bbox 455 558 2122 1180">
    <p class='ocr_par' dir='ltr' id='par_1_2' title="bbox 455 558 2122 1180">
     <span class='ocr_line' id='line_1_2' title="bbox 455 558 2099 646; baseline -0.001 -22"><span class='ocrx_word' id='word_1_7' title='bbox 455 560 581 646; x_wconf 86' lang='lat' dir='ltr'><strong>aliquos</strong></span> <span class='ocrx_word' id='word_1_8' title='bbox 605 581 747 624; x_wconf 84' lang='lat' dir='ltr'><strong>summos</strong></span> <span class='ocrx_word' id='word_1_9' title='bbox 771 559 949 646; x_wconf 80' lang='lat' dir='ltr'><strong>praesules.</strong></span> <span class='ocrx_word' id='word_1_10' title='bbox 992 558 1158 641; x_wconf 82' lang='lat' dir='ltr'><strong>Quocirca</strong></span> <span class='ocrx_word' id='word_1_11' title='bbox 1180 583 1246 624; x_wconf 89' lang='lat' dir='ltr'><strong>non</strong></span> <span class='ocrx_word' id='word_1_12' title='bbox 1269 561 1430 626; x_wconf 89' lang='lat' dir='ltr'><strong>immerito</strong></span> <span class='ocrx_word' id='word_1_13' title='bbox 1455 559 1694 625; x_wconf 78' lang='lat' dir='ltr'><strong>stomachamur</strong></span> <span class='ocrx_word' id='word_1_14' title='bbox 1717 558 1878 624; x_wconf 86' lang='lat' dir='ltr'><strong>adversus</strong></span> <span class='ocrx_word' id='word_1_15' title='bbox 1903 579 1970 639; x_wconf 85' lang='lat' dir='ltr'><strong>eos,</strong></span> <span class='ocrx_word' id='word_1_16' title='bbox 1994 558 2045 643; x_wconf 87' lang='lat' dir='ltr'><strong>qui</strong></span> <span class='ocrx_word' id='word_1_17' title='bbox 2065 560 2099 623; x_wconf 90' lang='lat' dir='ltr'><strong>ad</strong></span> 
     </span>
     <span class='ocr_line' id='line_1_3' title="bbox 455 662 2100 754; baseline -0.001 -24"><span class='ocrx_word' id='word_1_18' title='bbox 455 666 490 730; x_wconf 85' lang='lat' dir='ltr'><strong>id</strong></span> <span class='ocrx_word' id='word_1_19' title='bbox 514 665 745 731; x_wconf 68' lang='lat' dir='ltr'><strong>destruendum</strong></span> <span class='ocrx_word' id='word_1_20' title='bbox 774 665 920 752; x_wconf 83' lang='lat' dir='ltr'><strong>linguam</strong></span> <span class='ocrx_word' id='word_1_21' title='bbox 944 689 1036 731; x_wconf 87' lang='lat' dir='ltr'><strong>suam</strong></span> <span class='ocrx_word' id='word_1_22' title='bbox 1059 668 1154 754; x_wconf 82' lang='lat' dir='ltr'>quasi</span> <span class='ocrx_word' id='word_1_23' title='bbox 1178 689 1290 731; x_wconf 82' lang='lat' dir='ltr'><strong>areum</strong></span> <span class='ocrx_word' id='word_1_24' title='bbox 1313 665 1495 749; x_wconf 85' lang='lat' dir='ltr'><strong>intendunt,</strong></span> <span class='ocrx_word' id='word_1_25' title='bbox 1527 689 1601 730; x_wconf 85' lang='lat' dir='ltr'><strong>oum</strong></span> <span class='ocrx_word' id='word_1_26' title='bbox 1632 666 1711 730; x_wconf 88' lang='lat' dir='ltr'><strong>satis</strong></span> <span class='ocrx_word' id='word_1_27' title='bbox 1740 665 1933 730; x_wconf 83' lang='lat' dir='ltr'>noverimus</span> <span class='ocrx_word' id='word_1_28' title='bbox 1956 662 2025 727; x_wconf 90' lang='lat' dir='ltr'><strong>illos</strong></span> <span class='ocrx_word' id='word_1_29' title='bbox 2045 687 2100 729; x_wconf 86' lang='lat' dir='ltr'><strong>non</strong></span> 
     </span>
     <span class='ocr_line' id='line_1_4' title="bbox 455 768 2101 859; baseline -0.001 -22"><span class='ocrx_word' id='word_1_30' title='bbox 455 772 605 838; x_wconf 88' lang='lat' dir='ltr'><strong>meliores</strong></span> <span class='ocrx_word' id='word_1_31' title='bbox 622 795 704 856; x_wconf 86' lang='lat' dir='ltr'><strong>esse,</strong></span> <span class='ocrx_word' id='word_1_32' title='bbox 725 795 823 859; x_wconf 89' lang='lat' dir='ltr'><strong>quam</strong></span> <span class='ocrx_word' id='word_1_33' title='bbox 843 774 893 837; x_wconf 88' lang='lat' dir='ltr'><strong>sui</strong></span> <span class='ocrx_word' id='word_1_34' title='bbox 913 783 1136 838; x_wconf 80' lang='lat' dir='ltr'><strong>antecessores</strong></span> <span class='ocrx_word' id='word_1_35' title='bbox 1152 772 1293 838; x_wconf 83' lang='lat' dir='ltr'><strong>fuerunt.</strong></span> <span class='ocrx_word' id='word_1_36' title='bbox 1327 773 1446 838; x_wconf 84' lang='lat' dir='ltr'><strong>Adhuc</strong></span> <span class='ocrx_word' id='word_1_37' title='bbox 1467 771 1570 838; x_wconf 90' lang='lat' dir='ltr'><strong>multa</strong></span> <span class='ocrx_word' id='word_1_38' title='bbox 1589 771 1632 837; x_wconf 88' lang='lat' dir='ltr'><strong>ad</strong></span> <span class='ocrx_word' id='word_1_39' title='bbox 1650 795 1690 836; x_wconf 87' lang='lat' dir='ltr'><strong>ea</strong></span> <span class='ocrx_word' id='word_1_40' title='bbox 1709 793 1794 858; x_wconf 90' lang='lat' dir='ltr'><strong>quae</strong></span> <span class='ocrx_word' id='word_1_41' title='bbox 1813 769 1911 835; x_wconf 92' lang='lat' dir='ltr'><strong>nobis</strong></span> <span class='ocrx_word' id='word_1_42' title='bbox 1932 768 2101 836; x_wconf 82' lang='lat' dir='ltr'><strong>obiciuntur</strong></span> 
     </span>
     <span class='ocr_line' id='line_1_5' title="bbox 455 877 2102 966; baseline -0.001 -22"><span class='ocrx_word' id='word_1_43' title='bbox 455 880 641 945; x_wconf 83' lang='lat' dir='ltr'><strong>necessaria</strong></span> <span class='ocrx_word' id='word_1_44' title='bbox 663 877 821 943; x_wconf 87' lang='lat' dir='ltr'><strong>habemus</strong></span> <span class='ocrx_word' id='word_1_45' title='bbox 844 877 938 944; x_wconf 84' lang='lat' dir='ltr'><strong>vobis</strong></span> <span class='ocrx_word' id='word_1_46' title='bbox 962 879 1090 962; x_wconf 79' lang='lat' dir='ltr'><strong>dicere3</strong></span> <span class='ocrx_word' id='word_1_47' title='bbox 1119 878 1179 945; x_wconf 89' lang='lat' dir='ltr'><strong>sed</strong></span> <span class='ocrx_word' id='word_1_48' title='bbox 1209 877 1371 966; x_wconf 75' lang='lat' dir='ltr'><strong>quaedam</strong></span> <span class='ocrx_word' id='word_1_49' title='bbox 1402 877 1496 945; x_wconf 90' lang='lat' dir='ltr'><strong>nobis</strong></span> <span class='ocrx_word' id='word_1_50' title='bbox 1527 877 1689 944; x_wconf 89' lang='lat' dir='ltr'><strong>obsistunt</strong></span> <span class='ocrx_word' id='word_1_51' title='bbox 1718 899 1850 961; x_wconf 84' lang='lat' dir='ltr'><strong>causae,</strong></span> <span class='ocrx_word' id='word_1_52' title='bbox 1882 899 2020 964; x_wconf 87' lang='lat' dir='ltr'><strong>quarum</strong></span> <span class='ocrx_word' id='word_1_53' title='bbox 2047 901 2102 942; x_wconf 85' lang='lat' dir='ltr'><strong>una</strong></span> 
     </span>
     <span class='ocr_line' id='line_1_6' title="bbox 456 983 2122 1073; baseline 0.001 -22"><span class='ocrx_word' id='word_1_54' title='bbox 456 997 506 1051; x_wconf 88' lang='lat' dir='ltr'><strong>est</strong></span> <span class='ocrx_word' id='word_1_55' title='bbox 528 987 736 1072; x_wconf 77' lang='lat' dir='ltr'><strong>expectatio·</strong></span> <span class='ocrx_word' id='word_1_56' title='bbox 754 985 991 1073; x_wconf 82' lang='lat' dir='ltr'><strong>archiepiscopi</strong></span> <span class='ocrx_word' id='word_1_57' title='bbox 1013 987 1117 1051; x_wconf 85' lang='lat' dir='ltr'><strong>nostri</strong></span> <span class='ocrx_word' id='word_1_58' title='bbox 1133 985 1320 1070; x_wconf 68' lang='lat' dir='ltr'><strong>Manasseb,</strong></span> <span class='ocrx_word' id='word_1_59' title='bbox 1344 987 1437 1050; x_wconf 87' lang='lat' dir='ltr'><strong>ouius</strong></span> <span class='ocrx_word' id='word_1_60' title='bbox 1461 986 1775 1051; x_wconf 76' lang='lat' dir='ltr'><strong>orsoommunioatiol</strong></span> <span class='ocrx_word' id='word_1_61' title='bbox 1798 983 1903 1049; x_wconf 86' lang='lat' dir='ltr'><strong>fertur</strong></span> <span class='ocrx_word' id='word_1_62' title='bbox 1927 984 2032 1069; x_wconf 85' lang='lat' dir='ltr'><strong>potius</strong></span> <span class='ocrx_word' id='word_1_63' title='bbox 2053 1006 2122 1070; x_wconf 72' lang='lat' dir='ltr'><strong>pers</strong></span> 
     </span>
     <span class='ocr_line' id='line_1_7' title="bbox 455 1091 1509 1180; baseline 0 -24"><span class='ocrx_word' id='word_1_64' title='bbox 455 1091 624 1176; x_wconf 83' lang='lat' dir='ltr'><strong>invidiam,</strong></span> <span class='ocrx_word' id='word_1_65' title='bbox 649 1116 747 1180; x_wconf 87' lang='lat' dir='ltr'><strong>quarn</strong></span> <span class='ocrx_word' id='word_1_66' title='bbox 770 1115 831 1180; x_wconf 86' lang='lat' dir='ltr'><strong>per</strong></span> <span class='ocrx_word' id='word_1_67' title='bbox 853 1093 1009 1158; x_wconf 87' lang='lat' dir='ltr'><strong>iustitiam</strong></span> <span class='ocrx_word' id='word_1_68' title='bbox 1032 1093 1168 1158; x_wconf 89' lang='lat' dir='ltr'>nimium</span> <span class='ocrx_word' id='word_1_69' title='bbox 1192 1091 1375 1158; x_wconf 75' lang='lat' dir='ltr'><strong>accelerata</strong></span> <span class='ocrx_word' id='word_1_70' title='bbox 1397 1091 1509 1157; x_wconf 75' lang='lat' dir='ltr'><strong>fuisse</strong></span> 
     </span>
    </p>
   </div>
   <div class='ocr_carea' id='block_1_3' title="bbox 564 1309 1161 1377">
    <p class='ocr_par' dir='ltr' id='par_1_3' title="bbox 564 1309 1161 1377">
     <span class='ocr_line' id='line_1_8' title="bbox 564 1309 1161 1377; baseline -0.003 -15"><span class='ocrx_word' id='word_1_71' title='bbox 564 1309 591 1373; x_wconf 88' lang='lat' dir='ltr'><strong>a)</strong></span> <span class='ocrx_word' id='word_1_72' title='bbox 613 1313 782 1377; x_wconf 80' lang='lat' dir='ltr'><strong>exspectatio</strong></span> <span class='ocrx_word' id='word_1_73' title='bbox 804 1311 837 1362; x_wconf 87' lang='lat' dir='ltr'><strong>D.</strong></span> <span class='ocrx_word' id='word_1_74' title='bbox 909 1309 938 1374; x_wconf 92' lang='lat' dir='ltr'><strong>b)</strong></span> <span class='ocrx_word' id='word_1_75' title='bbox 960 1311 1103 1362; x_wconf 82' lang='lat' dir='ltr'><strong>Manassae</strong></span> <span class='ocrx_word' id='word_1_76' title='bbox 1123 1310 1161 1362; x_wconf 76' lang='lat' dir='ltr'><strong>M.</strong></span> 
     </span>
    </p>
   </div>
   <div class='ocr_carea' id='block_1_4' title="bbox 451 1511 2134 2018">
    <p class='ocr_par' dir='ltr' id='par_1_4' title="bbox 451 1511 2134 2018">
     <span class='ocr_line' id='line_1_9' title="bbox 567 1511 2101 1595; baseline -0.001 -24"><span class='ocrx_word' id='word_1_77' title='bbox 567 1511 597 1589; x_wconf 89' lang='lat'><strong>1)</strong></span> <span class='ocrx_word' id='word_1_78' title='bbox 619 1516 662 1573; x_wconf 75' lang='lat' dir='ltr'><strong>Ab</strong></span> <span class='ocrx_word' id='word_1_79' title='bbox 685 1515 783 1595; x_wconf 80' lang='lat' dir='ltr'><strong>officio</strong></span> <span class='ocrx_word' id='word_1_80' title='bbox 813 1535 963 1592; x_wconf 70' lang='lat' dir='ltr'><strong>sospem</strong></span> <span class='ocrx_word' id='word_1_81' title='bbox 994 1523 1034 1574; x_wconf 77' lang='lat' dir='ltr'><strong>est</strong></span> <span class='ocrx_word' id='word_1_82' title='bbox 1062 1515 1091 1572; x_wconf 78' lang='lat' dir='ltr'><strong>in</strong></span> <span class='ocrx_word' id='word_1_83' title='bbox 1121 1515 1236 1574; x_wconf 76' lang='lat' dir='ltr'><strong>concilio</strong></span> <span class='ocrx_word' id='word_1_84' title='bbox 1260 1515 1414 1592; x_wconf 68' lang='lat' dir='ltr'><strong>Asprum.</strong></span> <span class='ocrx_word' id='word_1_85' title='bbox 1445 1535 1473 1572; x_wconf 86' lang='lat' dir='ltr'><strong>a.</strong></span> <span class='ocrx_word' id='word_1_86' title='bbox 1494 1513 1588 1572; x_wconf 69' lang='lat'><strong>1077.</strong></span> <span class='ocrx_word' id='word_1_87' title='bbox 1619 1533 1712 1571; x_wconf 79' lang='lat' dir='ltr'><strong>mense</strong></span> <span class='ocrx_word' id='word_1_88' title='bbox 1736 1513 1813 1590; x_wconf 80' lang='lat' dir='ltr'><strong>Sept.</strong></span> <span class='ocrx_word' id='word_1_89' title='bbox 1822 1535 1833 1583; x_wconf 91' lang='lat'><em>;</em></span> <span class='ocrx_word' id='word_1_90' title='bbox 1864 1513 1907 1584; x_wconf 87' lang='lat' dir='ltr'><strong>cs.</strong></span> <span class='ocrx_word' id='word_1_91' title='bbox 1932 1512 2036 1584; x_wconf 76' lang='lat' dir='ltr'><strong>Hessle</strong></span> <span class='ocrx_word' id='word_1_92' title='bbox 2056 1514 2101 1570; x_wconf 73' lang='lat' dir='ltr'><strong>st</strong></span> 
     </span>
     <span class='ocr_line' id='line_1_10' title="bbox 451 1617 2101 1700; baseline -0.002 -22"><span class='ocrx_word' id='word_1_93' title='bbox 451 1642 485 1698; x_wconf 83' lang='lat' dir='ltr'><strong>p.</strong></span> <span class='ocrx_word' id='word_1_94' title='bbox 506 1621 577 1680; x_wconf 84' lang='lat'><strong>112.</strong></span> <span class='ocrx_word' id='word_1_95' title='bbox 603 1621 704 1680; x_wconf 77' lang='lat' dir='ltr'><strong>Paullo</strong></span> <span class='ocrx_word' id='word_1_96' title='bbox 722 1631 790 1699; x_wconf 81' lang='lat' dir='ltr'><strong>post</strong></span> <span class='ocrx_word' id='word_1_97' title='bbox 804 1623 924 1680; x_wconf 80' lang='lat' dir='ltr'><strong>Romam</strong></span> <span class='ocrx_word' id='word_1_98' title='bbox 947 1641 977 1680; x_wconf 81' lang='lat' dir='ltr'><strong>se</strong></span> <span class='ocrx_word' id='word_1_99' title='bbox 1000 1622 1115 1680; x_wconf 61' lang='lat' dir='ltr'><strong>conantis</strong></span> <span class='ocrx_word' id='word_1_100' title='bbox 1131 1621 1267 1700; x_wconf 72' lang='lat' dir='ltr'><strong>Greyorii</strong></span> <span class='ocrx_word' id='word_1_101' title='bbox 1283 1621 1349 1679; x_wconf 87' lang='lat' dir='ltr'><strong>VII.</strong></span> <span class='ocrx_word' id='word_1_102' title='bbox 1373 1621 1483 1680; x_wconf 82' lang='lat' dir='ltr'><strong>veniam</strong></span> <span class='ocrx_word' id='word_1_103' title='bbox 1506 1621 1717 1698; x_wconf 60' lang='lat' dir='ltr'><strong>impetrauerat.</strong></span> <span class='ocrx_word' id='word_1_104' title='bbox 1751 1619 1847 1684; x_wconf 82' lang='lat' dir='ltr'><strong>Quam</strong></span> <span class='ocrx_word' id='word_1_105' title='bbox 1866 1619 1903 1676; x_wconf 78' lang='lat' dir='ltr'><strong>ab</strong></span> <span class='ocrx_word' id='word_1_106' title='bbox 1920 1637 1951 1676; x_wconf 81' lang='lat' dir='ltr'><strong>eo</strong></span> <span class='ocrx_word' id='word_1_107' title='bbox 1975 1617 2101 1675; x_wconf 81' lang='grc' dir='ltr'><strong>α.1078.</strong></span> 
     </span>
     <span class='ocr_line' id='line_1_11' title="bbox 456 1725 2134 1806; baseline -0.004 -20"><span class='ocrx_word' id='word_1_108' title='bbox 456 1737 523 1786; x_wconf 81' lang='lat' dir='ltr'><strong>ante</strong></span> <span class='ocrx_word' id='word_1_109' title='bbox 547 1730 574 1787; x_wconf 85' lang='lat' dir='ltr'><strong>d.</strong></span> <span class='ocrx_word' id='word_1_110' title='bbox 601 1729 691 1786; x_wconf 87' lang='lat' dir='ltr'><strong>Mart.</strong></span> <span class='ocrx_word' id='word_1_111' title='bbox 709 1728 739 1786; x_wconf 87' lang='lat'><strong>9.</strong></span> <span class='ocrx_word' id='word_1_112' title='bbox 763 1737 908 1804; x_wconf 79' lang='lat' dir='ltr'><strong>acceptam</strong></span> <span class='ocrx_word' id='word_1_113' title='bbox 931 1748 990 1786; x_wconf 77' lang='lat' dir='ltr'><strong>osae</strong></span> <span class='ocrx_word' id='word_1_114' title='bbox 1013 1749 1049 1786; x_wconf 77' lang='lat' dir='ltr'><strong>aa</strong></span> <span class='ocrx_word' id='word_1_115' title='bbox 1073 1728 1190 1804; x_wconf 72' lang='grc' dir='ltr'><strong>ῳὶεἱοὶσ</strong></span> <span class='ocrx_word' id='word_1_116' title='bbox 1220 1728 1368 1806; x_wconf 66' lang='lat' dir='ltr'><strong>collipiatr,</strong></span> <span class='ocrx_word' id='word_1_117' title='bbox 1399 1747 1484 1804; x_wconf 82' lang='lat' dir='ltr'><strong>quam</strong></span> <span class='ocrx_word' id='word_1_118' title='bbox 1507 1747 1538 1786; x_wconf 78' lang='lat' dir='ltr'><strong>eo</strong></span> <span class='ocrx_word' id='word_1_119' title='bbox 1569 1727 1614 1786; x_wconf 81' lang='lat' dir='ltr'><strong>die</strong></span> <span class='ocrx_word' id='word_1_120' title='bbox 1638 1725 1796 1805; x_wconf 62' lang='lat' dir='ltr'><strong>Greqortuo</strong></span> <span class='ocrx_word' id='word_1_121' title='bbox 1819 1727 1862 1784; x_wconf 85' lang='lat' dir='ltr'><strong>ad</strong></span> <span class='ocrx_word' id='word_1_122' title='bbox 1883 1725 2033 1802; x_wconf 73' lang='lat' dir='ltr'><strong>Haqonem</strong></span> <span class='ocrx_word' id='word_1_123' title='bbox 2056 1726 2102 1800; x_wconf 77' lang='lat' dir='ltr'><strong>epi·</strong></span> <span class='ocrx_word' id='word_1_124' title='bbox 2116 1742 2134 1780; x_wconf 83' lang='lat' dir='ltr'><strong>ro</strong></span> 
     </span>
     <span class='ocr_line' id='line_1_12' title="bbox 455 1831 2101 1912; baseline -0.001 -20"><span class='ocrx_word' id='word_1_125' title='bbox 455 1854 569 1910; x_wconf 84' lang='lat' dir='ltr'><strong>scopum</strong></span> <span class='ocrx_word' id='word_1_126' title='bbox 592 1835 727 1892; x_wconf 81' lang='lat' dir='ltr'><strong>Dieasem</strong></span> <span class='ocrx_word' id='word_1_127' title='bbox 749 1835 871 1910; x_wconf 73' lang='lat' dir='ltr'><strong>scripsit.</strong></span> <span class='ocrx_word' id='word_1_128' title='bbox 910 1833 959 1908; x_wconf 81' lang='lat' dir='ltr'><strong>Cf.</strong></span> <span class='ocrx_word' id='word_1_129' title='bbox 983 1835 1055 1912; x_wconf 65' lang='lat' dir='ltr'><strong>Ray.</strong></span> <span class='ocrx_word' id='word_1_130' title='bbox 1074 1833 1162 1912; x_wconf 58' lang='grc' dir='ltr'><strong>(ἶνες.</strong></span> <span class='ocrx_word' id='word_1_131' title='bbox 1182 1833 1247 1892; x_wconf 87' lang='lat' dir='ltr'><strong>VII.</strong></span> <span class='ocrx_word' id='word_1_132' title='bbox 1271 1835 1303 1906; x_wconf 86' lang='lat' dir='ltr'><strong>V,</strong></span> <span class='ocrx_word' id='word_1_133' title='bbox 1323 1835 1378 1904; x_wconf 75' lang='grc'><strong>17,·</strong></span> <span class='ocrx_word' id='word_1_134' title='bbox 1400 1833 1494 1908; x_wconf 82' lang='lat' dir='ltr'><strong>Jaffe&#39;,</strong></span> <span class='ocrx_word' id='word_1_135' title='bbox 1518 1833 1593 1891; x_wconf 71' lang='lat' dir='ltr'><strong>Bias.</strong></span> <span class='ocrx_word' id='word_1_136' title='bbox 1610 1833 1651 1904; x_wconf 92' lang='lat' dir='ltr'><strong>II,</strong></span> <span class='ocrx_word' id='word_1_137' title='bbox 1671 1854 1704 1910; x_wconf 89' lang='lat' dir='ltr'><strong>p.</strong></span> <span class='ocrx_word' id='word_1_138' title='bbox 1723 1833 1797 1890; x_wconf 82' lang='lat'><strong>313.</strong></span> <span class='ocrx_word' id='word_1_139' title='bbox 1822 1833 1879 1889; x_wconf 76' lang='lat' dir='ltr'><strong>Isto</strong></span> <span class='ocrx_word' id='word_1_140' title='bbox 1901 1831 1989 1909; x_wconf 60' lang='grc' dir='ltr'><strong>ι’ρίἡιν</strong></span> <span class='ocrx_word' id='word_1_141' title='bbox 2011 1831 2101 1903; x_wconf 61' lang='lat' dir='ltr'><strong>diebos</strong></span> 
     </span>
     <span class='ocr_line' id='line_1_13' title="bbox 456 1941 1695 2018; baseline -0.002 -20"><span class='ocrx_word' id='word_1_142' title='bbox 456 1941 522 1998; x_wconf 76' lang='lat' dir='ltr'><strong>dam</strong></span> <span class='ocrx_word' id='word_1_143' title='bbox 546 1942 697 2000; x_wconf 67' lang='lat' dir='ltr'><strong>Revrrertses</strong></span> <span class='ocrx_word' id='word_1_144' title='bbox 721 1942 779 2000; x_wconf 80' lang='lat' dir='ltr'><strong>cias</strong></span> <span class='ocrx_word' id='word_1_145' title='bbox 801 1941 919 1998; x_wconf 73' lang='lat' dir='ltr'><strong>rediatm</strong></span> <span class='ocrx_word' id='word_1_146' title='bbox 944 1949 1103 2018; x_wconf 75' lang='lat' dir='ltr'><strong>aspectant,</strong></span> <span class='ocrx_word' id='word_1_147' title='bbox 1127 1941 1354 2000; x_wconf 74' lang='lat' dir='ltr'><strong>Noviomensiam</strong></span> <span class='ocrx_word' id='word_1_148' title='bbox 1378 1941 1495 2018; x_wconf 75' lang='lat' dir='ltr'><strong>episwla</strong></span> <span class='ocrx_word' id='word_1_149' title='bbox 1516 1941 1625 2017; x_wconf 72' lang='lat' dir='ltr'><strong>sarapta</strong></span> <span class='ocrx_word' id='word_1_150' title='bbox 1648 1948 1695 1998; x_wconf 82' lang='lat' dir='ltr'><strong>est.</strong></span> 
     </span>
    </p>
   </div>
   <div class='ocr_carea' id='block_1_5' title="bbox 0 0 2222 6388">
    <p class='ocr_par' dir='ltr' id='par_1_5' title="bbox 0 0 2222 6388">
     <span class='ocr_line' id='line_1_14' title="bbox 0 0 2222 6388; baseline 0 0"><span class='ocrx_word' id='word_1_151' title='bbox 0 0 2222 6388; x_wconf 95' lang='lat' dir='ltr'><strong> </strong></span> 
     </span>
    </p>
   </div>
  </div>
 </body>
</html>
