4386 6390
428 353 491 416 556
926 357 1128 413 GUALTERI
1152 358 1203 413 ΑΒ
1227 357 1377 414 [NSULIS
1402 358 1591 413 CARMINA.

428 561 500 612 tunc
519 545 637 610 Galim
660 545 792 630 quidam
810 560 905 632 poeta
921 546 1075 632 praesuli
1096 569 1195 633 reqem
1219 547 1389 624 comitanti,
1414 547 1603 630 imperatori
1622 568 1694 609 cero
1717 569 1780 609 aon
1796 545 1913 631 iqnoto,
1936 559 1989 607 aut
2009 548 2061 632 ipsi

428 655 499 741 reqi
511 653 745 740 familiaritate
768 665 824 716 aut
837 652 1006 739 famulatu
1028 652 1169 717 adscitus
1184 653 1239 716 hos
1256 675 1362 716 uersus
1377 651 1508 716 condere
1517 654 1668 738 patrarit,
1694 675 1780 715 nemo
1804 652 1933 736 estqui
1954 649 2061 717 dubitet.

427 759 531 844 Atqui
560 758 745 823 Gualterum
776 759 867 822 illum
892 760 1098 845 praeclarum
1135 773 1198 822 tum
1229 759 1454 823 cancellarium
1485 759 1535 822 oel
1562 759 1670 822 saltem
1691 759 1860 845 famulum
1892 757 2064 823 Henricil.

428 866 664 952 archiepiscopi
685 865 848 930 Remensis
863 867 974 952 fuism
997 879 1114 930 constat
1124 869 1145 946 ¹,
1169 868 1228 951 qui
1248 867 1321 929 huic
1344 865 1500 950 colloquio
1523 865 1708 950 interfuisse
1731 864 1867 930 uidetur.
1907 864 1995 951 Erqo
2016 891 2068 930 non

429 973 586 1052 hahemus,
616 997 672 1036 cur
701 973 838 1036 scribam
869 997 990 1037 errasse
1026 987 1081 1037 orit
1109 975 1267 1036 mentitum
1305 995 1368 1036 esse
1398 971 1626 1036 contendamus.
1676 971 1769 1049 Quod
1796 985 1900 1034 ornem
1928 971 2094 1037 Hau-rinus

429 1079 485 1142 hoc
509 1103 633 1143 carmen
656 1105 685 1142 a.
704 1079 781 1166 fere
807 1080 901 1143 1120.
927 1105 946 1142 a
972 1079 1234 1144 vehementissimo
1260 1078 1452 1164 Guelforum
1482 1078 1603 1142 assecla
1632 1077 1791 1142 conditum
1821 1102 1887 1143 esse
1918 1080 2072 1160 coniecit²,

429 1185 584 1250 ardencius
608 1209 702 1270 quam
726 1187 831 1250 uerius
854 1186 937 1251 mihi
957 1187 1140 1273 affirmasse
1174 1185 1305 1265 ridetur,
1335 1208 1432 1270 neque
1464 1185 1559 1248 latius
1588 1184 1800 1271 redarqrmtur
1831 1198 1961 1270 oportet.
2011 1184 2073 1248 Iani

431 1315 502 1356 uero
532 1316 569 1355 ne
591 1292 707 1379 forma
737 1291 864 1376 quidem
893 1306 949 1357 out
977 1294 1098 1356 ratione
1122 1315 1265 1356 uersuum
1288 1291 1374 1378 fides
1396 1292 1519 1355 scribae
1550 1293 1584 1355 in
1610 1292 1818 1377 suspicionem
1844 1305 1984 1355 vocatur.
2030 1293 2076 1356 sla

430 1397 585 1461 Hauriau
614 1399 714 1462 secuti
738 1399 885 1463 celebrem
918 1399 1007 1462 illum
1033 1398 1217 1462 &stulterum
1248 1422 1308 1462 uno
1336 1397 1546 1462 taritummodo
1568 1397 1720 1484 rhythmo,
1750 1397 1932 1462 heaametro
1955 1399 2078 1477 scilicet,

433 1529 519 1568 risum
544 1528 607 1568 esse
624 1505 799 1590 putamus?
836 1505 969 1570 Accedit
991 1505 1077 1591 quod
1098 1503 1205 1569 eodem
1229 1506 1323 1568 metri
1343 1517 1371 1568 et
1386 1504 1561 1590 prosodiae
1588 1505 1768 1568 exercitatio
1792 1519 1992 1590 *ceteramque
2008 1529 2080 1591 poe·
2097 1529 2117 1566 ro

431 1625 532 1674 tarum
564 1613 709 1698 ooqnitio,
740 1636 802 1696 qun
828 1611 998 1676 Gualterus
1020 1613 1145 1698 floruit,
1177 1613 1209 1676 in
1240 1611 1290 1674 his
1317 1634 1437 1696 quoque
1468 1611 1608 1675 uersibus
1631 1625 1806 1675 cernuntur.
1858 1611 1951 1688 Quid
1958 1612 1973 1674 1
2002 1613 2084 1697 quod

425 1731 520 1803 poeta
544 1720 578 1782 in
604 1718 739 1782 secumdo
762 1720 901 1782 carmine
929 1732 991 1782 tem
1015 1720 1138 1804 copiose
1162 1717 1199 1782 de
1220 1717 1407 1781 Alerandro
1434 1716 1551 1804 Maqao
1581 1720 1652 1804 eqit,
1682 1720 1772 1782 cuius
1798 1733 1886 1805 qesta
1914 1718 2085 1782 Gualterus

432 1849 468 1888 ea
492 1827 564 1910 ipso
588 1838 685 1889 aetite
702 1838 836 1888 tractore
860 1826 996 1911 coepisse
1012 1825 1159 1888 ridetur?
1199 1823 1285 1901 Quae
1309 1848 1378 1887 cum
1401 1826 1447 1887 ita
1469 1826 1542 1904 sint,
1565 1849 1627 1887 non
1650 1838 1702 1905 est,
1726 1825 1812 1910 quod
1826 1824 2087 1889 Alexandreidos

428 1944 552 2016 poetam
576 1955 645 1995 cum
661 1933 800 2017 prioris,
830 1945 893 1994 tum
910 1933 1100 2017 posterioria
1123 1933 1298 1995 carminum
1329 1955 1408 2015 quae
1430 1945 1601 2016 sequuntur
1623 1945 1779 1996 auctorem
1800 1933 1908 2018 fuisse
1933 1956 2086 2018 neqenius.

540 2036 589 2101 De
615 2037 766 2102 (iiialteri
794 2040 873 2118 uita,
904 2063 973 2102 cum
1005 2040 1068 2102 iam
1097 2041 1175 2102 satis
1202 2061 1356 2123 caperque
1386 2039 1421 2100 in
1444 2036 1538 2102 ‘Hist
1565 2037 1656 2102 litte'r.
1686 2038 1725 2103 de
1748 2039 1781 2102 lo
1804 2038 1949 2103 France'
1973 2051 1993 2102 t.
2012 2037 2089 2118 XV,
2107 2059 2129 2097 rs

429 2169 462 2230 p.
483 2145 557 2224 100,
584 2170 604 2208 a
627 2143 856 2224 Giesehrecht3,
884 2143 1088 2208 Mrmldener⁴
1112 2158 1139 2208 et
1161 2144 1338 2208 Hauriau⁵
1366 2157 1469 2208 actum
1498 2146 1549 2223 sit,
1579 2146 1758 2210 accuratius
1789 2145 1948 2210 disserere
1978 2169 2089 2230 super-

431 2250 531 2315 sedeo.
565 2249 614 2316 De
638 2250 754 2329 codice,
778 2250 860 2314 unde
883 2253 1027 2316 carm-ina
1050 2277 1070 2316 a
1096 2275 1120 2314 o.
1139 2251 1176 2314 cl.
1194 2250 1236 2313 H.
1258 2250 1395 2337 Lehique
1419 2251 1533 2315 collata
1557 2251 1679 2332 morus,
1703 2251 1788 2316 nihil
1808 2251 1985 2316 nomadum
2003 2251 2090 2315 vide-

432 2371 493 2437 tur,
517 2359 584 2421 nisi
605 2357 690 2442 quod
712 2371 809 2422 tectus
832 2381 920 2443 quem
934 2358 1076 2443 praebet,
1100 2357 1222 2421 duobus
1248 2357 1371 2421 lacunis
1393 2357 1613 2442 nonnullisque
1636 2357 1757 2421 mendis
1781 2358 1914 2422 laborat.
1951 2357 2091 2422 Librum

433 2465 555 2549 copiose
579 2463 749 2549 descripsit
764 2463 959 2528 Edilestand
977 2464 1020 2527 du
1036 2463 1145 2542 ttoa't,
1161 2463 1287 2528 Polsies
1296 2464 1486 2548 populaires
1510 2463 1562 2527 lat.
1582 2463 1625 2528 du
1640 2486 1749 2550 moyen
1772 2470 1829 2551 dqe
1853 2463 1969 2544 (Paris
1989 2465 2091 2549 1847)

428 2595 463 2656 p.
482 2571 671 2651 lto-149,
696 2593 792 2654 neque
816 2570 882 2634 alio
902 2569 1086 2634 Mueldener
1109 2594 1183 2634 resim
1206 2594 1270 2635 csse
1288 2585 1398 2656 potest,
1422 2572 1567 2656 quamuis
1589 2573 1670 2634 miro
1694 2595 1799 2636 errore
1822 2571 1935 2635 ductus
1960 2591 2137 2636 numeroso

435 2678 531 2740 8359.
557 2701 625 2740 enm
648 2679 805 2762 siquatum
828 2699 892 2740 esec
916 2677 1011 2756 diceet,
1036 2679 1068 2741 in
1093 2700 1153 2762 quo
1169 2677 1437 2742 Alexandreidem
1455 2677 1605 2742 Guolteri
1625 2692 1742 2742 tantum
1766 2681 1866 2742 inesse
1889 2691 2023 2742 consuit.

540 2783 651 2848 Altero
668 2785 796 2868 prioris
819 2785 971 2848 carminis
996 2786 1131 2848 recensio
1156 2798 1237 2848 estat
1260 2787 1293 2848 in
1310 2784 1415 2850 codice
1431 2809 1487 2848 ms.
1505 2784 1600 2848 Harl.
1619 2786 1694 2863 978,
1711 2783 1986 2871 f.114(Hart.),
2010 2786 2095 2850 unde

429 2893 557 2976 primus
578 2889 712 2953 Thomas
732 2889 854 2977 Wriqht
877 2892 909 2953 in
933 2891 990 2954 ‘the
1007 2891 1086 2954 latin
1098 2915 1207 2976 pocms
1223 2891 1394 2978 cornruonlp
1417 2891 1587 2956 attributed
1608 2905 1637 2956 to
1656 2891 1773 2956 Walter
1788 2891 1918 2977 shIapes'
1938 2891 2093 2972 (Londoa

438 2997 535 3080 1841)
558 2997 792 3082 ples-162.
815 2997 932 3077 ididia
956 2997 1137 3082 &strophae
1159 2999 1226 3060 sine
1250 2999 1364 3082 quibus
1385 2998 1528 3082 reliquae
1552 3000 1607 3062 uir
1629 2998 1770 3084 intelleqi
1786 3012 1929 3084 possunt,
1955 3002 2095 3062 omissae

433 3117 514 3181 sunt,
541 3105 592 3182 15,
623 3104 736 3188 quihus
760 3127 818 3166 aon
843 3117 905 3166 tam
929 3103 966 3166 de
989 3104 1164 3184 schismate,
1188 3128 1281 3188 quam
1299 3103 1337 3167 de
1345 3106 1507 3189 pravitate
1523 3106 1644 3169 saeculi
1657 3107 1773 3192 aqitar,
1788 3104 1932 3169 adiectae
1939 3130 1950 3186 ,·
1974 3120 2094 3170 maura
2113 3125 2139 3164 ss

437 3233 518 3290 cero,
535 3211 719 3294 ubicumque
742 3234 810 3272 curn
827 3224 930 3272 nostro
948 3211 1133 3296 comparari
1149 3224 1258 3296 potest,
1279 3213 1419 3295 peiorem
1443 3234 1507 3275 esse
1523 3224 1647 3275 constat.
1690 3211 1841 3275 Grmltero
1857 3210 1975 3297 Mapes
1991 3237 2057 3276 noa
2074 3239 2094 3276 n

434 3317 551 3396 scriba,
574 3315 631 3380 sed
652 3341 672 3378 a
697 3316 844 3380 librariis
868 3316 991 3380 derisum
1011 3313 1158 3403 C'ataloqi
1178 3316 1355 3381 Harleioni
1377 3315 1575 3403 (Uarumque
1598 3319 1640 3404 of
1658 3317 1817 3382 Harleion
1838 3316 1924 3381 MS,
1949 3317 2094 3382 London

439 3423 532 3484 1808.
557 3421 586 3501 I,
613 3446 647 3507 p.
666 3423 743 3506 489)
769 3423 917 3486 tributam
940 3425 1015 3486 est⁶.
1064 3422 1184 3499 Quibus
1215 3423 1252 3488 de
1282 3425 1387 3488 causis
1416 3425 1506 3488 nobis
1535 3423 1671 3488 codicem
1702 3423 1886 3488 Parisinum
1911 3426 2096 3512 praeferre

436 3544 464 3593 et
485 3531 578 3613 sequi
599 3553 676 3615 opus
692 3531 773 3616 fuit.
813 3528 957 3592 Primam
981 3543 1008 3592 et
1029 3529 1197 3593 secundom
1221 3530 1358 3594 eiusdem
1381 3532 1535 3594 carminis
1557 3531 1702 3616 strophas
1729 3530 1830 3594 edidit
1852 3533 1918 3595 ram
1943 3557 1973 3595 a.
1992 3533 2093 3596 1828.

436 3660 475 3700 en·
504 3636 609 3700 codice
641 3638 743 3721 iqnoto
770 3635 815 3699 M.
842 3635 952 3713 Crolee,
976 3635 1092 3722 ‘Essaq
1120 3660 1158 3698 on
1187 3636 1235 3700 the
1265 3636 1384 3723 history
1414 3637 1457 3722 of
1481 3637 1628 3724 rhqminq
1651 3637 1731 3701 latin
1756 3637 1853 3701 oerse’
1872 3661 1908 3723 p.
1931 3639 2008 3720 122,
2041 3641 2099 3704 ribi
2114 3659 2140 3699 so

436 3766 489 3806 eas
512 3741 647 3805 Waltero
670 3741 776 3821 Disse,
793 3743 905 3830 fratri
925 3741 1169 3806 Carmelitarum
1192 3741 1489 3829 Burdeqalensium,
1513 3745 1572 3828 qui
1592 3769 1620 3807 a.
1639 3745 1716 3831 fere
1736 3745 1829 3808 1290.
1847 3745 1975 3830 floruit,
1992 3747 2095 3833 salso

436 3849 645 3914 adiudicouit.

566 3973 763 4038 Beroliui
782 3999 811 4037 a.
829 3974 922 4036 1896.
948 3973 1029 4059 Auq.
1051 3974 1100 4036 15.
1667 3974 1710 4038 H.
1736 3974 1978 4039 BOEHMER.

1242 4189 1270 4262 I.

1023 4311 1242 4377 'Galterus
1271 4312 1315 4376 de
1344 4313 1497 4377 Insula.

825 4419 980 4484 Contra
1011 4431 1162 4483 statum
1194 4419 1377 4484 ecclesis
1409 4419 1691 4507 depravatum.

746 4546 773 4607 1.
808 4543 954 4608 Eliconis
978 4544 1082 4607 rivulo
1106 4544 1232 4609 modice
1257 4567 1426 4630 respersus

809 4650 943 4733 Vereor,
967 4673 1008 4714 ne
1032 4651 1176 4736 pondere
1201 4652 1261 4715 sim
1285 4650 1459 4716 verborum
1482 4675 1623 4735 mersus3

810 4755 876 4821 Sed
899 4758 998 4843 quia*
1021 4755 1186 4821 illabiturb
1209 4757 1349 4821 mundus
1371 4759 1553 4841 universuS,

808 4863 921 4950 Incipe
945 4863 1127 4928 Menali0s⁷
1149 4886 1287 4946 mecum,
1311 4887 1385 4928 mea
1408 4863 1497 4948 tibia,
1522 4887 1644 4929 versus.

543 5025 570 5090 a)
593 5043 671 5091 quem
692 5028 767 5077 Ηανὶ.
840 5025 869 5090 b)
891 5030 1028 5094 scriptitat
1047 5029 1123 5079 Harl.

547 5173 575 5240 1)
602 5170 651 5244 Cs.
676 5173 813 5230 Iohannis
838 5173 977 5230 Sarisher.
1010 5174 1087 5249 epist.
1108 5175 1180 5229 168.
1212 5176 1254 5231 ad
1281 5175 1443 5251 rauqistrum
1467 5176 1561 5232 Baim.
1587 5175 1695 5233 Pictav.
1728 5178 1815 5248 data;
1846 5177 1906 5234 Ioh.
1933 5177 2007 5255 Opp.
2042 5183 2084 5237 ed.

440 5277 519 5337 Gites
542 5279 565 5350 I,
585 5299 618 5354 p.
638 5278 719 5348 264,·
750 5279 916 5336 tihieldener
939 5280 1097 5338 dissertatio
1120 5282 1239 5337 laudate
1257 5301 1290 5355 p.
1309 5281 1359 5337 27.
1379 5281 1418 5335 29
1427 5303 1437 5351 ;
1462 5280 1641 5340 Gicsehrecht
1662 5283 1680 5339 l.
1699 5285 1716 5339 t.
1736 5304 1769 5359 p.
1789 5285 1861 5341 366.
1955 5285 1986 5354 2)
2011 5287 2047 5342 L.
2064 5289 2081 5343 1.
2141 5314 2144 5320 ¹

431 5405 464 5460 p.
483 5383 556 5441 299.
584 5383 652 5442 Cum
675 5404 710 5441 nc
726 5383 905 5442 Giesehrecht
926 5386 1036 5461 quidem
1059 5388 1076 5442 1.
1094 5388 1112 5442 i.
1132 5407 1165 5461 p.
1184 5386 1257 5442 366.
1283 5395 1309 5443 et
1326 5407 1358 5462 p.
1377 5387 1450 5444 378.
1476 5389 1510 5444 dc
1526 5389 1681 5446 cumninnm
1697 5399 1789 5448 aetate
1812 5399 1886 5449 recte
1908 5391 2082 5464 iudicaverit,

437 5493 470 5548 ilc
494 5492 548 5548 hac
570 5511 602 5547 re
619 5492 717 5562 fusius
741 5491 868 5547 dissemri.
968 5491 998 5562 3)
1025 5493 1059 5548 L.
1077 5494 1095 5548 l.
1115 5513 1147 5568 p.
1167 5493 1363 5550 365—367.
1456 5493 1487 5564 4)
1512 5495 1547 5552 L.
1565 5498 1584 5551 l.
1683 5495 1713 5566 5)
1739 5497 1774 5553 L.
1792 5499 1810 5554 l.
1830 5517 1863 5572 p.
1882 5497 2080 5555 296-298.
2102 5519 2130 5558 ss

442 5597 498 5654 Uti
514 5596 700 5656 Giialthcrmn
723 5617 873 5673 numquam
897 5598 925 5655 in
941 5598 1047 5674 Aaqlia
1070 5598 1099 5656 in
1123 5600 1203 5656 curia
1226 5600 1301 5676 reqis
1318 5600 1414 5672 fuisse
1437 5602 1645 5660 domonstravit.
1733 5602 1765 5673 6)
1790 5602 1876 5660 Aetas
1899 5606 2084 5682 manuscripti

436 5705 465 5762 in
489 5707 616 5782 cataloqo
639 5725 695 5762 nou
719 5706 881 5762 adnotatur.
975 5705 1004 5774 t)
1028 5705 1110 5781 Verq.
1136 5706 1199 5762 Ecl.
1224 5707 1303 5776 VIII,
1331 5707 1381 5763 21.
