4386 6390
460 327 525 388 590
876 330 1111 388 Tenemus
1135 331 1212 387 PRO
1237 331 1493 388 CLERICORUM
1517 330 1703 388 CONUBIO.

565 519 720 605 Legimus
744 519 843 583 etiam
866 519 901 582 in
917 517 1108 582 tractatibus
1132 517 1249 583 Niceni
1273 518 1404 583 concilii
1424 518 1516 583 titulo
1532 518 1646 600 XIIII,
1671 519 1772 606 quial
1793 518 1937 606 synodus
1960 524 2093 608 corripere

459 628 563 692 oolerss
586 627 768 690 hominum·
792 629 887 690 vittam
913 641 941 690 et
963 629 997 690 in
1021 627 1161 710 ecclesiis
1184 629 1436 690 conmorancinm
1453 628 1566 712 posuit
1594 627 1675 714 lepee
1704 651 1785 712 quas
1812 651 1952 691 cationes
1973 629 2094 713 appella-

457 759 537 813 mus‚
560 734 595 798 in
618 757 749 819 quor-mn
774 747 907 798 tractatu
931 732 1095 796 uidebatur
1122 734 1284 818 aliquibus
1307 733 1503 798 introducere
1527 733 1633 820 leyen,
1657 747 1690 798 ut
1711 736 1860 820 epsbcopi
1881 747 1911 798 et
1926 735 2097 820 presbyteri,

458 841 590 906 diaconi
610 853 638 904 et
659 839 850 904 subdiaconi
871 864 940 903 cura
956 842 1150 926 coniupibus,
1174 865 1253 924 quas
1275 855 1346 906 ante
1369 842 1629 904 consecrationem
1652 841 1820 920 duxerant,
1843 865 1909 904 non
1933 839 2097 906 dormiret.

458 945 596 1034 Surpens
619 961 719 1010 autem
751 948 785 1010 in
809 945 911 1010 medio
935 945 1132 1034 Pafnutiusb
1156 947 1319 1034 corsfemor
1342 947 1544 1026 contradicit,
1575 946 1774 1011 honorabiles
1797 947 1967 1034 confessus
1991 950 2122 1032 nuptiass

456 1067 485 1118 et
507 1055 677 1118 caetitatem
701 1077 765 1118 esse
789 1053 896 1117 dicens
921 1054 1114 1118 concubitum
1138 1077 1207 1117 cnm
1217 1056 1358 1140 proprio
1374 1055 1511 1139 coniuqe.
1549 1051 1664 1138 Sisque
1678 1055 1781 1118 suant
1796 1053 1946 1133 cornilio,
1972 1077 2009 1117 ne
2024 1055 2101 1119 tolon

453 1175 583 1246 poneret
605 1161 711 1247 lepem,
739 1183 869 1248 prooem
892 1183 956 1224 esse
979 1185 1107 1224 causum
1130 1183 1282 1240 asserens,
1312 1185 1370 1245 qne
1393 1157 1449 1224 aut
1470 1162 1552 1246 ipsis
1574 1173 1629 1224 aut
1651 1183 1756 1224 eorum
1781 1161 1972 1247 coninpibue
1995 1165 2102 1226 occano

449 1268 683 1354 fornicationis
712 1269 862 1332 existeret.
910 1266 954 1331 Et
983 1267 1036 1330 bec
1066 1267 1192 1352 quidem
1216 1265 1412 1354 Pnfnutirnb
1437 1267 1509 1331 lieet
1536 1269 1718 1352 nuptiarum
1750 1281 1828 1330 esset
1857 1269 2042 1354 inexpertus
2062 1293 2103 1332 ec·

449 1377 577 1460 posuit;
606 1373 738 1438 sinodus
769 1373 914 1438 laudm!
936 1374 1118 1438 sententiam
1141 1375 1218 1454 eins,
1242 1388 1271 1438 ot
1292 1374 1394 1438 nichil
1423 1375 1455 1437 in
1480 1369 1581 1460 [bJac
1601 1386 1692 1458 parte
1715 1375 1874 1453 sanctivit,
1907 1373 1967 1437 sed
1996 1373 2103 1448 bocin

456 1483 701 1566 uniuscuiusque
726 1480 890 1560 voluntate,
914 1503 975 1544 non
999 1481 1176 1545 necessitate
1200 1480 1332 1544 dtinisit.
2118 1507 2137 1545 ιι

562 1603 664 1668 Aiunt
694 1601 905 1668 subversores
929 1625 1089 1668 canonum
1113 1613 1146 1667 et
1168 1602 1410 1690 perturbatores
1442 1601 1662 1688 ecclesiastice
1693 1604 1784 1689 pacis
1816 1605 1849 1667 in
1875 1605 2103 1684 casamentis,

456 1733 552 1797 quam
577 1709 618 1774 de
642 1710 776 1775 muliere
793 1708 1038 1775 subintroducta
1062 1709 1278 1791 enucleemus,
1303 1731 1363 1796 per
1378 1708 1500 1774 clerum
1516 1731 1582 1774 non
1597 1731 1725 1774 omnem
1742 1709 1922 1796 significari
1948 1708 2103 1792 clericum,

456 1817 513 1881 sed
531 1818 703 1882 canonicos
720 1815 953 1897 tantummodo,
978 1814 1097 1904 quibus
1119 1815 1199 1880 iliud
1222 1815 1428 1881 interdictum
1452 1817 1640 1900 iniungitur,
1664 1839 1729 1880 non
1753 1816 1889 1902 reliquis
1913 1816 2042 1881 clericis
2063 1819 2103 1881 in·

455 1933 603 2010 ponatur.
641 1923 695 1988 Ad
712 1945 848 2010 quorum
865 1922 996 1987 stultam
1010 1922 1264 2009 intelligenciam
1280 1921 1510 1988 destruendam
1533 1921 1749 1988 adhibeantur
1772 1946 1815 1987 ex
1838 1922 1958 1988 eodem
1975 1923 2103 1988 concilio

456 2031 615 2118 sententie
640 2029 757 2117 quibus
780 2052 899 2094 nomen
923 2028 1002 2096 cleri
1025 2029 1199 2116 inponitur,
1231 2052 1290 2118 per
1313 2052 1393 2116 quas
1417 2029 1587 2095 evidenter
1615 2041 1726 2117 pateat
1756 2029 1835 2095 cleri
1864 2053 1988 2095 nomen
2015 2054 2103 2116 gene·
2120 2057 2138 2096 u

455 2137 567 2202 taliter
594 2136 743 2202 omnibus
774 2136 900 2201 clericis
932 2137 1117 2202 convenire.
1165 2135 1272 2201 Titulo
1297 2138 1381 2202 enim
1405 2139 1510 2224 primo
1534 2137 1680 2202 eiusdem
1704 2137 1857 2202 concilii²
1880 2138 1929 2202 sic
1954 2138 2103 2223 scriptum

456 2253 521 2308 est:
547 2244 588 2308 Si
609 2247 680 2331 quio
703 2269 735 2309 se
758 2269 855 2309 santra
879 2245 967 2309 borno
991 2245 1129 2309 abscidit
1151 2259 1179 2310 et
1203 2248 1234 2308 in
1251 2245 1333 2309 clero
1357 2247 1551 2310 constitutum
1568 2247 1722 2310 abstinere
1746 2247 1896 2309 conuertit.
1939 2243 1997 2308 Sic
2014 2245 2103 2308 etiam

456 2350 547 2415 titulo
573 2350 648 2414 X.⁸:
676 2352 869 2437 Quicumque
893 2351 931 2416 de
955 2352 1057 2438 lupicis
1079 2352 1125 2416 ad
1146 2352 1289 2416 ordinem
1312 2353 1394 2416 cleri
1408 2355 1551 2438 promoti
1570 2367 1642 2416 suunt
1656 2377 1720 2438 per
1743 2354 1958 2440 ignorantiam
1985 2353 2035 2417 uel
2047 2377 2105 2438 per

455 2458 671 2522 ordinantium
696 2458 990 2536 ds'ssinnclotionem,
1014 2459 1068 2544 lnge
1090 2459 1318 2546 aecclesiastice
1340 2485 1401 2523 non
1410 2459 1598 2546 prciudicat
1619 2461 1734 2546 requie,
1758 2462 1878 2546 coquiti
1898 2485 2035 2546 ruantque
2057 2460 2103 2524 de-

447 2579 615 2651 ponentur.
662 2563 743 2628 Item
774 2563 866 2629 titulo
890 2563 1032 2627 XVII.⁴:
1060 2563 1214 2642 Quondam
1245 2565 1339 2630 multi
1358 2568 1415 2630 sub
1437 2568 1546 2653 rapula
1570 2569 1729 2630 cormtr'tuti
1748 2568 1926 2630 arraricr'am
1952 2581 1982 2630 et
2004 2569 2103 2652 turpia
2119 2592 2138 2630 n

327 2695 435 2746 mum.
456 2673 544 2734 lucra
574 2685 729 2736 sectantur
761 2673 909 2757 oblitique
940 2671 1048 2736 diuino
1082 2674 1237 2757 scripture
1267 2672 1417 2736 discutis:
1450 2672 1516 2750 Qui
1535 2675 1707 2760 pecuniam
1737 2697 1825 2736 arcam
1858 2697 1921 2736 uon
1954 2673 1984 2736 sl.
2017 2698 2045 2736 a.
2077 2699 2102 2735 u.

453 2791 593 2841 mutuum
617 2778 725 2842 dantes
749 2781 929 2842 cerstesimae
945 2780 1081 2865 serpunt,
1105 2781 1183 2842 iuste
1207 2781 1325 2842 conenit
1346 2793 1453 2843 sarecto
1477 2780 1608 2844 nfnodos
1631 2793 1659 2844 et
1680 2777 1805 2867 moyen,
1829 2793 1863 2843 ut
1884 2781 1918 2842 si
1938 2782 2013 2864 qrn's
2035 2780 2104 2842 talis

455 2887 597 2948 inventare
612 2886 722 2972 fuerit
740 2897 813 2970 post
838 2884 919 2948 banc
943 2884 1171 2972 diffinitionem
1195 2909 1309 2948 resurae
1331 2888 1501 2971 complens,
1525 2901 1579 2949 ont
1601 2911 1640 2949 cn
1662 2887 1882 2950 adinventione
1906 2888 2030 2971 alianto,
2060 2888 2105 2950 rel

455 2992 592 3076 quolibet
614 2991 705 3055 modo
729 2994 884 3076 nepotium
908 2993 1094 3078 traneipens,
1118 3005 1173 3055 ortt
1187 2993 1335 3056 berniolia
1362 2992 1398 3056 id
1420 3007 1464 3056 eat
1484 2993 1648 3078 sescuplo⁰
1674 2995 1798 3080 enipeus
1822 2994 1873 3057 cel
1894 2993 2027 3078 aliquid
2048 2994 2103 3057 tole

447 3121 585 3183 prorsus
601 3100 779 3186 encopitans
802 3101 904 3184 turpis
929 3099 1014 3162 lucri
1032 3101 1149 3184 pratia,
1174 3099 1330 3162 deiciatur
1353 3125 1371 3163 a
1396 3100 1478 3163 clero
1503 3113 1531 3162 et
1545 3100 1669 3162 alierum
1692 3102 1804 3164 existat
1826 3125 1845 3163 o
1869 3101 1991 3185 rapula.
2029 3097 2102 3179 Qui·
2119 3123 2138 3162 ιι

454 3225 593 3290 cumque
618 3225 696 3290 ergo
720 3202 830 3268 clerici
854 3204 1003 3267 canonici
1027 3226 1092 3267 non
1115 3215 1198 3284 emit,
1223 3215 1255 3267 et
1278 3203 1352 3267 ideo
1376 3227 1436 3290 per
1458 3203 1662 3290 supradictos
1686 3205 1904 3269 contentiosos
1936 3227 2004 3269 non
2034 3217 2104 3270 sunt

453 3311 488 3373 in
511 3308 609 3392 clero,
634 3311 703 3374 sine
727 3309 872 3396 periculo
896 3332 931 3374 se
954 3311 1042 3396 ipsos
1059 3309 1231 3374 abscidant
1254 3333 1359 3392 sanos,
1384 3313 1490 3374 sessui
1513 3310 1595 3396 lapsi
1619 3311 1662 3375 ad
1683 3311 1812 3375 ordines
1835 3311 1981 3392 veniant,
2006 3310 2102 3376 libere

446 3439 568 3494 *usuras
592 3429 625 3480 et
654 3419 762 3503 turpis
791 3417 881 3481 lucra
905 3427 1090 3480 exerceant.
1138 3416 1230 3482 Solos
1259 3417 1344 3480 enim
1376 3418 1408 3479 in
1433 3417 1519 3480 clero
1543 3418 1744 3499 constitutos,
1775 3417 1808 3481 id
1839 3429 1888 3482 est
1919 3419 2102 3500 canonicos,

455 3522 582 3588 Nicena
605 3524 779 3589 cohercetd
803 3525 988 3588 auctoritas.

561 3629 682 3696 Contra
712 3630 799 3717 quod
829 3630 1076 3694 introducantur
1106 3641 1254 3694 auctores
1285 3631 1455 3694 evidenter
1484 3654 1543 3717 per
1566 3630 1643 3695 cleri
1674 3655 1790 3696 nomen
1822 3633 1855 3695 in
1887 3655 1988 3718 supra
2012 3632 2102 3696 dictis
2120 3657 2140 3695 n

454 3737 621 3801 sententiis
646 3759 773 3800 omnem
799 3737 920 3800 clerum
942 3736 1161 3822 designantes.
1197 3735 1348 3801 Gelasius
1366 3739 1450 3801 enim
1468 3761 1553 3825 papa
1576 3739 1610 3801 in
1626 3738 1789 3802 decretis⁵
1811 3739 1878 3803 suis
1903 3740 1951 3802 sic
1976 3739 2102 3803 scribit:

455 3843 503 3909 De
527 3845 577 3908 bre
600 3859 701 3908 antem
731 3847 791 3930 qui
818 3847 997 3930 serrsets'psos
1026 3845 1236 3924 absciderunt,
1260 3861 1391 3932 ,prunum
1416 3871 1547 3910 ‹rnrroues
1577 3847 1734 3910 euidenter
1756 3846 1914 3932 sepienda
1931 3861 2105 3933 posueruut

455 3975 585 4036 qnorum
610 3966 744 4016 tenorem
766 3953 908 4038 sufficiet
932 3951 1096 4015 indidisse.
1134 3951 1253 4015 Dicunt
1272 3955 1352 4016 natm
1377 3953 1456 4016 talin
1470 3967 1694 4038 perpetrantes,
1718 3977 1791 4016 cnon
1806 3967 1839 4016 nt
1853 3956 2103 4041 aput-'tisuerirm

454 4083 474 4121 a
497 4082 622 4121 innuere
647 4059 793 4122 clericali
820 4058 928 4122 debere
955 4058 1084 4122 secludi.
1133 4055 1292 4121 Clericule
1316 4058 1436 4144 quippe
1461 4081 1579 4122 nomen
1602 4081 1622 4122 a
1646 4059 1774 4139 clemen,
1805 4080 1870 4122 non
1894 4081 1915 4122 a
1939 4058 2027 4123 clero
2052 4059 2103 4123 de-

454 4161 633 4250 ιιιοιιιι[ιιι]θ
649 4175 759 4227 natum
782 4174 839 4227 est.
876 4162 919 4226 Et
936 4162 1144 4227 Innocentius
1160 4186 1247 4249 papa
1263 4164 1305 4228 ad
1321 4163 1465 4228 Felicem
1481 4166 1669 4251 episcopum
1686 4164 1885 4228 Nucerinum
1896 4169 1924 4228 6:
1949 4167 2104 4243 Quoniam
2121 4189 2143 4228 n

363 4295 433 4336 *aas
454 4285 536 4334 certa
554 4271 751 4357 diffinitione
773 4285 977 4334 orsorretratum-
993 4286 1037 4334 est
1052 4273 1124 4356 ‘qui
1146 4271 1275 4335 debeant
1297 4273 1432 4351 aduu'tti,
1457 4275 1548 4357 qrrice
1571 4274 1741 4358 reprobari
1761 4287 1790 4337 et
1811 4298 1850 4336 ea
1872 4273 1922 4336 luia
1940 4273 2103 4338 omnibus‘

454 4401 530 4462 qnos
558 4377 643 4441 uidct
669 4378 846 4463 ιἰιιίιριιαιιό
877 4391 928 4441 tna
960 4402 1018 4441 non
1038 4401 1132 4463 posse
1155 4381 1353 4463 canotus-tn,
1378 4380 1490 4466 clr‘pere
1515 4379 1604 4443 debes
1627 4404 1704 4464 qnos
1727 4381 1857 4443 clericos
1873 4381 2000 4465 facias.

561 4499 700 4564 Sanctus
724 4502 822 4564 etiam
839 4501 929 4565 Leo⁷
952 4502 984 4563 in
1002 4500 1137 4586 epistola
1159 4524 1255 4586 quam
1281 4503 1442 4587 episcopis
1465 4525 1524 4588 per
1546 4504 1716 4566 universas
1739 4504 1926 4588 provincias
1950 4505 2103 4568 institutis

453 4608 558 4688 mittit,
590 4618 767 4693 premonet,
792 4617 827 4670 ut
851 4608 934 4670 sicut
958 4631 1021 4670 non
1046 4630 1114 4688 suo,
1145 4609 1191 4671 ita
1218 4631 1282 4670 non
1306 4608 1411 4671 alieno
1435 4609 1565 4672 nomine
1589 4609 1706 4694 aliquis
1730 4608 1922 4673 clericorum
1947 4631 2103 4674 exercere

452 4712 566 4776 foenus
590 4723 767 4800 attemptet.
2121 4741 2145 4778 n

559 4949 585 5010 ιι)
606 4950 741 5001 hominem
761 4968 781 5000 c.
867 4947 894 5010 b)
916 4950 1065 5000 Pesnutius
1083 4968 1103 5000 c.
1190 4946 1215 5008 c)
1238 4950 1345 5001 envelia
1363 4947 1475 5016 secupla
1493 4967 1513 5000 c.
1599 4947 1626 5013 d)
1650 4951 1774 5002 cohercet
1792 4969 1812 5002 c.
1898 4951 1924 5014 e)
1947 4953 2066 5005 demonu
2083 4971 2103 5004 c.

451 5035 644 5098 Ohominibus
663 5039 722 5088 Iun.
795 5035 823 5103 g)
841 5039 926 5088 lenias
945 5039 1005 5088 add.
1024 5057 1044 5089 c.

562 5253 591 5326 1)
610 5253 736 5311 Cassiod.
755 5255 816 5312 bnt.
835 5255 948 5330 tripart.
967 5255 1006 5324 ΙΙ,
1025 5275 1047 5310 c.
1066 5255 1114 5322 14,
1145 5253 1218 5330 Opp.
1237 5257 1279 5311 ed.
1296 5253 1470 5324 Garctinsl,
1490 5277 1523 5330 p.
1543 5255 1622 5324 230,·
1646 5256 1741 5314 lvonis
1758 5257 1915 5314 Panormia
1933 5257 1989 5318 III.
2009 5280 2032 5314 c.
2052 5260 2102 5320 85,

450 5381 541 5435 supra
559 5382 592 5436 p.
612 5361 683 5416 575.
710 5362 782 5417 585.
887 5360 917 5430 2)
944 5361 1044 5418 Mansi
1067 5361 1106 5430 ΙΙ,
1132 5363 1181 5418 col.
1208 5362 1280 5432 678,
1313 5362 1466 5418 Hinsclrins
1484 5382 1517 5438 p.
1536 5363 1609 5418 258.
1702 5361 1733 5437 3)
1759 5364 1858 5420 blansi
1880 5364 1920 5433 II,
1952 5367 2002 5421 col.
2030 5366 2102 5424 een.

452 5468 606 5524 Hinscbius
625 5488 656 5541 p.
676 5468 748 5524 259.
857 5465 888 5541 4)
913 5469 1013 5524 dieresi
1035 5468 1075 5537 ΙΙ,
1108 5471 1157 5524 col.
1184 5468 1256 5538 682,
1289 5468 1444 5525 Hinsclrins
1461 5489 1494 5544 p.
1514 5469 1586 5524 26I.
1686 5469 1716 5538 5)
1744 5470 1835 5544 Epist.
1863 5471 1913 5538 14,
1939 5491 1963 5526 c.
1985 5472 2034 5540 17,
2060 5474 2101 5528 ed.
2121 5487 2146 5526 n

459 5573 536 5631 Tbiol
558 5595 591 5648 p.
611 5575 691 5642 372;
722 5574 875 5630 Hinscbins
893 5594 926 5649 p.
952 5574 1025 5629 653.
1140 5575 1170 5643 6)
1206 5575 1262 5630 Ed.
1296 5575 1492 5632 Scbdrrernnnn
1521 5595 1550 5650 p.
1576 5575 1649 5644 657,
1681 5572 1756 5649 §h
1792 5577 1945 5633 Hinscbins
1968 5599 2002 5652 p.
2028 5579 2101 5634 533.

453 5681 483 5749 7)
510 5681 566 5754 Ep.
585 5681 613 5747 4,
640 5700 662 5736 c.
682 5680 709 5748 4,
736 5679 810 5755 Opp.
835 5682 897 5736 edd.
923 5680 1033 5736 Bellen.
1060 5679 1083 5750 I,
1109 5683 1158 5738 col.
1178 5681 1251 5752 615,
1277 5702 1299 5738 c.
1318 5682 1355 5751 4,·
1383 5682 1536 5739 Hinsclzins
1554 5703 1586 5758 p.
1606 5682 1678 5738 614.
