4568 6428
818 442 870 495 DE
897 440 1185 496 ornannlee'lo,
1786 435 1828 497 43

173 627 342 692 aeeclesia
365 628 492 708 seclusi,
517 651 583 692 non
606 628 738 702 intrant,
763 627 822 691 sed
845 627 1012 692 recedunt.
1049 627 1084 692 Si
1104 627 1247 712 gratuita
1263 627 1349 691 dona
1366 626 1505 714 Spiritus
1530 629 1655 692 sanctia
1675 628 1830 710 vendunt,

174 759 252 799 cum
278 735 419 822 Syrnone
443 733 598 820 mageb-¹
621 734 664 798 ad
687 735 904 820 perditionem
930 733 1076 816 tendunt,
1110 745 1141 798 et
1171 733 1225 812 hii,
1258 732 1300 798 ab
1331 734 1492 799 aecclesia
1519 736 1722 821 sequestrati,
1753 735 1831 798 foris

177 841 311 906 stabunt
335 843 440 906 vacui.
489 841 524 906 Si
549 851 657 906 autem
681 840 816 904 militiae
841 853 915 904 sunt
939 840 1051 922 dediti,
1076 863 1140 904 non
1164 841 1361 922 sacerdotes,
1386 842 1444 906 sed
1468 842 1646 906 aecclesiae
1670 851 1762 906 sunt⁰
1785 843 1831 905 in-

178 963 387 1034 pugnatores,
411 971 478 1013 non
502 948 701 1028 defensores,
726 947 784 1011 sed
810 947 993 1012 aecclesiae
1014 947 1242 1028 destructores,
1268 971 1332 1012 non
1348 950 1487 1034 patroni,
1512 948 1591 1013 sedl
1610 950 1750 1035 tyranni.
1788 948 1832 1012 Et

141 1081 155 1119 s
178 1057 206 1118 si
230 1056 423 1142 voluptuose
439 1057 556 1119 vivunt
580 1067 612 1119 et
635 1056 678 1119 ad
701 1053 825 1140 flagitia
849 1055 1039 1140 peragenda
1054 1065 1202 1140 potentes
1227 1065 1334 1136 sunt‘,
1359 1066 1508 1142 potentes
1527 1077 1656 1142 quoque
1672 1065 1832 1120 tormenta

178 1163 353 1248 patientur,
382 1175 414 1226 et
446 1162 608 1227 doctiores
642 1161 882 1226 habundantius
906 1162 1000 1250 penis
1024 1161 1215 1247 plectentur.
1262 1161 1332 1226 Hos
1355 1184 1468 1225 omnes
1491 1163 1606 1247 regina
1629 1161 1832 1226 aecclesias

179 1269 362 1334 sacerdotio
394 1269 539 1333 eliminat
568 1282 602 1333 et
631 1292 650 1332 a
682 1291 739 1332 suo
772 1269 952 1332 ministerio
983 1267 1131 1351 abdicat;
1163 1268 1221 1332 hos
1244 1267 1347 1346 lesus,
1378 1267 1558 1332 aecclesiae
1589 1273 1758 1354 sponsus2,
1790 1267 1832 1332 ab

178 1376 339 1440 aeeclesia
369 1399 428 1440 sua
459 1399 532 1440 eum
563 1374 692 1461 flagello
724 1376 822 1439 eicit3
852 1387 885 1438 et
907 1397 927 1438 a
951 1374 1047 1439 domo
1070 1376 1172 1461 patris.
1196 1376 1246 1438 sui
1275 1387 1310 1438 nt
1335 1375 1422 1438 fures
1447 1387 1479 1438 et
1502 1375 1642 1440 latrones
1674 1375 1832 1462 repellit⁴.

180 1483 254 1546 Non
279 1484 365 1546 enim
389 1505 523 1568 gregem
547 1482 691 1560 Domini,
720 1481 779 1546 sed
803 1504 837 1545 se
862 1479 972 1566 ipsoss
1000 1493 1147 1566 pascunt,
1172 1481 1222 1545 lac
1247 1481 1430 1563 comedunt,
1455 1481 1537 1545 lanis
1562 1505 1596 1546 se
1620 1483 1834 1568 cooperiunt5

130 1617 158 1654 ιο
178 1601 212 1654 et
236 1612 314 1654 oves
338 1590 474 1654 Domini
504 1590 589 1654 inter
618 1588 712 1674 lupos
743 1589 867 1652 minant
877 1595 899 1670 ⁶,
931 1587 984 1652 vel
1007 1589 1115 1674 potius
1140 1589 1203 1674 ipsi
1227 1589 1296 1676 sevi
1320 1587 1388 1674 lupi
1412 1611 1467 1653 eas
1492 1589 1661 1653 devorant.
1708 1587 1833 1654 Solum-

179 1697 277 1762 modo
302 1718 443 1782 namque
468 1694 566 1760 rebus
592 1694 795 1760 subditorum
820 1694 955 1776 inhiant,
981 1694 1022 1758 de
1046 1694 1149 1759 salute
1170 1696 1351 1760 animarum
1373 1717 1506 1781 prorsus
1528 1695 1608 1760 nihil
1631 1697 1776 1781 cogitant
1790 1706 1832 1778 et,

177 1815 216 1868 ut
240 1803 338 1889 vulgo
363 1803 493 1884 dicitur,
512 1803 606 1867 vivos
631 1814 663 1866 et
687 1813 830 1866 mortuos
856 1801 1023 1866 devorant.
1063 1801 1116 1866 De
1141 1801 1190 1866 his
1216 1803 1370 1887 seriptum
1395 1813 1459 1866 est:
1484 1804 1558 1889 Ipsa
1577 1818 1785 1891 reparaverunt
1807 1819 1835 1868 et
1851 1825 1947 1872 oeae

178 1937 242 1976 noa
266 1937 305 1976 ex
327 1937 385 1991 me,
402 1914 571 1997 princepae
594 1913 768 1988 extiterunt,
793 1924 820 1973 ct
842 1935 896 1996 epo
920 1911 1075 1997 epicuraei.
1113 1907 1271 1988 Quamvis
1296 1908 1399 1972 omnis
1424 1918 1567 1995 potestas
1590 1932 1610 1973 a
1625 1908 1698 1973 Deo
1712 1913 1731 1990 ⁷,
1756 1910 1833 1995 quia

177 2019 233 2081 isti
258 2029 464 2082 recesserunt
494 2016 535 2081 ab
560 2040 609 2098 eo,
641 2039 706 2081 non
736 2039 795 2102 per
817 2016 937 2096 Deum,
968 2015 1028 2079 sed
1057 2038 1116 2100 per
1146 2016 1342 2102 pecuniam&
1367 2015 1593 2102 principantur
1615 2025 1648 2079 et
1670 2015 1744 2079 ideo
1769 2037 1832 2079 non

129 2149 156 2188 rs
179 2137 257 2188 srmt
280 2124 380 2210 digni,
413 2135 447 2188 ut
477 2126 511 2187 in
533 2124 649 2188 notitia
673 2123 737 2186 Dei
762 2121 953 2186 habeantur.
1000 2122 1071 2187 Hos
1095 2133 1204 2187 autem
1229 2144 1340 2198 omnes
1364 2144 1436 2187 esse
1460 2122 1603 2187 seclusos
1627 2146 1647 2187 a
1670 2123 1833 2187 consortio

178 2230 374 2296 'aecclesiae
399 2231 644 2309 communionis,
670 2231 783 2316 accipe
808 2229 939 2294 modum
963 2227 1195 2294 exclusionisl.

341 2463 344 2472 ,
451 2413 500 2473 18.
544 2410 603 2473 De
633 2406 908 2472 invasoribus
939 2407 1189 2472 aecclesiae.
1238 2405 1553 2494 Syllogismus¹.

289 2534 353 2615 Qui
385 2558 404 2598 a
432 2545 562 2620 pastore
593 2557 659 2598 non
689 2534 892 2596 intromissus
923 2555 982 2618 per
1013 2533 1130 2596 ostium
1160 2556 1225 2598 non
1256 2534 1435 2613 intraverit,
1467 2532 1525 2596 sed
1556 2531 1744 2597 scandendo
1774 2555 1834 2618 per

182 2665 310 2706 murum
336 2642 368 2704 in
393 2641 478 2706 ovile
501 2641 641 2722 irmerit,
667 2649 722 2704 aut
745 2639 797 2702 fur
821 2649 876 2703 aut
899 2638 982 2703 latro
1006 2651 1062 2703 aut
1085 2639 1179 2726 lupus
1204 2647 1283 2704 esta
1331 2639 1398 2704 Sed
1421 2640 1484 2724 ipsi
1507 2662 1527 2703 a
1550 2651 1679 2725 pastore
1704 2637 1833 2704 Clnisto

131 2774 161 2812 ro
185 2749 361 2812 intromissi
390 2771 455 2812 non
486 2757 560 2811 sunt
583 2769 644 2810 nee
673 2768 733 2831 per
756 2747 874 2809 ostium
898 2745 1162 2810 aecclesiasticae
1186 2747 1395 2809 institutionis
1420 2746 1461 2810 ad
1485 2745 1664 2810 aecclesiae
1688 2746 1834 2832 regimen

184 2858 397 2934 intraverunt,
430 2854 489 2918 sed
512 2877 572 2941 per
594 2851 790 2940 pecuniamk
816 2853 910 2939 quasi
936 2865 1060 2916 armata
1083 2875 1181 2916 manu
1205 2851 1364 2917 violenter
1385 2853 1419 2916 in
1443 2851 1527 2916 ovile
1551 2851 1686 2915 Domini
1710 2853 1834 2937 irrupe-

183 2973 267 3026 runt.
306 2961 410 3048 Igitur
426 2961 524 3042 fures,
549 2961 702 3040 latrones,
728 2959 795 3046 lupi
819 2970 894 3023 sunt
917 2971 949 3023 et
972 2958 1046 3023 ideo
1070 2971 1164 3023 extra
1180 2958 1374 3024 aecclesiam
1391 2971 1474 3023 sunt.
1509 2959 1614 3024 Fures
1638 2968 1722 3038 sunt,
1747 2959 1833 3044 quia,

182 3092 264 3155 quos
287 3080 432 3154 possunt,
464 3068 642 3154 decipiunt,
674 3066 768 3147 clam,
799 3066 909 3130 hirtim
938 3087 1074 3129 munera
1097 3067 1271 3151 accipiunt.
1317 3066 1475 3130 Latrones
1500 3075 1584 3144 sunt,
1615 3066 1692 3152 qnia
1716 3063 1833 3150 quibus

184 3176 363 3262 prevalent,
381 3176 577 3262 opprimunt,
601 3172 687 3238 bona
704 3195 816 3236 eorum
833 3173 927 3259 quasi
951 3173 1108 3236 iustitiam
1124 3172 1308 3236 exercendo
1326 3172 1492 3258 diripiunt.
1527 3173 1613 3258 Lupi
1637 3183 1721 3252 sunt,
1746 3173 1833 3258 quia,

133 3307 162 3346 aa
183 3305 264 3368 quos
294 3305 372 3346 suae
403 3280 603 3369 tyrannidis¹
635 3303 700 3344 non
730 3291 965 3343 consentaneos
996 3277 1117 3342 habere
1147 3291 1308 3364 poterunt,
1338 3280 1372 3342 in
1404 3302 1459 3342 cos
1490 3279 1664 3343 crudeliter
1694 3279 1833 3342 seviunt.

184 3389 292 3453 Canes
317 3387 445 3453 etiam¹¹¹
469 3399 553 3470 sunt,
585 3388 662 3474 quia
686 3399 799 3450 sancta
822 3385 898 3466 Dei,
929 3395 1085 3472 quantum
1109 3387 1143 3448 in
1166 3387 1246 3473 ipsis
1271 3397 1329 3466 est,
1361 3388 1582 3472 coinquinant.
1629 3386 1724 3450 Porci
1749 3395 1833 3467 sunt,

184 3498 262 3582 quia
286 3497 478 3581 margaritas
495 3495 700 3559 divinarumn
721 3494 955 3556 sententiarum
979 3492 1109 3556 sordide
1126 3492 1267 3556 vivendo
1284 3493 1474 3578 proculcant
1483 3499 1505 3556 ⁹.
1540 3493 1645 3578 Igitur
1661 3492 1705 3556 hii
1722 3513 1833 3556 omnes

182 3626 248 3666 non
272 3615 346 3666 srrnt
372 3601 559 3667 sacerdotes
583 3599 774 3682 aecclesiae,
799 3599 858 3663 sed
882 3599 1020 3663 ministri
1044 3611 1119 3662 sunt
1142 3609 1309 3663 satanae0.

626 3781 676 3842 19.
719 3777 778 3841 De
810 3778 1076 3841 continentia
1107 3776 1382 3856 sacerdotum.

136 3930 163 3968 ao
293 3904 389 3984 Quod
419 3915 528 3968 autem
560 3901 741 3967 aecclesiae
766 3901 952 3966 sacerdotes
978 3913 1066 3965 caste
1090 3902 1202 3966 vivere
1227 3901 1378 3982 debeant,
1408 3901 1510 3966 multa
1540 3901 1691 3987 exempla
1713 3902 1833 3965 veteris

184 4013 370 4076 testamenti
393 4009 542 4097 probant.
589 4009 725 4095 Legitur
742 4010 849 4072 enimv
874 4009 907 4072 in
923 4009 1027 4071 veteri
1051 4009 1144 4089 serie,
1170 4008 1257 4094 quod
1281 4008 1468 4072 sacerdotes
1491 4008 1573 4094 legis
1597 4031 1617 4073 a
1641 4006 1833 4094 coniugibus

188 4119 371 4204 segregatiq
407 4117 598 4198 donnirent,
630 4114 707 4179 dum
737 4127 865 4201 tempus
897 4137 974 4178 suae
1004 4115 1087 4178 vicis
1117 4115 1151 4177 in
1182 4113 1347 4180 offerendo
1379 4115 1540 4180 sacrificio
1571 4115 1750 4201 explerent.
1797 4114 1833 4180 Si

184 4224 229 4288 hii
253 4248 272 4288 a
295 4223 485 4288 mulieribus
509 4221 572 4286 sibi
589 4223 753 4287 concessis
777 4219 994 4302 abstinebant,
1019 4222 1074 4306 qui
1091 4221 1482 4308 sanguinem‘pecorum¹
1502 4233 1627 4286 tantum
1644 4220 1833 4304 offerebant,

186 4341 305 4417 quanto
336 4332 440 4417 magis
471 4329 512 4394 ab
544 4330 631 4394 omni
660 4328 832 4392 mulierum
864 4327 1093 4392 commixtione
1122 4326 1244 4392 debent
1272 4340 1430 4415 perpetuo
1454 4351 1584 4411 vacare,
1616 4352 1697 4416 quos
1727 4330 1833 4415 ipsum

140 4462 166 4502 ss
188 4437 365 4501 Dominum
390 4447 516 4501 constat
539 4435 672 4501 cottidie
695 4433 889 4498 immolare?
935 4433 1017 4497 Item
1042 4434 1193 4519 legitur⁸,
1218 4434 1306 4520 quod
1330 4435 1460 4522 Moyses
1484 4459 1544 4522 per
1566 4435 1709 4499 triduum
1732 4457 1833 4521 popu-

188 4543 253 4608 lum
277 4544 504 4624 sanctificaret,
535 4542 613 4606 dum
644 4541 685 4606 ad
714 4551 856 4606 montem
887 4540 946 4605 adt
976 4540 1221 4626 percipiendam
1245 4541 1351 4627 legem
1375 4564 1566 4606 accessurus
1590 4553 1675 4605 esset
1686 4545 1722 4606 ¹⁰.
1769 4540 1833 4606 Ubi

189 4653 220 4714 in
237 4652 339 4715 veteri
364 4650 524 4736 scriptura
547 4651 758 4736 sanctificarit
780 4647 907 4733 legitur,
933 4669 952 4710 a
975 4646 1164 4712 mulieribus
1188 4647 1384 4712 abstinuisse
1404 4660 1529 4712 tantum
1549 4648 1756 4734 intellegitur.
1792 4648 1835 4712 Et

189 4759 216 4820 si
239 4757 271 4820 hi
295 4757 401 4820 triduo
427 4756 467 4820 ab
484 4754 642 4820 uxoribus
666 4753 859 4819 abstinendo
884 4752 1206 4833 sanctificabantm·¹¹,
1231 4756 1287 4841 qui
1312 4755 1354 4818 ad
1376 4767 1529 4836 montem,
1554 4757 1675 4840 inquo
1700 4756 1834 4840 angelus

292 4955 319 5020 a)
342 4960 368 5008 S.
382 4975 403 5008 s.
417 4957 490 5008 donn
509 4952 541 5003 B·
596 4953 625 5018 b)
646 4955 712 5006 deest
724 4952 757 5004 A.
769 4951 800 5004 B.
856 4951 882 5016 c)
904 4955 970 5004 deest
983 4951 1015 5004 A.
1027 4951 1054 5004 C.
1069 4951 1095 5001 D
1102 4973 1111 5014 ,·
1128 4955 1189 5006 odd.
1202 4973 1292 5005 ovorum
1309 4955 1416 5005 sconarda
1436 4956 1462 5005 ln
1482 4953 1649 5020 crtarpinedf
1666 4972 1787 5020 suprascr.
1801 4952 1835 5006 D.

141 5059 169 5097 se
187 5045 215 5106 d)
235 5047 295 5097 add.
310 5053 372 5096 sunl
388 5047 414 5098 0.
487 5043 513 5106 e)
535 5045 601 5095 deest
614 5040 641 5095 C.
715 5044 735 5105 l)
757 5045 918 5110 semetipsos
939 5039 970 5093 Β.
1044 5049 1072 5108 gt
1095 5045 1238 5109 pecuniam
1253 5041 1280 5094 (⁷.
1348 5043 1376 5105 h)
1398 5043 1448 5094 Hae
1463 5062 1510 5109 per
1528 5061 1635 5095 mern
1653 5044 1742 5094 codicis
1755 5045 1835 5094 Melli-

186 5135 516 5186 montemaureum
533 5152 613 5184 unum
631 5133 747 5184 micinae
764 5133 882 5198 opimae
900 5141 942 5182 eat.
1051 5131 1071 5193 ἱ)
1092 5133 1158 5182 <laert
1175 5131 1209 5182 A.
1223 5129 1257 5192 U‚·
1281 5134 1309 5183 in
1328 5152 1406 5199 uturp.
1427 5130 1451 5181 Β
1458 5147 1466 5188 ;
1493 5134 1527 5199 cs.
1545 5133 1618 5200 infra
1635 5152 1656 5183 c.
1677 5135 1718 5184 32.
1740 5136 1772 5184 35
1791 5142 1835 5183 etc.

188 5222 217 5286 k)
239 5227 383 5296 peerrniam
397 5221 424 5274 C.
490 5223 509 5286 1)
531 5224 664 5289 tyranidis
683 5221 717 5273 A.
731 5219 763 5273 Β.
828 5219 864 5282 ιιι)
887 5223 959 5273 enim
978 5219 1012 5272 A.
1070 5218 1098 5282 n)
1121 5222 1289 5272 diversarum
1310 5219 1382 5273 AC.
1438 5219 1465 5283 o)
1488 5223 1602 5273 sathane
1622 5219 1660 5284 B;
1680 5222 1792 5292 sathane
1808 5219 1835 5272 G.

188 5317 216 5380 p)
237 5315 303 5364 deest
321 5311 363 5374 Α,·
381 5316 408 5363 in
427 5313 676 5380 Paralippomenon
694 5312 755 5361 aad.
774 5311 801 5362 in
819 5329 898 5376 toury.
913 5307 945 5360 B.
1016 5309 1044 5376 q)
1066 5312 1230 5376 segregatim
1245 5307 1272 5362 C.
1340 5309 1363 5372 r)
1386 5328 1532 5377 peccorum
1552 5309 1585 5362 A.
1652 5309 1675 5372 e)
1698 5312 1725 5361 in
1739 5311 1835 5361 Exodo

186 5404 247 5453 eald.
260 5399 293 5454 B.
366 5399 388 5468 t)
406 5403 472 5453 &aar
490 5399 523 5452 A.
539 5398 570 5452 Β.
585 5397 619 5452 Ι).
692 5397 721 5462 u)
739 5400 983 5451 sanctificabuntur
1002 5395 1036 5449 D.

141 5600 169 5640 st
298 5585 326 5653 1)
351 5584 411 5640 Act.
437 5585 466 5655 8,
484 5585 496 5638 l
516 5605 558 5660 sq.
673 5583 704 5654 2)
731 5583 780 5655 Cf.
808 5582 909 5640 Marah.
936 5582 1016 5648 25,1
1037 5604 1078 5658 aq.
1188 5582 1218 5648 3)
1245 5582 1303 5638 Iob.
1331 5581 1473 5656 2,13sq.
1582 5581 1613 5650 4)
1638 5581 1698 5638 Iole.
1720 5581 1834 5649 10,18.

190 5687 221 5758 5)
249 5691 350 5747 Erech.
369 5689 511 5766 34,2sq.
582 5689 818 5760 6)lot.1tt,12.
890 5689 1125 5759 7)R0m.13,1.
1197 5687 1527 5764 8,t0s.10a.10‚1sq.
1598 5687 1629 5754 9)
1649 5687 1835 5754 Mortuo.

192 5796 243 5866 10)
271 5797 365 5854 Exocl.
385 5796 547 5874 19,14³q.
1076 5803 1077 5806 ’

1590 5915 1623 5966 3*
