4410 6406
443 375 631 431 LIBELLUS
656 377 708 430 DE
735 375 881 431 ORDINE
907 375 1105 432 DONORUM
1129 375 1270 431 SANCTI
1293 375 1479 432 SPIRITUS.
1725 370 1787 432 281

139 560 269 647 quando
292 583 405 646 regem
429 561 1225 649 Heinncumexeommunieavit1pr0symoniis
1250 575 1282 627 et
1306 561 1486 648 sacrilegiis
1517 564 1593 644 suis,
1626 575 1791 649 tamquam

138 665 306 754 publicum
329 666 531 733 venditorem
556 669 803 755 episcopatuum
834 680 867 733 et
894 668 1100 734 abbatiarum
1131 679 1163 733 et
1193 668 1329 733 aliarum
1361 668 1657 734 ecclesiasticarum
1687 669 1791 756 digni-

138 784 249 856 tatum,
275 785 389 842 contra
411 776 601 862 mysterium
626 777 803 862 impietatis
828 777 988 840 excitatus
1013 787 1062 840 est
1091 777 1223 862 spiritus
1247 777 1388 863 pietatis,
1419 787 1586 863 tamquam
1617 778 1690 863 pius
1719 775 1791 842 dor-

138 882 255 964 miens,
287 891 453 968 tamquam
482 892 599 968 potens
631 882 817 968 crapulatus
849 884 978 965 avino,
1009 893 1041 948 et
1071 883 1232 969 percussit
1262 883 1411 946 inimicos
1442 905 1517 947 suos
1547 884 1581 947 in
1611 885 1792 970 posteriora

106 987 350 1074 sobprobrium
366 990 598 1075 sempiternum
616 989 697 1054 dans
720 988 794 1070 illis,
817 991 895 1076 quia
917 989 1061 1055 revelata
1085 1000 1134 1054 θεῖ
1157 991 1206 1053 ira
1229 988 1270 1053 de
1295 989 1386 1054 caelo
1411 1013 1509 1077 super
1525 1012 1653 1054 omnem
1677 991 1791 1077 impie-

137 1105 237 1160 tatem
262 1117 384 1178 eorum,
409 1097 465 1181 qui
488 1096 658 1161 veritatem
675 1096 740 1160 Dei
763 1098 797 1160 in
820 1096 985 1161 mendatio
1009 1095 1209 1161 detinebant.
1250 1095 1372 1160 Contra
1395 1119 1533 1183 quorum
1556 1096 1791 1162 fraudulentias

138 1213 168 1266 et
191 1202 364 1267 violentias
389 1202 430 1266 ad
454 1205 619 1268 munimen
643 1202 864 1285 cenobiorum,
889 1225 973 1290 quae
998 1213 1118 1268 extunc
1141 1201 1272 1267 favente
1301 1204 1421 1289 pietate
1451 1203 1562 1267 divina
1592 1203 1791 1289 permultas

137 1319 241 1372 terras
264 1308 479 1394 multiplicata
503 1320 535 1374 et
558 1310 660 1374 ditata
690 1322 764 1374 sunt
794 1309 977 1396 privilegia,
1009 1333 1074 1374 non
1098 1333 1118 1374 a
1141 1310 1228 1396 regis
1253 1311 1353 1390 curia,
1385 1309 1444 1374 sed
1467 1333 1488 1374 a
1511 1309 1588 1374 sede
1613 1309 1793 1397 apostolica

138 1427 212 1478 sunt
235 1415 451 1502 promulgata,
475 1439 535 1502 per
558 1439 642 1504 quae
666 1418 798 1504 spiritus
822 1418 952 1504 pietatis
977 1416 1148 1481 evidenter
1170 1427 1324 1502 operatur
1346 1415 1554 1481 defensiones
1578 1416 1791 1482 claustrorum

80 1532 251 1588 incontra
274 1522 492 1609 malignitates
516 1524 699 1609 impiorum.
747 1524 799 1588 Ex
823 1547 887 1610 quo
911 1523 1210 1604 animadvertimus,
1235 1521 1332 1608 quod,
1364 1523 1448 1586 sieut
1477 1523 1680 1609 intempore
1707 1547 1791 1588 mar-

137 1640 246 1714 tyrum
271 1641 383 1694 contra
407 1641 619 1716 tyrannorum
642 1628 739 1695 fortia
762 1641 924 1695 tormenta
947 1631 1078 1717 spiritus
1109 1628 1306 1694 fortitudinis
1330 1629 1462 1694 divinae
1487 1629 1579 1693 affuit
1603 1629 1725 1712 electis,
1749 1654 1790 1695 ne

138 1735 316 1800 delicerent
344 1737 378 1800 in
401 1738 580 1818 tormentis,
605 1747 638 1800 et
661 1738 744 1801 sicut
774 1739 976 1823 intempore
1001 1737 1224 1801 confessorum
1247 1746 1360 1800 contra
1383 1735 1503 1800 callida
1530 1736 1792 1802 machinamenta

138 1842 300 1906 heresium
325 1844 456 1929 spiritus
480 1843 636 1908 scientiae
659 1843 725 1907 Dei
756 1866 895 1930 sponsae
925 1865 1064 1930 magnae
1092 1842 1298 1908 discretionis
1321 1865 1476 1929 magnum
1499 1842 1578 1908 fecit
1600 1867 1725 1926 nasum,
1750 1842 1790 1908 de

138 1971 201 2034 quo
226 1949 361 2014 dicitur:
386 1951 494 2015 Naana
517 1966 587 2015 tuus
609 1954 691 2015 sieut
713 1955 812 2016 turres
832 1952 963 2032 Libani,
987 1976 1067 2038 quoe
1091 1953 1221 2037 respicit
1242 1965 1350 2015 contra
1374 1951 1577 2030 Damascum,
1599 1952 1676 2036 quia
1700 1951 1790 2015 herc·
1810 1976 1934 2024 censae

99 2057 202 2121 rstica
226 2055 387 2120 calliditas
411 2056 511 2121 nichil
534 2057 639 2142 potuit
659 2067 772 2122 contra
794 2057 881 2122 hunc
904 2066 1030 2138 nasum,
1055 2058 1102 2122 sic
1127 2058 1215 2121 etin
1230 2067 1340 2120 nostro
1364 2067 1510 2143 tempore
1537 2067 1649 2121 contra
1672 2068 1791 2144 myste-

139 2164 221 2226 rium
246 2163 422 2249 impietatis
445 2163 560 2249 vigilat
584 2164 715 2250 spiritus
739 2165 869 2250 pietatis
893 2164 1074 2228 resistendo
1099 2164 1296 2250 symoniacis
1321 2174 1354 2227 et
1376 2162 1547 2227 Nicolaitis
1570 2163 1733 2248 hereticis,
1757 2167 1791 2229 in

137 2269 256 2354 quibus
280 2271 502 2356 tamquamin
518 2270 631 2334 Iamne
649 2281 680 2334 et
697 2269 845 2334 Mambre
870 2272 1001 2357 spiritus
1021 2271 1151 2356 pietatis
1175 2281 1337 2356 operatur,
1361 2293 1420 2357 per
1443 2293 1524 2356 quos
1549 2272 1645 2334 etiam
1662 2271 1790 2336 Pharao

138 2375 343 2440 dementatus
367 2378 438 2462 pios
462 2379 678 2464 prosequitur.
719 2377 785 2442 Sed
809 2377 893 2442 ultra
916 2400 981 2442 non
1004 2377 1185 2463 proficient.
1225 2377 1420 2463 insipientia
1444 2377 1530 2442 enim
1554 2399 1665 2442 eorum
1689 2379 1790 2442 mani-

137 2483 256 2546 festata
287 2495 343 2548 est.
392 2484 625 2548 Verumtamen
657 2483 782 2570 aliquid
812 2483 875 2548 sibi
903 2484 1057 2548 videntur
1085 2506 1182 2570 posse
1213 2495 1326 2548 contra
1357 2483 1493 2570 digitum
1524 2484 1603 2564 Dei,
1635 2484 1791 2571 quamdiu

95 2617 119 2655 n
137 2589 258 2654 habent
282 2591 403 2676 virgas,
434 2590 541 2655 idest
570 2602 748 2677 potestates
778 2591 975 2672 iudiciarias,
1001 2613 1081 2677 quas
1104 2592 1215 2676 virgas
1246 2591 1398 2655 devorari
1422 2602 1453 2655 et
1477 2590 1670 2656 annichilan'
1701 2605 1789 2678 opta-

136 2720 206 2761 mus
231 2719 251 2760 a
275 2698 369 2782 virga
392 2697 509 2783 Moysi,
540 2721 560 2761 a
582 2699 678 2784 virga
700 2699 775 2779 Dei,
804 2721 824 2762 a
847 2707 1006 2784 potestate
1030 2696 1202 2761 iudiciaria
1226 2696 1375 2761 culminis
1399 2696 1579 2783 apostolici,
1605 2709 1640 2761 ut
1662 2697 1792 2763 discant

136 2802 198 2866 sibi
223 2803 337 2868 deberi
361 2802 581 2868 obedientiam
605 2827 624 2868 a
647 2803 796 2886 subditis,
821 2803 950 2892 qualem
974 2803 1022 2880 illi
1048 2802 1170 2868 habent
1193 2802 1415 2890 superioribus
1440 2805 1517 2886 suis,
1548 2803 1582 2868 id
1607 2815 1656 2868 est
1685 2807 1789 2891 ponti·

136 2909 252 2974 ficibus
284 2909 449 2992 Romanis,
480 2933 617 2998 quorum
647 2910 781 2976 decreta
810 2921 843 2975 et
872 2909 1026 2974 mandata
1056 2921 1322 2996 contempnentes
1352 2921 1384 2974 et
1410 2911 1582 2975 manifeste
1613 2911 1788 2990 calcantes,

136 3017 292 3103 quamdin
323 3027 397 3082 sunt
426 3019 460 3081 in
484 3017 657 3082 manifesta
679 3016 912 3100 inobedientia,
942 3019 1061 3081 mirum
1084 3027 1142 3099 est,
1174 3018 1202 3080 si
1226 3017 1273 3080 eis
1297 3016 1475 3081 deferenda
1499 3028 1531 3081 et
1555 3018 1717 3082 servanda
1741 3031 1790 3083 θεῖ

92 3150 118 3189 n
135 3122 333 3206 obedientia,
364 3126 481 3188 mirum
506 3136 564 3206 est,
595 3127 623 3188 si
646 3123 813 3190 iudicandi
837 3135 911 3188 sunt
934 3123 1048 3189 sedere
1072 3125 1105 3187 in
1130 3123 1286 3188 cathedra
1308 3119 1426 3210 Moysi,
1457 3125 1492 3186 in
1516 3146 1580 3210 qua
1603 3147 1715 3188 omnes
1739 3147 1788 3189 re·

135 3230 280 3295 sidentes
305 3229 426 3296 debent
449 3231 565 3313 audiri,
590 3253 664 3296 eum
687 3232 741 3295 isti
764 3232 870 3317 potius
895 3254 933 3296 eo
958 3232 1074 3317 spiritu
1096 3240 1245 3316 agantur,
1270 3253 1333 3316 quo
1358 3228 1540 3316 agebantur
1562 3232 1650 3316 magi
1674 3231 1788 3296 adver·
1809 3257 1935 3306 cesana

135 3349 245 3402 santes
276 3338 394 3424 Moysi.
448 3338 531 3402 Nam
568 3336 704 3402 domnus
740 3337 938 3424 apostolicus
967 3337 1057 3402 velut
1092 3337 1174 3402 alter
1203 3337 1334 3423 Moyses
1367 3336 1533 3402 leviticum
1565 3336 1787 3404 sacerdocium

136 3445 358 3508 'commendat
385 3446 419 3508 in
444 3444 584 3509 ecclesia
607 3446 821 3531 precipitque,
846 3455 881 3510 ut
909 3446 943 3509 in
967 3443 1114 3509 excubiis
1141 3442 1344 3509 tabernaculi
1369 3455 1522 3508 maneant
1545 3445 1731 3508 sacerdotes
1756 3458 1788 3509 et
1807 3433 1943 3536 {lflffm

134 3552 274 3615 ministri
306 3552 426 3616 ordinis
457 3551 589 3634 levitici,
621 3550 722 3616 sobrii
744 3551 899 3616 videlieet
928 3553 1010 3616 casti
1040 3573 1079 3614 ac
1102 3551 1149 3636 pii
1173 3549 1312 3615 cultores
1343 3551 1484 3637 pietatis,
1513 3551 1787 3636 quemadmodum

89 3685 117 3723 ao
135 3659 287 3744 congruit
316 3659 443 3744 spiritui
473 3660 613 3744 pictatia,
643 3660 696 3724 cui
719 3657 909 3723 dedicamus
940 3681 1069 3722 cursum
1099 3657 1194 3720 huius
1224 3658 1325 3722 nostri
1356 3658 1510 3742 temporis
1541 3658 1682 3744 proximi
1712 3668 1787 3722 ante

136 3763 223 3828 diem
247 3764 370 3848 iudicii,
394 3767 428 3828 in
452 3788 516 3851 quo
540 3767 672 3851 spiritus
701 3766 825 3830 timoris
849 3763 1046 3851 operabitur.
1083 3763 1149 3830 Sed
1173 3763 1219 3826 illi
1243 3762 1455 3828 adversantes
1479 3763 1597 3850 Moysi,
1622 3775 1787 3850 contemp-

135 3883 249 3935 nentes
271 3871 466 3936 kathedram
481 3871 598 3958 Moysi,
623 3871 898 3958 parvipendentes
922 3872 1148 3936 auetoritatcm
1170 3869 1319 3934 culminis
1343 3870 1524 3955 apostolici,
1549 3881 1662 3935 contra
1685 3871 1787 3957 ipsius

135 3978 290 4042 mandata
313 3978 457 4044 decimas
487 3979 520 4042 in
544 4001 637 4042 usum
668 3979 799 4064 pietatis
829 3977 1043 4064 requirendas
1074 3976 1180 4041 adhuc
1209 3987 1356 4063 prestant
1385 3977 1487 4056 laicis,
1517 3977 1673 4042 eeclesias
1701 4001 1786 4042 com-

136 4085 266 4148 mittunt
297 4085 482 4150 simoniacis
507 4095 538 4148 et
562 4084 775 4150 conducticiis
800 4096 832 4149 et
854 4085 1024 4149 manifeste
1055 4085 1248 4148 incestuosis
1272 4085 1364 4169 vagis
1389 4094 1422 4147 ct
1451 4085 1493 4148 ad
1516 4084 1639 4148 nullum
1663 4095 1786 4150 certum

89 4217 117 4256 εε
135 4191 263 4255 titulum
294 4191 451 4257 ordinatis
481 4190 818 4278 pseudopresbyteris,
847 4214 931 4277 quae
962 4193 1071 4256 omnia
1101 4213 1175 4256 cum
1205 4191 1285 4255 fiant
1314 4192 1346 4253 in
1377 4187 1559 4271 manifeste,
1590 4215 1655 4255 non
1682 4193 1786 4277 magis

137 4309 325 4363 accusatore
349 4298 506 4385 indigent,
536 4321 633 4385 quam
663 4297 744 4363 illud
773 4299 923 4384 indiguit,
949 4296 1035 4385 quod
1059 4296 1176 4362 Nadab
1202 4309 1234 4360 et
1257 4295 1346 4361 Abiu
1369 4298 1479 4382 ignem
1508 4297 1649 4361 alienum
1673 4297 1786 4362 offere·
1808 4323 1861 4362 nes.
1871 4324 1904 4372 ιο,
1913 4325 1933 4363 1.

136 4403 224 4486 bant,
249 4404 337 4491 quod
360 4405 493 4470 Dathan
517 4415 550 4470 et
571 4404 698 4470 Abiron
713 4405 822 4490 Moysi
846 4403 979 4469 obedire
1003 4404 1166 4485 nolebant,
1192 4403 1279 4490 quod
1302 4405 1354 4467 vir
1375 4403 1524 4467 Israelita
1547 4405 1713 4489 ingressus
1738 4418 1787 4469 θεῖ
1806 4393 1955 4496 lllfffiffg’m·

135 4511 176 4575 ad
207 4523 349 4577 scortum
380 4511 581 4576 Madianiten
612 4510 743 4576 vidente
774 4512 876 4576 Finee
908 4511 1044 4597 aliisque
1075 4510 1288 4597 principibus,
1320 4510 1408 4597 quod
1439 4510 1571 4596 quidam
1601 4509 1786 4575 Corinthius
1807 4534 1944 4583 neonus

135 4641 271 4683 uxorem
294 4619 395 4705 patris
420 4619 569 4683 duxerat.
610 4618 702 4699 Quae
727 4619 846 4701 omnia,
864 4620 1015 4704 quoniam
1033 4627 1126 4682 erant
1150 4616 1341 4698 indubitata,
1367 4618 1436 4680 sine
1460 4616 1632 4682 iudiciaria
1655 4619 1786 4682 investi-

90 4727 276 4811 rogatione,
309 4727 377 4790 sine
408 4727 538 4790 testium
568 4727 779 4811 requisitione
810 4737 885 4789 sunt
914 4724 1090 4789 vindicata.
1138 4723 1284 4788 Similem
1314 4746 1391 4809 ergo
1415 4723 1593 4788 vindictam
1625 4724 1786 4810 sperando

136 4833 203 4896 adii
227 4832 392 4897 dominum
416 4832 630 4919 apostolicum
652 4834 911 4913 innocentiana
943 4843 1050 4918 atque,
1081 4843 1118 4895 ut
1147 4832 1258 4914 nostis,
1290 4830 1377 4917 apud
1407 4832 1513 4917 ipsum
1538 4833 1786 4918 conquestiones

135 4941 223 5004 movi
246 4962 345 5027 super
366 4942 465 5005 tantis
490 4939 690 5005 excessibus.
726 4941 849 5004 Verum
874 4939 952 5026 quid
975 4938 1029 5003 ille
1053 4937 1267 5024 responderit,
1291 4960 1356 5002 non
1373 4947 1422 5002 θεῖ
1446 4960 1526 5023 opus
1550 4936 1604 5001 hic
1628 4939 1785 5019 intexere,

135 5047 198 5110 nisi
214 5046 300 5132 quod
324 5046 385 5112 hec
409 5069 534 5111 summa
556 5047 777 5132 responsionis
802 5047 871 5110 eius
887 5045 957 5126 fuit,
983 5044 1045 5109 sibi
1068 5068 1134 5109 non
1149 5044 1278 5131 placere
1304 5066 1403 5130 saque
1428 5043 1546 5108 docere
1571 5067 1669 5129 super
1684 5045 1785 5108 mani-

136 5152 219 5217 festa
249 5176 380 5218 suorum
410 5154 614 5218 decretorum
645 5155 913 5239 transgressione,
944 5153 977 5215 in
1002 5150 1120 5238 quibus
1151 5150 1385 5215 constituendis
1411 5162 1442 5214 et
1466 5150 1673 5214 enuntiandis
1698 5151 1785 5236 quod

93 5283 118 5323 a
136 5283 228 5323 suum
246 5271 316 5324 crat
339 5284 373 5324 se
395 5261 512 5325 fecisse
535 5263 707 5342 intimavit,
725 5262 802 5347 quia
817 5258 972 5323 videlicet
995 5260 1064 5344 ipse
1081 5259 1249 5344 plantavit,
1274 5257 1332 5321 sed
1349 5258 1576 5344 episcoporum
1594 5267 1642 5320 est
1665 5258 1783 5342 rigare,
1803 5281 1962 5328 acimaas.

134 5366 199 5430 Dei
230 5379 338 5431 autem
368 5369 604 5433 incrementum
634 5369 722 5432 dare.
770 5367 933 5448 Quoniam
964 5388 1042 5450 ergo
1073 5387 1107 5428 εθ
1138 5364 1353 5451 plantatorem
1377 5374 1426 5428 est
1453 5364 1628 5449 professus,
1654 5385 1725 5448 ego,
1749 5375 1785 5426 ut

134 5495 293 5538 memores
317 5496 387 5538 esse
411 5476 556 5561 potestis,
581 5475 772 5561 euangelici
796 5473 986 5560 plantatoris
1009 5470 1175 5536 introduxi
1200 5470 1453 5550 similitudinem,
1471 5472 1526 5556 qui
1543 5493 1607 5534 non
1624 5481 1694 5534 erat
1709 5493 1783 5533 con·
1804 5494 1929 5538 aaaron.

245 5712 274 5788 1)
298 5714 332 5770 A.
354 5714 446 5770 1076.
474 5713 613 5771 Feaear.
638 5734 740 5771 mense.
834 5712 864 5782 2)
891 5712 940 5785 Cf.
960 5713 1064 5788 praef.
1084 5733 1116 5788 p.
1135 5711 1208 5768 273.

207 5852 307 5904 Libelli
326 5853 360 5903 de
380 5852 436 5904 lite.
469 5853 522 5903 111.
