4396 6390
403 381 468 442 430
694 384 875 440 GERHOHI
897 384 1130 440 PRAEPOSITI
1154 383 1561 441 REICHERSBERGENSIS
1586 385 1750 441 LIBELLI.

403 595 466 660 que
483 573 590 637 Deum
607 571 795 637 timentibus
812 572 926 637 officiis
943 573 1114 636 missarum
1138 583 1170 636 et
1193 571 1308 636 studiis
1332 573 1513 636 orationum
1530 571 1740 636 vehementer
1763 574 1898 637 intentis
1923 574 2053 658 angelus

403 680 513 765 magni
536 678 662 743 consilii
692 677 793 760 affuit,
822 681 898 765 quia
922 678 1071 743 dominus
1101 691 1212 742 noster
1234 679 1325 743 Iesus
1350 677 1497 742 Christus
1528 678 1656 742 crudam
1687 679 1852 744 sacerdoti
1882 679 2055 765 religioso1

403 787 553 872 apparuit
569 808 707 872 eumque
732 809 773 850 an
797 807 831 849 se
856 797 1104 871 recognosceret
1121 786 1299 872 requisivit.
1339 785 1397 849 llle
1413 807 1491 848 vero
1509 807 1604 850 cruce
1622 787 1738 872 capitis
1755 809 1853 874 quam
1871 810 1914 850 ex
1931 788 2056 872 pictura

403 894 553 978 imaginis
570 892 690 958 Christi
715 903 913 978 cognoverat
936 895 1084 979 inspecta
1108 894 1195 957 circa
1219 903 1317 978 caput
1335 892 1411 956 Iesu
1435 914 1509 956 eum
1532 895 1722 978 recognovit
1745 916 1784 958 ac
1809 905 2001 958 reverenter
2023 917 2055 958 se

404 1023 512 1065 coram
535 999 590 1063 illo
614 999 805 1064 humiliavit.
842 999 934 1064 Tunc
960 999 1066 1064 eidem
1082 999 1274 1086 presbytero
1299 1021 1358 1085 per
1380 1001 1487 1086 ipsum
1510 999 1661 1085 angelum
1684 1001 1794 1085 magni
1811 1001 1942 1066 consilii
1957 1003 2056 1065 mani-

402 1107 520 1171 festata
543 1117 592 1170 est
616 1129 725 1188 causa,
749 1119 881 1193 propter
909 1129 1008 1193 quam
1030 1106 1194 1171 tribulatio
1226 1106 1393 1170 christiani
1418 1107 1581 1171 exercitus
1604 1105 1710 1171 suerat
1739 1119 1932 1193 aggravata.
1979 1107 2057 1196 Erat

403 1223 511 1278 autem
534 1235 635 1278 causa
657 1214 749 1277 haec.
788 1213 827 1276 In
851 1214 998 1278 exercitu
1022 1214 1197 1278 christiano
1222 1211 1425 1277 ducebantur
1447 1211 1599 1277 mulieres
1623 1236 1771 1299 paganae
1795 1216 1959 1300 captivae,
1985 1236 2056 1278 cum

404 1318 520 1406 quibus
555 1320 652 1384 multe
689 1319 973 1384 committebantur
1006 1319 1237 1385 inmundiciae.
1291 1317 1447 1384 Similiter
1477 1329 1509 1384 et
1539 1342 1612 1384 cum
1647 1320 1836 1386 mulieribus
1871 1321 2056 1385 christianis

404 1428 583 1491 exercitum
614 1425 844 1491 comitantibus
874 1425 997 1490 fiebant
1020 1449 1104 1512 quae
1127 1449 1193 1490 non
1216 1424 1346 1490 licebat.
1394 1425 1499 1512 Capta
1522 1426 1630 1512 igitur,
1655 1438 1690 1490 ut
1713 1427 1837 1492 dictum
1860 1437 1920 1510 est,
1945 1427 2056 1492 Antio·

404 1533 477 1598 chia
501 1544 532 1597 et
555 1533 726 1598 mulierum
750 1534 976 1619 captivarum·
1000 1531 1096 1598 turba
1119 1533 1333 1619 multiplicata
1363 1556 1517 1598 successu
1541 1556 1669 1620 quoque
1693 1535 1850 1598 m'etoriae
1875 1534 2055 1616 accidente,
2113 1581 2133 1620 „

403 1664 469 1704 non
492 1640 552 1704 fuit
574 1642 609 1704 in
626 1641 773 1704 exercitu
797 1640 971 1704 christiano
997 1640 1195 1704 conveniens
1219 1650 1385 1726 respectus
1410 1638 1612 1726 disciplinae.
1647 1641 1786 1727 Propter
1809 1663 1908 1728 quarn
1927 1663 2059 1705 causam

403 1747 564 1812 Dominus
595 1748 664 1832 ipse
695 1769 755 1833 per
777 1770 876 1833 supra
898 1757 1043 1812 notatum
1074 1744 1301 1832 presbyterum
1324 1746 1444 1833 populo
1469 1746 1644 1811 eluistiano
1669 1749 1882 1833 penitentiam
1906 1748 2026 1812 indixit
2035 1753 2059 1812 ².

404 1853 479 1934 Qua
501 1855 680 1940 penitentia
703 1855 737 1917 in
759 1852 891 1940 publico
916 1855 1081 1918 enuntiata
1105 1863 1137 1917 et
1160 1853 1277 1917 devote
1302 1863 1454 1939 suscepta
1478 1852 1607 1918 cuidam
1631 1853 1784 1940 religioso
1807 1854 1970 1918 monacho
1995 1867 2056 1918 stu-

404 1960 494 2025 diose
519 1961 656 2024 orationi
679 1983 717 2024 ac
733 1959 944 2024 vehementer
966 1957 1177 2041 incumbenti,
1201 1960 1234 2022 in
1251 1961 1391 2023 oratorio
1411 1961 1516 2024 saneti
1531 1959 1621 2024 Petri
1644 1961 1782 2047 apostoli
1807 1962 1957 2026 eiusdem
1981 1962 2055 2025 civi·

403 2068 477 2131 tatis
506 2069 604 2154 primi
634 2069 780 2154 episcopi
809 2089 869 2153 per
892 2069 998 2132 visum
1028 2077 1157 2130 ostensa
1188 2079 1237 2130 est
1267 2065 1382 2130 lancea
1409 2077 1514 2130 terrae
1540 2065 1701 2148 suffossa,
1726 2090 1790 2154 qua
1814 2068 1899 2132 latus
1924 2068 2052 2132 Domini
2067 2098 2087 2136 u

403 2173 464 2239 fuit
493 2175 527 2238 in
556 2197 651 2238 eruce
683 2173 871 2238 dormientis
895 2178 1074 2260 apertumss.
1121 2173 1282 2238 hlonacho
1312 2173 1411 2258 igitur
1434 2174 1592 2237 visionem
1617 2175 1865 2240 consolatoriam
1897 2175 2051 2239 referente

404 2282 552 2345 certatim
576 2282 609 2344 in
625 2281 696 2345 loco
713 2281 882 2366 designato
899 2291 987 2344 terra
1002 2280 1133 2362 foditur,
1158 2290 1190 2343 et
1213 2279 1328 2344 lancea
1351 2291 1474 2360 sancta,
1499 2279 1613 2344 lancea
1629 2281 1803 2346 victoriosa
1826 2291 1901 2368 post
1925 2281 2052 2346 multam

404 2387 628 2452 suffossionem
652 2388 873 2474 repa-iturea
922 2387 996 2468 Qua
1020 2387 1060 2451 de
1085 2386 1245 2473 profundo
1270 2388 1303 2450 in
1326 2386 1427 2450 altum
1450 2386 1568 2468 levata,
1597 2386 1857 2474 subsequebatur
1879 2390 1914 2452 in
1939 2388 2052 2475 populo

404 2495 526 2581 pariter
549 2507 581 2559 et
604 2495 796 2559 acclamatio
820 2495 906 2560 laeta
930 2507 961 2559 et
984 2495 1195 2559 murmuratio
1213 2493 1354 2574 dissona,
1372 2491 1568 2578 quibusdam
1584 2493 1777 2576 dicentibus,
1798 2495 1886 2582 quod
1904 2495 2053 2581 deceptor

405 2611 490 2664 esset
513 2601 699 2665 monachus.
747 2601 850 2687 Igitur
873 2603 942 2687 ipse
966 2601 1144 2666 monachus
1168 2603 1201 2664 in
1225 2599 1367 2664 Domino
1392 2598 1591 2663 confortatus
1615 2601 1731 2685 petivit
1755 2602 1926 2687 copiosum
1949 2603 2052 2688 ignem
2068 2629 2088 2666 a

405 2718 573 2794 spectante
603 2707 722 2793 populo
752 2709 832 2788 fieri,
863 2731 923 2794 per
952 2730 1049 2794 quern
1080 2708 1107 2770 si
1138 2708 1207 2792 ipse
1239 2729 1313 2770 cum
1343 2706 1476 2769 inventa
1505 2705 1621 2770 lancea
1650 2706 1760 2771 illesus
1790 2709 1959 2788 transiret,
1989 2710 2053 2773 eius

404 2814 525 2878 veritas
550 2824 730 2901 appareret.
771 2814 843 2895 Quo
867 2815 953 2878 facto
978 2813 1155 2878 monachus
1179 2814 1330 2900 apparuit
1353 2813 1398 2876 ita
1421 2812 1542 2894 illesus,
1566 2825 1601 2877 ut
1624 2837 1685 2878 nec
1709 2814 1742 2877 in
1761 2816 1965 2879 vestimentis
1990 2818 2053 2880 cius

405 2931 491 2984 esset
514 2943 596 2985 unus
621 2919 795 2985 criniculus
819 2921 952 2985 adustus
961 2926 981 2984 ⁵.
1018 2919 1226 2985 Confertatus
1249 2920 1348 3004 igitur
1364 2929 1395 2982 et
1411 2920 1572 2984 animatus
1593 2921 1786 2986 christianus
1803 2923 1968 2987 exercitus
1985 2946 2055 2987 cum

405 3025 553 3113 predicta
576 3026 691 3090 lancea
714 3037 807 3090 extra
831 3028 995 3092 civitatem
1019 3027 1228 3091 Antiochiam
1252 3027 1410 3113 processit
1437 3049 1648 3113 paganosque
1673 3050 1774 3114 usque
1805 3028 1848 3092 ad
1879 3029 2055 3093 internitio-

405 3155 480 3198 nem
503 3134 652 3219 protrivit
675 3132 830 3198 militibus
855 3133 986 3220 quidem
1010 3132 1240 3220 pugnantibus,
1265 3131 1323 3196 sed
1347 3132 1474 3197 clericis
1499 3132 1635 3220 aliisque
1659 3135 1819 3220 religiosis
1843 3137 1993 3221 personis
2017 3135 2057 3200 ad
2073 3159 2096 3200 n

405 3241 513 3304 Deum
538 3239 763 3322 clamantibus
788 3264 924 3327 quorum
949 3239 1147 3305 orationibus
1178 3240 1327 3325 angelica
1359 3250 1466 3304 castra
1496 3251 1572 3304 tunc
1604 3241 1763 3305 advocata
1793 3243 1828 3306 in
1851 3242 1935 3306 albis
1967 3245 2057 3329 equis

405 3371 477 3412 curn
494 3347 623 3412 vexillis
648 3359 680 3412 et
703 3349 800 3412 armis
820 3347 1059 3412 candidissimis
1077 3345 1208 3433 quidam
1225 3345 1474 3410 christianorum
1490 3347 1641 3411 viderunt
1649 3351 1669 3410 ⁶.
1706 3347 1965 3414 Innumerabiles
1981 3373 2058 3414 vero

406 3456 493 3518 acies
516 3477 718 3540 paganorum
741 3477 807 3518 non
830 3455 932 3518 solum
949 3455 1023 3518 visu
1039 3477 1151 3518 eorum
1166 3454 1308 3534 territae,
1333 3453 1506 3518 sedetiam
1529 3453 1602 3518 telis
1626 3477 1737 3518 eorum
1760 3454 1925 3520 fulmineis
1941 3458 2058 3542 partim

405 3571 597 3648 prostratae,
621 3562 739 3646 partim
763 3561 894 3647 fugatae
919 3573 1001 3625 sunt.
1037 3561 1118 3625 Erat
1141 3570 1249 3624 autem
1273 3571 1349 3624 tunc
1372 3561 1405 3623 in
1429 3559 1483 3624 illo
1504 3561 1651 3626 exercitu
1667 3560 1839 3626 Podiensis
1863 3564 2060 3649 episcopus⁷

406 3669 457 3732 vir
479 3668 622 3754 prudens
646 3678 679 3731 et
701 3667 872 3754 religiosus
897 3691 916 3732 a
941 3668 1058 3732 domno
1084 3690 1169 3754 papa
1185 3665 1319 3731 Urbano
1345 3667 1504 3731 exercitui
1528 3667 1703 3732 christiano
1726 3669 1761 3732 in
1785 3668 1935 3734 solatium
1959 3669 2059 3757 depu·
2077 3695 2101 3733 so

406 3786 491 3840 tatus
516 3798 589 3839 cunr
612 3774 720 3839 multis
745 3774 872 3839 clericis
896 3775 1004 3839 Deum
1035 3773 1222 3838 timentibus
1247 3784 1278 3837 et
1302 3797 1420 3859 corpus
1443 3773 1577 3838 Domini
1606 3797 1680 3839 cum
1703 3774 1848 3862 reliquiis
1872 3787 2061 3841 sanctorum

407 3883 500 3968 quasi
525 3904 635 3946 arcam
658 3880 778 3946 federis
803 3905 877 3946 cum
900 3904 1020 3946 manna
1043 3879 1257 3967 portantibus,
1281 3881 1467 3966 inquorum
1489 3881 1637 3945 custodia
1660 3905 1720 3968 per
1742 3883 1914 3948 circuitum
1939 3895 2061 3947 castro-

407 4013 477 4053 rum
500 3987 630 4052 videres
655 3990 748 4075 quasi
771 3987 860 4052 milis
884 3989 1083 4074 signatorum
1108 3989 1260 4052 exomni
1284 3985 1371 4051 tribu
1393 3986 1531 4051 filiorum
1557 3987 1667 4052 Israel.
1714 3987 1765 4052 Ibi
1789 3989 1961 4054 Teutonici
1987 4013 2060 4055 cum

406 4095 631 4180 Francigenis.
678 4095 929 4160 Teutonicorum
958 4096 1132 4181 precipuus
1156 4105 1226 4158 erat
1254 4093 1322 4157 dux
1346 4091 1554 4176 Godefridus,
1580 4095 1633 4159 cui
1657 4095 1854 4160 adhesermtt
1875 4097 2059 4184 Luteringi,

406 4202 546 4283 Bawari,
571 4200 720 4267 Saxones
744 4213 775 4265 et
799 4201 943 4288 reliquae
960 4201 1160 4266 Teutonicae
1183 4201 1342 4264 nationes.
1378 4199 1657 4286 Francigenarum
1676 4203 1850 4288 precipuus
1874 4215 1944 4267 erat
1960 4203 2060 4290 Hugo
2079 4227 2102 4266 ss

406 4309 574 4394 Magnus0,
591 4308 691 4372 frater
704 4309 791 4394 regis
808 4309 997 4390 Franciaess,
1020 4331 1093 4372 cum
1110 4329 1173 4394 quo
1191 4329 1299 4371 comes
1320 4307 1424 4370 sancti
1440 4306 1571 4391 Egidii⁹
1587 4307 1767 4395 reliquique
1787 4310 1952 4396 principes
1973 4310 2060 4376 illius

406 4416 545 4479 nationis
576 4414 736 4500 regebant
765 4437 842 4478 suae
873 4415 1003 4500 linguae
1034 4425 1142 4478 castra
1172 4413 1421 4478 ordinatissima.
1477 4412 1603 4493 Quibus
1637 4415 1671 4478 in
1701 4417 1756 4480 via
1787 4417 1980 4481 coniunctus
2013 4429 2061 4481 est

406 4519 606 4586 Poimundus
631 4544 705 4586 eum
727 4521 835 4586 multis
851 4521 1007 4586 militibus
1025 4521 1065 4585 de
1081 4519 1211 4607 Apulia.
1247 4519 1313 4600 Qui
1328 4519 1529 4585 Poimundus
1554 4543 1627 4586 curn
1651 4521 1713 4586 sibi
1737 4522 1914 4587 adherente
1937 4523 2061 4588 milicia

408 4639 481 4714 post
504 4639 634 4713 captam
657 4627 864 4692 Antiochiam
895 4628 1016 4691 resedit
1045 4629 1079 4690 in
1103 4650 1152 4692 ea.
1198 4626 1354 4712 Reliquus
1378 4649 1456 4691 vero
1488 4629 1651 4692 exercitus
1681 4651 1756 4693 cum
1779 4628 1861 4694 duce
1887 4629 2060 4695 Gotefrido

409 4735 573 4821 profectus
590 4745 639 4799 est
654 4735 913 4816 Hierosohmam,
939 4757 1037 4820 quam
1061 4734 1170 4820 lignea
1192 4735 1273 4797 turri
1297 4733 1477 4798 forinsecus
1501 4747 1610 4799 erecta
1621 4739 1647 4778 1⁰
1670 4748 1701 4799 et
1724 4735 1767 4799 ad
1790 4759 1918 4800 murum
1942 4737 2060 4803 adacta
2076 4761 2101 4800 so

408 4843 509 4906 nostri
534 4852 690 4928 ceperunt
712 4852 745 4905 et
769 4844 892 4906 cunctis
916 4843 950 4904 in
973 4842 1144 4928 spurciciis
1168 4840 1340 4904 eliminatis
1357 4841 1605 4923 mundaverrmt,
1630 4853 1727 4929 atque
1751 4854 1825 4907 ante
1849 4843 2058 4929 sepulchrum

408 4948 542 5013 Domini
566 4947 606 5012 de
631 4971 689 5012 sua
712 4949 850 5012 victoria
873 4948 946 5012 Deo
970 4948 1092 5033 gratias
1117 4956 1252 5033 egerunt
1254 4996 1460 5012 .......

328 5081 389 5124 rso.
513 5055 567 5120 Ad
587 5054 794 5141 sepulchrum
809 5077 887 5119 vero
903 5054 1038 5118 Domini
1061 5055 1316 5140 propinquantes
1339 5077 1404 5118 non
1427 5066 1693 5142 presumpserunt
1715 5055 1854 5141 pedibus
1878 5055 2057 5140 ambulare,

409 5161 467 5226 sed
482 5161 620 5248 genibus
644 5174 676 5225 et
700 5160 817 5225 cubitis
837 5161 994 5248 reptando
1011 5162 1185 5247 sepiusque
1201 5171 1320 5225 terram
1337 5161 1512 5226 osculando
1537 5185 1638 5248 usque
1663 5163 1705 5227 ad
1721 5163 1928 5249 sepulchrum
1950 5165 2057 5251 ipsum

515 5359 541 5424 a)
562 5364 628 5413 inter
647 5380 664 5412 a
681 5371 704 5412 et
723 5379 736 5412 r
754 5363 820 5414 bern
837 5379 910 5412 rasas
928 5379 948 5412 c.
1021 5359 1049 5423 b)
1071 5363 1079 5410 i
1099 5378 1162 5412 eras.
1180 5379 1200 5412 c.
1274 5359 1299 5422 c)
1321 5362 1348 5411 ia
1367 5379 1445 5428 marg.
1464 5365 1546 5428 mppl.
1565 5380 1585 5413 c.
2075 5375 2100 5414 to

519 5524 1038 5602 1)ltoo.V11,c.1,l.z.p.821.
1120 5521 1150 5598 2)
1174 5524 1248 5581 Ibid.
1267 5545 1301 5600 p.
1319 5524 1393 5581 821.
1475 5525 1505 5596 3)
1530 5526 1604 5583 Idid.
1630 5547 1653 5583 c.
1672 5525 1701 5597 2,
1720 5548 1753 5604 p.
1772 5527 1844 5584 822.
1927 5526 1959 5602 4)
1983 5529 2057 5586 [oid.

409 5652 432 5690 c.
452 5634 480 5703 3,
500 5654 533 5709 p.
552 5633 633 5704 823;
658 5635 697 5706 cf.
715 5634 810 5691 Beira.
829 5654 862 5710 p.
882 5632 954 5689 257.
1026 5629 1056 5704 5)
1080 5631 1144 5688 Hoc
1166 5632 1246 5706 apud
1259 5629 1410 5688 Rouana
1433 5652 1490 5690 non
1514 5633 1630 5710 hydam
1655 5643 1790 5692 consonat
1811 5643 1902 5692 autem
1925 5635 2058 5693 numano

409 5759 469 5796 nam
493 5741 655 5798 Ιίαὲνηιιπᾶο
686 5743 719 5797 de
741 5741 871 5818 Aquilers
902 5760 924 5796 c.
945 5739 994 5808 18,
1020 5759 1053 5814 p.
1073 5737 1145 5793 284.
1249 5733 1280 5812 6)
1303 5736 1374 5794 Boo.
1398 5739 1462 5809 VH,
1488 5759 1510 5796 c.
1531 5741 1580 5810 13,
1606 5761 1638 5815 p.
1656 5739 1730 5797 832.
1833 5741 1863 5810 7)
1888 5742 2057 5800 Adernaras.

410 5846 441 5917 8)
463 5846 622 5923 Philippil.
693 5845 724 5921 9)
739 5847 926 5904 Raimundus.
1006 5843 1057 5914 10)
1074 5844 1145 5902 Ros.
1159 5845 1213 5915 IX,
1231 5865 1253 5902 c.
1268 5844 1297 5915 6,
1317 5845 1336 5899 l.
1350 5847 1368 5902 l.
1383 5867 1416 5922 p.
1432 5847 1511 5918 866,·
1536 5848 1575 5918 cs.
1593 5847 1688 5905 Raim.
1711 5867 1734 5904 c.
1750 5847 1800 5918 20,
1824 5849 1842 5906 l.
1856 5851 1874 5905 l.
1890 5869 1924 5924 p.
1940 5849 2056 5924 29939.
