4386 6390
474 359 709 418 TRACTATUS
732 360 809 417 PRO
835 360 1092 418 OLERICORUM
1114 362 1301 421 CONUBIO.
1652 357 1716 420 593

14 619 15 622 Ἴ
68 563 121 614 tuta
151 550 333 613 comunione
361 548 546 635 stupendas,
578 551 668 634 'queis
695 573 758 613 non
780 552 884 614 statim
908 553 967 636 qui
986 564 1152 616 accersatur
1174 575 1245 616 rous
1268 566 1321 630 est,
1355 551 1412 616 sed
1440 554 1499 638 qui
1518 549 1717 639 [conJoinci
1736 575 1807 616 usa

69 664 152 736 ιιι-ν’,
174 653 267 720 νεειεὴ
291 669 343 719 εει.
387 653 452 735 Qui
475 655 573 719 etiam
597 653 747 740 exemplo
771 655 932 720 ostenditc
958 655 1045 742 quod
1067 655 1169 721 verbo
1193 655 1304 721 docuit
1326 657 1360 720 in
1383 655 1466 721 libro
1490 659 1546 742 qui
1569 656 1716 721 inscribi-

69 769 137 826 tur:
162 762 244 824 vitas
268 764 436 847 patrum1:
468 761 547 826 Fuit
568 761 700 847 quidam
722 786 817 827 senex
837 764 1002 827 solitarius
1025 766 1060 828 in
1082 764 1204 828 heremo
1228 767 1345 845 triveris,
1369 779 1397 829 et
1419 767 1560 830 ueniebat
1581 765 1628 828 ad
1649 789 1716 829 eum

66 869 228 955 presbyter
250 883 278 932 ει
300 870 500 934 consecrabat
521 871 554 934 ei
574 869 759 934 oblationem
782 869 828 933 ad
844 869 1134 934 conmunicandum.
1181 870 1312 936 Veniens
1339 886 1440 935 autem
1463 872 1594 957 quidam
1606 873 1734 959 frater,

40 975 115 1040 aad
134 999 236 1039 senem
259 977 420 1040 accusauit
435 975 662 1062 presbyterum.
689 974 774 1053 'Qui
794 990 932 1040 consuete
955 979 1081 1041 ueniens
1103 976 1149 1041 ad
1169 977 1324 1064 aqendam
1348 978 1533 1042 oblationem
1556 977 1716 1042 scarsdali-

69 1096 154 1146 cana
176 1105 270 1148 scaea
291 1106 353 1146 non
376 1084 502 1168 aperuit
524 1084 556 1146 ei
577 1082 719 1146 hostium.
766 1081 811 1147 At
832 1084 887 1147 ille
911 1083 1071 1165 discessi&
1100 1097 1129 1148 et
1149 1085 1250 1148 subito
1267 1085 1364 1171 facta
1387 1099 1432 1149 εει
1453 1108 1514 1148 oon
1543 1083 1589 1148 cd
1608 1085 1716 1148 solita-

70 1191 153 1253 rium
177 1189 302 1253 dicens:
325 1187 493 1253 ‘T-ulerunt
514 1215 534 1253 a
557 1213 604 1253 me
627 1189 766 1252 homines
795 1189 950 1253 iudicium
958 1189 976 1252 ².
1029 1190 1115 1254 Tunc
1138 1191 1251 1277 factus
1280 1214 1373 1254 senen
1402 1193 1436 1254 in
1464 1192 1567 1254 ectasi
1593 1190 1720 1254 uidebat

70 1297 167 1380 quasi
183 1309 308 1382 puteum
326 1319 455 1360 aureum
479 1310 508 1360 et
529 1296 657 1359 situlam
673 1319 802 1360 auream
819 1309 846 1359 ει
853 1296 969 1382 sunem
986 1321 1116 1360 aureum
1140 1310 1168 1360 et
1189 1321 1305 1382 aquom
1326 1296 1418 1360 valde
1434 1298 1555 1361 bonam.
1588 1295 1720 1360 Videbat

70 1415 98 1464 ει
122 1402 277 1488 leprosum
306 1400 484 1487 quendamd
508 1403 701 1466 haurientem
724 1415 753 1466 ει
767 1401 956 1489 fundentem
984 1405 1019 1466 in
1043 1427 1125 1482 uase,
1149 1417 1178 1467 et
1199 1405 1344 1489 cupiebat
1366 1404 1469 1467 bibere
1492 1427 1586 1468 senec
1608 1417 1635 1467 et
1657 1426 1719 1466 non

28 1535 52 1573 ιο
70 1509 192 1572 bibebat
206 1522 341 1594 propter
365 1509 520 1594 leprosum
551 1510 610 1592 qui
637 1508 810 1572 hauriebat.
857 1507 902 1572 Ει
929 1533 996 1573 εεεε
1025 1511 1137 1573 iterum
1153 1511 1250 1598 facta
1275 1525 1319 1574 εει
1346 1533 1407 1574 oon
1435 1510 1481 1574 od
1502 1535 1570 1574 eum
1594 1509 1719 1574 dicens:
1787 1579 1789 1588 Ι

70 1613 150 1678 ‘Cur
172 1638 233 1679 non
257 1616 339 1680 bibis
362 1639 400 1680 ea
421 1639 506 1700 aqua
529 1615 611 1679 hac?
641 1614 764 1699 qualem
795 1638 921 1678 causam
951 1615 1042 1680 habet
1064 1618 1122 1700 qui
1143 1617 1259 1696 haurit,
1291 1616 1399 1680 haurit
1421 1618 1503 1680 enim
1526 1615 1718 1680 solummodo

70 1735 98 1785 et
118 1721 265 1808 refundit
287 1723 322 1785 in
345 1745 417 1786 vase
440 1745 494 1786 nec
517 1723 703 1806 inquinatur
725 1721 764 1785 ab
788 1720 846 1786 eo’.
887 1719 975 1786 Tunc
997 1723 1033 1786 in
1055 1746 1086 1786 se
1109 1746 1252 1786 reuersus
1274 1746 1367 1787 senen
1390 1723 1543 1787 intelleait
1565 1725 1717 1786 visionem

70 1841 99 1892 ει
119 1830 224 1892 statim
248 1830 371 1892 uocauit
387 1829 602 1914 presbyterum
627 1842 655 1892 et
669 1829 847 1915 faciteam
869 1830 951 1892 sicut
965 1829 1064 1914 prius
1087 1830 1285 1916 sanctificare
1307 1830 1374 1893 sibi
1395 1830 1588 1893 oblationem.

176 1933 229 1997 De
253 1956 319 2019 qua
340 1955 375 1997 re
399 1942 539 1997 ιεεειειΘ
562 1931 676 1997 beatus
699 1931 925 2019 Αιιςιιειὶιιιιε2
948 1935 1011 1998 sic:
1045 1935 1120 2000 Vere
1151 1949 1180 2000 ει
1208 1935 1422 2000 indubitanter
1452 1935 1525 2000 iride
1555 1938 1636 2000 scire
1667 1935 1718 2000 de·

30 2066 53 2106 n
71 2041 175 2105 banus
203 2042 297 2128 infra
328 2042 512 2106 catholicam
536 2041 708 2122 ecclesiam,
732 2042 790 2106 ubi
809 2041 963 2106 catholica
978 2041 1049 2128 fide
1072 2043 1128 2105 hoc
1151 2040 1382 2106 treinisteriumr
1407 2043 1589 2122 celebratur,
1619 2042 1721 2106 nichil

70 2172 91 2211 a
114 2148 192 2212 bono
214 2148 329 2229 maius,
352 2148 455 2212 nichil
475 2150 580 2212 minus
591 2149 770 2234 percipitur
786 2173 806 2212 a
822 2149 905 2212 molo
920 2148 1089 2228 sacerdote,
1113 2148 1272 2234 nichilque
1291 2147 1385 2213 aliud
1399 2172 1491 2233 quam
1509 2173 1583 2212 caro
1600 2147 1722 2212 Christi

71 2268 99 2318 et
119 2256 260 2341 sanquis,
284 2255 358 2318 dum
382 2255 531 2319 catholice
554 2268 761 2334 consecrat-ur,
785 2257 862 2339 quia
885 2279 947 2318 non
970 2257 1004 2319 in
1019 2256 1129 2319 merito
1152 2257 1371 2334 consecrantis,
1394 2254 1452 2318 sed
1473 2257 1507 2318 in
1531 2256 1622 2319 uerbo
1646 2256 1718 2342 effi·

71 2363 153 2425 citur
182 2363 332 2426 creatoris
355 2375 383 2425 et
404 2363 516 2426 virtute
540 2360 682 2446 Spiritus
710 2363 820 2427 sancti.
868 2359 930 2426 Si³
959 2364 1042 2426 enum
1072 2363 1107 2426 ia
1136 2364 1245 2426 merito
1274 2375 1350 2426 esset
1371 2361 1553 2440 sacerdotis,
1584 2385 1645 2424 non
1675 2362 1720 2426 ad

75 2465 235 2532 Christum
250 2468 432 2553 pertineret
471 2467 566 2532 Nunc
589 2481 690 2532 auum
713 2470 884 2554 sicutipse
907 2471 1031 2554 estqui
1052 2469 1198 2554 baptebat,
1223 2471 1267 2533 ito
1292 2471 1359 2554 ipse
1382 2476 1435 2548 eit,
1459 2470 1518 2553 qui
1531 2492 1594 2554 per
1611 2466 1717 2554 Spiri-

30 2601 55 2640 u
72 2588 135 2638 turn
164 2588 304 2638 sanctum
333 2575 414 2638 hanc
443 2598 533 2638 suam
563 2575 667 2661 efficit
695 2575 890 2655 uoluntatem,
915 2589 943 2640 ct
964 2576 1165 2663 transfundit
1193 2578 1386 2662 sanquinem.
1440 2574 1549 2639 llrtde4
1572 2574 1719 2640 sacerdos

71 2704 132 2745 non
156 2705 195 2745 ea
215 2705 247 2746 εε
270 2680 359 2762 dicti,
382 2681 468 2766 quod
489 2683 557 2766 ipse
579 2683 723 2766 corporis
738 2694 767 2745 et
779 2683 946 2768 sanquinis
961 2706 1025 2746 esse
1037 2684 1139 2767 possit
1153 2695 1272 2764 auctor,
1295 2684 1372 2767 quia
1387 2684 1420 2746 si
1432 2681 1486 2746 hec
1494 2695 1611 2768 posset,
1635 2680 1721 2766 quod

72 2787 244 2852 absurdum
260 2801 312 2867 est,
329 2801 450 2852 creator
465 2789 616 2852 creatoris
623 2789 735 2874 fieret,·
758 2788 850 2852 licct⁵
865 2788 1012 2852 sacerdos
1035 2791 1274 2853 incomestum
1297 2790 1401 2853 malus
1419 2812 1483 2853 esse
1506 2791 1718 2868 consumantur,

72 2917 134 2958 non
163 2918 253 2958 suum
283 2908 327 2958 εει
356 2893 441 2978 quod
468 2895 568 2980 offert,
597 2893 655 2957 sed
681 2877 819 2958 omnium
839 2918 952 2980 preces
975 2909 1003 2960 et
1025 2909 1094 2959 cota
1111 2919 1174 2981 per
1198 2919 1317 2959 onlnem
1346 2897 1476 2960 canonis
1506 2909 1618 2959 textum
1648 2918 1718 2958 corn-

73 3000 207 3081 meadot,
239 3002 331 3065 licet6
353 3001 430 3064 tales
460 3000 601 3065 adulteri
620 3003 685 3064 sint
706 3015 735 3064 et
755 3000 911 3086 homicide
934 3015 962 3066 et
984 3025 1023 3066 ea
1038 3015 1133 3087 parte
1157 3001 1283 3066 diaboli
1296 3003 1398 3087 plura
1422 3001 1619 3080 admiserint,
1644 3001 1718 3065 dnm

30 3131 55 3172 ss
66 3108 160 3194 falce
182 3107 369 3193 ewanqelico
392 3106 522 3171 necdum
538 3109 667 3192 precisi
686 3108 902 3193 sacrificautss,
925 3109 955 3171 is
978 3109 1037 3192 qui
1057 3132 1126 3172 cum
1142 3108 1212 3194 fide
1236 3107 1501 3172 coemo-nicatore.

180 3211 335 3276 Similiter
358 3221 391 3276 et
413 3213 447 3276 in
464 3213 667 3298 expositione
691 3234 789 3297 super
812 3212 1027 3300 ewangelium
1043 3212 1219 3277 Iohannis⁷
1242 3213 1329 3277 idem
1346 3213 1475 3276 disserit
1493 3211 1622 3276 dicens:
1643 3211 1718 3290 Qui·

74 3343 202 3404 cumque
231 3319 366 3400 adulter,
396 3322 582 3404 quicumque
610 3320 798 3405 sacriloqus,
833 3321 1018 3405 quicumque
1048 3320 1208 3384 homicida
1239 3321 1384 3405 baptizet,
1419 3319 1561 3384 Chr-istus
1592 3333 1636 3383 est
1664 3321 1723 3404 qui

63 3426 220 3512 baptizat,
243 3435 276 3489 et
297 3425 431 3511 repetit:
462 3426 536 3490 Non
565 3428 656 3490 timeo
686 3425 874 3506 adulterum,
903 3450 965 3490 non
995 3428 1087 3490 timeo
1117 3426 1318 3506 homicidam,
1348 3450 1410 3490 non
1440 3429 1530 3491 timeo
1554 3426 1719 3505 ebriosum,

73 3531 208 3598 adtende
231 3533 404 3596 columbam
428 3531 596 3598 dicentem:
618 3533 681 3596 ‘bic
696 3545 740 3595 est
755 3533 814 3617 qui
826 3531 986 3617 baptizat’.
1018 3531 1086 3596 Nos
1102 3553 1180 3595 vero
1197 3533 1346 3617 quamvis
1362 3533 1425 3595 ista
1441 3530 1630 3610 dixerimus,
1654 3553 1719 3594 non
1737 3557 1856 3608 10n.1,os.

30 3665 56 3705 so
74 3647 223 3702 auctores
246 3661 366 3721 sumus,
390 3646 426 3702 ut
447 3638 511 3724 ipsi
534 3637 696 3702 enerviter
718 3638 841 3720 vivent,
866 3659 1002 3723 quorum
1025 3636 1175 3702 manibus
1199 3649 1232 3702 et
1255 3638 1374 3724 linguis
1390 3651 1455 3702 tam
1472 3637 1620 3724 preciosa
1635 3646 1718 3701 trac-

73 3753 183 3808 tantur
198 3755 402 3810 sacramente
416 3743 675 3809 —concordare
692 3745 779 3807 enim
803 3742 902 3808 debet
924 3743 1091 3808 mundicia
1113 3745 1331 3808 ministrorum
1355 3745 1526 3831 purissime
1550 3743 1716 3829 religioni¹

74 3860 259 3915 sanctorum
282 3849 534 3915 ministeriorum
549 3850 667 3915 —sed
688 3862 724 3914 ut
747 3850 990 3915 ostenderemus
1014 3849 1227 3915 fabricatores
1251 3872 1322 3915 esse
1346 3849 1502 3915 mendatii
1526 3861 1558 3914 et
1581 3849 1719 3914 cultores

74 3979 301 4043 perversorum
317 3957 514 4044 dogmatum,
539 3958 594 4044 qui
612 3957 766 4043 parvulos
789 3979 864 4022 suos
888 3967 1063 4043 preoptant
1083 3959 1118 4021 in
1141 3967 1276 4043 peccato
1301 3958 1396 4043 primi
1419 3956 1557 4021 hominis
1581 3958 1615 4020 in
1639 3967 1720 4020 eter-

73 4087 150 4128 num
173 4065 290 4151 perire,
315 4086 413 4152 quam
439 4063 600 4151 baptizari
623 4086 643 4126 ε
665 4063 833 4128 sacerdote
864 4065 1095 4145 incontinente,
1120 4065 1241 4150 quique
1266 4063 1384 4128 docent
1413 4062 1532 4128 fabulis
1563 4073 1595 4126 et
1625 4063 1719 4127 salta·

30 4169 215 4238 notionibus
237 4169 357 4235 debere
380 4170 511 4257 potius*
526 4169 667 4251 studere,
692 4169 809 4256 quam¹
835 4171 1005 4234 missarum
1030 4168 1264 4234 celebrationes
1289 4193 1309 4234 a
1331 4168 1523 4256 presbytero
1548 4163 1720 4255 coniugato

74 4277 242 4364 percipere
258 4275 311 4340 vel
326 4275 450 4341 audire.
487 4275 625 4342 sienim
648 4275 908 4362 reprehendendi
932 4287 1016 4358 sunt,
1040 4277 1137 4340 immo
1155 4277 1232 4364 quia
1255 4276 1523 4363 reprehendendi,
1548 4275 1720 4363 reprehen-

75 4381 192 4446 dantur
215 4382 387 4469 disciplina
409 4382 561 4468 regulari,
590 4406 656 4447 non
679 4405 787 4446 errore
810 4382 961 4469 populari
985 4393 1206 4464 coerceantur,
1232 4383 1455 4474 ecclesiastica
1479 4405 1625 4464 censura,
1656 4405 1721 4446 non

181 4636 208 4702 a)
228 4638 349 4689 vincitur
365 4655 386 4689 c.
483 4633 511 4698 b)
534 4638 695 4689 criminosus
714 4636 770 4688 Nic.
868 4635 894 4698 c)
915 4637 1071 4688 ostenditur
1088 4655 1109 4688 ε.
1207 4634 1236 4697 (ι)
1257 4638 1395 4704 quendum
1413 4654 1434 4687 ε.
1531 4633 1557 4699 ε)
1579 4641 1682 4686 tractus
1701 4655 1721 4688 c.

73 4724 95 4792 l)
116 4728 274 4794 mysterium
285 4727 368 4778 Radh.
421 4723 450 4793 g)
471 4742 527 4778 non
540 4727 724 4792 cogitandum,
744 4726 790 4790 qui
810 4731 838 4776 ει
856 4725 950 4791 quales
969 4727 1032 4785 sint,
1051 4727 1099 4776 sed
1119 4727 1185 4792 quid
1204 4728 1269 4777 dent
1287 4725 1331 4777 vel
1351 4725 1416 4790 quid
1436 4727 1554 4791 accipiet
1572 4728 1595 4776 is
1613 4727 1660 4792 qui
1678 4733 1722 4777 etc.

30 4827 57 4866 to
74 4833 103 4867 ea
120 4815 246 4867 liudberto
263 4815 404 4882 appendo
421 4823 488 4866 sunt.
561 4813 589 4876 h)
611 4815 838 4866 conmunicentur
855 4831 876 4865 c.
948 4810 969 4876 i)
990 4813 1131 4880 religionis
1149 4833 1170 4865 ε.
1243 4813 1272 4878 k)
1293 4821 1365 4881 potis
1384 4832 1404 4865 c.
1478 4811 1497 4877 l)
1520 4819 1563 4879 q'ni
1582 4834 1603 4866 ε.

184 5047 214 5125 1)
236 5051 315 5108 Vitae
332 5059 451 5126 patrum
475 5051 517 5107 ed.
542 5049 699 5123 Rosweyde
722 5043 762 5124 (a.
783 5043 880 5123 1617)
905 5047 950 5105 lib.
970 5050 1001 5121 V,
1026 5049 1106 5106 libell.
1125 5048 1154 5118 9,
1180 5069 1202 5105 ε.
1223 5049 1273 5120 11,
1292 5068 1326 5124 p.
1345 5048 1425 5118 453,·
1449 5050 1491 5106 ed.
1516 5051 1566 5106 αιι.
1586 5049 1721 5124 Antoerp.

76 5152 116 5234 (a.
135 5151 232 5232 1628)
251 5177 284 5233 p.
303 5156 376 5214 595.
468 5152 500 5231 2)
522 5155 610 5214 Imoto
626 5154 798 5212 Paschasius
813 5154 975 5212 Radbertus
997 5157 1032 5212 de
1055 5175 1174 5231 corpore
1197 5163 1223 5212 et
1244 5153 1383 5232 sanquine
1398 5155 1516 5212 Domini
1538 5175 1561 5212 c.
1582 5155 1631 5225 12,
1656 5151 1675 5230 ξ
1695 5157 1721 5226 1,

77 5264 210 5322 Martiae
233 5271 259 5320 et
279 5263 411 5321 Durand
431 5263 563 5339 Ampliss.
589 5259 658 5320 Ooll.
682 5261 737 5334 IX,
762 5263 814 5319 col.
832 5259 906 5332 427,
939 5262 1047 5340 diique,
1079 5262 1191 5319 Patrol.
1218 5259 1309 5332 CXX,
1335 5263 1385 5319 col.
1405 5260 1488 5317 1310
1497 5283 1507 5332 ;
1537 5263 1577 5334 cf.
1604 5260 1665 5318 Lib.
1690 5263 1724 5318 de

76 5371 121 5428 uu
143 5369 168 5442 Ι,
192 5390 226 5448 p.
252 5370 303 5427 m.
329 5369 407 5441 mn
437 5389 527 5446 apra
551 5368 724 5446 p.13.1s.
817 5367 848 5438 ε)
872 5367 1008 5426 aanor.
1028 5369 1119 5444 pauo
1142 5353 1235 5440 asro.
1328 5366 1359 5438 4)
1383 5367 1458 5424 soro.
1483 5365 1502 5442 a
1527 5368 1555 5439 2,
1580 5370 1630 5425 σοι.
1649 5367 1722 5438 tes,

31 5491 58 5532 ts
77 5477 175 5554 Miqne
198 5475 362 5535 cetlole.
456 5472 487 5551 5)
509 5477 568 5534 Ubi
590 5477 659 5532 licet
688 5473 754 5532 ibid.
779 5471 798 5550 ἓ
822 5475 850 5546 3,
876 5475 925 5532 col.
944 5473 1018 5531 429.
1111 5475 1141 5544 6)
1166 5477 1275 5532 Tamen
1298 5475 1371 5531 tales
1394 5477 1462 5531 licet
1490 5473 1555 5532 ibid.
1581 5476 1631 5532 col.
1648 5474 1723 5544 430,

78 5583 176 5660 Meque
199 5585 250 5641 col.
270 5567 364 5640 1313.
458 5581 489 5652 ι)
515 5581 811 5659 OppedBenedict.
836 5579 893 5651 III,
912 5581 940 5652 2,
965 5583 1015 5639 col.
1035 5559 1108 5652 329,
1132 5578 1152 5655 ξ
1172 5580 1220 5637 18.
1252 5580 1343 5638 Verba
1366 5589 1473 5638 rnutata
1496 5589 1569 5652 sunt,
1594 5581 1634 5653 cf.
1661 5580 1722 5638 Lib.

78 5691 112 5747 de
134 5691 180 5747 lite
202 5689 226 5761 Ι,
245 5709 280 5767 p.
299 5689 361 5746 624
369 5711 381 5760 ,·
404 5688 446 5760 ΙΙ,
463 5708 498 5766 p.
516 5687 590 5746 442.

146 5827 249 5880 Libelli
268 5829 303 5880 ds
321 5827 378 5880 lite.
407 5829 462 5880 111.
1478 5828 1510 5878 75
