4478 6396
676 375 914 432 OPUSCULUM
938 378 989 432 DE
1014 376 1186 433 EDIFICIO
1211 377 1289 432 DEI.
1747 371 1805 434 191

152 569 255 620 eodem
275 571 447 636 suppositum
468 576 508 620 est
535 570 592 634 igni
615 575 677 619 ante
697 569 895 618 consessionem
917 569 988 619 beati
1010 570 1083 618 Petri
1104 569 1230 635 apostoli.
1270 571 1371 620 Beatus
1391 586 1500 636 quoque
1521 571 1691 635 Augustinus
1711 569 1809 620 librum

153 661 384 709 retractationum
410 659 564 724 composuit
589 660 616 708 in
643 660 844 723 correptionem
871 673 963 708 corum
990 674 1042 722 qus
1070 659 1144 724 prius
1167 661 1278 709 incaute
1303 659 1462 724 descripsit,
1489 667 1517 710 et
1542 667 1572 709 ut
1597 660 1668 710 idern
1696 661 1809 725 quisque

155 750 269 813 sapiens
288 749 379 806 faciat,
399 749 441 798 lrir
455 749 546 798 verbis
566 747 783 797 commonefacit.
820 747 867 796 Ait
886 749 957 797 enirn
977 749 1004 797 in
1018 749 1140 813 proemio
1161 747 1282 798 ciusdem
1303 745 1397 798 libri¹:
1418 747 1502 814 Neque
1520 749 1585 798 mim
1604 749 1741 814 prumiam,
1760 749 1811 799 nisi

156 836 298 901 immadem,
317 837 372 886 ideo
390 837 451 902 quia
469 854 523 886 mea
540 844 625 886 errata
643 836 801 900 reprebendo,
822 854 859 885 me
878 836 1056 901 reprehendere
1074 836 1190 898 audebit,·
1210 837 1260 898 sed,
1279 838 1324 886 etri
1341 837 1403 886 dicit
1420 855 1471 887 non
1488 837 1598 888 &banse
1615 855 1645 888 eu
1662 855 1679 888 a
1696 855 1734 888 me
1751 838 1809 900 dici,

117 932 134 969 b
157 943 221 991 orsae
236 934 323 990 prostes
340 925 402 974 milri
420 927 495 976 etiam
513 925 678 990 displicerent,
697 943 782 974 uerum
800 925 861 975 dicit
879 934 902 975 et
919 943 1013 975 amcam
1026 924 1102 990 jacit.
1139 925 1235 975 Eorum
1254 925 1345 991 quippe
1362 926 1522 990 reprehensor
1539 935 1582 986 est,
1606 943 1710 992 quor-nm
1728 937 1752 977 et
1769 945 1811 993 eya

157 1033 221 1064 mant.
260 1015 319 1076 sed,
345 1015 397 1074 etsi,
424 1023 454 1064 ut
477 1015 546 1074 volet,
572 1015 673 1080 quisque
697 1014 804 1078 accipiat
828 1015 872 1064 lroo
896 1015 962 1080 φανά
975 1014 1054 1080 facia,
1080 1032 1118 1064 me
1143 1023 1225 1064 tantm
1242 1015 1402 1080 apostolicam
1419 1015 1565 1064 sententiam
1583 1015 1657 1064 etiarn
1674 1016 1702 1066 in
1720 1015 1766 1066 luae
1784 1033 1811 1066 re

157 1112 254 1168 oportet
271 1103 373 1164 intueri,
393 1120 456 1168 quae
473 1103 548 1152 dicit:
569 1103 599 1153 Si
618 1121 662 1152 nos
680 1103 745 1168 ipsos
763 1103 937 1165 indicaremus,
957 1121 974 1152 a
993 1104 1101 1154 Domino
1119 1122 1169 1154 non
1188 1104 1365 1154 iudicaremur.

271 1208 343 1268 156.
361 1204 406 1270 Ut
416 1216 524 1268 autern
534 1203 657 1290 liquido
668 1216 833 1290 appareat,
843 1227 923 1290 quas
935 1204 1125 1269 donationes
1136 1215 1168 1269 et
1177 1207 1402 1292 prestationes,
1411 1215 1444 1269 et
1453 1203 1695 1292 quomodolibet
1707 1206 1810 1270 factas

159 1313 192 1374 in
210 1311 391 1376 aecclesiae
415 1310 513 1375 rebus
537 1312 747 1376 alienationes
773 1310 985 1393 corroborari,
1009 1334 1089 1397 quas
1114 1314 1211 1377 etiam
1234 1312 1403 1398 reprobari
1426 1313 1616 1377 conveniat:
1641 1313 1810 1378 audiamus

112 1442 141 1479 ro
160 1417 355 1500 donationis,
367 1419 638 1499 commutationis,
649 1416 845 1483 venditionis
858 1417 1003 1504 regulam
1016 1441 1036 1482 a
1048 1441 1166 1505 magno
1177 1419 1288 1484 Leone
1299 1442 1387 1505 papa
1400 1420 1524 1484 cunctis
1538 1420 1700 1505 episcopis
1713 1442 1811 1504 gene-

159 1525 271 1588 raliter
293 1527 520 1611 prescriptam,
545 1525 694 1611 quamvis
712 1526 873 1611 episcopis
890 1548 949 1610 per
965 1525 1111 1590 Siciliam
1128 1528 1309 1591 constitutis
1326 1525 1367 1590 ab
1385 1549 1423 1591 eo
1440 1525 1625 1612 specialiter
1639 1527 1771 1590 missam
1782 1533 1809 1591 ²:

270 1652 341 1714 157.
379 1651 444 1715 Leo
470 1653 634 1737 episcopus
650 1653 808 1714 um'vcrsis
824 1652 981 1737 episcopis
997 1676 1060 1737 per
1077 1650 1224 1716 Siciliam
1248 1655 1428 1716 constitutis.
1469 1649 1600 1716 Occasio
1623 1654 1810 1738 specialium

160 1759 360 1844 querelantem
393 1783 502 1822 orarum
531 1760 622 1822 nobis
645 1758 869 1843 providentiae
897 1759 1056 1844 generalis
1086 1759 1211 1838 indicit,
1241 1773 1283 1838 ut,
1315 1758 1400 1843 qaod
1426 1761 1459 1822 in
1485 1758 1606 1822 duabus
1626 1762 1811 1845 provintiae

160 1880 284 1929 nostrae
307 1868 469 1930 aecclesiis
493 1866 633 1951 improbe
654 1880 770 1952 pastam
796 1867 970 1948 iniustaque
989 1880 1205 1951 presumptum
1230 1879 1282 1945 est,
1308 1866 1344 1929 iel
1362 1868 1575 1930 constitutione
1591 1880 1747 1951 perpetua
1771 1868 1810 1932 ad

117 1993 141 2031 rs
160 1975 249 2035 ornari
274 1975 491 2058 episcoporum
522 1975 725 2058 vrrrrurpatione
755 1995 933 2034 resecemus.
987 1971 1262 2036 Tauromenitanis
1291 1975 1372 2035 enim
1404 1973 1529 2036 clericis
1559 1973 1728 2036 aecclesiae
1759 1973 1809 2037 de-

155 2079 360 2164 plorantibus
384 2079 564 2158 nuditatem,
592 2104 626 2142 ev
650 2078 736 2164 qvod
758 2080 863 2142 ornatio
887 2080 954 2142 eiras
971 2079 1093 2163 predia
1124 2079 1294 2158 *verrdenda
1324 2078 1470 2142 (locando
1498 2092 1526 2143 et
1549 2078 1685 2143 diversio
1708 2080 1811 2143 modis

161 2185 332 2250 alienando
363 2188 527 2272 episcopus
558 2185 745 2271 dissiparit:
775 2187 867 2248 etiam
898 2184 1123 2249 Panormitani
1150 2186 1269 2264 clerici,
1300 2187 1414 2270 quihus
1444 2209 1544 2271 nuper
1574 2199 1617 2248 est
1646 2185 1811 2250 ordinatus

161 2295 299 2370 arinates,
329 2293 465 2357 similem
496 2295 723 2377 qraerimomam
756 2295 790 2355 ia
819 2305 928 2355 sancta
958 2291 1087 2378 synodo,
1119 2295 1173 2355 cvi
1194 2292 1453 2377 presidebamus,
1485 2291 1523 2354 de
1553 2294 1811 2377 usurpationibus

156 2402 283 2485 prioris
314 2402 458 2486 episcopi
486 2400 668 2463 detulerunt.
720 2400 871 2475 Quamvis
901 2423 973 2484 erpo
1004 2401 1069 2462 iam
1101 2399 1282 2462 ordinatum
1305 2424 1325 2462 o
1349 2400 1438 2462 nobis
1467 2400 1518 2478 sit,
1550 2399 1811 2482 quemadmodum

115 2530 143 2567 aa
163 2509 339 2590 ‘alcaicoque
362 2507 531 2570 aecclesiae
555 2506 744 2569 utilitatibus
767 2507 956 2583 corrsulatur,
980 2531 1018 2568 ne
1042 2505 1097 2567 loc
1107 2506 1326 2590 perniciosum
1348 2507 1559 2590 raequissimoe
1576 2505 1811 2591 depredationes
1829 2535 1856 2573 r.
1900 2562 1906 2575 .

160 2613 336 2698 exemplum
361 2615 507 2697 cuiquam
525 2613 659 2698 posthac
671 2615 735 2698 siat
759 2613 930 2675 imitabile:
953 2612 1033 2675 lonc
1049 2615 1197 2697 precepti
1216 2614 1320 2676 nostri
1337 2613 1481 2698 formam
1504 2611 1594 2698 apud
1616 2612 1810 2677 dilectionem

161 2734 296 2782 vest-ram
312 2720 454 2782 voluntas
470 2733 737 2805 esseperpetuam,
750 2745 812 2804 quo
828 2721 896 2782 sine
912 2721 1088 2804 exceptione
1101 2719 1306 2798 deceruimus,
1320 2733 1361 2799 ut,
1378 2743 1415 2782 ae
1427 2724 1499 2804 quis
1515 2721 1679 2805 episcopus
1692 2719 1729 2783 de
1743 2745 1810 2785 aee-

161 2826 276 2889 clesiae
292 2851 367 2890 suae
382 2828 474 2888 rebus
488 2825 604 2889 audeat
619 2828 786 2910 quicquam
804 2827 854 2888 cel
869 2826 986 2890 donare
1005 2826 1056 2889 vel
1070 2839 1257 2888 commutare
1273 2826 1324 2889 vel
1337 2826 1486 2907 *vendme5
1508 2827 1673 2914 niciforte
1689 2829 1734 2890 ita
1750 2829 1811 2891 ali-

161 2932 244 3018 quid
258 2934 368 2996 lorum
377 2934 497 3021 faciat,
515 2947 548 2996 ut
562 2933 694 2996 meliora
704 2935 888 3021 prospiciat
902 2947 930 2997 et
945 2957 1013 2996 cvm
1030 2935 1122 2996 totius
1138 2934 1218 2996 cleri
1231 2947 1364 2996 tractatu
1383 2947 1474 3018 atquc
1490 2956 1638 2997 consensu
1655 2933 1692 2997 id
1706 2935 1811 3021 eligat,
1828 3009 1832 3020 ⁵

115 3062 142 3099 aa
161 3040 248 3125 quod
269 3063 330 3103 non
353 3042 396 3103 sit
418 3039 546 3102 dubium
571 3040 740 3104 aecclesiae
756 3041 975 3128 profuturam.
1016 3039 1102 3102 Nam
1111 3039 1294 3125 presbyteri
1310 3041 1361 3102 vel
1375 3039 1506 3104 diaconi
1525 3055 1582 3103 avt
1603 3043 1812 3126 cuiuscunque

162 3146 289 3210 ordinis
304 3147 423 3226 clerici,
447 3149 507 3232 qvi
519 3148 723 3210 coniventiam
742 3149 776 3208 in
792 3147 960 3212 aecclesiae
977 3145 1116 3230 dampno
1132 3149 1332 3226 miscuerant,
1356 3149 1458 3210 sciant
1471 3171 1503 3211 se
1519 3161 1547 3210 et
1562 3147 1673 3210 ordine
1689 3162 1717 3211 et
1731 3172 1811 3211 com·

161 3256 308 3316 martion-e
317 3253 508 3338 privandos,
533 3255 609 3338 quia
618 3254 751 3339 plenum
768 3255 912 3316 iusticias
928 3267 981 3332 est,
998 3253 1126 3339 fratres
1141 3255 1317 3334 karissimi,
1342 3267 1451 3317 utnon
1466 3254 1566 3317 solum
1583 3257 1733 3340 episcopi,
1756 3255 1814 3319 sed

162 3363 257 3424 etiam
273 3363 365 3423 totius
381 3361 462 3424 cleri
473 3360 578 3423 strvclio
594 3360 826 3422 aecclesiastica
842 3360 964 3422 utilitas
980 3362 1162 3424 intemerata
1177 3375 1334 3441 servetur,·
1357 3374 1385 3424 et
1407 3384 1513 3424 eorum
1536 3385 1666 3424 munera
1685 3362 1812 3426 illibata

154 3481 375 3554 permaneant,
399 3469 458 3552 qui
471 3491 536 3552 pro
559 3469 739 3530 animarum
754 3491 885 3529 suarum
899 3467 999 3530 salute
1008 3468 1180 3552 propriam
1204 3468 1408 3530 substant-iam
1424 3467 1586 3530 aecclesiis
1609 3469 1809 3532 contulerunt.

115 3614 142 3652 so
272 3593 343 3654 158.
380 3590 468 3654 Ecce
493 3589 677 3654 audivimus
701 3613 855 3676 magnum
882 3591 992 3673 magni
1015 3588 1134 3652 Leonis
1165 3589 1307 3674 rugitum
1337 3587 1524 3654 terribiliter
1547 3602 1755 3656 execrantem
1780 3603 1812 3656 et

162 3698 314 3782 congruis
347 3696 531 3761 nominibus
562 3698 794 3761 cauteriantem
829 3697 1048 3782 perniciosum
1083 3696 1301 3780 nequissimae
1336 3694 1578 3780 depredationis
1614 3698 1810 3784 exemplum.

161 3803 284 3868 Dicant
314 3804 375 3868 lroc
404 3803 531 3886 milites,
562 3813 658 3889 prout
687 3803 805 3889 placet,
836 3802 1041 3883 beneficium,
1071 3801 1158 3888 quod
1188 3824 1246 3888 pro
1271 3824 1330 3866 suo
1354 3801 1462 3867 fallaci
1485 3802 1628 3868 hominio
1653 3815 1685 3869 et
1708 3828 1810 3890 parvo

162 3921 261 3996 atque
284 3910 446 3975 interdurn
470 3910 556 3974 nullo
581 3911 816 3974 interveniente
832 3911 943 3996 precio
960 3931 1113 3995 magnum
1131 3909 1297 3994 accipiunt
1313 3909 1493 3974 aecclesiae
1516 3910 1677 3996 predium.
1714 3909 1810 3976 Certe

161 4017 243 4082 illud
265 4017 460 4082 beneficium
484 4028 596 4082 contra
619 4018 833 4103 prescriptam
861 4015 1007 4101 regulam
1031 4015 1140 4080 datum
1167 4025 1198 4078 et
1222 4027 1408 4102 susceptum
1433 4016 1573 4102 Spiritus
1598 4028 1729 4082 sanctus
1753 4041 1812 4104 per

116 4147 143 4186 aa
162 4147 319 4210 organum
344 4147 447 4207 suurn,
476 4125 560 4189 sicut
583 4124 701 4189 lectum
726 4135 784 4204 est,
813 4123 948 4210 loquens
971 4132 1067 4186 vocat
1090 4121 1170 4186 illud
1193 4123 1411 4208 nequissimae
1436 4123 1677 4210 depredationis
1702 4147 1810 4189 exem-

162 4230 262 4318 plum.
310 4232 337 4296 O
362 4233 486 4296 utinam
510 4230 638 4317 singula
661 4230 753 4293 istius
778 4229 950 4294 decretalis
975 4228 1131 4314 epistolae
1155 4228 1257 4292 verba
1280 4241 1375 4293 caute
1399 4240 1597 4313 notarentur,
1623 4241 1655 4296 et
1678 4230 1719 4295 ab
1744 4233 1810 4318 cpi-

162 4339 270 4424 scopis
301 4350 333 4402 et
363 4337 489 4402 clericis
519 4337 739 4422 intelligenter
769 4347 801 4399 et
830 4335 1021 4400 obedienter
1050 4348 1180 4400 servata
1209 4338 1243 4399 in
1273 4339 1618 4418 usumvertercnturl
1665 4338 1810 4420 Utinam,

163 4508 327 4565 dimittere'.
374 4507 475 4562 Statim
492 4508 618 4561 dominus
634 4506 729 4561 Bruno
750 4506 999 4577 episcopusdixit:
1026 4505 1129 4560 ‘Deum
1152 4506 1309 4574 laudemus,
1335 4513 1363 4561 et
1387 4507 1493 4577 gratias
1516 4507 1569 4562 sibi
1593 4525 1718 4578 agamus,
1736 4510 1810 4579 quod

163 4617 303 4671 dominum
326 4622 451 4671 nostrum
476 4623 506 4668 et
529 4621 615 4684 capnt
638 4621 763 4668 nostrum
782 4614 856 4667 illam
873 4612 993 4668 heresim
1010 4613 1123 4668 dedisse
1141 4612 1278 4683 penitet'.
1314 4613 1395 4668 Tunc
1411 4613 1551 4669 lohannes
1574 4615 1699 4686 rogitans
1722 4615 1810 4670 iratus

117 4746 145 4783 ω
162 4723 341 4778 reclamavit:
368 4721 456 4776 ‘Dicis
479 4739 530 4775 nos
553 4721 674 4775 heresim
697 4721 834 4775 dedisse?
868 4720 969 4773 Nullus
993 4721 1091 4774 amodo
1115 4727 1144 4775 te
1169 4720 1257 4776 debet
1280 4719 1400 4776 sudirc'.
1446 4721 1541 4776 Pruno
1565 4722 1650 4776 dixit:
1676 4721 1810 4777 ‘Probare

163 4831 226 4885 volo
250 4831 371 4884 heresim
388 4827 470 4882 essc'.
508 4829 706 4883 vulturnensis
731 4829 878 4898 opiscopus
902 4827 988 4880 dixit:
1014 4827 1088 4881 ‘Tali
1112 4829 1202 4882 animo
1226 4827 1286 4882 ficri
1310 4835 1417 4899 potest,
1442 4831 1519 4900 quod
1543 4835 1587 4884 est
1610 4830 1735 4897 heresim
1760 4829 1811 4884 sed

163 4937 233 4992 fecit
256 4938 360 4990 invitus
385 4943 414 4990 et
437 4941 561 4990 coactus.
598 4935 660 4988 Non
686 4944 729 4988 cst
753 4935 860 4989 heresis
884 4934 1016 4989 dicenda..
1052 4935 1080 4988 Si
1098 4935 1255 4989 voluntarie
1275 4935 1402 5002 fecisset,
1426 4936 1533 4991 heresis
1557 4937 1669 5007 probari
1693 4915 1812 5006 posset’.

270 5043 303 5097 ln
324 5043 367 5097 his
383 5044 477 5097 verbis
500 5043 653 5096 notandum
672 5051 725 5106 est,
751 5044 824 5111 quod
850 5049 948 5096 contra
972 5043 1165 5112 cpiscoporum
1189 5051 1287 5096 contra
1310 5061 1432 5096 canones
1455 5043 1533 5097 facta
1556 5044 1719 5098 constitutio
1743 5049 1811 5096 tunc

163 5152 192 5204 in
214 5151 335 5206 heresim
353 5151 483 5214 vertitur,
507 5149 530 5203 ai
554 5155 602 5202 aut
627 5150 751 5204 scienter
773 5157 956 5220 perpetretur
980 5157 1028 5203 aut
1052 5155 1116 5220 post
1140 5149 1279 5219 cognitam
1301 5150 1451 5204 veritatem
1474 5151 1510 5204 ab
1533 5151 1594 5220 ipso
1618 5149 1810 5205 constituente

119 5278 145 5316 ts
164 5259 209 5314 rel
233 5259 383 5314 roborante
407 5276 462 5311 non
486 5259 672 5328 dampnetur;
696 5275 743 5323 nc,
768 5257 791 5310 si
816 5274 863 5310 eas
886 5274 940 5310 non
965 5257 1171 5327 darnprraverit,
1195 5256 1256 5326 ipse
1282 5257 1461 5327 dampnetur.

270 5365 392 5420 Damaso
415 5383 506 5435 papas
521 5364 676 5419 ieronimus
687 5360 714 5417 3:
739 5362 825 5419 Novit
845 5370 946 5419 sanctu
970 5361 1124 5419 auctoritas
1147 5369 1204 5430 tua,
1227 5381 1309 5437 papa
1331 5363 1500 5431 venerande,
1525 5362 1593 5438 quia
1616 5364 1650 5418 de
1673 5362 1896 5438 quaestionatae.

163 5503 206 5510 —
230 5503 274 5511 —
303 5491 362 5528 rem
393 5470 635 5528 corroborandam
665 5469 756 5527 citavi.
803 5471 879 5524 Hist.
904 5469 992 5542 Grcg.
1016 5465 1222 5525 Naaanzenus³
1247 5470 1380 5524 mirabilis
1405 5471 1518 5525 doctor:
1552 5467 1673 5543 Oyrillas
1707 5501 1742 5510 —
1769 5499 1810 5508 --

165 5578 396 5635 anathematizati
417 5587 483 5635 sunt
504 5579 533 5634 in
556 5576 664 5634 Moeno
689 5576 811 5634 ‹forrcilia

274 5737 303 5806 1)
328 5738 454 5795 Retraet.
476 5740 552 5812 prol.
576 5734 641 5811 §L
661 5737 690 5808 2,
717 5737 790 5813 opp.
816 5733 870 5811 (ed.
896 5733 1018 5812 Bened.)
1042 5737 1064 5793 Ι
1082 5731 1210 5811 (1679),
1237 5739 1286 5793 col.
1308 5738 1334 5792 1.
1421 5735 1451 5804 2)
1477 5735 1570 5811 Epist.
1591 5736 1639 5792 17.
1666 5737 1707 5793 ed.
1732 5735 1810 5792 Ball.

121 5844 188 5915 ⁶⁰1,
213 5848 265 5902 col.
290 5846 341 5902 27.
435 5843 465 5915 3)
489 5844 556 5902 Non
577 5846 679 5904 inveni.
