4410 6406
439 391 503 456 336
733 395 913 454 GERHOHI
931 395 1172 453 PRAEPOSITI
1194 393 1602 452 RElCHERSBERGllNSIS
1626 395 1792 452 LIBELLI.

440 587 581 672 positum
611 582 778 671 regalibus
806 582 1001 670 quibusdam
1031 583 1165 670 insuper
1194 579 1376 668 insignibus
1407 579 1585 661 decoravit,
1614 580 1668 646 cui
1698 579 1740 645 ad
1771 581 1902 646 honoris
1934 581 2090 648 cumulum

441 693 538 758 etiam
560 693 632 779 ipse
648 689 880 756 Constantinus
903 699 1018 754 tenens
1041 689 1168 754 frenum
1192 711 1252 775 per
1268 688 1433 752 civitatem
1456 687 1602 751 stratoris
1626 686 1771 752 officium
1787 686 1939 752 exhibuit
1950 690 1970 751 ¹.
2000 687 2091 754 Unde

438 820 541 884 usque
572 797 669 863 hodie
693 795 871 878 amborum,
902 796 950 883 pii
972 795 1127 860 videlicet
1156 795 1313 882 principis
1338 791 1542 858 Constantini
1572 794 1715 882 itemque
1746 792 1835 859 beati
1860 793 2011 860 Silvestri
2035 794 2092 860 Ro-

439 905 526 970 mani
550 903 723 992 pontificis,
752 903 909 968 memoria
936 903 970 966 in
992 901 1221 967 benedictione
1246 910 1295 965 est
1318 909 1351 965 et
1373 899 1488 964 funins
1512 921 1642 986 semper
1664 899 1764 966 debet
1787 923 1859 966 esse
1883 899 2094 988 temporibus.

543 1009 701 1076 Adiciunt
716 1031 846 1096 quoque
863 1018 896 1073 et
912 1008 1040 1073 dicunt:
1058 1008 1131 1072 Hoc
1147 1007 1189 1073 de
1206 1007 1347 1072 ecclesia
1363 1005 1569 1071 sentiendum
1585 1018 1643 1089 est,
1661 1006 1749 1094 quod
1766 1017 1800 1073 et
1814 1009 1849 1072 in
1862 1007 1995 1074 Christo
2011 1007 2095 1072 Iesu.
2112 1034 2123 1072 s

441 1117 524 1183 Nam
548 1117 633 1182 sicut
662 1118 695 1181 in
719 1115 849 1182 Christo
872 1115 948 1180 Iesu
972 1115 1125 1180 distincta
1147 1115 1357 1180 inveniuntur
1379 1122 1525 1200 tempora
1547 1113 1708 1200 passionis
1732 1123 1765 1179 et
1786 1113 1906 1201 glorie:
1936 1113 2098 1201 passionis

290 1251 419 1300 rsuram.
441 1223 596 1289 videlicet
626 1223 780 1311 preterita
809 1245 883 1288 cum
912 1231 1047 1310 accepto
1074 1231 1168 1286 aceto
1192 1220 1292 1284 dixit:
1321 1220 1572 1286 Consummatum
1597 1235 1658 1286 est:
1680 1219 1782 1307 glorie
1807 1243 1886 1285 vero
1910 1221 2099 1307 incipientis

285 1357 419 1406 narona.
441 1329 528 1418 apud
552 1329 699 1395 homines
722 1351 765 1394 ex
789 1351 853 1415 quo
877 1350 1052 1415 resurgens
1076 1350 1096 1392 a
1118 1327 1252 1393 mortuis
1276 1329 1457 1392 constantes
1480 1341 1524 1392 ost
1545 1352 1565 1391 o
1585 1327 1653 1392 Deo
1676 1329 1774 1394 indes
1795 1331 1942 1394 vicorum
1966 1343 1995 1393 et
2018 1353 2101 1392 mor-

262 1463 420 1513 asmoras.
438 1452 571 1519 mnam,
594 1435 681 1501 unde
705 1445 738 1500 et
764 1436 834 1522 ipse
858 1457 1033 1521 resurgens
1057 1457 1078 1499 a
1099 1434 1233 1500 mortuis
1262 1433 1322 1498 ait:
1355 1433 1442 1498 Doto
1465 1447 1509 1498 cst
1531 1433 1615 1498 milri
1635 1437 1736 1500 omneis
1755 1449 1893 1522 potestas
1923 1438 1961 1500 r'n
1984 1435 2052 1500 celo
2076 1449 2104 1499 et

289 1571 421 1620 rasa-s.
440 1547 474 1610 in
496 1558 581 1609 terro
611 1553 644 1607 et
667 1541 835 1630 psalmista
864 1539 906 1605 de
936 1541 1007 1628 ipso
1031 1550 1204 1628 utrumque
1233 1562 1298 1605 uno
1322 1561 1420 1603 versu
1450 1539 1687 1626 complectens:
1719 1541 1872 1608 Minuisti
1898 1567 1971 1608 enm
1995 1543 2145 1629 pralon

438 1651 543 1716 minue
565 1651 605 1716 ab
620 1651 753 1738 capelia,
773 1649 880 1738 ylore‘o
904 1647 1068 1712 ethonore
1092 1649 1252 1712 coronasti
1271 1671 1339 1712 cnm
1363 1661 1393 1712 ct
1414 1649 1604 1712 consts'ttrratr‘
1623 1671 1692 1712 enm
1715 1671 1811 1735 snper
1825 1673 1923 1736 opero
1947 1673 2104 1713 mannum

438 1771 574 1837 merom,
598 1759 704 1822 omnio
727 1756 891 1820 enecari
910 1755 967 1820 snb
986 1754 1124 1842 pedatus
1145 1753 1232 1818 eina:
1261 1753 1306 1817 ita
1330 1763 1363 1817 et
1385 1752 1419 1816 in
1443 1751 1583 1816 ecclesia
1606 1751 1759 1818 distincta
1788 1755 2002 1819 inveniuntur
2026 1776 2104 1841 pas-

439 1863 538 1928 sionis
563 1871 595 1927 et
617 1861 740 1949 gloriae
770 1871 928 1948 tempora.
973 1859 1058 1924 Nam
1087 1869 1235 1946 tempora
1264 1859 1425 1946 passionis
1449 1859 1480 1923 ei
1504 1859 1681 1924 extiterrmt
1704 1883 1767 1947 que
1791 1870 1825 1926 et
1846 1862 2104 1949 persecutionis,

439 1968 569 2058 quando
593 1991 653 2056 per
675 1968 906 2055 imperatorum
930 1966 1099 2054 gentilium
1122 1965 1231 2032 edicta
1255 1964 1400 2030 crudelia
1423 1966 1556 2052 sanguis
1579 1967 1747 2031 martirum
1771 1967 1892 2032 effrrsus
1916 1978 1970 2032 est
1993 1990 2105 2055 usque

438 2073 481 2140 ad
504 2084 652 2162 tempora
674 2075 721 2162 pii
744 2074 901 2162 principis
925 2071 1140 2155 Constantini,
1165 2095 1239 2138 oum
1262 2071 1417 2137 videlicet
1446 2071 1588 2138 ecclesia
1616 2071 1759 2159 gloriosa
1788 2073 1849 2139 fuit
1872 2073 1964 2161 apud
1988 2075 2105 2140 Deum
2125 2099 2148 2138 rs

438 2190 564 2246 tantum
587 2191 619 2246 et
641 2203 707 2246 non
730 2179 818 2268 apud
841 2180 999 2260 homines,
1024 2201 1066 2244 ex
1089 2189 1166 2244 tunc
1187 2201 1265 2244 vero
1289 2180 1387 2244 etiam
1410 2180 1483 2267 ipsa
1505 2178 1609 2266 gloria
1631 2180 1809 2246 ethonore
1832 2204 1871 2246 ac
1894 2181 2025 2247 divitiis
2051 2204 2103 2245 re-

438 2286 566 2374 galibus
590 2298 687 2352 aucta
709 2287 796 2374 oepit
819 2307 891 2352 esse
914 2286 1057 2373 gloriosa
1078 2307 1144 2350 non
1167 2284 1270 2351 solum
1293 2285 1381 2373 apud
1404 2286 1523 2367 Deum,
1548 2285 1606 2351 sed
1629 2287 1728 2352 etiam
1750 2287 1838 2375 apud
1861 2288 2024 2370 homines,
2054 2290 2104 2352 in·

439 2394 566 2459 clinatis
595 2395 748 2460 nimirum
779 2391 822 2457 ad
846 2413 919 2457 eam
948 2389 1080 2478 regibus
1111 2413 1149 2456 ac
1180 2413 1354 2479 regnorum
1378 2391 1574 2458 culminibus
1598 2404 1631 2459 et
1654 2403 1839 2460 sanctorum
1869 2395 2103 2461 confessiones

438 2523 497 2587 pro
526 2501 705 2586 ignominia
730 2499 839 2586 priore
869 2500 903 2563 in
926 2497 1064 2564 edificiis
1088 2508 1121 2562 et
1143 2497 1330 2585 prediorum
1361 2497 1589 2564 donationibus
1619 2500 1792 2587 magnifice
1822 2500 2100 2588 glorificantibus,

438 2607 609 2692 interque
633 2607 731 2672 etiam
754 2605 882 2692 regales
906 2605 937 2670 ei
960 2604 1093 2691 quidam
1116 2605 1254 2670 honores
1279 2605 1387 2670 collati
1411 2617 1495 2688 sunt,
1518 2615 1555 2669 ut
1576 2605 1650 2693 ipsi,
1679 2608 1762 2672 sicut
1784 2609 2003 2695 premisimus,
2031 2609 2103 2676 dici
2121 2635 2147 2678 n

297 2735 361 2776 osne.
370 2737 390 2786 1,
398 2737 419 2776 s.
439 2713 612 2778 conveniat
635 2734 655 2776 a
678 2734 796 2799 sponso
827 2734 885 2777 suo
909 2709 1049 2794 Christo,
1075 2710 1161 2799 quod
1185 2713 1343 2800 equitatui
1372 2711 1442 2776 eius
1472 2713 1506 2776 in
1529 2710 1679 2778 curribus
1701 2713 1882 2780 Pharaonis
1913 2716 2102 2782 assimilata

438 2819 480 2883 sit
502 2820 608 2884 amica
631 2819 711 2884 eius.
747 2817 849 2884 Cuius
872 2819 920 2884 rei
943 2828 1051 2906 typus,
1075 2819 1176 2900 aiunt,
1200 2818 1234 2882 in
1249 2817 1352 2883 tribus
1374 2840 1503 2906 quoque
1526 2820 1636 2906 pueris
1660 2830 1693 2884 et
1716 2831 1831 2908 quarto
1854 2823 1944 2887 socio
1970 2845 2100 2904 eorum,

304 2949 419 3000 nanos.
438 2925 588 3008 Daniele,
619 2927 788 3013 precessit.
835 2924 886 2990 Illi
915 2947 1056 3012 namque
1087 2925 1220 2991 fornace
1250 2923 1422 2990 Babilonie
1452 2937 1606 3013 superata
1635 2927 1738 2992 incliti
1766 2927 1974 3015 postmodum
2005 2928 2100 3016 apud

438 3054 548 3119 regem
572 3030 676 3097 habiti
699 3041 732 3097 et
754 3033 961 3118 magistratus
985 3031 1107 3096 honore
1134 3033 1168 3095 in
1191 3032 1354 3119 provintia
1376 3030 1547 3098 Babilonie
1570 3031 1673 3099 functi
1697 3045 1788 3118 sunt,
1816 3034 1936 3100 Daniel
1961 3058 2099 3124 quoque

437 3149 511 3226 post
532 3139 691 3225 regalium
707 3138 899 3204 solutionem
915 3139 1122 3221 somniorum,
1147 3150 1220 3226 post
1241 3138 1421 3226 scripturae
1440 3140 1538 3204 etiam
1558 3140 1593 3204 in
1613 3141 1736 3227 pariete
1753 3140 1825 3206 aule
1842 3141 1962 3228 regalis
1980 3155 2098 3208 contra
2116 3169 2143 3208 ss

321 3233 419 3337 ”5⁶:232
438 3244 670 3311 candelabrum
687 3247 807 3333 scripte
823 3245 997 3310 lectionem
1013 3244 1108 3310 simul
1131 3256 1164 3310 et
1185 3246 1486 3332 interpretationem
1510 3255 1543 3312 et
1566 3247 1655 3334 *ipse
1679 3257 1793 3334 torque
1817 3270 1917 3313 aureo
1940 3252 2096 3315 coronari

437 3360 471 3416 et
492 3353 613 3416 tercius
635 3353 669 3417 in
693 3375 794 3438 regno
817 3351 970 3417 Baltasar
991 3350 1106 3416 haberi
1128 3351 1256 3434 meruit,
1281 3353 1365 3416 sicut
1387 3353 1421 3416 in
1444 3375 1545 3438 regno
1569 3376 1697 3440 quoque
1715 3353 2022 3421 Nabuchodonosor
2046 3358 2095 3422 in-

438 3458 533 3524 clitus
556 3459 719 3540 extiterat,
743 3468 779 3523 ut
806 3459 840 3522 in
868 3457 931 3523 illis
954 3456 1058 3524 tribus
1081 3457 1237 3523 videlicet
1265 3459 1375 3545 pueris
1406 3460 1572 3533 martirum
1603 3459 1747 3526 laborem
1777 3471 1810 3526 et
1836 3460 2092 3550 subsequentem

436 3564 583 3652 gloriam,
613 3566 647 3630 in
671 3564 811 3630 Daniele
835 3587 914 3630 vero
938 3576 1122 3630 sanctorum
1147 3565 1369 3630 confessorum
1392 3575 1490 3652 atque
1514 3565 1681 3632 doctorum
1704 3567 1931 3654 vigilantiam⁸
1955 3579 1989 3634 et
2010 3569 2092 3657 liga

436 3681 541 3736 torum
572 3671 720 3738 solvendi
750 3672 901 3759 peritiam
930 3672 1073 3759 itemque
1098 3670 1349 3758 subsequentem
1372 3671 1510 3758 gloriam
1533 3673 1743 3759 temporalem
1768 3674 1863 3740 simul
1887 3685 1920 3740 et
1944 3685 2091 3741 eteniam
2109 3701 2137 3741 so

437 3779 546 3865 typice
577 3777 764 3866 prefulsisse
795 3778 1002 3843 manifestum
1033 3779 1083 3843 sit.
1129 3777 1256 3843 Horum
1280 3780 1378 3843 etiam
1401 3780 1498 3844 trium
1521 3778 1555 3844 id
1578 3789 1628 3844 est
1650 3780 1816 3845 martirum
1840 3791 1939 3868 atque
1963 3784 2090 3849 confes-

437 3885 536 3949 sionis
559 3883 613 3949 vel
636 3895 835 3950 secretorum
858 3883 1007 3950 solvendi
1030 3885 1145 3972 peritis
1170 3907 1209 3950 ac
1233 3894 1383 3950 secubare
1407 3907 1466 3972 pro
1489 3895 1626 3973 utroque
1650 3885 1737 3973 apud
1753 3887 1861 3953 Deum
1886 3900 1919 3953 et
1942 3887 2089 3955 homines

435 3990 558 4077 gloriae
582 3991 616 4055 in
639 4013 703 4056 uno
727 3989 846 4077 Ioseph
869 4001 966 4078 typus
990 3991 1181 4056 manifestus
1204 3991 1362 4078 prefulsit.
1410 3991 1494 4056 Nam
1517 3993 1551 4055 in
1574 4003 1652 4079 typo
1675 3995 1811 4058 martirii
1838 3995 1997 4061 innocens
2021 4019 2089 4062 car-

436 4119 544 4163 cerem
575 4098 736 4180 sustinuit,
767 4098 801 4160 in
830 4107 909 4184 typo
940 4097 1153 4163 confessionis
1176 4096 1229 4163 vel
1252 4097 1419 4162 doctrinae
1451 4099 1576 4162 somnia
1605 4099 1691 4185 regis
1722 4098 1879 4184 dissolvit,
1911 4102 1944 4166 in
1975 4113 2088 4191 typum

278 4226 417 4277 canuno.
435 4203 558 4290 gloriae
582 4214 753 4269 secutume
778 4204 875 4268 etiam
899 4205 970 4291 ipse
986 4202 1146 4290 gloriosus
1169 4212 1202 4268 et
1224 4213 1298 4290 post
1321 4225 1432 4289 regem
1447 4202 1652 4270 Pharaonem
1670 4205 1831 4271 secundus
1850 4209 1884 4272 in
1900 4231 2003 4295 regno
2020 4213 2089 4275 eius
2107 4235 2134 4275 ss

435 4309 565 4376 habitus
589 4321 646 4376 est.
693 4310 806 4396 Igitur,
838 4311 937 4392 aiunt,
969 4311 1052 4374 sicut
1081 4311 1116 4374 in
1145 4311 1311 4398 premissis
1334 4310 1454 4374 veteris
1485 4311 1691 4376 instrumenti
1713 4313 1862 4399 prefulsit
1890 4315 2089 4402 imaginibus

435 4416 591 4482 indecens
614 4417 720 4482 rideri
743 4439 807 4482 non
831 4414 939 4499 debet,
970 4418 1067 4482 immo
1090 4439 1169 4482 vero
1193 4415 1328 4502 dignum
1352 4427 1384 4480 et
1407 4416 1526 4481 iustum
1557 4427 1701 4483 sanctam
1726 4419 1899 4485 ecclesiam
1930 4445 1989 4509 pro
2015 4445 2089 4488 oon·

436 4523 593 4589 solatione
616 4521 737 4589 laboris
761 4524 1076 4609 ignominiarumque
1098 4523 1326 4610 preteritarum
1349 4546 1414 4588 non
1431 4523 1534 4588 solum
1559 4523 1741 4612 sumptibus
1765 4526 1914 4592 adiuvari
1937 4552 2088 4594 necessa-

435 4630 502 4712 riis,
526 4628 586 4694 sed
608 4627 773 4716 regalibus
789 4651 918 4716 quoque
942 4631 1076 4716 insuper
1090 4628 1267 4694 honoribus
1291 4641 1387 4716 atque
1412 4629 1533 4695 divitiis
1550 4630 1772 4720 honorumque
1793 4633 1976 4720 insignibus
1992 4635 2088 4701 deco-

435 4737 511 4801 rari.
546 4736 619 4801 Heo
643 4737 703 4800 etsi
726 4745 803 4800 tunc
827 4736 982 4822 temporis
1006 4736 1115 4800 omnia
1133 4735 1215 4801 forte
1239 4734 1281 4800 ab
1297 4737 1459 4823 episcopis
1483 4737 1619 4824 aliisque
1644 4761 1686 4802 ex
1702 4739 1790 4805 clero
1813 4741 1848 4804 in
1863 4740 2088 4808 defensionem
2105 4769 2134 4808 so

436 4842 699 4908 aecclesiasticae
715 4840 921 4907 sublimitatis
940 4841 1072 4931 [dictab]
1089 4853 1176 4907 non⁰
1194 4853 1277 4925 sunt,
1301 4853 1411 4908 tamen
1428 4843 1608 4910 seeundum
1624 4846 1783 4932 scripture
1800 4858 1932 4913 sanctae
1949 4850 2088 4914 auctori-

435 4960 534 5015 tatem
561 4948 627 5014 dici
650 4958 833 5036 potuerunt.
878 4947 924 5013 At
946 4971 1034 5030 vero,
1060 4949 1116 5036 qui
1145 4971 1204 5035 pro
1234 4959 1326 5036 parte
1357 4960 1450 5015 erant
1479 4952 1565 5037 regis
1596 4951 1747 5018 sufficere
1777 4951 1909 5018 aiebant
1939 4955 2088 5022 ecclesiis

436 5054 556 5121 debere
587 5055 730 5121 decimas
761 5066 793 5120 et
823 5053 1026 5120 oblationes²
1054 5054 1184 5137 liberas,
1215 5054 1323 5120 idest
1352 5056 1439 5121 nullo
1470 5056 1571 5143 regali
1595 5057 1648 5123 vel
1676 5059 1836 5146 imperiali
1866 5063 2001 5127 servitio
2032 5061 2087 5128 ob-

544 5306 570 5370 a)
591 5309 736 5376 vigilantia
754 5327 775 5360 c.
848 5307 876 5370 b)
897 5309 964 5359 dccet
979 5327 1018 5370 c.;
1035 5311 1118 5374 suppl.
1139 5307 1196 5360 sets.
1271 5307 1297 5370 e)
1320 5326 1375 5361 non
1394 5335 1427 5344 -
1448 5317 1595 5377 potuerunt
1612 5313 1640 5362 in
1658 5329 1738 5380 mory.
1755 5314 1816 5366 add.
1834 5333 1856 5366 c.

546 5522 574 5595 1)
601 5523 782 5584 &mutuam
808 5522 986 5583 Comtontinr'
1014 5526 1057 5582 ed.
1083 5526 1203 5584 Zeumer
1225 5522 1321 5599 §165
1351 5526 1393 5598 cf.
1422 5527 1469 5584 De
1496 5528 1596 5586 ordine
1626 5531 1762 5588 donomm
1786 5532 1817 5589 8.
1843 5531 1967 5608 Spiritu
1995 5553 2087 5610 supro
2103 5549 2129 5589 ss

430 5651 462 5706 p.
483 5630 555 5687 283.
626 5631 657 5701 2)
683 5629 732 5702 Cs.
754 5630 902 5688 Placidum
922 5631 1079 5690 Nonontul.
1102 5632 1171 5690 liber
1190 5633 1225 5689 dc
1245 5633 1351 5690 bonore
1371 5635 1435 5690 cccl.
1453 5653 1477 5691 c.
1496 5634 1548 5706 43,
1573 5635 1634 5692 Lib.
1653 5637 1693 5706 II,
1713 5659 1746 5714 p.
1765 5638 1847 5708 587,·
1871 5639 1995 5715 Kayser,
2016 5641 2085 5698 Plo-

435 5737 513 5795 cidue
534 5757 560 5794 n.
586 5736 753 5795 Nonontulo
775 5732 856 5812 (Kicl
880 5733 976 5813 1888)
995 5758 1028 5814 p.
1045 5738 1094 5808 17,
1119 5757 1147 5796 n.
1166 5737 1195 5795 5.
