4544 6420
484 381 544 442 102
827 383 997 440 nnxunrl
1022 370 1216 439 sstslsxsffi
1243 345 1538 437 llissfflmncoxl
1562 381 1784 436 inversura.

483 573 644 654 conducit,
670 574 851 636 ministrum
875 587 905 636 tc
931 573 1090 635 scismatis
1115 565 1282 644 addixisti,
1309 583 1343 634 ut
1367 570 1470 634 inutili
1496 570 1666 656 privilegio
1691 568 1868 634 donareris.
1904 567 2059 630 Formata
2083 579 2133 630 est

483 679 551 758 tibi,
576 679 634 744 sed
658 680 774 760 inanis,
798 701 885 742 nora
907 678 1037 763 legatio,
1063 690 1094 740 et
1119 672 1276 764 quicquid
1299 675 1341 740 ab
1366 675 1504 762 Alpibus
1529 699 1631 762 usque
1656 675 1697 739 ad
1721 675 1801 740 lines
1820 674 2009 740 Occidentis
2033 675 2131 736 inter-

482 788 576 866 iacet,
608 797 682 850 tuae
714 786 838 862 ditioni,
871 785 928 848 sed
958 785 1130 858 inefficaci,
1162 783 1335 848 donatione
1367 782 1547 846 subiectum
1574 795 1631 845 est.
1679 782 1721 845 Et
1751 803 1791 844 nc
1825 780 1997 848 excedenti
2029 778 2130 843 ambi-

482 893 561 958 tioni
585 904 659 957 tuae
684 893 830 956 fortassis
855 893 1021 977 angustior
1044 891 1264 976 predictorum
1287 891 1398 953 finium
1423 890 1614 975 prescriptio
1632 889 1806 968 videretur,
1832 887 1994 954 adiectum
2012 903 2071 966 cst,
2096 898 2131 950 ut

482 999 677 1086 ubicumque
702 998 842 1063 calcaret
867 1023 923 1084 pes
947 1004 1054 1076 tuus¹‚
1086 996 1130 1060 ibi
1155 1010 1241 1061 essct
1271 996 1390 1082 legatio
1415 1008 1480 1060 tua.
1526 996 1694 1074 invenisti,
1720 993 1870 1072 eirardo,
1902 994 2065 1058 hominem
2091 993 2162 1057 des

482 1106 587 1170 alieno
611 1106 808 1186 munificum,
834 1104 891 1169 sed
916 1106 942 1168 si
966 1106 1013 1168 rei
1037 1103 1176 1168 fructum
1194 1103 1367 1188 diligenter
1383 1103 1542 1176 attendas,
1568 1101 1643 1166 dum
1661 1101 1720 1165 tibi
1737 1100 1960 1166 rescribuntur
1975 1102 2130 1180 maxima,

482 1215 615 1276 minima
638 1213 799 1298 recepisti.
848 1211 935 1276 Nihil
959 1213 1044 1275 enim
1069 1210 1128 1274 tibi
1151 1211 1268 1275 Petrus
1293 1211 1460 1296 impendit,
1490 1211 1550 1273 nisi
1576 1207 1664 1294 quod
1686 1231 1747 1272 nec
1772 1207 1813 1271 ab
1838 1209 1918 1293 ipso,
1943 1231 2004 1271 nec
2029 1209 2130 1293 ipsius

482 1331 587 1404 potest
610 1321 738 1383 nomine
755 1319 926 1405 possideri.
961 1318 1114 1404 implerit
1137 1329 1245 1382 tamen
1270 1340 1364 1381 aures
1388 1329 1460 1380 tuas
1484 1316 1669 1402 spatiositas
1694 1315 1940 1400 circumscripta
1960 1325 2130 1396 terrarum,

482 1438 514 1489 et
538 1426 749 1511 cupiditatem
773 1439 861 1489 tuam
880 1426 940 1488 'rei
965 1424 1104 1510 qualitas
1129 1427 1278 1489 estimato
1302 1424 1368 1488 solo
1393 1424 1499 1487 statim
1516 1421 1635 1506 gaudio
1661 1423 1800 1484 satiarit.
1838 1420 1903 1486 Sed
1920 1419 2129 1486 ambitionem

482 1545 569 1596 tuam
593 1532 802 1618 dignissimus
827 1534 957 1618 excepit
981 1543 1127 1612 eventus,
1160 1531 1236 1595 dum
1260 1555 1375 1595 munus
1398 1529 1511 1594 inutile
1535 1529 1639 1615 prima
1663 1530 1771 1592 statim
1797 1551 1903 1591 rerum
1927 1529 2177 1615 experientiam

482 1638 757 1725 deprehendisti&
804 1639 942 1702 Emissis
973 1640 1072 1724 igitur
1103 1663 1143 1702 cx
1173 1639 1258 1702 tinini
1290 1649 1379 1724 parte
1405 1635 1600 1716 cursoribus,
1627 1636 1741 1721 cepisti
1766 1636 1931 1721 principes
1955 1634 2130 1700 sollicitare

481 1745 643 1826 finitimos,
669 1767 724 1810 eos
749 1744 882 1824 scilieet,
908 1747 972 1831 qui,
1004 1747 1050 1808 rei
1075 1745 1216 1808 nondum
1242 1745 1371 1829 cognita
1395 1745 1542 1820 veritate,
1574 1744 1719 1807 neutrius
1744 1741 1850 1806 adhuc
1874 1742 1976 1827 partis
1999 1742 2130 1808 nomine

481 1851 677 1916 nitebantur.

588 1979 618 2040 6.
654 1977 706 2040 De
731 1975 1017 2040 circumveniendo
1041 1987 1149 2038 autern
1166 1967 1242 2061 rege
1260 1975 1439 2061 Anglorum
1457 1975 1600 2040 chrico
1617 1976 1772 2061 precipue
1797 1973 1979 2054 laborabas,
2006 1974 2130 2060 etquis

481 2084 693 2147 canteriatam
725 2083 958 2146 conscientiam
989 2080 1113 2145 habens
1144 2083 1283 2168 principi
1316 2082 1474 2147 catholico
1506 2095 1538 2145 et
1569 2083 1707 2168 sapienti
1736 2081 1776 2145 de
1802 2081 2007 2166 suscipiendo
2032 2081 2129 2146 Petro
2152 2107 2176 2144 rs

481 2191 600 2254 Leonis
631 2189 801 2252 manifeste
838 2211 1012 2273 suggerere
1048 2211 1112 2252 non
1143 2187 1301 2268 audebas,
1338 2201 1372 2253 ut
1403 2199 1551 2252 neutrum
1583 2190 1763 2274 susciperet
1794 2187 1934 2252 mirabili
1965 2187 2129 2254 sollertiab

482 2295 691 2382 suggerebas,
716 2297 760 2359 ita
784 2307 902 2376 tamen,
927 2309 962 2359 ut
986 2297 1018 2358 in
1043 2296 1176 2359 Petrum
1200 2307 1256 2359 tua
1280 2295 1466 2381 aliquanto⁰
1491 2294 1666 2381 proclivior
1689 2296 1791 2360 oratio
1816 2294 2013 2358 videretur-2
2048 2295 2130 2362 Rem

482 2414 566 2467 stare
598 2401 657 2466 sub
689 2401 798 2483 dubio,
830 2402 946 2466 multos
977 2404 1142 2488 utriusque
1174 2404 1275 2487 parus
1307 2425 1377 2466 osse
1405 2403 1558 2476 fautores
1590 2402 1760 2466 festinasse
1785 2401 1953 2487 quosdam,
1985 2402 2042 2487 qui
2064 2402 2129 2466 iam

481 2509 581 2573 inulta
604 2509 783 2594 penitentia
808 2507 1019 2590 ducerentur3
1050 2509 1140 2572 Petri
1163 2509 1283 2573 Leonis
1315 2511 1347 2572 in
1373 2511 1502 2573 civitate
1534 2507 1821 2594 inexpugnabilem
1846 2531 1916 2571 esse
1941 2509 2129 2594 potentiam.

481 2617 650 2701 presertim
675 2617 731 2701 qui
755 2614 987 2680 munitionibus
1011 2617 1173 2696 maximis,
1198 2618 1254 2702 qui
1277 2618 1417 2702 pecunia
1433 2616 1581 2702 plurima,
1606 2617 1661 2701 qui
1679 2614 1819 2700 denique
1837 2626 2007 2701 parentum
2024 2613 2129 2681 multi·
2149 2642 2176 2679 eo

482 2722 591 2786 tudine
616 2723 760 2786 maxima
783 2721 968 2804 fulciretur,
993 2745 1182 2786 asseverare
1206 2722 1322 2786 nndtos
1346 2724 1452 2808 ipsum
1475 2745 1539 2786 non
1564 2723 1695 2802 iustitia,
1721 2721 1779 2784 sed
1802 2723 1908 2807 potius
1932 2721 2057 2785 invidia
2081 2743 2129 2786 re-

482 2827 684 2914 probatnmd,
717 2839 776 2893 eo⁰
802 2828 890 2915 quod
913 2830 1088 2914 perspicax
1112 2830 1181 2894 eius
1204 2831 1370 2915 ingenium
1396 2841 1428 2893 et
1451 2828 1696 2915 amplitudinem
1721 2829 1820 2892 animi
1849 2839 1881 2891 et
1905 2826 2129 2913 *irrefragabi-

482 2935 544 2999 lem
569 2937 745 3021 potcntiam
769 2935 886 3022 reliqui
903 2947 1109 3020 vererentur3
1134 2937 1297 3000 neminem
1321 2947 1430 3000 tamen
1454 2959 1536 3014 esse,
1561 2938 1616 3022 qui
1640 2947 1751 3022 posset
1775 2957 1849 2999 eum
1865 2933 1974 2999 urbisr
1998 2935 2129 3020 privare

482 3041 633 3124 dominio,
665 3064 766 3129 penes
797 3065 894 3128 quam
925 3053 1022 3129 eaput
1051 3042 1208 3106 ecelesiae
1233 3065 1362 3128 semper
1384 3043 1494 3124 fuisse,
1526 3042 1641 3106 sedet
1665 3042 1805 3128 denique
1831 3063 2037 3106 reversurum
2060 3043 2128 3105 fore

481 3148 585 3212 nullus
610 3149 806 3234 ambigeret;
837 3151 944 3234 ipsum
968 3161 999 3213 et
1023 3172 1089 3230 eos,
1114 3151 1170 3235 qui
1194 3172 1267 3214 cum
1291 3151 1360 3236 ipso
1386 3161 1487 3231 erant,
1520 3149 1717 3214 sufficientes
1741 3172 1783 3214 ex
1806 3149 1937 3235 proprio
1962 3159 1993 3212 et
2017 3170 2128 3212 omnes
2148 3173 2174 3214 n

481 3255 522 3320 ad
546 3255 761 3341 apostolatum
786 3256 985 3342 pertinentes
1010 3255 1122 3320 civiles
1147 3256 1292 3320 redditus
1317 3256 1481 3338 obtinere;
1512 3279 1578 3320 non
1602 3268 1749 3342 oportere
1781 3257 1886 3342 ipsum
1917 3254 1981 3318 adg
2005 3254 2129 3318 alienas

481 3364 641 3448 inspicere
666 3362 846 3440 facultates,
872 3386 932 3426 nec
957 3362 998 3426 ad
1021 3363 1248 3428 invertendum
1273 3363 1432 3450 quidlibet
1455 3365 1503 3428 rei
1526 3363 1695 3427 familiaris
1719 3364 1829 3448 inopia
1852 3361 2127 3447 compellendum3

481 3470 508 3532 si
532 3471 711 3555 susciperet
735 3470 882 3546 alterum,
908 3493 1078 3534 onerosum
1102 3469 1164 3534 sibi
1189 3482 1221 3534 et
1244 3494 1301 3535 suo
1326 3495 1426 3556 regno
1443 3471 1512 3536 fore
1523 3475 1544 3550 ³,
1570 3482 1602 3534 et
1618 3470 1705 3556 quod
1722 3470 1791 3554 regi
1808 3479 1857 3532 est
1873 3469 1970 3532 etiarn
1987 3468 2129 3554 dampno

586 3669 613 3732 a)
636 3671 803 3736 deprendisti
823 3689 843 3720 c.
934 3669 962 3726 b)
983 3669 1096 3721 solertia
1118 3671 1148 3722 G.
1169 3671 1199 3720 Ρ.
1291 3671 1317 3734 c)
1339 3672 1479 3738 aliquanta
1499 3673 1533 3722 1).
1624 3671 1653 3733 d)
1675 3672 1820 3738 reprobatu
1840 3671 1874 3720 D.
1966 3669 1991 3733 e)
2013 3688 2073 3722 emo
2095 3671 2128 3720 D.

480 3759 501 3818 f)
522 3760 630 3825 privare
650 3759 725 3808 urbis
744 3777 763 3808 e.
837 3761 865 3824 g)
888 3768 915 3810 et
934 3759 964 3810 P.
2149 3773 2175 3812 ³0

481 3942 499 3978 a
518 3922 784 3997 praedecessoribus
808 3923 866 3978 seris
890 3943 1046 3979 coricessam
1071 3923 1242 3999 assignarit;
1266 3923 1353 3998 Jaffe'
1372 3944 1417 3982 nr.
1437 3925 1541 3993 esth
1568 3925 1698 4000 Bouguet
1720 3925 1754 3980 Χ
1756 3925 1787 3994 V,
1814 3924 1886 3980 362.
1934 3924 1990 3980 Die
2010 3925 2035 3979 l.
2056 3924 2131 3980 Maii

482 4028 617 4103 qiiscopis
647 4028 809 4104 quibasdam
844 4027 1015 4098 Girordrnn,
1052 4032 1171 4106 legatam
1201 4051 1278 4087 arctim
1305 4051 1362 4107 per
1393 4031 1566 4088 Britanniae
1597 4031 1821 4107 Agnitarrinegue
1846 4040 1961 4106 partes,
1993 4051 2129 4088 carrinen-

481 4135 574 4204 ‹lacit,·
608 4133 696 4207 Jaffe'
722 4155 767 4191 nr.
795 4135 898 4204 837&
934 4135 1063 4211 Bouquet
1092 4137 1158 4202 XV.
1193 4137 1264 4192 363.
1313 4137 1373 4194 Sed
1401 4139 1565 4194 Arracletum
1595 4136 1719 4196 Girardi
1748 4139 1911 4213 legationem
1937 4147 2040 4213 postea
2069 4158 2129 4194 arri-

476 4241 584 4315 pliasse
607 4260 625 4297 a
649 4241 767 4298 diversis
791 4249 942 4316 temporum
971 4242 1079 4298 illorum
1107 4243 1288 4318 scriptoribus
1320 4253 1559 4314 corrrmemoratur,
1591 4247 1664 4301 uelut
1686 4265 1704 4301 a
1727 4265 1748 4301 s.
1774 4244 1928 4302 Bernordo
1951 4245 1981 4302 in
2006 4265 2049 4320 ep.
2067 4244 2127 4300 126

481 4339 523 4422 (p.
544 4341 619 4424 132)
644 4347 757 4422 saepius
780 4349 916 4404 laudata:
947 4349 1000 4416 En,
1030 4351 1076 4405 illc
1102 4357 1199 4418 totam,
1225 4359 1257 4404 ut.
1280 4353 1302 4406 is
1326 4353 1471 4423 gloriatur,
1496 4353 1643 4407 Franciam
1666 4363 1752 4424 atque
1777 4352 1968 4424 Burgundiarn
1992 4355 2128 4424 legationi
2147 4367 2173 4406 ss

482 4455 542 4510 cius
566 4456 698 4526 antiquae
724 4456 931 4526 superaddidit.
979 4456 1079 4510 Potest
1107 4457 1272 4528 adiungere,
1304 4460 1326 4513 si
1350 4463 1421 4526 vult,
1451 4460 1551 4514 Medos
1576 4466 1605 4514 ct
1629 4460 1729 4514 Persas
1754 4467 1784 4514 et
1807 4461 1914 4514 medios
1937 4458 2009 4514 fines
2034 4461 2126 4516 Deca-

481 4566 588 4632 poleos.
625 4559 719 4624 Quare
744 4581 799 4616 non
824 4569 853 4618 et
877 4567 951 4616 ultra
968 4562 1146 4617 Sauromatas
1171 4571 1210 4630 ct,
1237 4583 1432 4636 quemcunque
1457 4567 1581 4638 denique
1604 4571 1695 4620 locum
1712 4567 1862 4621 calcaverit
1886 4585 1937 4637 pes
1960 4586 2036 4633 suus,
2061 4585 2127 4621 suus

481 4670 528 4735 sit,
553 4687 607 4740 quo
632 4673 677 4724 vel
701 4671 795 4747 vacuis,
820 4670 976 4724 nominibus
1000 4671 1156 4741 glorietur?
1194 4669 1242 4741 Cf.
1259 4670 1416 4727 Iteimboldi
1431 4672 1579 4728 Leodiens.
1602 4672 1678 4747 (prist.
1705 4674 1722 4726 l.
1740 4692 1781 4728 c..·
1806 4673 2024 4745 Engolismensis
2048 4678 2127 4744 lega-

482 4782 527 4828 tus
551 4776 580 4829 in
603 4775 795 4847 Aquitaniam,
820 4775 1060 4862 Nordnnanniam,
1085 4776 1269 4844 Britanniam,
1294 4777 1457 4848 Hispaniam
1482 4786 1511 4834 et
1534 4797 1625 4850 usque
1656 4780 1691 4833 ad
1716 4781 1839 4834 ultimam
1865 4779 2046 4836 Celtiberiam
2077 4787 2126 4835 etc.

482 4879 547 4944 tam
574 4882 608 4938 de
630 4901 663 4938 re
687 4879 842 4950 Girordus,
869 4890 1018 4958 postquam
1050 4882 1157 4938 litteras
1180 4883 1310 4939 Arraeleti
1338 4903 1427 4958 supra
1458 4893 1626 4941 alternaretur
1656 4885 1764 4960 accepit
1792 4887 1965 4962 legatumque
1989 4886 2125 4956 Anacleti,
2146 4900 2173 4939 to

482 4985 652 5063 Gregorium
676 4987 850 5044 cardinalem
875 4987 1030 5056 diaconum,
1055 4989 1183 5062 suscepit,
1208 4989 1275 5044 utini
1297 4990 1405 5064 quidem
1430 4990 1542 5047 retentios
1557 4991 1676 5046 Rolnam
1694 4992 1831 5048 direxisse
1846 4992 2045 5068 legationisque
2055 5013 2126 5068 pro·

475 5094 657 5170 pagationem
682 5093 717 5150 ab
740 5094 881 5169 antipapa
905 5094 1096 5169 inpetranisse
1120 5095 1236 5152 uidetur.
1309 5097 1337 5164 l)
1364 5094 1423 5167 Cf...
1447 5097 1494 5165 sis,
1520 5097 1662 5172 epistolam
1686 5119 1707 5153 s.
1727 5097 1875 5154 Bernnrdi
1896 5098 1924 5154 in
1944 5100 2126 5155 attitulatione

474 5202 663 5274 praecedente
679 5201 842 5256 laridatam:
868 5209 896 5256 et
914 5219 1111 5272 quemcunque
1129 5203 1252 5273 denique
1276 5208 1366 5258 locum
1383 5206 1533 5260 calcaverit
1557 5223 1608 5275 pes
1631 5223 1706 5258 suus.
1747 5204 1810 5260 Hoc
1833 5206 1891 5262 loco
1915 5213 1940 5261 el
1956 5205 2126 5262 Bernartius

480 5315 505 5361 et
527 5306 671 5377 Arnnlfus
694 5307 837 5381 epistolam
861 5308 1004 5382 gauridum
1030 5305 1161 5374 Girardi,
1186 5329 1242 5383 qnia
1267 5310 1301 5364 de
1323 5309 1468 5383 legationis
1490 5329 1559 5366 suae
1582 5309 1800 5386 atriplificatione
1820 5311 1957 5386 gloriatus
1981 5320 2051 5374 erat,
2077 5332 2124 5368 er-

481 5413 616 5487 cerpsisse
639 5413 776 5469 ridentur.
855 5413 885 5481 2)
912 5412 1068 5470 Girardnm
1097 5414 1332 5490 Engolismensem
1358 5415 1473 5484 litteras,
1499 5415 1594 5491 quidus
1611 5417 1773 5472 Ariacletum
1798 5418 1964 5492 crritrpapeun
1990 5439 2125 5475 cerrinnen-
2144 5434 2170 5472 ss

480 5519 570 5587 (diret,
602 5521 643 5576 ad
664 5539 756 5595 regem
782 5520 962 5576 Fruticorum
988 5521 1157 5576 Liulorieum
1182 5529 1207 5577 et
1230 5522 1271 5576 ad
1293 5541 1383 5596 regem
1409 5523 1562 5597 Ariglormn
1589 5522 1750 5578 Heinricam
1776 5522 1814 5579 II.
1841 5524 1949 5580 dedisse
1972 5525 2039 5581 rreilri
2061 5545 2125 5582 con

478 5633 541 5681 stat.
591 5624 671 5689 Qtins
695 5627 802 5683 litteras
826 5627 980 5698 Arrrnlfmn
1005 5647 1085 5683 nosse
1109 5636 1134 5682 el
1157 5628 1207 5683 doc
1230 5629 1289 5684 loco
1313 5627 1486 5702 excerpsisse
1510 5648 1545 5684 erc
1569 5628 1636 5702 i'prsis
1660 5637 1796 5685 tractatus
1826 5629 1915 5686 cerdis
1937 5630 2006 5686 salis
2030 5633 2123 5688 elucet.

482 5731 512 5801 3)
539 5729 586 5803 Os.
610 5753 633 5790 s.
659 5732 808 5789 Bernardi
832 5731 1005 5790 Claraerall.
1031 5734 1108 5808 epist.
1130 5733 1200 5803 138,
1227 5733 1299 5809 Opp.
1326 5735 1369 5790 ed.
1395 5733 1538 5790 Benedict.
1564 5734 1587 5803 Ι,
1609 5735 1679 5789 144.
