4396 6390
400 345 466 409 460
693 347 874 404 cuauoffl
896 347 1129 405 PRAEPOSITI
1152 347 1561 404 Rulcfluusssaaassnsls
1585 347 1751 403 LIBELLI.

329 560 381 611 (so).
401 537 527 603 scilicet
550 537 584 600 in
607 534 715 600 medio
738 536 796 614 tui,
821 533 1009 614 Ierusalem,
1033 534 1188 621 populum
1212 557 1296 620 pene
1320 545 1422 599 totum
1446 533 1682 600 Babilonicum.
1732 532 1907 614 Quomodo
1931 554 2006 618 ergo
2029 550 2052 598 te

402 646 487 710 decet
506 667 630 730 ymnum,
654 643 751 722 Deua,
778 645 811 708 r'a
835 641 931 728 Syson,
956 641 1048 705 cuius
1071 641 1221 727 populus,
1251 640 1391 727 populus
1415 639 1595 706 Gomorrae
1620 663 1677 706 seu
1700 638 1905 720 Babiloniae,
1935 638 2054 725 absque

251 773 382 822 marea.
402 747 589 830 doctoribus
621 758 654 812 et
684 745 872 812 ductoribus
908 747 1062 812 iusticie?
1104 747 1199 812 llam
1230 747 1277 828 hi,
1310 749 1365 833 qui
1395 746 1592 814 videbantur
1622 770 1736 834 regere
1767 746 1940 834 populum,
1976 767 2056 831 pene

273 879 382 928 aaran
402 882 507 922 omnes
530 857 775 935 declinaverunt,
798 855 897 920 ainrul
921 856 1046 919 irsrrtrlea
1062 856 1177 942 faeti⁸
1195 870 1283 918 aurat:
1306 879 1366 919 aon
1391 870 1435 919 est
1458 859 1516 941 qui
1529 857 1643 943 faciat
1664 857 1787 934 bonnm,
1812 879 1874 919 non
1898 868 2058 938 estusque

187 1005 238 1073 [De
253 950 382 1058 Qum
402 964 448 1028 od
477 987 580 1027 onum.
628 961 737 1026 Etiam
765 959 823 1042 illi,
852 958 970 1046 quibus
1002 961 1096 1046 quasi
1120 958 1287 1024 Cherubin
1317 960 1486 1026 flammeus
1518 961 1613 1026 datus
1642 973 1691 1025 est
1720 959 1849 1046 gladius
1881 959 1925 1024 ad
1956 970 2058 1023 custo·

233 1074 345 1146 gladio]
402 1069 556 1135 diendam
578 1071 666 1154 viam
689 1067 772 1152 ligni
794 1069 891 1148 vitae,
916 1089 990 1132 cum
1015 1065 1172 1131 deberent
1195 1067 1366 1132 manifeste
1391 1069 1572 1132 criminosis
1603 1067 1797 1132 interdicere
1823 1089 1862 1131 ac
1888 1063 2059 1152 prohibere

402 1199 570 1242 accessum
605 1173 647 1239 ad
682 1195 828 1238 mensam
858 1174 992 1237 Domini
1026 1196 1129 1259 usque
1160 1172 1203 1236 ad
1237 1173 1433 1259 condignam
1469 1174 1732 1254 satisfactionem,
1765 1175 1891 1260 passim
1927 1170 2060 1237 contuse

403 1281 552 1348 omnibus
583 1279 826 1360 accedentibus,
849 1279 928 1345 licet
957 1280 1129 1344 manifeste
1160 1281 1352 1361 criminosis,
1376 1282 1546 1366 porrigunt
1569 1280 1708 1345 fructum
1734 1281 1816 1366 ligni
1838 1281 1941 1360 vitae,
1966 1300 2061 1364 quem

227 1377 384 1478 „cffifffqaq
403 1387 522 1454 talibus
546 1385 704 1452 deberent
727 1409 857 1472 negare.
893 1385 973 1450 Ideo
997 1387 1162 1450 internos
1186 1386 1278 1451 multi
1301 1387 1421 1451 infirmi
1444 1399 1477 1452 et
1498 1387 1688 1469 imbecilles,
1714 1399 1745 1452 et
1768 1385 1937 1452 dormiunt
1960 1385 2061 1449 multi.

403 1495 447 1560 Et
474 1495 551 1581 quia
580 1491 773 1557 Babilonica
800 1493 863 1556 ista
892 1493 1040 1557 confusio
1070 1492 1175 1557 nullos
1205 1495 1309 1579 magis
1341 1494 1473 1580 respicit
1503 1516 1601 1580 quam
1632 1494 1761 1558 desides
1790 1493 2101 1580 negligentesque*

225 1625 384 1674 srnarooao.
404 1612 557 1682 rectores,
578 1598 662 1665 ideo
680 1591 777 1664 'iusto
808 1599 930 1664 iudicio
961 1599 1026 1664 Dei
1057 1599 1159 1664 effusa
1192 1610 1241 1664 est
1271 1602 1433 1664 contentio
1465 1623 1563 1686 super
1592 1601 1757 1686 principes
1786 1613 1854 1664 tam
1886 1598 2089 1678 seculares,

405 1730 502 1796 quam
527 1706 698 1793 spiritales,
723 1717 755 1770 et
778 1727 887 1770 errare
910 1706 989 1770 fecit
1013 1729 1068 1770 eos
1092 1707 1125 1770 in
1148 1705 1236 1770 invio
1261 1719 1293 1770 et
1316 1729 1380 1770 non
1403 1707 1438 1771 in
1461 1708 1529 1770 via:
1555 1707 1632 1771 dum
1656 1717 1688 1771 et
1712 1706 1875 1793 spiritales
1900 1705 2104 1792 implicar'k

405 1837 439 1879 se
464 1813 608 1900 gaudent
632 1812 834 1877 secularibus
858 1814 1014 1898 negociis,
1040 1823 1072 1877 et
1096 1813 1258 1878 seculares
1282 1814 1503 1878 intermiscere
1528 1835 1562 1878 se
1578 1813 1702 1878 audent
1718 1812 1919 1900 spiritalibus
1944 1812 2087 1876 causis-

406 1922 499 2002 Quae
523 1921 674 1984 nimirum
699 1920 845 1984 confusio
862 1942 980 2006 corpus
1003 1921 1102 1983 totius
1126 1919 1306 1984 aecclesiae
1330 1920 1409 1985 facit
1431 1920 1597 2006 languere,
1622 1943 1661 1985 ac
1685 1919 1832 1984 membra
1855 1920 1927 1984 eius
1952 1931 2097 1983 conum

406 2050 440 2092 se
464 2027 607 2092 invicem
630 2025 800 2106 dissidere,
824 2037 980 2112 tanquam
1004 2027 1031 2090 si
1055 2025 1167 2091 dicant
1197 2025 1282 2090 oculi
1304 2025 1443 2112 pedibus
1472 2027 1532 2091 aareb
1556 2026 1716 2108 menibus,
1741 2049 1841 2113 opera
1863 2037 1978 2090 vestra
2002 2047 2082 2089 non
2188 2067 2196 2104 ,

405 2133 605 2219 indigemus:
631 2145 663 2197 et
685 2155 801 2196 manus
825 2132 877 2196 vel
902 2132 1002 2219 pedes
1027 2132 1139 2214 oculis,
1163 2155 1228 2196 non
1253 2134 1329 2196 estis
1353 2131 1446 2197 nobis
1470 2135 1658 2198 necessarii.
1693 2132 1864 2219 Spiritales
1885 2133 1985 2214 enim,
2011 2133 2086 2218 qui

406 2241 499 2326 quasi
530 2239 615 2304 oculi
647 2239 787 2325 dirigere
819 2238 977 2304 deberent
1006 2261 1121 2304 manus
1145 2238 1187 2303 ad
1211 2239 1412 2325 operandum
1436 2240 1488 2304 vel
1511 2239 1734 2328 pugnandum,
1758 2239 1860 2325 pedes
1885 2238 1929 2304 ad
1953 2236 2076 2302 ambu—

405 2346 549 2428 landum,
573 2348 620 2410 sic
644 2357 795 2410 tenentur
818 2347 941 2432 captivi
965 2344 1025 2410 sub
1049 2344 1181 2432 regibus
1206 2347 1301 2410 cumb
1326 2345 1528 2433 principibus
1552 2345 1763 2428 Babilonicis,
1787 2357 1823 2410 ut
1847 2347 1895 2410 eis
1920 2343 2076 2411 dicatur:

264 2477 386 2524 russas.
414 2455 545 2518 Ymnurn
573 2469 693 2518 cantata
723 2455 813 2518 uobis
844 2453 882 2518 de
913 2457 1045 2518 ‹mntr'ca'a
1068 2453 1162 2540 syon.
1211 2453 1362 2534 Ymuum,
1387 2453 1546 2546 inquiunt,
1571 2463 1700 2518 cantate
1727 2451 1832 2533 nobis,
1855 2475 1925 2517 non
1953 2463 2069 2517 contra

405 2583 475 2642 nos,
499 2559 682 2624 voluntates
712 2559 835 2623 malas⁰
867 2570 993 2623 nostras
1025 2558 1218 2640 cohibendo,
1250 2559 1308 2623 sed
1338 2559 1431 2624 nobis
1462 2559 1669 2646 beneplacita
1698 2559 1872 2645 loquendo.
1922 2559 2171 2627 Ymnumsfl

407 2678 516 2730 tamen
541 2666 580 2730 de
606 2667 740 2730 canticis
759 2664 858 2752 Syon,
884 2667 961 2752 quia
984 2666 1133 2730 nolumus
1157 2665 1262 2730 videri
1286 2667 1450 2752 principes
1467 2664 1669 2748 Babiloniae,
1694 2665 1752 2730 sed
1769 2665 1869 2753 Syon.
1905 2665 2061 2730 Volumus

407 2771 519 2836 audire
537 2771 710 2836 caelestem
726 2772 923 2848 doctrinam3
948 2771 1007 2836 sed
1022 2771 1065 2836 ad
1080 2771 1325 2858 perficiendam,
1350 2794 1415 2836 non
1431 2771 1673 2859 impediendam
1690 2772 1892 2836 voluntatem
1908 2783 2059 2836 nostram.

257 2867 388 2970 marculfi
514 2877 594 2942 Tale
617 2877 689 2958 fuit,
714 2877 802 2963 quod
825 2901 885 2942 rex
909 2877 1057 2942 Herodes
1081 2879 1211 2942 mittens
1235 2889 1268 2943 et
1291 2901 1493 2964 congregans
1524 2901 1635 2944 omnes
1666 2880 1831 2965 principes
1856 2877 2060 2942 sacerdotum

377 3042 380 3048 .
407 2996 440 3049 et
461 2983 585 3050 scribas
608 2984 720 3071 populi
743 2983 972 3050 sciscitabatur
987 2983 1029 3048 ab
1046 2987 1102 3067 eis,
1119 2984 1176 3049 ubi
1193 2984 1341 3050 Christus
1364 2999 1566 3069 nasceretur,
1591 2996 1746 3072 tanquam
1763 2985 1905 3050 diceret:
1932 2985 2061 3050 Ymnem

407 3107 527 3157 cantate
558 3093 646 3156 noble
676 3092 714 3156 de
744 3095 876 3157 canticis
901 3093 994 3179 Syna.
1041 3091 1150 3178 Atque
1180 3092 1304 3156 utinam
1334 3091 1415 3156 tales
1446 3092 1492 3156 illi
1522 3093 1667 3174 fuissent,
1696 3102 1732 3156 ut
1762 3092 1829 3157 sic‘l
1860 3093 1891 3156 ei
1922 3091 2098 3177 malignes

267 3221 387 3272 ramas.
407 3199 585 3264 sciscitanti
608 3197 868 3284 respondissent:
896 3199 1055 3276 eromodo
1079 3201 1274 3264 occumbimus
1297 3202 1450 3264 canticum
1476 3199 1666 3264 Dominicis
1690 3215 1775 3265 terra
1797 3201 1932 3264 aliena?
1978 3198 2062 3279 Quo·

317 3329 387 3369 ·r.u.
407 3305 504 3370 modo
532 3305 706 3391 prodemus
737 3305 891 3370 caelestia
922 3306 1078 3392 mysteria
1111 3303 1170 3368 tibi
1203 3304 1404 3390 *alienigene
1434 3305 1556 3369 volenti
1591 3327 1700 3390 regem
1735 3327 1850 3370 verum
1885 3305 2062 3370 occidere?

408 3411 510 3476 Filius
534 3433 663 3498 quoque
685 3413 789 3498 ipsius
812 3411 895 3476 alter
918 3411 1078 3492 Herodes,
1102 3423 1258 3498 paternae
1288 3413 1464 3497 impietatis
1495 3411 1598 3493 heres,
1624 3421 1657 3476 et
1683 3413 1753 3498 ipse
1777 3411 1910 3477 volebat
1933 3411 2064 3476 audisse

407 3541 540 3604 ymnum
564 3517 605 3582 de
630 3519 766 3582 canticis
790 3517 881 3605 Syon
904 3541 963 3604 per
986 3541 1021 3582 os
1045 3517 1199 3582 Iohannis
1227 3517 1399 3604 baptistae,
1425 3541 1521 3604 quem
1545 3517 1711 3584 metuebat
1734 3529 1767 3583 et
1790 3518 1931 3583 libenter
1953 3517 2064 3584 audie-

248 3649 387 3698 ωηερε.
409 3624 473 3706 bat,
505 3624 717 3711 quoadusque
748 3624 794 3688 illi
823 3625 959 3689 molesta
989 3647 1106 3688 canere
1137 3623 1325 3711 incipiebat,
1351 3625 1479 3688 dicens:
1512 3626 1585 3690 Noa
1613 3627 1686 3691 licet
1714 3628 1775 3691 tibi
1798 3627 1912 3691 lohere
1936 3651 2065 3691 ararem
2083 3649 2107 3690 so

401 3734 526 3819 fratria
549 3734 603 3795 tui.
652 3729 815 3794 Cantabat
839 3731 970 3818 quidem
995 3730 1048 3794 ille
1072 3753 1205 3817 ymnum
1237 3731 1277 3794 de
1309 3733 1444 3796 canticis
1470 3729 1569 3817 Syon,
1594 3732 1652 3796 sed
1682 3754 1747 3796 non
1777 3745 1813 3796 ut
1835 3731 1989 3796 Herodes
2013 3731 2065 3796 vel

408 3837 570 3901 Herodias
593 3837 696 3900 voluit
726 3836 787 3901 sibi
818 3849 963 3924 optatum
988 3837 1039 3902 vel
1070 3846 1251 3923 acceptum.
1300 3837 1455 3902 Similiter
1478 3836 1519 3902 ab
1548 3839 1618 3924 ipso
1642 3861 1719 3924 rege
1743 3861 1782 3902 ac
1807 3861 1932 3902 summo
1958 3861 2065 3903 sacer·

408 3943 483 4007 dote
515 3943 604 4029 Syon
635 3943 784 4008 voluerat
815 3943 944 4008 audisse
977 3967 1112 4030 ymnum
1147 3944 1187 4009 de
1224 3946 1359 4008 canticis
1391 3943 1495 4031 Syon,
1527 3955 1590 4008 ex⁰
1621 3945 1721 4009 multo
1751 3955 1897 4030 tempore
1929 3947 2066 4031 cupiens

258 4075 387 4124 Martum.
408 4050 520 4115 sidere
551 4048 669 4131 Iesum,
702 4060 735 4114 et
757 4050 914 4134 gaudens,
946 4050 1034 4137 quod
1065 4052 1095 4114 ei
1122 4050 1258 4136 Pylatus
1287 4051 1428 4114 misisset
1451 4049 1550 4114 illum.
1599 4050 1666 4116 Sed
1693 4052 1763 4137 ipse
1786 4049 1957 4136 indignum
1983 4051 2065 4116 iudi-

408 4179 486 4220 cans
510 4157 703 4242 margaritas
724 4158 852 4220 mittere
876 4169 950 4221 ante
975 4179 1100 4243 porcos,
1126 4179 1235 4220 coram
1255 4179 1293 4221 eo
1316 4159 1418 4221 tacuit
1440 4179 1502 4221 nec
1526 4158 1653 4243 signum
1677 4157 1810 4244 aliquod
1832 4158 1921 4239 fecit,
1945 4160 2066 4244 magis-
2085 4181 2109 4222 sa

409 4285 472 4349 que
497 4264 605 4349 sperni
627 4285 724 4348 quam
747 4262 897 4327 honorari
917 4263 1019 4327 voluit
1043 4263 1084 4327 ab
1108 4263 1163 4327 illo
1188 4274 1219 4327 et
1238 4265 1385 4327 exercitu
1409 4265 1488 4328 eius.
1532 4263 1625 4328 Tunc
1649 4265 1735 4328 enim
1758 4264 1840 4328 fuit‘
1865 4263 1912 4328 illi
1935 4275 2067 4351 tempus

409 4369 550 4433 tacendi.
591 4369 658 4434 Sed
680 4380 852 4455 postquam
876 4371 1055 4434 resturexit
1078 4391 1097 4434 a
1119 4371 1264 4450 mortuis,
1288 4368 1476 4456 ubicunque
1499 4381 1626 4456 tempus
1650 4370 1804 4458 loquendi
1827 4371 1902 4453 fuit3
1927 4372 2067 4459 loquens

409 4477 479 4561 ipse
503 4477 537 4538 in
561 4475 728 4562 discipulis
751 4477 923 4541 veritatem
947 4499 1010 4540 nou
1033 4477 1134 4541 tacuit
1157 4487 1231 4540 ante
1248 4498 1342 4561 reges
1366 4487 1399 4540 et
1421 4477 1578 4562 presides,
1602 4477 1713 4542 dando.
1730 4478 1796 4541 suis
1821 4501 1856 4542 os
1880 4489 1913 4542 et
1936 4481 2067 4566 sapien·

194 4594 245 4660 [De
265 4591 389 4657 Iericho!
410 4583 498 4662 tiam,
523 4583 578 4645 cui
607 4606 670 4646 uon
694 4592 844 4668 poterant
866 4583 1017 4647 resistere
1041 4604 1153 4646 omnes
1177 4583 1357 4647 adversarii
1381 4605 1502 4647 eorum.
1549 4583 1624 4647 Istis
1647 4583 1790 4669 legitime
1815 4584 2011 4650 canentibus
2035 4599 2068 4650 et

277 4714 390 4763 rosano.
410 4689 503 4774 quasi
533 4687 619 4752 tubis
647 4690 748 4753 sacris
772 4690 861 4753 eirca
884 4688 1011 4754 Iericho
1036 4688 1271 4774 clangentibus,
1296 4701 1488 4753 conueniat
1510 4687 1594 4754 muri
1617 4690 1758 4755 civitatis
1782 4691 2066 4774 anathematizate,
2084 4717 2109 4754 n

242 4821 390 4870 nuaram.
410 4796 614 4880 principante
638 4796 734 4859 Iosue
757 4819 836 4860 vero
860 4795 1136 4860 introductorem
1160 4806 1277 4860 terram
1302 4796 1385 4860 lacte
1410 4818 1450 4860 ac
1473 4796 1567 4861 melle
1591 4807 1792 4861 manantem:
1818 4797 1910 4862 cuius
1932 4797 2066 4884 publico

410 4901 516 4966 edicto
541 4901 733 4966 maledictus
758 4904 950 4966 enunciatur
973 4904 1029 4990 qui
1052 4901 1291 4967 reedificaverit
1314 4902 1503 4967 Hierichoss.

339 5033 389 5081 (aa.
516 5007 560 5072 Et
590 5030 666 5072 ecce
697 5019 806 5073 tamen
837 5008 969 5095 quidam
1000 5009 1191 5073 reedificare
1218 5008 1339 5072 audent
1370 5009 1576 5073 maledictam
1607 5009 1772 5074 civitatem
1796 5011 1933 5075 nuncios
1956 5011 2065 5096 Iosue,

276 5141 390 5188 unam
410 5116 508 5177 immo
539 5114 701 5200 apostolos
731 5115 808 5178 Iesu
838 5113 959 5179 Christi
990 5128 1249 5201 persequentem,
1281 5137 1354 5179 cum
1385 5115 1454 5179 sola
1481 5115 1595 5180 domus
1627 5114 1729 5197 Raab,
1762 5127 1876 5182 saneta
1909 5117 2066 5184 videlicet

411 5219 582 5302 aecclesia,
607 5219 647 5283 de
671 5221 852 5306 perditione
875 5221 971 5285 huius
996 5222 1137 5286 civitatis
1162 5231 1301 5307 excepta
1325 5223 1381 5285 sit:
1407 5245 1491 5309 quae
1511 5221 1672 5304 videlicet,
1696 5222 1866 5287 ruentibus
1890 5225 2065 5290 mundanis
2082 5249 2112 5288 aa

411 5326 558 5408 edificiis,
582 5328 654 5412 ipsa
684 5329 717 5390 iu
749 5327 953 5392 edificatione
984 5351 1110 5392 morum
1139 5327 1233 5392 simul
1264 5341 1296 5393 et
1323 5351 1486 5392 murorum
1518 5330 1635 5393 crescit
1664 5330 1698 5392 in
1727 5330 1885 5415 templum
1916 5342 2065 5396 sanctum

232 5459 390 5509 suessan.
411 5435 444 5496 in
467 5433 626 5497 Domino:
651 5435 690 5498 In
715 5459 785 5520 quo,
809 5445 845 5498 ut
867 5435 1032 5521 apostolus
1056 5435 1110 5516 ait,
1136 5437 1237 5500 oannis
1267 5435 1425 5522 edificatio
1457 5450 1629 5500 constructo
1660 5439 1780 5517 crescit,
1803 5459 1868 5501 non
1892 5438 2063 5502 decrescit.

519 5613 546 5676 a)
567 5616 585 5664 f.
605 5633 626 5665 s.
647 5633 701 5666 nou
721 5633 744 5666 e.
764 5633 789 5681 q.
808 5618 826 5666 f.
846 5619 871 5666 b.
892 5619 930 5676 113
961 5635 983 5668 e.
1004 5635 1029 5681 q.
1049 5618 1067 5666 f.
1087 5619 1111 5667 b.
1133 5634 1187 5668 non
1208 5625 1249 5668 est
1267 5635 1293 5667 v.
1314 5634 1337 5667 a.
1359 5635 1383 5666 v.
1404 5618 1435 5666 B.
1527 5617 1555 5678 b)
1577 5617 1656 5668 etB.
1748 5615 1774 5680 c)
1799 5625 1907 5670 nostras
1928 5619 2013 5670 malas
2033 5621 2064 5670 B.

411 5705 438 5762 d>
460 5706 544 5754 eisic
566 5705 597 5754 B.
671 5703 696 5765 c)
719 5708 831 5770 cupiens
852 5721 883 5756 es
904 5724 936 5756 m.
957 5715 975 5756 t.
996 5707 1027 5756 B.
1101 5705 1121 5762 f)
1143 5706 1184 5756 illi
1203 5707 1254 5756 tuit
1274 5707 1306 5756 B.
1388 5703 1417 5770 g)
1440 5708 1547 5758 Iericho
1567 5708 1600 5757 B.
