4544 6420
459 399 521 461 132
754 405 932 460 ossnoffl
955 363 1620 458 8668866661121166668666666
1644 403 1807 458 ameum.

568 593 637 671 Qua
661 593 699 657 de
723 617 818 656 causa
846 595 959 656 eiectus
989 617 1056 655 cum
1085 591 1203 655 duobus
1220 585 1387 676 fratribus
1418 594 1582 655 etiamtunc
1598 593 1713 676 pueris
1736 615 1852 654 necnon
1875 605 1903 653 et
1917 591 2107 676 parentibus

458 703 526 764 suis
554 703 663 764 iter-um
695 701 729 763 in
751 698 1018 763 Raitenbuchcnse
1041 699 1219 762 coenobium
1242 719 1274 760 se
1298 701 1423 784 recepit,
1455 700 1543 762 tertio
1559 698 1681 786 fratre,
1713 699 1771 782 qui
1798 697 1903 762 eodem
1933 712 2068 782 tempore
2092 721 2107 760 6

461 808 604 871 Francia
633 807 740 886 rediit,
770 820 911 891 sequente
922 809 941 868 ¹.
989 805 1043 868 Ea
1072 829 1132 890 quo
1160 806 1345 869 clericorum
1372 805 1582 869 saecularium
1607 828 1717 883 mores,
1749 828 1824 888 quos
1847 803 2006 890 Auprutae
2030 805 2108 867 satos

461 928 653 1002 copnoverat,
684 912 909 998 reprehendere
934 937 994 975 666
1019 911 1122 992 desiit,
1154 914 1231 996 quin
1254 915 1357 990 etiam,
1389 937 1455 974 cum
1480 912 1622 998 rapulam
1647 909 1679 974 S.
1705 911 1886 998 Aupnstini,
1917 935 2011 995 quam
2028 934 2107 996 pro-

454 1021 566 1110 fessus
589 1035 665 1100 erat,
691 1045 786 1104 neque
811 1022 844 1083 in
860 1018 1055 1082 Raitenbnch
1080 1043 1177 1102 neque
1203 1021 1236 1082 in
1256 1019 1333 1082 ali-is
1357 1019 1496 1082 ecclesias
1520 1020 1635 1081 vicinis
1659 1020 1821 1096 inueniret,
1844 1017 1978 1080 Romam
2002 1019 2110 1080 statuit
2128 1039 2140 1078 5

454 1129 632 1215 proficisci,
658 1126 739 1190 unde
762 1125 899 1190 codicem
924 1128 957 1189 in
974 1125 1152 1189 Bavariam
1176 1126 1394 1212 transferret².
1431 1123 1523 1188 Anno
1548 1149 1619 1188 uero
1640 1125 1734 1203 1126,
1759 1126 1826 1187 nisi
1832 1124 1952 1211 fallor,
1972 1123 2108 1202 Gerhoh,
2189 1147 2192 1152 ·

463 1236 581 1322 lepotus
597 1232 742 1297 Conradi
755 1232 991 1318 archiepiscopi
1005 1231 1266 1318 Salisburpensis,
1282 1231 1411 1311 Romae,
1424 1230 1579 1294 Norberto
1595 1230 1831 1316 archiepiscopo
1845 1230 2113 1317 Mapdeburpensi

456 1355 633 1428 praesente,
663 1341 820 1403 ancilium
845 1339 987 1402 Honorii
1001 1363 1110 1424 papae
1141 1337 1186 1400 ad
1207 1339 1323 1401 clerum
1351 1339 1543 1401 saecularem
1569 1337 1815 1422 impupnandum
1833 1339 1963 1424 frustra
1981 1339 2078 1422 petiit
2087 1340 2107 1398 ³.

571 1447 672 1510 Paulo
689 1461 765 1532 post
791 1445 898 1508 Chuno
922 1447 1086 1530 episeopus
1109 1443 1346 1508 Ratisbonensis
1373 1447 1556 1530 scriptorem
1585 1457 1721 1506 nostrum
1747 1443 1952 1507 Ilatisbonam
1978 1446 2107 1507 6666611.

465 1554 573 1639 Neque
596 1555 647 1617 hic
663 1578 747 1638 pace
771 1552 828 1616 diu
844 1552 1027 1638 fruebatur.
1079 1549 1157 1614 (lum
1181 1553 1260 1614 enirn
1286 1575 1315 1614 a.
1337 1551 1429 1613 1127.
1455 1549 1620 1614 Conradus
1645 1549 1711 1613 dun
1732 1550 1978 1614 Alamannorum
2003 1565 2110 1614 contra
2131 1573 2157 1611 ro

464 1661 652 1725 Lotharium
676 1684 776 1746 sepem
799 1659 973 1737 rebellaret,
1000 1657 1136 1736 Gerhoh,
1161 1659 1219 1742 qui
1239 1657 1393 1722 Lothario
1410 1658 1556 1744 fauebat,
1582 1657 1759 1742 parrochia
1783 1655 1918 1741 quadam
1948 1655 2046 1719 Chone
2071 1658 2110 1719 ab

465 1770 610 1853 episcopo
634 1769 665 1832 ei
686 1766 805 1830 tradita
829 1765 979 1834 obditmre
1002 1778 1124 1828 6666166
1147 1767 1220 1828 6611.
1271 1763 1337 1841 Quo
1368 1779 1502 1850 tempore
1533 1764 1673 1828 libellum
1704 1763 1741 1826 de
1772 1763 1918 1849 aedificio
1943 1763 2009 1826 Dei
2029 1787 2110 1826 com-

461 1877 570 1960 posuit
578 1877 597 1936 ⁵.

571 1981 715 2043 Houor-io
748 2005 776 2042 a.
801 1979 894 2041 1130.
932 1992 1050 2042 mortuo
1085 1979 1220 2042 schisma
1257 1980 1337 2040 inter
1367 1976 1581 2040 Innocentium
1612 1991 1640 2040 et
1668 1976 1852 2040 Anacletum
1888 1991 2026 2040 scortum
2058 1992 2108 2041 est.

468 2088 604 2166 Gerhoh,
636 2088 694 2172 qui
722 2099 792 2149 tunc
823 2109 856 2148 eo
887 2087 989 2172 mapis
1005 2085 1261 2170 periclimhatur,
1293 2083 1379 2168 quod
1407 2083 1600 2170 irrepulares
1630 2085 1759 2146 clericas
1783 2087 2061 2147 ecco-mmunicotos
2084 2099 2156 2148 616

466 2195 636 2258 haereticos
659 2217 823 2278 coctamque
846 2205 1042 2255 sacramenta
1066 2193 1161 2255 irrita
1181 2191 1300 2254 diderit
1308 2195 1330 2270 ⁰,
1352 2193 1490 2277 pra-tiam
1508 2189 1692 2266 1666666111,
1717 2191 1771 2252 661
1791 2192 1927 2252 musione
1950 2192 2112 2276 nequiores

466 2301 686 2378 adhaerebant,
718 2314 745 2363 et
776 2302 842 2385 ipse
873 2301 1041 2384 impetrare
1065 2298 1192 2361 studuit.
1239 2295 1350 2382 Itaque
1367 2298 1476 2382 primo
1502 2311 1534 2358 ut
1557 2296 1689 2382 lepatum
1713 2299 1790 2374 eins,
1814 2295 1982 2359 Walterum
2007 2298 2110 2360 archi-

466 2411 646 2494 episcopum
662 2406 884 2485 Rauennatem,
909 2430 976 2468 cum
993 2405 1184 2468 Ilatisbonae
1208 2406 1414 2483 ntoraretur⁷,
1439 2403 1553 2467 deinde
1577 2417 1610 2465 ut
1626 2427 1759 2488 papam,
1784 2406 1842 2488 qui
1863 2429 1891 2467 a.
1913 2404 2007 2482 1130,
2029 2403 2109 2466 Noc.

469 2518 499 2578 in
525 2515 658 2578 concilio
682 2513 923 2576 Claromontano
948 2513 1139 2598 trreyatares
1162 2511 1292 2575 clericos
1316 2511 1530 2588 damnaverat,
1556 2512 1658 2594 ipsum
1681 2511 1747 2572 sibi
1768 2511 1960 2589 conciliaret,
1984 2535 2109 2596 oporam

468 2622 563 2700 dedit,
589 2620 726 2706 Dialopo
750 2622 831 2683 inter
853 2619 1029 2705 repuleram
1052 2633 1080 2682 81
1101 2618 1272 2682 secularem
1296 2619 1444 2680 clericum
1469 2619 1501 2680 ei
1522 2619 1626 2694 misso,
1657 2618 1692 2678 in
1716 2641 1775 2700 quo
1801 2616 1906 2679 libello
1937 2642 1997 2680 nan
2021 2617 2158 2682 modom

468 2729 548 2813 quid
571 2731 651 2792 inter
666 2741 828 2812 utrumque
853 2725 944 2790 distet
964 2728 1114 2810 esposuit,
1138 2724 1195 2788 sed
1210 2726 1302 2787 etiam
1312 2725 1417 2810 petiit,
1442 2737 1475 2786 ut
1490 2724 1644 2810 pontifes
1666 2749 1685 2786 6
1695 2724 1802 2810 falsis
1825 2725 1987 2788 ecelesiam
2009 2749 2111 2788 sace-r-

469 2835 591 2899 dotibus
607 2837 791 2920 purporet⁸.

575 2939 667 3003 Anno
683 2954 833 3024 sequente,
857 2940 925 3002 scil.
944 2965 972 3001 a.
990 2939 1085 3018 1132,
1106 2937 1252 3002 Chunone
1276 2939 1419 3022 episcopo
1436 2936 1661 3000 Batisbonensi
1674 2951 1803 3015 mortuo,
1825 2935 1989 3000 Con-radas
2008 2939 2112 3001 archi·

469 3051 633 3135 episcopus
650 3045 900 3133 Salisburpeusis
919 3045 1097 3110 Gerhohum
1113 3045 1409 3129 Ileichersberqensi
1422 3043 1558 3106 claustro
1582 3043 1626 3106 ad
1644 3041 1761 3106 Oeneum
1777 3045 1915 3130 fliroium
1939 3046 1997 3108 sito
2014 3069 2112 3130 prae-

461 3157 576 3243 fecit9.
620 3153 685 3231 Qui
698 3154 800 3238 paulo
818 3167 901 3238 post,
926 3166 959 3215 ut
984 3151 1105 3216 uidetur
1128 3177 1156 3214 a.
1178 3152 1273 3230 1133,
1299 3150 1487 3213 Bernhardo
1504 3150 1612 3213 abbate
1632 3148 1865 3214 Olareoallensi
1887 3153 2050 3236 1661196618
2074 3153 2113 3214 61
2133 3174 2158 3212 es

468 3262 649 3326 Innocentio
673 3259 718 3323 II.
744 3260 878 3322 Roaiam
902 3273 1036 3336 uocatus,
1061 3258 1142 3342 quid
1164 3257 1201 3320 de
1224 3259 1429 3320 sacramentis
1452 3257 1676 3320 hoereticorum
1699 3259 1826 3320 sentiret
1840 3259 1992 3343 pontifici
2013 3258 2114 3322 denuo

470 3371 612 3456 exposuit
623 3371 656 3430 ¹⁰.
707 3367 798 3444 Quod
821 3369 879 3431 iter
903 3380 1051 3429 66616166
1075 3365 1113 3428 de
1135 3366 1271 3427 simonia
1296 3362 1503 3448 conponendi
1523 3387 1634 3426 ausam
1650 3365 1810 3448 praebuit.

577 3475 686 3538 Postea
713 3473 838 3538 Gerhoh
868 3475 903 3536 in
933 3473 1064 3559 nepotiis
1094 3472 1241 3534 ecclesiae
1270 3495 1345 3532 setae
1375 3471 1566 3532 versabatur.
1621 3469 1660 3531 A.
1681 3471 1775 3532 1137.
1808 3473 1846 3534 61
1878 3472 2114 3557 archiepiscopo

471 3581 932 3669 86116166981616661169166
957 3580 1129 3664 acaptt1¹;
1152 3603 1181 3640 a.
1202 3578 1296 3638 1138.
1322 3577 1499 3640 coenobium
1524 3578 1811 3640 sanctimonialium
1834 3578 2002 3641 secundum
2024 3602 2114 3664 repn-

471 3691 534 3752 lam
560 3687 591 3753 8.
617 3686 974 3775 Aupnstim'fundaoit,
998 3684 1084 3769 quod
1106 3687 1270 3770 episcopus
1296 3682 1467 3746 Gurcensis
1491 3683 1695 3746 (1881166611ῑὲ
1743 3683 1782 3746 Λ.
1804 3686 1897 3746 1141.
1923 3683 2116 3769 Liutpoldus
2135 3709 2161 3748 so

471 3798 537 3860 8166
560 3795 771 3872 6666616613,
795 3819 823 3856 a.
846 3793 938 3854 1142.
964 3791 1163 3854 Innocentius
1182 3789 1227 3852 11.
1247 3815 1339 3875 popa
1364 3791 1510 3853 ecclesiae
1534 3789 1828 3877 Ileichersberpensi
1842 3792 2020 3878 pririlepia
2045 3817 2114 3856 con-

471 3905 671 3980 cesseruntss,
702 3900 787 3986 quod
815 3899 918 3964 eodem
950 3923 1032 3962 6666
1063 3900 1155 3960 61166
1184 3895 1349 3960 Conradus
1374 3895 1437 3958 III.
1470 3921 1527 3960 rea
1548 3897 1680 3983 fecitffi,
1711 3923 1779 3960 ctum
1804 3897 1994 3962 llatisbonac
2025 3901 2118 3963 multi

581 4156 610 4231 1)
636 4156 738 4216 Canta.
763 4156 792 4212 16
810 4176 857 4230 ps.
878 4154 949 4222 133,
974 4155 1024 4210 col.
1051 4153 1123 4208 891.
1228 4150 1258 4225 2)
1284 4150 1388 4210 Chron.
1417 4153 1519 4228 Mapni
1540 4155 1594 4208 11.
1614 4173 1647 4227 p.
1665 4152 1738 4208 491.
1846 4153 1876 4228 3)
1899 4153 2018 4230 Dialopi
2035 4158 2112 4230 prol.

472 4268 490 4322 l.
507 4268 525 4321 l.
551 4267 600 4322 col.
622 4265 722 4331 1377,
746 4262 791 4318 De
814 4261 942 4339 aedificio
966 4260 1023 4316 Dei
1045 4280 1067 4316 c.
1087 4259 1145 4328 73,
1178 4260 1217 4330 cf.
1243 4257 1372 4326 11111881,
1398 4257 1525 4316 ‘Gerhoh
1548 4279 1602 4316 666
1625 4259 1827 4336 Reichcrsberp
1850 4261 1910 4316 und
1930 4261 2006 4317 scine
2030 4262 2113 4318 Idem

471 4373 538 4430 iiber
562 4373 615 4428 das
633 4368 793 4426 Vcrhdltnis
815 4368 952 4424 zwisalten
970 4367 1054 4423 Stnat
1075 4367 1136 4422 und
1151 4366 1284 4432 Kirchc',
1310 4365 1440 4420 ‘Forscln
1466 4386 1489 4420 z.
1509 4365 1675 4422 11116661.)
1700 4374 1718 4421 t.
1738 4365 1788 4436 24,
1808 4386 1840 4440 p.
1859 4367 1887 4421 8.
1959 4365 1990 4440 4)
2008 4365 2113 4426 Chaon.
2134 4385 2161 4424 so

475 4479 578 4555 116961
595 4499 628 4553 p.
647 4476 720 4531 492.
813 4473 843 4547 5)
867 4473 913 4530 De
935 4493 989 4548 quo
1012 4493 1036 4528 c.
1062 4473 1147 4543 infra
1165 4493 1198 4547 p.
1220 4471 1290 4526 136.
1372 4471 1402 4539 6)
1429 4471 1557 4528 Gerhohi
1579 4472 1655 4546 epist.
1683 4471 1733 4527 21.
1759 4474 1800 4528 ad
1820 4473 1990 4542 cardinales,
2017 4475 2115 4552 Mipm

473 4595 490 4642 1.
512 4586 582 4654 193,
609 4583 749 4640 661577.
843 4577 874 4653 7)
898 4579 976 4635 Diae.
1002 4581 1019 4634 l.
1037 4581 1054 4634 l.
1081 4581 1130 4634 col.
1152 4578 1252 4646 1406,
1278 4576 1380 4634 06666.
1406 4577 1433 4633 ia
1454 4597 1500 4652 ps.
1520 4577 1571 4646 64,
1596 4599 1618 4633 c.
1640 4579 1710 4646 147,
1739 4579 1834 4655 hstync
1857 4589 1875 4635 1.
1897 4580 1968 4648 194,
1993 4581 2113 4638 66199.

473 4691 505 4766 8)
530 4692 607 4747 Dial.
633 4694 650 4746 l.
669 4693 686 4745 l.
713 4691 762 4745 col.
783 4687 876 4743 1423.
981 4685 1011 4754 9)
1038 4684 1144 4742 Chron.
1172 4683 1275 4759 Mapni
1299 4704 1331 4758 p.
1358 4683 1439 4752 492,
1470 4684 1545 4740 Aren.
1572 4685 1781 4761 Reichersbcrp.
1808 4686 1901 4756 1132,
1934 4687 1988 4744 88.
2013 4689 2113 4757 XVII,

468 4819 500 4874 p.
520 4798 592 4854 954.
666 4797 716 4866 10)
743 4795 828 4859 Quod
849 4793 901 4848 iter
924 4801 1154 4848 coranicmoratur
1173 4791 1265 4846 'I'ract
1292 4791 1325 4845 de
1347 4790 1466 4846 simonia
1485 4791 1616 4866 Miprtet.
1633 4790 1703 4860 194,
1723 4793 1772 4848 col.
1789 4793 1890 4862 1372,
1915 4793 2000 4850 Liber
2016 4803 2115 4851 contra

474 4906 544 4961 daras
570 4906 688 4972 hereses,
712 4902 811 4958 ibidem
835 4902 884 4956 col.
901 4898 1002 4966 1170,
1027 4898 1112 4954 Liber
1135 4899 1169 4953 dc
1190 4896 1289 4952 ordine
1312 4897 1448 4952 donorum
1472 4897 1778 4971 S.Spirtauf.121:
1803 4901 1859 4954 adii
1882 4901 2022 4955 dominum
2046 4919 2114 4973 apo·
2134 4917 2161 4955 eo

473 5013 601 5066 stolicum
625 5010 818 5064 Innocentium
841 5014 938 5077 atque,
961 5013 993 5059 ut
1016 5007 1114 5071 nostis,
1138 5005 1214 5075 apud
1237 5005 1327 5074 ipsum
1350 5005 1567 5074 conquestiones
1590 5006 1670 5060 movi.
1707 5005 1754 5061 De
1776 5006 1827 5062 hoc
1848 5005 1946 5062 itinere
1965 5007 2004 5077 cf.
2021 5006 2114 5076 Bach,

474 5117 608 5175 ‘Oesterm
624 5113 893 5189 Vicrteljahrsschr!
918 5111 968 5167 IV
988 5105 1002 5182 (
1010 5111 1118 5188 1865),
1139 5131 1171 5185 p.
1191 5111 1246 5178 33;
1269 5109 1389 5178 Jahsch,
1408 5109 1548 5166 ί11111161.
1574 5111 1621 5166 des
1643 5115 1741 5167 osterr.
1761 5111 1899 5168 Instituits'
1922 5113 1969 5181 VI,
1989 5133 2021 5187 p.
2041 5112 2114 5182 259,

474 5245 502 5282 a.
521 5225 557 5294 5,·
581 5224 696 5296 Huffer,
715 5219 1055 5296 ί1186·16111981166661
1076 5238 1100 5274 6.
1116 5209 1284 5274 Clairvauae’
1309 5215 1330 5271 I
1348 5210 1479 5293 (1886),
1499 5237 1532 5292 p.
1552 5215 1623 5285 203,
1648 5237 1676 5272 n.
1696 5218 1724 5286 3,
1749 5216 1797 5293 qui
1819 5219 1907 5275 16666
1922 5227 2059 5276 tractabis
2083 5222 2117 5276 dc

473 5330 593 5388 simonia
616 5349 671 5385 non
687 5336 760 5384 recte
783 5326 982 5400 interpretatam
1002 5343 1059 5381 esse
1080 5324 1197 5380 videtur.
1270 5320 1322 5396 11)
1345 5323 1419 5378 Ana.
1437 5322 1752 5381 Rcichersb.a.113'l.
1821 5323 1872 5398 12)
1890 5324 1994 5384 01666.
2015 5327 2117 5403 Mapni

474 5440 492 5494 l.
510 5439 527 5493 l.
548 5457 580 5512 p.
599 5436 672 5490 493.
745 5431 796 5506 13)
818 5433 893 5488 Α66.
912 5430 1070 5487 Reichersb.
1096 5450 1123 5486 a.
1145 5429 1244 5498 1141;
1269 5427 1509 5485 ‘Uchundenbuch
1533 5431 1559 5485 d.
1579 5429 1694 5486 Laudes
1709 5431 1742 5486 oh
1758 5433 1808 5487 der
1825 5432 1924 5489 Ererss'
1950 5433 1972 5502 Ι,
1993 5455 2025 5507 p.
2042 5433 2113 5503 193,
2134 5450 2161 5488 to

476 5541 607 5600 66130.
681 5537 731 5614 14)
747 5541 821 5595 Ann.
839 5537 1050 5613 Ileichersberp.
1074 5557 1102 5593 a.
1123 5536 1225 5605 1141,
1250 5533 1490 5591 ‘Urlcundcnbach
1513 5536 1561 5590 des
1578 5535 1694 5592 Laudes
1716 5537 1748 5592 ob
1772 5539 1823 5594 der
1841 5539 1936 5595 Enus'
1954 5539 1978 5608 Ι,
1993 5559 2025 5614 p.
2043 5541 2114 5608 196,

476 5670 520 5705 nr.
538 5649 617 5718 132,
640 5647 731 5720 Jaffl',
755 5647 875 5721 Repcsta
888 5653 966 5719 pont.
986 5645 1066 5700 Bora.
1089 5663 1133 5700 nr.
1153 5642 1248 5696 8194.
1322 5641 1372 5712 15)
1390 5642 1431 5696 St.
1449 5661 1494 5697 nr.
1514 5641 1613 5709 3448,
1637 5642 1713 5698 Anu.
1731 5644 1941 5720 Reichershcrp.
1966 5666 1993 5702 6.
2014 5646 2115 5712 1142,

476 5757 517 5827 cf.
542 5755 717 5820 Bernhardi,
743 5751 857 5810 ‘Jahrb
883 5753 1021 5806 Kourads
1043 5749 1111 5806 111!
1137 5750 1159 5818 Ι,
1180 5770 1213 5824 p.
1233 5748 1306 5803 307.
