4418 6412
415 383 478 446 386
707 389 886 446 GERHOHI
908 387 1141 444 PRAEPOSITI
1163 387 1571 446 REICHERSBERGENSIS
1594 388 1760 444 LIBELLI.

416 577 558 642 medium
588 587 708 641 tenent.
755 576 866 659 Putas,
896 577 1056 662 inquiunt,
1080 573 1209 657 videbo,
1240 587 1335 661 putas
1359 575 1493 659 durabo,
1517 585 1553 640 ut
1575 574 1705 640 videam
1735 573 1872 639 insede
1897 574 1989 638 Petri
2018 597 2067 637 se-

417 683 592 770 quipedam
615 683 705 747 Petri
734 683 891 769 pecunias
918 681 1002 746 male
1027 680 1152 746 oblatas
1175 692 1467 768 contempnentem,
1498 683 1659 746 iusticiam
1683 704 1762 746 auro
1786 691 1819 746 et
1840 682 1972 767 topazio
1996 702 2068 768 pre·

418 789 609 871 habentem,
644 798 808 875 pastorem
843 811 878 852 se
913 789 1022 853 ovium
1060 789 1179 874 magis,
1208 810 1305 874 quam
1340 787 1505 852 dominum
1540 789 1739 853 tirannorum
1775 809 1833 852 seu
1867 810 1985 872 regum
2019 809 2068 850 re-

417 895 692 982 cognoscentem?
738 895 849 978 Putas,
880 895 1039 982 inquiunt,
1062 893 1181 959 videbo
1205 894 1285 959 tales
1313 895 1346 958 in
1369 894 1547 981 apostolica
1571 893 1648 958 sede
1672 893 1864 976 cardinales,
1890 894 1947 980 qui
1970 895 2069 957 vesti-

272 1029 398 1079 menti.
416 1005 478 1088 giis
501 1025 560 1089 per
576 1003 684 1066 omnia
707 1000 893 1088 apostolicis
916 1000 1095 1083 inhereant,
1119 1024 1184 1066 non
1205 1001 1240 1064 in
1256 1000 1454 1085 muneribus,
1479 1000 1537 1064 sed
1559 1002 1688 1066 iusticia
1703 1000 1895 1083 indicantes,
1919 1022 2068 1086 nonque
2087 1025 2100 1064 a

417 1132 476 1174 sua
499 1119 582 1190 sunt,
607 1108 666 1172 sed
682 1130 745 1195 que
761 1109 838 1174 Iesu
854 1107 974 1173 Christi
991 1118 1174 1195 querentes,
1194 1107 1356 1172 Martino¹
1379 1106 1426 1171 illi
1448 1118 1558 1171 nostro
1582 1119 1615 1172 ct
1631 1105 1801 1172 Gerbardo
1813 1113 1833 1189 ²,
1858 1107 1914 1194 qui
1933 1107 2069 1188 Lucius,

417 1214 563 1280 similes?
599 1214 681 1296 Quis
703 1213 798 1279 nobis
822 1238 881 1301 pro
905 1213 1031 1279 duobus
1054 1215 1122 1279 istis
1146 1237 1246 1278 unum
1263 1213 1375 1279 dabit*
1391 1214 1616 1278 Innocentium
1633 1213 1685 1278 vel
1701 1213 1886 1300 Eugenium
1911 1223 1945 1277 et
1968 1213 2072 1277 multa

417 1324 450 1386 in
474 1321 560 1386 hunc
587 1321 743 1387 modum?
789 1321 833 1385 Et
862 1320 902 1386 he
926 1343 1024 1385 voces
1055 1320 1162 1385 medie
1191 1320 1278 1385 illius
1307 1321 1409 1408 partis
1439 1332 1514 1385 sunt
1542 1343 1603 1386 nec
1627 1319 1808 1385 Alexandri
1838 1343 1900 1385 nec
1924 1320 2071 1384 Victoris

418 1451 550 1494 causam
573 1428 786 1510 defendentis,
811 1428 962 1492 nimirum
986 1438 1118 1514 propter
1141 1427 1296 1492 scandala
1318 1426 1484 1514 multaque
1499 1449 1671 1514 perperam
1695 1436 1778 1508 acta,
1802 1449 1865 1514 que
1890 1426 1969 1491 hinc
1993 1426 2070 1490 inde

418 1534 607 1600 alterutrum
637 1533 679 1598 ab
703 1535 864 1599 alterutris
888 1532 1081 1617 obiciuntur,
1106 1556 1242 1620 quorum
1267 1545 1299 1597 et
1322 1533 1438 1598 similia
1460 1532 1513 1598 vel
1536 1535 1649 1621 peiora
1677 1535 1711 1597 in
1734 1533 1877 1598 futurum
1901 1536 2069 1598 timentur.
2090 1562 2114 1599 ιο

526 1641 623 1721 Quod
639 1643 666 1704 si
683 1651 798 1728 querat
812 1643 885 1727 quis
902 1662 921 1705 a
937 1663 999 1722 mc,
1024 1663 1086 1727 quc
1103 1641 1237 1705 istarum
1256 1641 1352 1705 trium
1370 1641 1512 1726 partium
1531 1641 1637 1705 animo
1654 1663 1727 1706 meo
1745 1642 1848 1726 magis
1865 1640 2072 1727 complaceat

418 1771 475 1814 seu
498 1749 597 1812 tutior
612 1748 690 1812 mibi
708 1748 857 1812 videatur
872 1748 1042 1834 minusque
1058 1746 1178 1811 habere
1194 1746 1341 1834 periculi,
1365 1748 1449 1811 sciat
1470 1770 1521 1812 me
1545 1748 1579 1811 in
1595 1745 1692 1812 rebus
1707 1747 1813 1812 dubiis
1837 1759 1936 1834 atque
1961 1746 2070 1811 adhuc

418 1853 635 1942 pendentibus
659 1853 864 1918 diffinitivam
888 1853 972 1918 nolle
996 1854 1080 1918 ferre
1105 1854 1307 1918 sententiam.
1354 1854 1476 1918 Verum
1501 1855 1527 1918 si
1550 1877 1667 1940 urgere
1690 1877 1755 1919 non
1778 1855 1907 1936 desinit,
1939 1855 2071 1918 noverit

417 1963 517 2026 tutius
540 1961 619 2025 mihi
642 1961 772 2024 interim
794 1960 899 2025 videri
923 1959 1103 2025 mediorum
1126 1958 1253 2024 illorum
1277 1959 1474 2025 desiderium
1498 1960 1732 2025 discussionem
1756 1961 1862 2026 adhuc
1886 1961 2069 2048 pleniorem

418 2069 519 2156 partis
542 2068 710 2153 utriusque
735 2066 1004 2153 exspectantium,
1028 2089 1067 2131 eo
1091 2065 1177 2153 quod
1201 2089 1221 2130 a
1244 2067 1403 2131 scismatis
1432 2067 1577 2154 periculo
1604 2090 1680 2153 pars
1711 2067 1765 2132 illa
1788 2069 1891 2132 tercia
1913 2069 2071 2132 remotior
2089 2094 2112 2133 rs

418 2176 469 2239 sit.
515 2173 599 2238 Nam
624 2171 768 2259 quelibet
791 2173 928 2237 duarum
950 2173 1089 2260 partium
1113 2173 1253 2237 invicem
1278 2195 1312 2237 se
1337 2175 1686 2238 excommunicantium
1711 2185 1742 2238 ct
1765 2173 1806 2239 ab
1830 2175 1989 2238 alterutra
2012 2197 2069 2237 ex-

419 2281 727 2346 communicatamm
759 2301 816 2344 seu
847 2279 971 2344 meliori
1001 2279 1107 2344 adbuc
1130 2280 1320 2365 interposita
1343 2278 1544 2345 discussione
1569 2303 1626 2345 seu
1648 2281 1867 2345 universitatis
1892 2303 1969 2345 cum
1992 2303 2069 2367 apo-

419 2387 540 2452 stolicis
565 2385 696 2450 sedibus
720 2387 753 2450 in
777 2409 811 2449 se
836 2385 923 2450 facta
938 2386 1150 2450 consensione
1166 2386 1286 2450 victrix
1302 2387 1455 2469 extiterit,
1480 2388 1642 2451 contraria
1664 2388 1695 2451 ei
1718 2410 1793 2474 pars
1808 2389 1897 2452 victa
1912 2387 2070 2452 videlicet

419 2495 601 2558 scismatice
625 2493 865 2578 dampnationis
888 2491 1033 2578 periculo
1057 2491 1249 2557 subiacebit.
1287 2493 1356 2557 Ista
1373 2515 1451 2558 vero
1475 2492 1584 2558 media
1606 2516 1682 2580 pars
1705 2495 1864 2558 tutissima
1889 2493 2070 2558 incedens⁵

242 2593 400 2694 mim„
420 2611 452 2665 et
475 2602 567 2686 quasi
592 2622 664 2664 cum
689 2600 787 2688 Petro
811 2621 830 2662 a
853 2599 947 2685 longe
972 2621 1121 2685 sequens,
1145 2609 1180 2663 ut
1204 2610 1349 2686 optatum
1377 2599 1440 2664 sibi
1463 2622 1502 2665 ac
1525 2600 1599 2665 Deo
1622 2600 1805 2687 placentem
1828 2599 1940 2664 videat
1969 2601 2069 2664 finem
2087 2628 2111 2666 ro

308 2734 400 2785 ⁶p.100.
421 2731 440 2772 a
463 2707 583 2772 iudicio
613 2707 742 2770 interim
773 2705 1011 2791 dampnationis
1041 2706 1125 2770 inter
1148 2704 1260 2770 ambas
1286 2712 1407 2793 'partes
1432 2729 1467 2771 se
1491 2708 1669 2790 continens,
1699 2706 1819 2772 iudicio
1843 2728 1922 2771 vero
1947 2707 2068 2771 discre-

269 2843 401 2890 arnseo.
419 2815 526 2894 tionis,
550 2823 671 2901 quanta
695 2811 782 2877 valet
804 2812 941 2894 cautela,
972 2835 1007 2876 se
1031 2811 1184 2898 dirigens,
1216 2835 1255 2877 ne
1285 2813 1365 2878 illud
1388 2837 1428 2878 ve
1452 2814 1575 2878 incidat
1598 2814 1774 2878 dicentium
1797 2813 1918 2878 bonum
1946 2813 2069 2878 malum

420 2918 472 2986 vel
496 2919 614 2984 malum
638 2918 769 3001 bonum,
800 2919 988 3005 ponentium
1015 2919 1120 2983 lucem
1144 2919 1295 2984 tenebras
1320 2931 1352 2985 et
1374 2918 1526 2984 tenebras
1549 2920 1665 3004 lucem,
1689 2919 1783 2985 dulce
1807 2921 1841 2984 in
1864 2943 2013 2984 amarum
2037 2933 2069 2984 et

420 3049 565 3092 amarum
590 3028 624 3090 in
648 3025 759 3109 dulce3
790 3025 861 3108 hec,
892 3027 1034 3112 inquam,
1065 3049 1141 3112 pars
1165 3025 1309 3112 quelibet
1332 3025 1468 3092 duarum
1492 3027 1677 3110 obtinuerit,
1701 3026 1815 3111 libera,
1838 3037 1874 3091 ut
1897 3029 2025 3106 estimo,
2050 3050 2069 3091 a

421 3135 580 3198 scismatis
604 3132 747 3220 periculo
772 3133 842 3196 erit.
877 3131 961 3196 Nam
981 3154 1077 3218 quern
1102 3132 1238 3197 ecclesie
1262 3133 1366 3197 maior
1387 3135 1583 3198 unanimitas
1607 3133 1792 3220 apostolicis
1816 3132 1950 3199 sedibus
1974 3133 2067 3198 robo-
2086 3161 2111 3198 rs

420 3250 491 3304 rata
513 3239 714 3303 discussione
738 3238 933 3325 precedente
958 3261 1015 3303 seu
1038 3261 1102 3303 non
1125 3238 1321 3325 precedente
1345 3240 1514 3326 receperit,
1539 3240 1624 3306 hunc
1649 3242 1775 3326 etipsa
1789 3240 1843 3304 vel
1859 3241 2000 3306 amando
2017 3240 2069 3304 vel

421 3345 608 3410 sustinendo
638 3347 783 3432 recipiet.
831 3344 1010 3411 Sustinebit
1041 3357 1146 3409 autem
1176 3346 1273 3410 etiam
1297 3348 1324 3410 si
1347 3329 1452 3411 minus
1476 3347 1516 3411 dc
1541 3346 1677 3412 obiectis
1700 3357 1872 3434 purgatum
1894 3348 2068 3433 minusque

422 3476 456 3517 se
479 3453 521 3518 ad
537 3452 715 3540 apostolica
730 3475 788 3516 seu
804 3452 967 3517 dominica
983 3451 1133 3538 exempla
1149 3465 1330 3538 gerentem3
1355 3451 1536 3536 sustinebit,
1559 3455 1702 3540 inquam,
1726 3476 1790 3518 non
1806 3455 1905 3519 etiam
1928 3455 2070 3541 accipiet

286 3587 402 3636 measa
421 3559 474 3623 vel
497 3570 665 3646 acceptum
691 3558 833 3640 habebit,
864 3581 906 3623 ne
936 3559 1099 3645 particeps
1129 3558 1255 3622 illorum
1284 3560 1341 3624 fiat
1368 3559 1485 3646 quibus
1514 3560 1648 3625 dicitur:
1680 3561 1749 3649 Epo
1781 3564 1854 3627 oeni
1882 3564 1915 3626 in
1944 3565 2069 3626 nentina

415 3670 523 3754 patris
546 3670 741 3731 meletaco
764 3669 1007 3752 accepistisne.
1054 3667 1150 3730 Alius
1174 3670 1273 3732 ueniet
1302 3671 1336 3732 in
1358 3671 1481 3732 nomine
1504 3692 1570 3748 suo,
1601 3669 1692 3733 cllum
1716 3671 1887 3755 accepistis.
1935 3666 2070 3732 Amabit
2087 3693 2111 3732 ro

422 3785 529 3837 autem
553 3795 667 3837 manus
691 3785 723 3838 et
745 3773 829 3836 latus
853 3772 1021 3858 discipulis
1052 3771 1202 3859 exemplo
1233 3773 1394 3838 dominico
1425 3773 1657 3856 ostendentem,
1688 3797 1753 3839 non
1777 3775 1878 3838 solum
1904 3797 1947 3838 ex
1970 3797 2069 3860 opere

422 3881 608 3960 avariciam,
641 3879 697 3943 sed
722 3881 818 3944 etiam
843 3902 885 3943 ex
909 3879 1070 3944 calumnia
1096 3880 1306 3966 proicientem
1337 3902 1437 3965 seque
1462 3890 1494 3944 et
1524 3881 1556 3943 in
1581 3883 1697 3944 ceteris
1727 3881 1770 3944 ad
1793 3881 1945 3966 exempla
1969 3881 2069 3945 domi·

245 4015 403 4064 erroneum,
421 3987 496 4050 nica
519 3999 551 4050 et
575 3986 792 4072 apostolorum
815 3997 981 4072 gerentem
1005 3985 1155 4071 dicetque
1179 3985 1240 4050 illi:
1266 3986 1426 4050 Dominus
1449 4007 1540 4051 meus
1564 3998 1596 4051 et
1619 4009 1705 4073 papa
1727 4009 1828 4051 meus.

145 4127 161 4158 ο
185 4135 280 4184 Visiov
301 4077 402 4184 heddii
529 4093 627 4156 Venit
643 4116 729 4156 nunc
750 4094 784 4156 in
799 4104 940 4156 mentem
956 4093 1039 4156 visio
1059 4090 1188 4156 cuidam
1204 4091 1355 4178 prudenti
1377 4102 1409 4156 et
1424 4093 1574 4179 religioso
1591 4094 1661 4157 viro
1685 4105 1874 4180 preostensa
1889 4093 1973 4159 hecb
1998 4096 2071 4181 ipsa

165 4207 299 4289 scisnrstis
322 4208 402 4270 signi-
422 4210 567 4285 tempora
584 4199 766 4285 periculosa
783 4198 989 4285 portendens,
1007 4198 1123 4285 quibus
1141 4197 1290 4282 ecclesia,
1315 4200 1399 4264 sicut
1415 4198 1537 4264 dictum
1554 4211 1611 4282 est,
1633 4200 1741 4265 trifida
1760 4201 1915 4265 scissione
1930 4199 2068 4265 laborat
2088 4225 2113 4266 as

225 4277 342 4326 scaena.
425 4304 567 4370 Videbat
591 4329 625 4369 se
650 4307 742 4392 quasi
773 4308 807 4369 in
831 4306 970 4370 ecclesia
993 4304 1081 4369 beati
1103 4306 1191 4370 Petri
1215 4305 1317 4370 Rome
1339 4307 1479 4392 positum
1504 4328 1630 4370 sursum
1653 4307 1811 4394 aspicere,
1836 4329 1910 4372 cum
1934 4330 2013 4372 ecce
2036 4309 2070 4370 in

423 4413 568 4498 laqueari
589 4413 652 4477 duo
676 4414 757 4477 mire
781 4412 1014 4498 magnitudinis
1040 4423 1206 4499 serpentes
1230 4411 1351 4498 depicti
1374 4435 1457 4476 unus
1481 4423 1645 4499 argenteo,
1669 4413 1752 4479 alius
1775 4437 1937 4502 purpureo
1961 4414 2070 4479 colore

423 4518 618 4583 videbantur
641 4521 725 4583 etin
744 4520 851 4584 medio
870 4521 1013 4606 ipsorum
1032 4517 1129 4583 arbor
1147 4518 1244 4582 nimie
1265 4518 1451 4601 altitudinis,
1476 4519 1629 4584 videlicet
1652 4543 1672 4584 a
1692 4521 1756 4584 fine
1779 4543 1881 4608 usque
1905 4521 1948 4585 ad
1971 4521 2070 4585 finem

166 4613 406 4736 dddtdiriidinilii
426 4623 587 4711 laquearis
617 4627 816 4712 pertingens,
841 4649 903 4713 que
927 4627 1011 4690 inter
1039 4627 1182 4711 ipsorum
1213 4637 1396 4711 serpentum
1427 4626 1629 4690 latitudinem
1660 4625 1897 4714 quodammodo
1928 4650 2070 4714 coangu-

192 4723 381 4821 significativa.
426 4741 510 4796 stata
538 4755 645 4798 ramos
676 4733 852 4798 extendere
883 4732 986 4796 nullos
1009 4731 1150 4814 valebat,
1181 4732 1239 4796 sed
1267 4754 1412 4818 gemmas
1443 4743 1550 4797 tamen
1580 4743 1746 4820 turgentes
1770 4746 1802 4798 et
1828 4733 1905 4798 folia
1928 4734 2070 4820 quedam
2088 4759 2114 4796 so

425 4862 508 4922 rara,
533 4839 591 4903 sed
614 4841 748 4926 pinguia
770 4837 965 4926 preferebat,
989 4861 1091 4925 usque
1116 4839 1192 4903 dum
1215 4839 1303 4924 ipsos
1327 4849 1493 4924 serpentes
1516 4863 1576 4904 sua
1597 4842 1791 4927 proceritatc
1808 4841 1950 4905 vicisset.
1985 4841 2070 4904 Nam

424 4945 500 5028 illic,
525 4948 557 5009 in
582 4948 692 5032 spacio
716 4945 870 5010 videlicet
893 4969 912 5010 a
936 4944 1140 5032 serpentibus
1157 4967 1271 5027 vacuo,
1295 4967 1402 5010 ramos
1426 4955 1495 5010 arte
1517 4948 1655 5033 pictoria
1679 4946 1836 5012 deductos
1860 4946 2071 5034 expandebat

425 5055 535 5138 sicque
559 5051 727 5138 vigilatum
751 5063 809 5116 est.
857 5052 1023 5116 Visionem
1054 5050 1138 5115 hanc
1162 5052 1298 5137 quisque
1329 5053 1558 5137 interpretetur
1581 5065 1616 5118 ut
1637 5053 1734 5136 volet,
1764 5054 1844 5118 mihi
1866 5076 1944 5118 vero
1974 5054 2071 5119 huius

424 5159 622 5244 portentuosi
652 5159 806 5245 temporis
838 5159 999 5244 signativa
1021 5157 1160 5222 videbar.
1206 5157 1290 5222 Nam
1320 5180 1393 5222 mea
1421 5160 1622 5224 estimatione
1646 5159 1710 5225 duo
1734 5158 1781 5224 illi
1804 5172 1971 5247 serpentes
1996 5171 2072 5225 sunt

423 5265 475 5328 isti
498 5265 635 5328 Romani
665 5267 773 5329 vocati
803 5264 972 5351 pontifices
1004 5287 1081 5328 suae
1112 5265 1310 5329 extensionis
1341 5265 1564 5351 magnitudine
1594 5277 1694 5330 totam
1724 5267 1792 5331 fere
1823 5265 2071 5353 amplitudinem
2089 5291 2116 5330 aa

423 5370 559 5434 ecclesie
576 5371 641 5434 Dei
660 5371 757 5436 Petro
782 5373 972 5435 commissae
995 5369 1177 5457 implentes,
1201 5392 1261 5457 per
1284 5371 1429 5436 membra
1451 5373 1601 5437 nimirum
1626 5373 1864 5438 multitudinem
1888 5372 1950 5437 sibi
1974 5373 2070 5438 cohe-

531 5538 557 5598 a)
579 5537 607 5586 dr
626 5555 646 5586 e.
718 5533 746 5598 b)
768 5537 800 5586 h⁸
820 5553 841 5586 c.
914 5533 938 5598 c)
960 5536 1036 5586 nrirtio
1054 5535 1082 5585 in
1101 5553 1179 5601 marg.
1198 5553 1244 5586 ser.
1263 5553 1283 5586 c.

534 5684 561 5740 ll
586 5683 616 5738 V.
640 5701 729 5756 aspra
760 5703 783 5738 c.
810 5683 860 5752 51,
887 5701 919 5756 p.
939 5681 1010 5737 358.
1127 5679 1157 5754 2)
1183 5680 1334 5740 Cardinali
1355 5691 1471 5740 sanctae
1490 5682 1604 5754 Gracia·
1636 5685 1676 5756 rs.
1700 5704 1790 5760 supro
1821 5705 1842 5740 c.
1869 5684 1920 5755 51,
1941 5705 1973 5760 p.
1993 5686 2068 5742 358.

426 5787 456 5862 3)
482 5789 529 5861 (ff.
549 5788 598 5846 Or.
626 5788 693 5845 Met.
718 5788 758 5858 II,
780 5788 856 5844 136:
882 5789 976 5845 Medio
1000 5789 1154 5844 tutissimus
1178 5790 1241 5844 ibis.
