4396 6390
648 427 700 481 DE
725 426 887 490 QUARTA
910 426 1060 483 VIGILIA
1083 423 1236 481 NOCTIS.
1700 418 1763 482 509

116 608 268 674 dominus
291 611 383 676 Iesus
406 634 465 698 pro
489 611 544 676 illa
567 621 699 694 orasset,
731 616 796 698 qni,
820 623 855 676 ut
878 611 1041 698 apostolus
1065 614 1120 694 ait,
1145 615 1238 678 etiam
1261 614 1441 699 iratarpelhn
1459 636 1520 698 pro
1544 615 1643 692 nobb,
1667 634 1765 698 passa
1783 633 1917 682 nomam

114 727 204 780 esset
226 716 443 803 naufragium,
467 719 574 782 nautis
590 719 660 782 eius
682 740 801 803 magna
824 729 976 804 exparte
1001 719 1126 800 occisis,
1150 729 1293 783 attamen
1315 719 1349 782 in
1363 718 1469 804 prima
1492 717 1547 781 illa
1561 718 1675 803 vigilia
1697 730 1763 783 tam

111 832 191 908 post
214 833 361 907 mortem,
386 847 483 910 quam
507 835 538 888 et
561 835 635 889 ante
652 836 787 889 mortem
802 823 886 889 bene
902 824 1112 910 vigilantibus
1136 835 1168 889 et
1190 826 1262 910 ipsa
1284 834 1387 888 morte
1411 846 1470 888 sua
1492 823 1764 910 triumphantibus

111 951 222 1015 usque
240 929 348 1012 'adeo,
364 940 400 994 ut
415 932 572 1016 sanguine
588 931 730 1017 ipsorum
746 930 892 1017 plantata
907 931 1047 996 ecclesia
1063 933 1222 1017 optineret
1243 953 1368 1017 pacem,
1392 941 1556 994 transacta
1571 931 1637 994 iam
1652 929 1765 1016 vigilia
1782 953 1865 994 *troo

66 1059 85 1100 a
113 1037 234 1121 prima,
251 1035 381 1122 quando
397 1036 553 1101 inclinata
568 1047 641 1100 sunt
664 1059 765 1122 regna
788 1036 848 1102 sub
864 1037 1035 1123 imperium
1052 1037 1173 1103 Christi
1196 1049 1272 1102 tunc
1295 1038 1484 1123 imperantis
1500 1037 1606 1100 ventis
1623 1046 1656 1100 et
1671 1037 1762 1119 mari,

114 1151 152 1206 ut
182 1141 277 1207 fieret
305 1141 520 1229 tranquillitas
550 1165 679 1228 magna,
707 1165 770 1229 que
800 1143 887 1207 facta
910 1155 959 1208 est
988 1146 1182 1230 imperatore
1208 1142 1419 1208 Constantino
1451 1142 1493 1207 ad
1521 1141 1620 1208 fidem
1643 1141 1765 1208 Christi
1783 1165 1931 1215 xamen.

116 1271 289 1314 converso.
334 1248 425 1314 Bene
454 1251 564 1337 itaque
587 1248 805 1334 vigilaverunt
835 1251 972 1336 apostoli
996 1262 1028 1316 et
1051 1252 1198 1316 martires
1229 1252 1262 1314 in
1284 1252 1390 1336 prima
1413 1249 1526 1335 vigilia
1549 1251 1662 1332 noctis,
1687 1251 1765 1336 quia

117 1355 292 1442 perfidem
308 1357 457 1420 vicerunt
472 1378 574 1442 regna
589 1357 760 1442 tyrannica
774 1355 958 1421 idolatriam
982 1357 1191 1422 defendentia
1214 1367 1246 1420 et
1261 1355 1382 1421 Christi
1405 1355 1526 1421 cultum
1548 1355 1763 1442 prohibentia.

228 1460 394 1527 Successit
422 1462 497 1526 huic
519 1462 651 1547 vigiliae
682 1462 785 1526 altera
806 1463 920 1549 vigilia
950 1487 1015 1528 non
1044 1463 1149 1527 minus
1173 1463 1365 1549 periculosa,
1395 1463 1517 1548 inqua
1547 1463 1624 1526 item
1647 1473 1763 1527 ventus

60 1592 97 1630 ,ο
118 1579 190 1632 erat
213 1569 393 1640 contrarius
417 1569 593 1655 discipulis,
617 1568 772 1634 videlicet
794 1571 915 1634 sanctis
939 1568 1188 1652 confessoribus,
1213 1571 1299 1656 quia,
1324 1592 1398 1633 cum
1421 1569 1467 1632 illi
1492 1569 1645 1634 docerent
1662 1568 1761 1633 fidem

118 1697 243 1756 veram,
259 1685 372 1739 contra
394 1697 450 1740 eos
472 1675 607 1740 heretici
624 1675 804 1740 docuerunt
826 1675 951 1741 falsam.
986 1675 1132 1756 Quorum
1147 1677 1294 1762 precipui
1318 1675 1449 1740 fuerunt
1464 1674 1572 1757 Arius,
1590 1674 1762 1758 Sabellius,

118 1781 266 1862 Fotinus,
290 1780 511 1864 Macedonius,
535 1780 713 1864 Nestorius,
736 1781 870 1846 Eutices
894 1793 927 1847 et
950 1784 1050 1847 ceteri
1074 1805 1154 1869 quos
1178 1805 1368 1847 enumerare
1392 1780 1523 1868 longum
1547 1793 1605 1846 est.
1642 1780 1764 1846 Contra

119 1909 202 1974 quos
218 1910 238 1952 a
253 1889 373 1952 sanctis
390 1886 628 1952 confessoribus
644 1887 729 1952 bene
744 1888 914 1974 vigilatum
931 1900 980 1953 est
1003 1891 1037 1952 in
1053 1889 1198 1954 conciliis
1223 1899 1255 1953 et
1276 1887 1467 1953 tractatibus
1486 1899 1614 1974 patrum
1638 1898 1763 1953 sancto-

119 2017 192 2058 rum
215 1993 313 2058 fidem
329 1993 522 2059 catholicam
545 1993 765 2060 roborantium
789 2005 821 2060 et
843 1995 1021 2060 hereticam
1044 1997 1237 2081 pravitatem
1254 1994 1499 2060 confutantium.
1537 1993 1663 2074 Quibus
1679 1994 1763 2059 bene

60 2099 331 2186 :evigilantibus
355 2112 468 2166 contra
491 2101 643 2166 scismata
666 2111 698 2166 et
720 2101 851 2166 hereses
876 2101 1010 2166 defensa
1032 2112 1082 2166 est
1104 2100 1254 2182 ecclesia,
1285 2123 1326 2165 ne
1349 2112 1459 2187 posset
1487 2102 1522 2164 in
1545 2123 1585 2164 ea
1607 2101 1660 2165 vel
1683 2101 1764 2166 fides

122 2208 285 2292 corrumpi
299 2206 352 2270 vel
368 2208 474 2271 unitas
490 2206 651 2293 dissipari.
687 2206 744 2273 Sic
767 2217 934 2272 transacta
949 2218 999 2272 ast
1013 2207 1126 2294 vigilia
1149 2207 1294 2272 secunda
1317 2209 1497 2294 imperante
1514 2205 1642 2272 Christo
1659 2209 1763 2271 ventis

121 2312 283 2378 heresium
306 2322 338 2377 et
361 2322 531 2378 sectarum.
1741 2401 1742 2406 γ

227 2419 266 2482 In
281 2421 383 2484 tercia
398 2441 475 2484 vero
490 2419 613 2505 vigilia,
638 2422 715 2506 quia
737 2420 818 2485 fides
842 2423 908 2484 iam
930 2420 1082 2486 roborata
1103 2443 1169 2484 non
1191 2422 1297 2506 potuit
1320 2430 1376 2486 aut
1398 2420 1516 2506 poterit
1537 2419 1670 2485 ulterius
1695 2443 1763 2484 cor-

122 2527 228 2612 rumpi
256 2524 400 2590 beretica
428 2527 599 2612 pravitate,
630 2529 787 2592 successit
809 2528 972 2614 comuptio
995 2550 1130 2609 morum,
1160 2527 1256 2613 longe
1279 2527 1392 2609 maior,
1417 2549 1514 2613 quam
1537 2537 1633 2592 antea
1655 2526 1763 2592 fuerit.

84 2656 108 2696 ao
123 2631 244 2697 Contra
266 2655 363 2718 quam
387 2642 517 2697 sanctus
540 2656 626 2720 papa
650 2633 828 2720 Crregorius
853 2635 1045 2720 conscripsit
1067 2634 1167 2698 multa
1191 2633 1231 2698 de
1255 2656 1380 2698 morum
1404 2632 1584 2718 disciplina,
1609 2635 1763 2720 precipue

121 2739 257 2803 Moralia
272 2737 341 2821 lob,
365 2740 442 2826 quia
459 2741 530 2826 ipse
553 2741 613 2806 fuit
637 2742 787 2827 egregius
804 2741 883 2827 vigil
906 2741 940 2804 in
963 2742 1034 2826 ipsa
1057 2741 1160 2805 tercia
1179 2739 1293 2826 vigilia
1316 2738 1495 2805 secundum
1517 2761 1635 2804 nomen
1659 2763 1762 2822 suum,

122 2847 197 2932 quia
220 2843 399 2931 Gregorius
417 2844 533 2930 Grece,
556 2847 673 2911 Latine
697 2848 927 2933 interpretatur
941 2846 1175 2932 Vigilantius1;
1206 2857 1279 2932 post
1301 2847 1407 2932 ipsum
1430 2867 1558 2931 quoque
1582 2845 1764 2931 complures

120 2951 236 3038 vigiles
259 2951 343 3016 bene
359 2953 577 3038 vigilaverunt
601 2965 713 3018 contra
735 2976 841 3018 mores
864 2976 993 3040 pravos,
1013 2976 1093 3040 quos
1112 2954 1200 3017 idem
1216 2952 1330 3016 beatus
1354 2952 1470 3016 insuia
1494 2951 1618 3016 omeliis
1642 2963 1674 3016 et
1697 2954 1763 3039 epi-

121 3058 220 3141 stolis,
250 3060 391 3124 maxime
414 3082 492 3124 vero
522 3061 556 3123 in
579 3059 669 3124 libris
693 3059 870 3126 Moralibus
894 3072 926 3124 et
948 3059 1131 3124 Ezechielis
1156 3061 1358 3146 expositione
1387 3060 1503 3144 arguit,
1535 3069 1631 3144 prout
1652 3068 1763 3124 notum

79 3186 103 3226 a
121 3175 170 3229 est
193 3164 350 3230 ecclesiae
366 3165 441 3247 Dei,
465 3188 504 3230 ac
527 3167 663 3253 proinde
686 3189 752 3231 non
768 3189 848 3253 opus
871 3177 920 3230 est
943 3189 963 3230 a
985 3165 1078 3230 nobis
1102 3167 1222 3252 exponi
1245 3165 1324 3251 quid
1348 3163 1508 3250 improbet
1530 3164 1582 3229 vel
1606 3165 1764 3251 approbet

120 3273 153 3334 in
177 3270 320 3336 moribus
343 3273 404 3336 iste
428 3284 569 3355 sanctus,
594 3274 649 3359 qui
672 3295 731 3359 pro
755 3272 826 3358 lege
850 3272 915 3336 Dei
946 3273 1084 3337 certavit
1110 3295 1213 3358 usque
1244 3271 1286 3335 ad
1316 3281 1451 3335 mortem
1475 3281 1508 3335 et
1530 3293 1550 3334 a
1572 3270 1682 3336 verbis
1705 3273 1763 3336 im-

119 3379 247 3464 piorum
276 3402 341 3443 non
370 3380 485 3462 timuit,
516 3378 670 3443 fundatus
700 3381 787 3443 enim
817 3390 886 3443 erat
916 3401 1014 3465 supra
1036 3379 1161 3443 firmam
1184 3388 1319 3464 petram.
1366 3377 1439 3440 Tali
1462 3378 1638 3442 certamine
1663 3380 1762 3443 conti-

119 3494 218 3548 nuato
248 3486 282 3548 in
308 3485 463 3550 Romanis
492 3484 700 3572 pontificibus
731 3485 772 3550 ab
802 3487 873 3572 ipso
903 3486 1007 3571 primo
1032 3483 1191 3570 Gregorio
1221 3506 1323 3570 usque
1354 3482 1395 3548 ad
1426 3495 1558 3548 sanctae
1587 3485 1762 3548 memoriae

121 3589 314 3676 Gregorium
338 3590 413 3655 VH.
444 3600 609 3656 transacta
639 3602 672 3656 et
702 3601 922 3657 consummata
952 3591 1095 3656 creditur
1121 3591 1234 3677 vigilia
1264 3591 1375 3672 tercia,
1404 3591 1481 3676 quia
1511 3591 1580 3676 ipse
1604 3592 1764 3676 percussit
1782 3576 1903 3678 ⁰¹¹3f¹f2¹'‚⁸⁰‘

67 3718 102 3760 ao
120 3706 219 3783 caput
242 3697 282 3760 de
306 3697 400 3761 domo
416 3698 508 3784 impii
524 3697 743 3762 condemnans
766 3700 958 3762 intrusorem
975 3696 1134 3762 Gwiberti
1158 3697 1332 3760 scismatici
1354 3718 1466 3782 regem
1482 3696 1672 3760 Heinricum
1689 3719 1763 3762 cum

120 3802 183 3867 sibi
212 3805 438 3868 consentaneis
467 3805 610 3876 maxime
640 3803 766 3868 clericis
796 3803 969 3891 impudicis
1000 3814 1033 3868 et
1062 3805 1258 3890 symoniacis
1269 3809 1291 3867 ².
1336 3803 1391 3867 Ex
1419 3812 1506 3885 tunc,
1537 3813 1573 3866 ut
1602 3807 1762 3889 *apparet
1781 3825 1872 3865 ·r.roo.

120 3911 224 3996 magis
247 3909 429 3995 periculosa
451 3920 597 3997 tempora
620 3921 786 3997 ceperunt,
811 3912 888 3997 quia
911 3921 1052 3975 extunc
1076 3912 1163 3996 cepit
1185 3911 1329 3975 avaricia
1351 3931 1437 3974 nova
1465 3911 1499 3972 in
1522 3907 1603 3974 urbe
1626 3909 1730 3974 Roma
1740 3915 1761 3974 ³.

120 4016 204 4081 Nam
228 4017 365 4081 antehac
387 4017 552 4082 Romanus
582 4017 720 4104 populns
750 4019 871 4104 pastori
902 4041 959 4082 suo
989 4017 1178 4081 fidelitatem
1208 4018 1382 4103 gratuitam
1412 4015 1523 4080 solitus
1547 4016 1608 4079 luit
1631 4037 1762 4081 servare

121 4145 194 4186 cum
229 4121 339 4187 debita
373 4122 572 4207 obedientia,
608 4124 667 4188 sed
700 4137 777 4188 tunc
813 4123 926 4189 oborta
961 4126 1165 4189 contentione
1200 4126 1284 4188 inter
1318 4123 1535 4188 sacerdotium
1565 4134 1598 4187 et
1626 4145 1762 4208 regnum

76 4254 102 4294 aa
120 4229 257 4293 Romani
281 4231 370 4293 cives
400 4229 593 4294 adherentes
624 4231 768 4316 pontifici
799 4253 856 4295 suo
886 4230 1058 4295 nolueumt
1087 4233 1188 4317 gratis
1218 4232 1252 4294 in
1282 4230 1337 4294 tali
1368 4252 1486 4316 guerra
1515 4228 1673 4311 laborare,
1704 4229 1763 4294 sed

120 4335 251 4399 multam
281 4337 454 4422 pecuniam
484 4345 665 4422 exegerunt
687 4337 780 4423 quasi
805 4335 947 4401 debitum
978 4337 1175 4424 stipendium
1205 4359 1283 4402 suae
1306 4336 1450 4418 militiae,
1475 4335 1682 4422 quodetiam
1705 4335 1762 4400 tali

120 4441 233 4506 militia
256 4453 404 4507 cessante
434 4444 468 4506 in
489 4465 571 4530 pace
595 4465 724 4529 quoque
747 4443 836 4508 velut
866 4441 928 4507 sibi
952 4445 1082 4530 suisque
1105 4443 1179 4507 filiis
1202 4443 1433 4508 hereditarium
1455 4442 1665 4507 tumultuaria
1687 4464 1761 4507 con-

119 4549 261 4612 tentione
286 4547 348 4612 sibi
371 4549 636 4632 vendicaverunt,
661 4559 757 4636 atque
780 4572 840 4636 per
863 4549 924 4615 hoc
939 4549 1102 4614 Romanos
1118 4550 1287 4635 pontifices
1307 4548 1531 4635 compulerunt
1545 4546 1761 4635 undecunque

120 4666 288 4740 argentum
312 4665 344 4719 et
367 4677 479 4719 aurum
504 4655 666 4742 colligere,
691 4678 755 4742 quo
779 4678 889 4720 eorum
912 4656 1083 4721 satisfieret
1105 4657 1278 4738 avariciae,
1304 4679 1366 4742 que
1391 4654 1503 4719 similis
1527 4665 1576 4718 est
1602 4657 1681 4740 igni,
1705 4656 1762 4741 qui
1780 4676 1930 4725 raason.

75 4787 102 4825 so
119 4783 283 4847 nunquam
314 4760 408 4826 dicit:
440 4761 607 4827 ‘suffieitt
654 4760 709 4827 Sic
740 4785 761 4825 a
790 4763 895 4849 capite
923 4785 1026 4848 usque
1056 4762 1099 4826 ad
1126 4763 1271 4849 plantam
1300 4764 1397 4827 totius
1428 4763 1572 4848 corporis
1602 4761 1761 4826 ecclesiae

120 4867 295 4953 cupiditate
319 4879 451 4954 questus
479 4867 614 4934 dilatata
641 4879 757 4954 regnat
786 4869 930 4933 avaricia
959 4871 993 4932 in
1015 4870 1077 4934 hac
1100 4869 1212 4955 vigilia
1235 4881 1360 4956 quarta,
1385 4869 1425 4933 de
1449 4891 1514 4954 qua
1537 4867 1669 4953 elegans
1693 4869 1762 4954 qui-

120 4973 193 5038 dam
217 4974 418 5039 versificator
441 4976 523 5039 aitl:

436 5083 570 5147 Romam
593 5098 684 5148 vexat
705 5083 808 5148 adhuc
831 5107 920 5147 amor
942 5083 1165 5148 immoderatas
1187 5083 1333 5164 habendi,

440 5188 535 5267 Quem
559 5213 620 5254 aon
644 5192 799 5276 antiopaet
820 5191 888 5254 arisi
908 5189 1026 5254 iudicia
1050 5192 1101 5253 iro
1125 5189 1285 5254 tremendi.

75 5317 101 5357 ra
119 5293 191 5358 Hoc
209 5316 287 5358 vere
310 5293 432 5358 dictum
456 5305 514 5359 est.
560 5295 645 5359 Nam
667 5295 701 5358 in
725 5295 840 5359 ceteris
856 5295 976 5380 vigiliis
1001 5295 1121 5359 auxilio
1145 5295 1255 5359 divino
1280 5317 1338 5381 per
1360 5295 1506 5359 homiues
1530 5295 1761 5380 triumphatum

120 5410 177 5482 eet,
201 5399 354 5465 videlicet
376 5401 409 5464 in
432 5402 538 5487 prima
559 5424 619 5488 per
640 5402 799 5482 martires,
822 5402 856 5464 in
880 5401 1025 5465 secunda
1047 5424 1106 5488 per
1129 5401 1340 5484 confessores,
1371 5403 1404 5465 in
1426 5403 1528 5466 tercia
1551 5423 1609 5488 per
1632 5411 1760 5466 sanctos

228 5565 257 5638 1)
281 5567 342 5626 Iol.
358 5567 444 5626 Diae.
464 5569 496 5626 V.
515 5568 545 5626 S.
564 5566 699 5645 Greporir'
715 5569 772 5640 l.I,
797 5589 819 5626 c.
836 5570 863 5640 1,
887 5566 907 5644 ᾖ
925 5569 953 5641 2,
979 5567 1053 5646 Opp.
1078 5572 1122 5628 ed.
1145 5569 1253 5628 Benad.
1270 5570 1296 5640 I,
1321 5571 1370 5627 col.
1390 5569 1440 5626 23.
1522 5567 1552 5644 2)
1575 5569 1620 5626 De
1636 5569 1759 5646 investip.

119 5674 288 5744 radcard,
313 5693 336 5732 c.
353 5675 401 5744 17,
425 5694 515 5750 supra
535 5695 565 5750 p.
585 5674 658 5731 324.
766 5673 796 5746 3)
820 5675 896 5733 Ibid.
921 5697 944 5734 c.
965 5676 1013 5732 19.
1033 5676 1084 5747 49,
1103 5697 1136 5752 p.
1155 5677 1227 5732 329.
1247 5676 1321 5733 356.
1435 5674 1466 5749 4)
1490 5677 1546 5733 Ed.
1573 5674 1759 5746 Giaaebreclt,

120 5779 168 5838 ‘D.
187 5781 361 5839 Kaismcit'
385 5781 439 5839 ΙΙΙ
456 5776 511 5857 (ed.
542 5777 764 5860 V.),p.1278.
802 5781 850 5856 Cf.
874 5803 964 5859 cupra
981 5803 1014 5860 p.
1033 5783 1106 5841 439.
