4478 6442
798 1479 1236 1616 OARMINA

286 1723 388 1854 IN
447 1721 915 1858 SIMONIAM
971 1725 1090 1858 ΕΤ
1147 1726 1754 1861 ROMANORUM

739 1969 1290 2104 AVARITIAM.

853 2297 855 2300 -
938 2268 1101 2334 uorum

798 2449 861 2546 Η.
889 2448 1233 2547 BOEHMER.

1004 2730 1033 2805 I.

307 2854 470 2934 Marbodi
490 2869 649 2954 opuecuiio
672 2871 816 2933 carmina
840 2853 902 2932 duo
925 2869 1076 2934 accedant
1097 2895 1116 2934 a
1133 2870 1328 2934 Betbmanno
1352 2871 1378 2934 b.
1396 2895 1435 2932 ru.
1462 2894 1477 2933 e
1500 2869 1606 2934 codice
1631 2870 1728 2934 Vatia.
1751 2869 1843 2934 Obri-

194 2978 294 3040 ctinae
317 2979 444 3062 repinoe
462 2976 535 3056 711,
560 2976 635 3040 olim
651 3001 675 3039 e.
692 2975 810 3040 Albini
822 2975 1070 3063 Andeqaoenoia,
1086 2977 1153 3064 fol.
1171 2977 1243 3039 112.
1261 2991 1397 3062 excepta,
1421 2978 1479 3041 ubi
1499 3001 1594 3040 manu
1609 3001 1688 3040 eaeo.
1706 2977 1787 3040 XII.
1805 3001 1844 3042 em

195 3082 300 3148 codice
327 3085 506 3168 antiquiore
533 3084 740 3169 transscripta
764 3107 828 3148 eece
851 3083 1026 3146 videntur1.
1074 3083 1124 3147 De
1146 3085 1325 3148 auctoribus
1348 3084 1433 3148 nibil
1454 3083 1601 3148 traditur.
1650 3082 1716 3148 Sed
1737 3109 1775 3148 eu
1797 3087 1843 3149 eir

149 3213 176 3252 ιο
195 3213 274 3274 quae
297 3189 335 3254 de
351 3189 570 3275 praelatorum
597 3189 796 3254 Gallicorum
826 3191 962 3253 aimonio
993 3213 1032 3253 ex
1061 3190 1160 3277 elopio
1183 3190 1318 3254 Milonis
1347 3190 1439 3255 ruodo
1469 3193 1678 3277 copnovirnue,
1709 3216 1745 3255 eo
1774 3215 1841 3256 eae-

195 3296 263 3360 culo
286 3295 347 3359 XI.
372 3310 498 3361 exeunte
525 3296 576 3360 nel
596 3295 676 3359 XII.
702 3299 824 3360 ineunte
854 3297 889 3359 in
914 3295 1049 3360 Gallim
1072 3296 1199 3360 condita
1222 3321 1285 3362 ease
1314 3299 1507 3362 coniecerim.
1555 3297 1756 3377 Marboduru,
1786 3299 1846 3382 qui

193 3403 355 3467 monachia
383 3428 407 3467 e.
432 3402 549 3466 Albini
573 3401 744 3468 admodum
760 3403 875 3489 fauit³
897 3403 1097 3488 uersibueque
1125 3405 1338 3468 amarissimis
1357 3406 1556 3490 praepositos
1579 3405 1726 3468 ecclesiae
1750 3406 1841 3468 caeti-

191 3533 282 3594 9aeee
305 3510 460 3589 uidetur⁴,
490 3509 644 3596 rbptlunie
670 3511 705 3574 in
728 3509 778 3574 tir
801 3510 995 3574 carminibus
1018 3509 1171 3574 adhibitis
1194 3535 1281 3574 urum
1307 3535 1371 3575 ecee
1393 3534 1454 3575 non
1478 3525 1603 3575 coartat.
1654 3509 1723 3588 Qua
1748 3511 1785 3575 de
1808 3536 1842 3574 re

195 3618 228 3680 ei
247 3619 391 3680 earmina
414 3616 563 3681 addicere
586 3618 642 3680 via
664 3618 777 3696 ausim,
807 3615 865 3680 aed
886 3618 962 3702 quin
987 3615 1170 3704 Andepouie
1197 3619 1265 3680 eiue
1287 3631 1384 3682 aeuu
1408 3620 1579 3703 composita
1601 3619 1674 3698 aiut,
1703 3641 1764 3682 non
1789 3631 1842 3698 est,

147 3746 176 3785 ιο
195 3747 251 3786 cur
273 3723 455 3788 dubitemne.

672 3849 700 3910 1.
736 3846 955 3933 Incipiunt
978 3845 1150 3911 decreta
1173 3846 1364 3912 Simonis.

300 3970 368 4037 Sua
392 3970 503 4037 Simon
527 3970 583 4036 dat
606 3971 754 4036 decreta:
1091 3987 1123 4037 10
1150 3970 1372 4058 Accepturum
1395 3971 1441 4036 nil
1464 3993 1498 4036 se
1523 3971 1636 4054 credit,

300 4077 449 4160 Quodsi
472 4077 571 4143 bursa
595 4078 637 4143 sit
658 4078 792 4165 repleta,
1151 4078 1204 4143 Nil
1227 4077 1380 4162 habebat,
1404 4078 1503 4144 nichil
1527 4078 1627 4163 dedit,

299 4185 373 4250 Fiet
395 4184 505 4272 presul
527 4185 581 4249 vel
603 4185 762 4272 propheta
1150 4186 1220 4250 Nee
1243 4187 1278 4249 in
1301 4195 1414 4250 sanata
1437 4185 1515 4250 aede
1539 4185 1632 4251 sedit.

147 4316 181 4354 ²⁰·
300 4292 447 4375 DstVussb
471 4292 600 4356 Blnlssl
622 4293 675 4358 ⁹¹0¹
699 4291 784 4357 Gela
796 4297 814 4356 ⁷·
1151 4311 1264 4376 Simon
1286 4311 1366 4376 facit
1387 4310 1445 4374 hoe
1468 4311 1617 4394 maiores,

256 4433 271 4481 u
299 4417 373 4482 Non
396 4416 533 4482 attendit
554 4416 748 4504 probitatem
1150 4417 1221 4482 Hos
1244 4416 1391 4501 abbates,
1415 4417 1472 4482 hoe
1495 4419 1631 4504 priores.

299 4524 414 4610 Neque
438 4547 544 4588 mores
567 4545 628 4588 nee
653 4533 780 4588 etatem.
1091 4542 1122 4590 15
1150 4524 1306 4589 Nummo-
1331 4525 1457 4611 quaerit
1479 4535 1512 4590 et
1533 4547 1599 4589 non
1622 4547 1737 4607 mores,

300 4630 413 4697 Simon
435 4631 514 4696 facit
536 4630 622 4695 huno
645 4633 827 4717 primatem,
1149 4631 1193 4695 Et
1215 4633 1389 4696 nummatis
1413 4630 1469 4695 dat
1491 4631 1640 4696 honores.

299 4737 397 4802 Hunss
420 4739 571 4824 PsiOl'flmr
595 4736 681 4801 hunc
705 4736 867 4802 abbatem·
1149 4755 1274 4820 Venter
1296 4757 1391 4820 nimie
1413 4757 1611 4820 incrassatus

146 4885 175 4924 au
298 4860 354 4926 Ad
375 4861 438 4926 hoc
461 4884 586 4949 pauper
609 4884 674 4926 non
697 4862 850 4945 accedit,
1151 4861 1414 4950 Qualiscumque,
1438 4862 1496 4928 sed
1519 4873 1734 4946 nummatua⁸,

300 5060 327 5127 a)
348 5069 456 5114 umatus
474 5080 494 5114 c.

304 5242 333 5321 1)
357 5245 486 5303 ‘Archiv'
510 5245 581 5318 XII,
606 5267 640 5323 p.
659 5245 738 5316 305,·
769 5246 809 5317 cf.
834 5245 922 5304 ‘Poet
947 5245 1010 5304 acui
1035 5243 1142 5304 Carol!
1166 5246 1206 5318 II,
1231 5267 1264 5324 p.
1282 5245 1353 5302 126.
1468 5243 1499 5320 2)
1524 5244 1573 5318 Cf.
1597 5265 1705 5322 quoque
1727 5244 1843 5323 Arnulfi

195 5353 340 5430 Sapientem
355 5353 525 5410 Invectiuarn
539 5373 630 5428 cupra
649 5373 681 5429 p.
699 5353 750 5408 89.
821 5352 851 5422 3)
877 5354 974 5428 Supra
985 5373 1018 5429 p.
1034 5352 1107 5410 689.
1177 5351 1208 5424 4)
1228 5352 1275 5425 Os.
1292 5373 1389 5411 oerem
1404 5353 1575 5424 cananialce,
1593 5354 1635 5410 ed.
1652 5352 1842 5428 Beaupendrc

194 5461 212 5516 l.
226 5461 245 5516 l.
263 5462 313 5518 col.
326 5459 559 5528 1631-1634,·
582 5459 700 5537 Wriplrt,
715 5459 788 5517 ‘Tbe
800 5458 997 5536 Anyto-Latin
1013 5460 1143 5518 satiricat
1150 5469 1233 5536 poete
1247 5463 1310 5518 and
1322 5459 1609 5538 epigrammatibus
1620 5460 1664 5516 tlre
1676 5458 1742 5515 XII
1744 5451 1766 5488 '¹¹
1778 5478 1841 5514 cen-

147 5578 176 5618 to
194 5569 274 5642 turp’
298 5567 339 5638 ΙΙ,
357 5587 391 5643 p.
409 5565 605 5623 213—218.
714 5564 744 5636 5)
770 5566 854 5624 Servi
874 5586 974 5624 nomeu
997 5567 1027 5624 in
1050 5566 1196 5624 coruoadiie
1218 5567 1365 5637 usitatum
1401 5568 1441 5639 cf.
1472 5567 1535 5624 Ter.
1559 5566 1651 5624 Andr.
1677 5564 1839 5635 I,1,142.

196 5670 227 5748 6)
252 5671 299 5746 Cf.
321 5674 424 5733 Horat.
444 5674 504 5732 Sat.
522 5673 547 5744 I,
564 5672 594 5744 4,
613 5673 664 5730 69.
735 5669 766 5747 7)
789 5672 856 5730 Item
879 5673 955 5730 cerui
976 5693 1075 5730 nornen
1099 5673 1128 5729 in
1153 5673 1298 5730 comoediis
1320 5673 1449 5730 usitatum
1457 5695 1468 5744 ,·
1497 5673 1560 5730 Ter.
1578 5673 1670 5734 Andr.
1687 5671 1744 5743 III,
1763 5673 1791 5740 4,
1812 5673 1840 5728 1.

267 5794 369 5847 Libelli
388 5795 422 5846 de
442 5793 498 5846 lite.
530 5795 583 5845 111.
1594 5795 1627 5844 88
