4386 6390
486 1459 1149 1596 FRAGMENTUM
1214 1454 2025 1593 MERSEBURGENSE

730 1729 854 1862 DE
906 1727 1439 1862 CAELIBATU
1485 1725 1782 1860 CLERI.

1168 2027 1330 2092 EDIDIT

1013 2225 1067 2324 Ε.
1100 2225 1492 2324 DUEMMLER..

535 2507 574 2570 G.
592 2506 691 2571 Waite
713 2508 874 2592 reperite.
893 2507 986 2570 1842.
1012 2508 1046 2570 in
1063 2509 1265 2594 intepumento
1282 2508 1430 2570 interiore
1447 2505 1566 2570 codicis
1582 2506 1624 2568 43
1641 2505 1778 2592 capituli
1790 2504 2073 2591 Mersebnryensis¹
2091 2529 2102 2566 s

419 2615 649 2700 fraqmentnm,
680 2637 740 2698 qao
763 2613 895 2699 epistola
920 2613 1221 2678 Pseudo-Udalrici
1241 2613 1287 2677 'ad
1308 2611 1478 2676 Nicolaum
1499 2637 1619 2698 papam
1648 2614 1862 2700 impapnatur,
1894 2637 1989 2675 manu
2012 2636 2075 2675 sae-

426 2721 495 2783 culi
507 2718 587 2782 XII.
604 2721 765 2806 scriptum.
799 2719 906 2783 Coelen
928 2722 995 2806 epse
1018 2721 1142 2783 saeculo
1158 2718 1232 2783 XV.
1258 2733 1405 2784 exaratus
1428 2721 1561 2782 continet
1584 2719 1729 2804 infoliis
1746 2733 1889 2804 exparte
1905 2719 2076 2782 chartaceis

426 2849 465 2890 en
486 2839 582 2912 parte
612 2827 856 2891 membranaceis
886 2827 1069 2912 opusculum
1100 2827 1302 2914 theolopicum
1334 2825 1459 2890 domini
1483 2825 1573 2890 Petri
1598 2825 1751 2912 Sparnow
1773 2827 1937 2911 prepositi
1961 2825 2076 2890 sileres-

426 2934 589 3019 burpensis
605 2947 633 2998 et
651 2933 825 2998 Honorium
841 2957 936 3019 super
952 2932 1083 2997 Cantica
1106 2936 1307 2997 canticorum.
1344 2931 1378 2996 F
1375 2933 1438 2996 olio
1462 2933 1504 2996 ab
1519 2935 1722 3019 intepumento
1739 2957 1759 2996 a
1776 2932 1956 3018 bibliopepa
1979 2933 2076 2996 soluto

426 3038 507 3103 dnae
523 3041 707 3127 frapmenti
722 3042 872 3126 papissae,
903 3065 1037 3125 quaram
1053 3041 1136 3127 finis
1159 3039 1368 3116 dess'deratar,
1392 3040 1465 3103 bene
1489 3040 1554 3126 leqi
1569 3053 1738 3125 potuerunt
1759 3063 1871 3123 easque
1895 3039 1948 3103 bic
1971 3042 2117 3103 sisterem

425 3147 516 3226 invit,
540 3171 608 3210 cnm
632 3149 765 3210 maioris
789 3146 827 3211 de
850 3147 1004 3211 caelibatu
1026 3149 1131 3232 operis
1154 3148 1256 3233 ipnoti
1276 3147 1431 3231 reliquias
1446 3170 1510 3210 esse
1527 3147 1667 3231 liqueret.
1703 3143 1741 3208 In
1759 3148 1964 3232 integumento
1977 3159 2076 3231 poste—

425 3255 511 3318 riore
534 3253 672 3317 eiusdem
695 3253 814 3318 coelicis
837 3253 931 3317 aliud
946 3255 1164 3341 frcpmentum
1189 3267 1288 3318 exstat
1305 3253 1409 3316 eodem
1426 3267 1561 3338 tempore
1584 3266 1675 3337 atque
1698 3251 1805 3316 eadem
1814 3253 1961 3340 fortusse
1984 3277 2078 3314 manu

424 3362 577 3446 scriptum
601 3373 629 3423 et
651 3362 684 3424 ιή
701 3361 898 3446 marpinibns
916 3361 1070 3438 mutilum,
1094 3359 1233 3424 seticum
1250 3361 1405 3424 anteriore
1421 3359 1584 3424 cobaerere
1600 3361 1728 3423 minime
1751 3358 1885 3438 videtur,
1910 3383 1980 3422 cum
2005 3383 2077 3422 non-

424 3468 493 3530 nisi
513 3481 657 3552 excerpta
681 3490 719 3530 en
733 3465 908 3553 Acpnstini
929 3466 966 3530 de
990 3466 1127 3530 diversis
1142 3467 1375 3551 quaestionibus
1398 3465 1444 3530 ad
1458 3465 1705 3551 simplicianum
1721 3465 1814 3529 libris
1831 3465 1951 3529 dnobus
1960 3467 2078 3551 paucis

425 3573 548 3637 additis
570 3575 731 3637 contiueat.
768 3573 818 3637 De
841 3587 965 3638 auctore
988 3575 1090 3637 nostri
1101 3573 1280 3659 frapmenti
1300 3574 1359 3658 qui
1371 3572 1593 3660 Mersebarpae
1611 3575 1729 3636 vicisse
1739 3585 1850 3658 potest,
1874 3571 1960 3636 nibil
1982 3572 2077 3658 affir-
2095 3595 2117 3633 ιι

425 3705 512 3744 mare
528 3682 642 3759 ausim,
665 3682 815 3766 nis-ipost
829 3679 992 3765 epistolam
1016 3704 1096 3764 quae
1112 3679 1231 3742 elicitur
1245 3677 1417 3742 Oudalrici
1436 3681 1632 3743 notissimam
1652 3703 1719 3742 eum
1736 3680 1903 3764 scripsisse
1927 3693 2075 3764 oportere.

426 3785 470 3850 At
486 3787 654 3872 probabile
684 3785 807 3850 uidetur
835 3810 903 3850 enm
927 3787 1060 3850 concil-io
1084 3786 1140 3850 illi
1160 3785 1302 3849 Romano
1326 3811 1345 3849 a
1372 3785 1526 3872 Greporio
1552 3784 1623 3848 VII.
1648 3810 1677 3849 a.
1700 3786 1793 3847 1079.
1819 3787 1943 3848 ineunte
1973 3783 2076 3848 lsabito

427 3890 500 3974 (88.
523 3891 557 3972 V,
574 3916 611 3978 p.
630 3893 708 3976 436)
737 3895 945 3972 antecessisse,
975 3894 1007 3956 in
1032 3917 1092 3977 qao
1111 3915 1201 3978 papa
1226 3901 1258 3953 et
1282 3891 1436 3977 scriptum
1462 3890 1548 3976 quod
1572 3889 1690 3954 dicitur
1713 3891 1817 3954 sancti
1842 3888 2013 3954 Oudnlrici
2037 3889 2077 3953 sd

426 4019 545 4085 papam
567 3997 739 4062 Nicolaum
763 3997 804 4062 de
821 3983 948 4084 'nuptiis
978 3995 1231 4084 presbiterorum
1255 4007 1287 4061 et
1311 3995 1485 4084 capitulum
1510 3997 1654 4061 Pafnutii
1686 3995 1725 4060 de
1756 3996 1872 4060 eadem
1900 4018 1947 4078 re,
1979 3997 2075 4060 immo

426 4105 535 4169 omnia
558 4105 658 4168 sacris
680 4102 858 4169 canonibus
883 4104 1021 4168 adversa
1045 4103 1221 4185 damnavit,
1246 4130 1314 4168 cum
1335 4118 1407 4190 post
1429 4105 1485 4168 boc
1509 4103 1664 4169 iudicium
1687 4107 1806 4190 sesima
1830 4103 1907 4168 baec
1929 4105 2076 4192 refellere
2093 4129 2117 4168 so

426 4215 482 4276 os'sc
497 4213 699 4299 opussaerit.
735 4211 807 4276 Non
833 4215 936 4297 ipsum
953 4212 1089 4276 codicem
1114 4212 1304 4297 discerptum
1328 4225 1482 4275 auctorem
1506 4213 1681 4298 scripsisse,
1705 4210 1762 4274 sed
1784 4211 1956 4275 librarium
1973 4226 2075 4297 poste-

425 4321 553 4398 riorem,
576 4319 699 4382 mendis
722 4319 761 4382 ab
785 4343 818 4383 eo
842 4343 903 4382 ηοη
919 4321 1037 4404 paucis
1061 4320 1235 4382 commissis
1253 4319 1416 4404 probatur.

555 4443 587 4506 B
595 4444 752 4507 erolini
773 4468 801 4506 a.
822 4444 916 4506 1896.
941 4441 1027 4507 Iulio
1050 4467 1160 4507 mense.
1655 4441 1695 4505 Ε.
1721 4429 1968 4506 DUMMLER.

535 4645 564 4715 1)
590 4645 683 4714 Pertz,
709 4644 839 4702 ‘Archiv'
862 4644 943 4716 VIII,
963 4665 996 4720 p.
1015 4644 1088 4714 664,
1113 4644 1159 4701 ubi
1180 4644 1318 4720 specimen
1342 4645 1435 4702 datur.
1552 4643 1582 4714 2)
1610 4645 1812 4720 Fraqmentum
1835 4643 1951 4720 incipit:
1984 4643 2071 4718 [prae-

426 4749 586 4824 teritalrum
610 4753 682 4808 sicut
705 4753 898 4825 praesentium
921 4781 965 4790 -
988 4754 1181 4807 tantummodo
1204 4753 1351 4809 scientium
1375 4747 1450 4825 (Lib.
1475 4751 1516 4820 II,
1541 4771 1586 4828 qu.
1606 4749 1634 4820 2,
1659 4747 1724 4823 §Q
1751 4748 1825 4826 opp.
1845 4749 1893 4820 VI,
1920 4753 1971 4808 col.
1992 4747 2073 4826 113).
2090 4766 2112 4806 ss

427 4861 465 4915 Et
487 4868 552 4932 post
576 4861 686 4932 ulique:
712 4859 782 4914 Cum
804 4859 924 4932 legimus
947 4888 991 4897 —
1014 4859 1160 4914 voluntate
1186 4855 1328 4931 disponlit]
1362 4853 1399 4932 (ᾗ
1423 4857 1452 4928 4,
1478 4860 1529 4916 col.
1548 4853 1633 4933 114).
1683 4855 1825 4930 [sipost]
1858 4875 1966 4930 pauca:
1999 4857 2073 4914 Sicut

427 4969 548 5043 quedam
571 4967 725 5023 laudabilis
746 4996 791 5005 —
815 4967 1010 5038 accipiendum
1034 4984 1095 5021 esse
1120 4960 1158 5039 (ᾧ
1175 4964 1204 5034 4,
1229 4960 1385 5038 celliis).
1424 4965 1486 5042 Hes
1510 4965 1695 5038 Augustinus.
1731 4964 1795 5020 Non
1818 4965 1906 5036 igitur
1928 4961 2073 5037 humalnee

427 5071 611 5146 aflfectiones
640 5075 670 5128 iu
692 5075 787 5130 Deum
816 5075 951 5145 aspirare,
982 5073 1034 5128 sed
1064 5081 1160 5128 tumen
1191 5090 1285 5127 eurum
1308 5073 1447 5128 vocabula
1476 5072 1531 5128 dici
1560 5072 1683 5134 de,De0
1707 5071 1828 5142 quadam
1859 5072 2072 5145 equivocatione

427 5182 554 5237 ostendit
577 5182 651 5237 idem
675 5182 772 5236 doctor
801 5181 830 5234 in
855 5177 1060 5252 [quaestionum
1083 5175 1128 5250 nd]
1154 5178 1362 5250 Simplicicnum
1392 5179 1542 5235 solutione.
1589 5177 1659 5233 Cum
1689 5178 1809 5233 scientie
1831 5177 1887 5233 Dei
1911 5178 2010 5234 dicens
2035 5207 2073 5216 -

428 5290 528 5343 eodem
557 5289 639 5343 modo
669 5282 753 5361 (ξῖ,
779 5287 829 5342 col.
849 5281 934 5360 113).
980 5286 1110 5357 Longum
1140 5294 1184 5341 est
1213 5303 1380 5357 percurrere
1411 5315 1455 5324 —
1483 5282 1618 5357 prelbent
1642 5279 1726 5355 sliam
1757 5277 1794 5358 (ξ
1819 5282 1848 5352 3,
1872 5279 1967 5358 itia).
2015 5284 2073 5340 Huc
2091 5300 2113 5340 so

429 5396 513 5450 etium
536 5394 693 5450 affectionis
717 5393 931 5466 equivocatione
948 5393 1054 5448 dictum
1072 5400 1115 5447 est
1140 5398 1170 5447 et
1192 5391 1262 5446 illud
1285 5392 1425 5466 prophete
1449 5392 1641 5447 introductum
1665 5391 1700 5445 sb
1717 5390 1862 5462 apostolo:
1887 5389 1974 5447 Iacob
1991 5392 2073 5447 dilexi

429 5497 514 5571 [Esau
536 5498 642 5572 saltem
665 5501 729 5556 odio
752 5501 848 5554 hebui.
890 5500 935 5555 De
960 5517 1015 5570 quo
1038 5498 1216 5570 Augustinus
1243 5499 1371 5570 predicto
1397 5497 1575 5570 Simpliciano
1600 5498 1735 5569 quasdam
1759 5498 1924 5568 questiones
1956 5499 2073 5575 epistole

427 5609 581 5686 apostolice
605 5608 641 5663 nd
665 5607 804 5663 Romanos
827 5607 939 5662 solvens
964 5601 1093 5678 [scripsit]
1119 5607 1175 5660 ita:
1200 5606 1374 5661 Enitendum
1398 5614 1442 5662 est
1465 5606 1517 5661 hoc
1541 5611 1602 5661 loco
1629 5635 1666 5643 -
1692 5605 1852 5660 voluntate.
1900 5603 1984 5669 Quod
2009 5623 2074 5676 ergo

428 5711 522 5784 [Iacob
546 5710 653 5785 dilexit]
680 5708 756 5788 (Lib.
774 5712 797 5782 I,
822 5733 868 5788 qu.
887 5711 916 5782 2,
940 5708 960 5785 ξ
980 5712 1028 5782 18,
1054 5707 1258 5787 coteste).
