4478 6396
433 391 497 453 218
726 395 905 451 GERHOHI
928 395 1161 450 PRAEPOSITI
1185 393 1592 450 REICRERSBERGENSIS
1617 395 1781 450 LIBELLI.

540 583 574 649 S.
609 582 725 647 Nonne
742 591 878 668 possunt
897 581 992 645 simul
1008 604 1150 664 manere,
1174 580 1373 645 manducare
1391 591 1423 645 et
1439 580 1590 664 dormire,
1615 591 1647 645 et
1670 593 1779 646 tamen
1795 584 1945 670 proprias
1962 583 2092 664 domus,

433 692 583 778 proprias
606 690 763 776 pecunias
787 687 909 752 habere
933 688 1024 752 salva
1047 689 1110 752 ista
1133 687 1369 774 preceptione?

540 797 578 860 R.
614 795 651 861 Si
673 796 735 860 hoc
758 818 845 882 papa
861 795 1026 876 voluisset,
1050 817 1115 858 non
1139 794 1319 859 addidisset
1334 807 1525 882 preceptum
1549 795 1644 860 simul
1666 796 1830 879 manendi,
1854 796 2094 878 manducandi,

433 903 626 985 dormiendi,
651 907 733 968 sicat
754 917 873 990 oportet
894 904 1059 990 rela'pioaoa
1082 904 1221 966 clericos.
1267 901 1421 1000 Alienum
1438 903 1559 989 quippe
1584 912 1633 966 est
1656 925 1675 966 a
1698 903 1855 989 religione
1880 903 2009 969 duobus
2035 903 2094 968 do·

433 1012 529 1076 minis
553 1011 599 1074 ita
622 1010 755 1091 servire,
780 1019 816 1073 ut
843 1018 875 1072 et
904 1010 938 1072 in
969 1008 1109 1072 claustro
1141 1008 1278 1072 clericus
1308 1019 1511 1095 procuretur,
1542 1019 1575 1073 et
1604 1011 1745 1096 pecunia
1767 1008 1820 1074 vel
1850 1010 2027 1096 pecuniola
2051 1009 2130 1074 des

253 1141 414 1190 ansatas.
434 1140 618 1182 mammona
640 1116 822 1202 iniquitatis
847 1115 934 1180 domi
958 1125 1115 1179 servetur.
1152 1114 1217 1180 Sed
1242 1115 1444 1180 redeundum
1463 1128 1512 1179 est
1535 1115 1577 1180 ad
1592 1139 1712 1180 nomen
1727 1116 1972 1200 Nicolaitarum,
1990 1117 2094 1204 quod,

434 1225 519 1288 sicut
540 1225 576 1286 in
591 1221 789 1287 amatoribus
814 1223 999 1308 coniugum,
1023 1223 1070 1286 ita
1093 1244 1222 1308 quoque
1246 1223 1280 1286 in
1296 1221 1494 1286 amatoribus
1519 1221 1774 1287 concubinarum
1798 1223 1909 1288 altaris
1933 1225 2095 1288 ministris

434 1330 635 1394 demonstrat
658 1330 817 1394 sententia
840 1329 978 1393 Romani
1001 1327 1173 1414 pontificis.

542 1435 575 1501 S.
613 1436 719 1518 Quod,
744 1437 902 1522 sineque
927 1434 1128 1500 concubinas
1151 1458 1258 1522 neque
1274 1457 1393 1500 uxores
1409 1435 1541 1518 habent,
1566 1446 1598 1500 et
1621 1447 1729 1500 tamen
1754 1459 1788 1500 se
1812 1461 1876 1501 non
1895 1437 2094 1502 continent?

344 1567 415 1607 *aaa
435 1543 592 1630 Nunquid
622 1553 654 1606 et
683 1543 745 1607 hoc
775 1541 872 1606 modo
903 1542 946 1606 ad
976 1552 1095 1606 sortem
1120 1541 1267 1606 'Nicolai
1297 1542 1502 1606 fornicatoris
1533 1543 1683 1624 attinent,
1716 1544 1771 1629 qui
1802 1566 1937 1608 uxorem
1969 1544 2096 1608 dicitur
2117 1568 2144 1606 ro

436 1673 562 1715 amasse
594 1661 627 1714 et
656 1650 718 1713 hoc
749 1648 998 1734 dogmatizasse,
1030 1648 1116 1736 quod
1148 1648 1324 1735 apostolice
1348 1647 1535 1712 viventibus
1558 1672 1688 1731 uxores,
1716 1659 1752 1714 ut
1780 1661 1898 1732 cetera,
1931 1650 2096 1716 deberent

437 1759 620 1821 communia
644 1755 740 1820 esse?

543 1864 579 1927 R.
615 1863 801 1948 Diligenter
824 1873 900 1927 nota
924 1885 1005 1949 quos
1029 1885 1090 1948 ego
1114 1885 1213 1948 supra
1237 1862 1434 1948 exceperim,
1459 1861 1513 1925 ubi
1538 1862 1618 1927 alios
1643 1885 1717 1926 cum
1735 1863 1833 1928 Petro
1857 1864 1977 1951 lapsos,
2010 1865 2093 1929 alios

437 1993 509 2035 cum
527 1969 610 2034 Iuda
632 1969 777 2056 perditos
801 1992 843 2033 ex
859 1979 1069 2056 utrorumque
1093 1969 1199 2033 studio
1224 1991 1263 2032 ac
1287 1969 1452 2054 proposito
1476 1967 1621 2032 distinxi.
1669 1968 1837 2056 Simulque
1861 1983 1894 2035 et
1916 1971 1998 2036 illud
2015 1995 2092 2036 con-

437 2077 554 2158 sidera,
580 2075 667 2164 quod
691 2076 724 2140 hi
748 2077 805 2162 qui
828 2099 901 2140 cum
917 2076 1015 2141 Petro
1040 2087 1152 2141 contra
1176 2099 1269 2140 suum
1292 2076 1434 2139 studium
1458 2098 1500 2139 ex
1524 2075 1681 2141 incidenti
1705 2087 1737 2141 et
1759 2100 1824 2142 non
1845 2081 1973 2165 quesita
1997 2102 2093 2144 occa·
2115 2103 2140 2141 rs

437 2185 527 2248 sione
544 2192 693 2270 peccant,
718 2183 836 2246 amaris
853 2181 982 2246 fletibus
1000 2182 1112 2269 culpas
1129 2183 1272 2269 expiant,
1297 2192 1330 2246 et
1352 2181 1399 2246 illi
1415 2183 1502 2246 vitae
1527 2204 1561 2246 se
1578 2185 1751 2265 associant,
1776 2185 1810 2248 in
1826 2208 1891 2272 qua
1907 2195 1940 2250 et
1955 2186 2092 2251 Petrum

437 2291 656 2377 paenitentem
681 2289 840 2353 salvatum
864 2311 936 2352 esse
961 2291 1077 2372 sciunt,
1108 2289 1222 2353 relicta
1252 2312 1317 2353 non
1347 2288 1523 2374 apostolice
1547 2290 1727 2354 viventium
1751 2301 1850 2374 secta,
1882 2294 1915 2356 in
1939 2316 2006 2380 qua
2029 2299 2091 2356 nec

438 2397 579 2484 aliquem
610 2397 830 2461 continentem
861 2396 1021 2460 salvatum
1052 2419 1122 2460 esse
1154 2397 1251 2460 certis
1282 2395 1484 2460 documentis
1508 2395 1648 2482 probare
1671 2408 1833 2482 poterunt.
1881 2399 1979 2479 Quod
2003 2401 2091 2463 enim

438 2504 520 2590 lapsi
545 2504 655 2568 clerici
679 2500 821 2566 debeant
844 2503 878 2566 in
898 2502 1101 2588 regularibus
1125 2502 1274 2567 claustris
1298 2503 1426 2588 expiari
1450 2513 1482 2566 et
1506 2502 1548 2566 ad
1563 2504 1696 2590 propria
1711 2503 1845 2568 ulterius
1869 2528 1934 2570 non
1957 2508 2089 2588 reverti,

438 2620 598 2674 testantur
627 2610 715 2674 dicta
745 2611 850 2672 sancti
875 2607 1036 2695 Gregorii,
1067 2609 1165 2674 Petro
1196 2608 1395 2674 subdiacono
1426 2609 1507 2674 haec
1537 2611 1623 2674 inter
1646 2622 1756 2674 cetera
1785 2612 2008 2676 mandantis¹:
2043 2615 2091 2678 lle
2111 2639 2138 2676 ao

439 2720 540 2805 lapsis
563 2717 777 2782 sacerdotibus
800 2718 850 2780 ael
872 2718 1009 2803 quolibet
1031 2743 1069 2782 ea
1091 2718 1173 2782 clero
1197 2719 1361 2781 observare
1384 2732 1411 2782 te
1435 2718 1586 2799 ocrlarnaa,
1617 2733 1650 2782 nt
1679 2721 1713 2782 in
1743 2721 1834 2783 reb-as
1864 2745 1969 2784 eornm
2001 2722 2092 2784 nulla

439 2827 699 2889 contaminatione
729 2826 903 2904 rniscearis,
933 2825 990 2889 sed
1004 2827 1218 2910 pauperrimo
1245 2825 1408 2910 repant-ta
1438 2828 1628 2890 rnonasterz'o
1651 2829 1788 2911 require,
1818 2851 1898 2912 quae
1920 2828 2092 2893 secandam

441 2931 542 2995 Deam
568 2934 669 2995 ot'oere
693 2934 795 2995 sciant
818 2946 845 2995 et
869 2934 902 2995 in
926 2931 1042 2995 eisdem
1066 2932 1266 2994 nrortasterir'a
1290 2932 1395 3016 lapsos
1418 2931 1519 3012 trade,
1548 2947 1575 2996 et
1602 2957 1652 2996 rea
1675 2958 1780 2996 eoram
1813 2935 1974 3020 lapsorum
1998 2938 2032 2998 a'n
2057 2960 2092 2998 eo

441 3041 506 3102 loco
522 3040 708 3125 proficiant,
740 3041 774 3102 ln
804 3062 864 3123 qao
894 3061 986 3124 apere
1009 3039 1218 3123 penitentiam
1248 3037 1424 3101 tradantur.
1473 3036 1539 3117 Qui
1570 3059 1647 3124 ergo
1679 3039 1726 3102 sic
1754 3039 1909 3126 penitent,
1939 3052 1975 3104 ut
1999 3041 2092 3104 iuxta

439 3143 528 3208 beati
545 3142 697 3229 Gregorii
721 3142 909 3207 mandatum
933 3165 968 3206 se
992 3165 1132 3229 suasque
1156 3165 1208 3206 res
1224 3144 1429 3207 monasteriis
1454 3143 1630 3230 apostolice
1647 3146 1827 3209 viventium
1851 3146 1935 3210 tradi
1959 3149 2090 3233 acquie-
2111 3173 2137 3211 rs

441 3262 542 3333 scant,
566 3251 636 3313 istis
662 3273 736 3314 cum
758 3249 856 3314 Petro
880 3248 1100 3335 penitentibus
1124 3271 1262 3334 maguus
1285 3260 1375 3335 patet
1396 3250 1640 3314 misericordiae
1665 3250 1782 3316 aditus.
1822 3252 1990 3340 Quotquot
2012 3278 2092 3319 vero

342 3382 420 3423 uase
442 3359 529 3422 'istis
558 3358 705 3443 exeeptis
733 3366 924 3442 presumunt
953 3356 1135 3419 ministrare
1166 3357 1235 3420 sive
1267 3357 1441 3450 coniugati,
1473 3358 1543 3421 sive
1575 3357 1791 3440 concubinati,
1824 3361 1893 3424 sive
1917 3385 2003 3447 vaga
2027 3374 2091 3426 stu·

439 3463 556 3550 prandi
581 3463 814 3528 consuetudine
838 3462 949 3544 fedati,
975 3462 1136 3527 accedunt
1159 3462 1201 3526 ad
1225 3473 1345 3526 sortem
1364 3462 1502 3544 Nicolai,
1527 3463 1644 3550 quibus
1669 3466 1766 3529 etiam
1791 3489 1811 3530 a
1826 3467 1901 3530 VII.
1920 3465 2091 3553 Gregorio,

440 3580 474 3634 ut
497 3593 596 3656 supra
620 3569 757 3650 ostendi,
783 3570 953 3656 ademptus
977 3579 1027 3634 est
1049 3570 1198 3634 introitus
1222 3569 1403 3634 aecclesiae
1419 3593 1523 3656 usque
1547 3570 1590 3634 ad
1606 3571 1737 3657 dignam
1754 3574 1976 3659 penitentiam,
1994 3598 2092 3661 quam

439 3676 541 3742 habes
566 3701 585 3742 a
608 3687 720 3742 sancto
739 3675 899 3763 Gregorio
923 3699 1021 3763 supra
1037 3676 1168 3740 dictam.
1214 3676 1268 3740 De
1293 3677 1364 3740 aliis
1389 3678 1487 3740 etiam
1511 3701 1575 3742 non
1592 3679 1730 3763 agimus,
1754 3680 1817 3744 nisi
1841 3703 1922 3767 quos
1946 3681 2093 3746 eliminat
2112 3708 2138 3747 ao

440 3795 571 3848 sanctus
596 3782 785 3869 Gregorius,
810 3806 947 3870 quorum
970 3783 1183 3868 penitentiam
1207 3783 1340 3868 dignam
1363 3784 1460 3847 Petro
1492 3782 1692 3850 subdiacono
1724 3785 1870 3851 scribens
1898 3788 2094 3853 determinat

440 3890 586 3954 eiusdem
610 3891 759 3973 nominis,
784 3901 819 3953 ut
843 3888 922 3972 dixi,
948 3888 1128 3974 Gregorius
1151 3890 1285 3975 primus.

547 3997 580 4062 S.
615 3997 666 4061 Ea
690 4019 773 4084 quae
799 3997 880 4061 dicis
911 4005 1044 4083 possent
1073 4006 1233 4077 constare,
1265 3997 1291 4058 si
1315 3996 1368 4060 vel
1391 4020 1491 4060 unum
1519 4021 1618 4062 sanae
1648 4001 1766 4064 mentis
1797 4000 1960 4067 bominem
1991 4007 2093 4068 nostri

440 4105 594 4190 temporis
625 4127 737 4190 posses
767 4103 949 4186 ostendere,
981 4104 1037 4189 qai
1067 4101 1302 4166 Nicolaitarum
1333 4104 1461 4185 cresim,
1494 4127 1590 4190 quam
1620 4105 1774 4170 Nicolaus
1805 4131 1892 4194 papa
1920 4111 2092 4175 manifeste

440 4212 586 4275 rmoratis
610 4221 643 4274 et
665 4209 889 4274 concubinatis
914 4211 1069 4296 assignat,
1093 4210 1142 4273 his
1167 4232 1296 4295 quoque
1321 4209 1485 4290 attribuat,
1510 4234 1647 4297 quorum
1663 4213 1736 4276 talis
1755 4226 1810 4278 est
1825 4217 1902 4297 vita,
1926 4227 1962 4280 ut
1985 4240 2091 4300 nemo,
2112 4242 2137 4281 a

441 4319 496 4404 qui
520 4340 576 4382 eos
599 4319 699 4397 novit,
731 4317 856 4380 sinatur
879 4315 1029 4381 dubitare
1053 4316 1094 4380 de
1118 4315 1245 4379 illorum
1269 4337 1355 4401 vaga
1382 4316 1529 4400 luxuria;
1561 4341 1621 4383 nec
1652 4331 1761 4384 tamen
1786 4334 1835 4385 est
1859 4323 1905 4386 eis
1929 4346 2013 4388 uxor
2037 4337 2093 4389 aut

440 4422 633 4504 concubina,
665 4445 746 4509 quas
777 4422 851 4488 ideo
881 4446 946 4487 non
977 4421 1109 4504 habent,
1141 4424 1218 4508 quia
1249 4445 1304 4486 eas
1328 4423 1515 4508 specialiter
1540 4436 1571 4488 et
1594 4426 1733 4512 populus
1757 4439 1856 4511 notat,
1882 4441 1914 4493 et
1937 4429 2093 4495 Nicolaus

440 4553 526 4617 papa
555 4531 710 4612 nominat,
742 4528 799 4593 ubi
830 4532 947 4594 eresim
977 4529 1212 4594 Nicolaitarum
1242 4551 1325 4615 pene
1357 4529 1443 4593 solus
1475 4541 1507 4594 et
1537 4531 1674 4597 fortasse
1704 4535 1870 4621 inproprie
1902 4535 1942 4600 de
1974 4537 2093 4602 talibus

440 4635 633 4722 promulgat.

546 4743 584 4807 R.
621 4743 730 4807 Unum
754 4766 852 4806 sanae
877 4744 993 4807 mentis
1016 4743 1180 4808 hominem
1210 4743 1312 4807 nostri
1342 4745 1497 4830 temporis
1526 4744 1586 4809 tibi
1610 4747 1756 4828 ostenda,
1782 4750 1837 4835 qui
1862 4752 1983 4836 scripto
2007 4751 2093 4816 affir-
2111 4778 2141 4816 so

440 4851 541 4914 mavit
571 4850 659 4937 quod
689 4861 721 4914 et
752 4872 822 4935 ego.
871 4849 937 4930 Qui
967 4850 1091 4914 scilicet
1121 4849 1217 4914 homo
1248 4849 1425 4914 catholicus
1457 4853 1577 4938 optime
1609 4854 1786 4918 concordat
1815 4878 1921 4942 papae
1945 4857 2093 4942 Nicolao,

441 4957 537 5021 immo
562 4957 727 5022 diffiniens
750 4957 839 5021 illam
863 4958 979 5021 eresim
1004 4957 1134 5043 supplet
1158 4979 1197 5021 ea
1221 4978 1304 5042 quae
1329 4956 1369 5020 de
1386 4959 1480 5043 vagis
1504 4981 1661 5045 vagarum
1685 4960 1879 5027 feminarum
1904 4975 2093 5052 constupra-

441 5063 564 5128 toribus
588 5064 740 5128 videntur
762 5063 805 5128 ab
829 5063 900 5128 aliis
924 5066 1118 5128 remansisse
1142 5066 1274 5129 intacta.

549 5169 582 5235 S.
619 5170 700 5251 Quis
725 5181 775 5234 est
796 5170 885 5234 iste?

548 5277 585 5340 R.
621 5275 805 5341 Rddbertus
830 5275 933 5340 abbas
957 5277 1132 5359 Tutiensis,
1163 5279 1259 5344 homo
1290 5291 1423 5344 sanctae
1451 5282 1694 5364 recordationis,
1726 5284 1811 5347 inter
1834 5296 1967 5350 sanctae
1992 5289 2093 5374 scrip·
2113 5276 2139 5353 a

351 5415 421 5454 aaa.
441 5393 533 5448 tarrae
563 5395 754 5448 tractatores
784 5383 881 5447 valde
914 5383 1074 5448 *illustris
1123 5384 1188 5465 Qui
1220 5409 1386 5473 exponens
1409 5387 1623 5475 Apocalipsin
1656 5402 1771 5475 rogatu
1801 5391 1998 5456 venerabilis
2030 5396 2093 5459 viri

442 5488 618 5574 Ohbnonis,
643 5502 720 5554 tunc
740 5489 970 5576 Sigbergensis
994 5488 1132 5575 abbatis,
1156 5515 1243 5556 nunc
1267 5494 1513 5580 Ratisponensis
1538 5496 1683 5582 episcopi
1694 5502 1714 5579 ²,
1739 5495 1795 5560 ubi
1820 5509 1953 5563 ventum
1977 5511 2026 5564 est
2050 5501 2093 5564 ad

553 5747 581 5817 1)
609 5749 699 5823 Epist.
717 5749 741 5818 I,
761 5749 810 5805 42.
836 5750 878 5805 ad
894 5749 1008 5805 Petram
1031 5749 1155 5807 atthaliae.
1174 5751 1297 5822 Siciliae,
1324 5752 1391 5808 EE.
1416 5753 1441 5822 l,
1460 5773 1493 5828 p.
1512 5753 1564 5810 67.
1635 5754 1666 5824 2)
1693 5755 1924 5830 llas—1132,
1951 5758 2025 5816 Mai.
2043 5759 2092 5816 19.
