4544 6420
674 395 912 453 OPUSCULUM
936 396 987 450 DE
1011 394 1183 450 EDIFIClO
1209 396 1286 450 DEI.
1744 393 1804 454 149

152 583 345 647 destitutum
363 583 430 647 ledi
454 601 486 648 et
509 583 592 648 male
610 585 741 648 tractari
759 585 951 669 suspicatur.
992 581 1059 646 Sed
1075 593 1232 668 utraeque
1250 583 1330 646 istae
1349 596 1483 648 catenae
1501 586 1671 650 assistente
1688 586 1804 671 angelo

152 691 265 776 magni
286 690 412 755 consilii
437 689 671 776 dirumpentur,
696 691 773 776 quia
796 702 828 753 et
851 690 993 754 hominio
1016 688 1165 773 neglecto
1190 701 1221 752 et
1243 689 1416 754 timiditate
1439 689 1569 756 abiecta
1592 694 1688 756 etiam
1713 704 1806 779 porta

154 797 262 861 ferrea
292 796 374 862 ultro
406 796 449 861 ad
480 797 602 862 exitum
633 797 701 860 eius
733 798 906 882 aperietur,
937 796 964 858 si
994 795 1217 860 tantummodo
1248 795 1290 859 ad
1320 796 1491 882 imperium
1518 798 1626 884 angeli
1649 799 1806 865 velociter

155 915 277 988 surgat,
303 915 335 968 et
358 905 558 968 confortatus
581 904 615 968 in
638 904 780 968 Domino
809 914 842 966 et
870 903 904 965 in
927 902 1072 986 potentia
1095 902 1222 966 virtutis
1247 903 1327 982 eius,
1358 927 1423 967 non
1453 903 1493 968 de
1523 905 1659 970 militum
1688 905 1804 972 robore

119 1037 134 1076 s
156 1010 308 1091 confidat,
333 1010 391 1074 sed
415 1011 500 1076 illius
524 1010 711 1074 fortitudine
736 1010 789 1073 cui
813 1031 906 1072 omne
931 1031 1017 1093 genu
1036 1006 1191 1090 flectitur,
1217 1007 1277 1072 sub
1302 1032 1365 1096 quo
1390 1012 1487 1074 etiam
1511 1023 1652 1096 potestas
1676 1025 1805 1079 terrena
1825 1037 1982 1088 raruppaoo.

157 1139 259 1204 usque
290 1117 373 1182 adeo
405 1127 568 1199 curvatur,
598 1129 633 1180 ut
663 1117 767 1201 magis
797 1115 934 1179 honoret
964 1137 1002 1179 ae
1032 1115 1145 1178 timeat
1173 1116 1361 1202 episcopum
1391 1141 1464 1181 cum
1489 1116 1617 1183 Christo
1641 1121 1805 1185 ministros

155 1223 275 1288 milites
298 1223 419 1288 habere
444 1223 616 1304 nolentem,
642 1222 699 1286 sed
723 1221 792 1286 sola
807 1223 901 1306 virga
924 1221 1078 1307 pastorali
1102 1233 1256 1304 utentem,
1281 1245 1379 1308 quam
1401 1223 1488 1288 mille
1513 1225 1630 1289 milites
1654 1227 1688 1290 in
1708 1229 1804 1292 comi-

156 1343 224 1394 tatu
249 1353 306 1394 suo
330 1331 513 1395 ducentem.
561 1329 657 1393 Unde
682 1351 758 1414 ergo
784 1339 872 1392 tauta
896 1329 998 1392 virtus
1022 1329 1056 1392 in
1079 1327 1135 1391 illa
1157 1330 1252 1414 virga
1276 1329 1473 1412 directionis,
1505 1333 1567 1394 nisi
1592 1335 1669 1419 quia
1692 1335 1804 1398 Domi·
1824 1359 1945 1408 ranas.

156 1460 217 1501 uus
251 1438 402 1522 regnavit
431 1447 463 1500 et
492 1437 656 1522 precinxit
686 1459 720 1499 se
750 1435 896 1499 virtute?
948 1435 1022 1498 Hac
1058 1458 1135 1520 ergo
1166 1437 1284 1500 virtute
1316 1438 1525 1523 precingatur
1555 1441 1742 1526 episcopua,
1774 1455 1814 1506 et

109 1572 137 1608 ιο
155 1543 246 1607 illum
277 1543 346 1608 sola
375 1545 470 1630 virga
500 1567 573 1608 cum
604 1543 719 1629 Moyse
750 1553 894 1606 utentem
925 1552 992 1606 tota
1024 1541 1168 1606 *timebit
1193 1542 1342 1628 Egiptus.
1389 1544 1462 1608 Hac
1492 1546 1587 1630 virga
1617 1548 1714 1611 etiam
1745 1571 1805 1612 rex
1823 1573 1898 1615 urs.

155 1651 267 1736 Egipti
297 1673 371 1714 cum
403 1651 550 1714 exercitu
580 1672 638 1714 suo
669 1651 878 1735 percutietur,
910 1649 937 1712 si
969 1649 1157 1734 episcopum
1181 1671 1201 1711 a
1225 1671 1258 1712 se
1283 1648 1490 1714 recedentem
1522 1655 1693 1718 temerario
1724 1678 1805 1720 ausu

155 1768 378 1842 persequetur.
426 1757 462 1821 Si
486 1757 571 1820 enim
596 1757 769 1842 episcopus
793 1779 813 1819 a
836 1756 928 1819 curia
951 1777 1024 1819 curn
1049 1756 1115 1818 suis
1139 1754 1295 1819 recedens
1320 1758 1464 1842 speciem
1488 1757 1598 1840 Iacob,
1625 1782 1721 1845 quam
1737 1762 1804 1826 Do-

156 1865 261 1926 minus
279 1862 404 1944 dilexit,
429 1865 526 1928 etiam
550 1864 584 1926 iu
600 1863 661 1927 hoe
685 1873 804 1944 teneat,
829 1873 864 1926 ut
887 1861 975 1926 illam
992 1885 1050 1926 sua
1067 1863 1175 1926 omnia
1192 1863 1329 1926 serutari
1345 1865 1521 1950 permittat,
1546 1867 1630 1931 siout
1654 1866 1804 1932 aLaban

156 1971 277 2034 factum
301 1969 430 2055 legitur,
455 1971 510 2056 qui
535 1969 708 2034 scrutando
737 1968 950 2033 substantiam
974 1967 1074 2032 Iacob
1105 1969 1255 2054 nequiter
1285 1971 1391 2054 egisse
1422 1983 1561 2052 notatur,
1593 1974 1629 2054 si,
1661 1975 1803 2060 inquam,
1823 1999 1982 2050 oenansssq.

111 2104 136 2142 n
156 2077 216 2141 hoe
240 2077 328 2142 idem
352 2079 525 2163 episcopus
553 2078 622 2162 regi
647 2077 828 2163 ceterisque
859 2073 1060 2162 principibus
1091 2076 1272 2160 permittat:
1304 2075 1384 2161 quid
1414 2100 1506 2142 suum
1537 2091 1689 2164 poterunt
1717 2081 1804 2168 apud

156 2184 349 2247 aecclesiam
378 2185 535 2266 invenire,
567 2207 625 2270 pro
649 2206 713 2269 quo
737 2184 926 2269 episcopum
951 2205 970 2246 a
994 2205 1028 2245 se
1052 2181 1258 2246 recedentem
1283 2181 1424 2248 debeant
1446 2187 1643 2271 angariare?
1689 2188 1803 2272 Villae,

155 2292 314 2376 inquiunt,
340 2313 420 2376 quas
444 2313 539 2376 reges
563 2290 731 2354 aecclesiis
756 2288 950 2354 obtuderunt.
997 2288 1050 2352 Ad
1077 2288 1163 2375 quod
1194 2290 1439 2375 respondemus,
1463 2291 1560 2378 quod,
1592 2295 1675 2358 sicut
1705 2318 1805 2360 aurea

154 2396 253 2483 ydola
277 2397 318 2462 de
342 2397 438 2462 domo
454 2396 570 2462 Laban
594 2396 770 2462 aRaehele
794 2407 931 2483 portata,
956 2406 1121 2460 scrutante
1144 2397 1215 2482 ipso
1233 2394 1357 2478 Laban,
1382 2410 1554 2484 propterea
1577 2401 1716 2465 inveniri
1740 2425 1804 2467 non

155 2517 339 2590 potuerunt,
371 2505 458 2590 quod
489 2503 548 2568 sub
577 2514 667 2568 veste
691 2504 843 2568 Rachelis
874 2502 1068 2567 abscondita
1097 2502 1276 2567 latuerunt:
1308 2505 1355 2567 sic
1387 2515 1419 2568 et
1448 2505 1544 2570 modo
1574 2508 1659 2571 inter
1688 2509 1804 2596 multas

110 2639 137 2676 so
155 2610 387 2675 aecclesiarum
412 2611 515 2694 villas,
540 2633 621 2696 quas
645 2612 762 2697 partim
786 2633 806 2674 a
828 2609 970 2696 regibus,
1002 2611 1119 2696 partim
1151 2609 1192 2673 ab
1223 2609 1294 2673 aliis
1319 2610 1426 2674 Deum
1458 2611 1645 2678 timentibus
1677 2617 1805 2703 accepit

155 2718 326 2799 aecclesia,
351 2741 416 2782 non
439 2728 576 2805 apparet
599 2718 724 2804 aliquas
749 2739 821 2781 eam
838 2716 931 2780 villas
950 2715 1070 2801 regalis
1086 2717 1302 2802 pertinentiae
1319 2717 1451 2800 habere,
1476 2743 1534 2804 pro
1551 2719 1669 2806 quibus
1686 2722 1805 2787 debeat

155 2837 211 2888 aut
240 2825 355 2888 fiscum
386 2824 527 2910 regalem
558 2824 693 2910 implere
724 2834 779 2887 aut
809 2823 926 2887 milites
962 2823 1004 2886 ad
1034 2824 1238 2908 procinctum
1269 2824 1477 2910 stipendiare.
1531 2826 1602 2890 Nisi
1633 2828 1715 2893 forte
1746 2853 1804 2916 pro

155 2932 326 3012 aeeclesia,
351 2954 415 2994 non
433 2942 544 2996 contra
560 2931 753 2995 aecclesiam
769 2928 981 2993 militantibus
998 2929 1127 3015 placeat
1151 2930 1312 3016 episeopis
1337 2931 1479 3018 aliquam
1503 2933 1565 2998 illis
1590 2957 1684 3022 opem
1708 2935 1803 3018 ferre,

155 3061 221 3113 non
252 3049 359 3102 tamen
384 3039 424 3102 de
448 3038 648 3102 decimarum
679 3047 792 3101 sancta
823 3035 984 3101 oblatione
1012 3036 1066 3100 vel
1097 3036 1161 3100 alia
1191 3059 1370 3124 pauperum
1401 3039 1566 3123 facultate,
1598 3063 1695 3128 quam
1725 3042 1804 3106 nulli

110 3171 136 3210 ss
156 3144 255 3209 debet
285 3146 456 3232 episeopus
487 3145 565 3208 dare
595 3156 630 3208 ut
660 3145 841 3230 propriam,
875 3143 933 3207 sed
964 3145 1048 3207 sicut
1072 3165 1213 3207 canones
1243 3145 1442 3230 precipiunt,
1474 3146 1663 3234 dispensare
1694 3160 1804 3236 utpote

156 3254 373 3316 commissam.

264 3358 432 3423 Debetur¹
457 3361 543 3423 enirn
566 3381 643 3445 pars
666 3380 731 3421 una
748 3357 884 3438 clericis,
910 3356 1011 3420 altera
1027 3357 1238 3421 ecelesiarum
1256 3357 1515 3424 edificationibus
1539 3373 1571 3425 et
1594 3364 1803 3448 reparationi-

156 3465 228 3548 bus,
253 3467 352 3530 tereia
376 3465 483 3528 viduis
508 3487 546 3528 ac
571 3465 688 3528 ceteris
712 3465 745 3526 in
768 3464 829 3528 lroc
854 3463 974 3526 mundo
999 3464 1253 3528 consolationem
1276 3489 1340 3529 non
1364 3465 1568 3550 habentibus,
1598 3481 1714 3554 quarta
1737 3471 1804 3556 epi-

157 3595 266 3659 seopo,
299 3595 362 3636 non
385 3583 421 3636 ut
444 3572 519 3635 inde
544 3595 617 3636 eum
640 3569 796 3634 militibus
821 3570 1021 3652 convivetur,
1053 3570 1110 3634 sed
1140 3572 1321 3657 peregrinis
1350 3583 1382 3636 et
1413 3572 1593 3660 hospitibus
1624 3575 1712 3661 quod
1742 3576 1803 3641 sibi

112 3705 138 3743 ao
158 3681 288 3766 suisque
313 3677 520 3744 cubiculariis
545 3699 714 3764 superesse
739 3678 858 3763 poterit
887 3678 932 3740 ita
956 3676 1065 3762 largus
1090 3677 1294 3764 dispensator
1316 3679 1493 3771 impendat,
1518 3693 1553 3745 ut
1577 3683 1664 3745 omni
1687 3683 1804 3748 viatori

158 3788 274 3850 ostium
299 3809 392 3850 suurn
415 3797 535 3872 pateat.
570 3785 653 3849 Nam
678 3786 705 3848 si
729 3806 840 3848 omnes
864 3807 929 3847 nou
953 3785 1124 3870 receperit,
1148 3786 1239 3848 iuxta
1254 3795 1383 3870 patrum
1400 3788 1594 3851 sententiam
1610 3788 1804 3854 inhumanus

158 3904 216 3957 est.
263 3893 350 3978 Ergo
381 3915 457 3978 pars
488 3903 616 3979 quarta,
649 3914 746 3977 quam
777 3890 818 3954 de
848 3890 982 3954 decimis
1014 3892 1195 3978 ceterisque
1227 3890 1443 3956 oblationibus
1474 3895 1591 3980 recipit
1621 3896 1803 3983 episcopus,

158 4002 298 4064 maxime
323 3999 460 4064 debetur
477 4000 671 4085 'peregrinis
696 4009 727 4062 et
750 3996 942 4083 hospitibus.
977 3997 1068 4062 Inter
1084 4021 1164 4083 quos
1180 3998 1334 4084 hospites,
1359 3998 1477 4063 milites
1497 4023 1536 4065 ac
1552 4003 1716 4088 principes
1740 4026 1805 4068 non
1823 4024 1894 4066 ‘tta

158 4119 378 4188 numerantur,
408 4107 471 4170 nisi
501 4106 583 4169 forte
615 4127 688 4169 curn
714 4105 754 4169 de
778 4116 864 4168 terra
888 4127 946 4168 sua
970 4105 1228 4190 peregrinantur.
1275 4104 1367 4170 Tunc
1392 4107 1478 4170 enim
1502 4109 1635 4194 stipsis
1660 4109 1804 4174 consola-

114 4215 245 4278 satione
268 4212 501 4298 indigentibus,
525 4224 620 4299 prout
643 4211 779 4276 facultas
804 4223 836 4275 et
859 4210 1110 4275 domesticorum
1126 4213 1303 4276 necessitas
1320 4211 1496 4293 admiserit,
1521 4216 1690 4280 caritatem
1707 4215 1805 4281 debet

159 4322 341 4407 episeopus,
373 4321 524 4406 quoniam
556 4319 596 4384 de
626 4331 693 4383 tota
724 4317 896 4405 parrochia
926 4341 984 4381 sua
1012 4329 1127 4404 quarta
1151 4341 1227 4404 pars
1252 4317 1398 4383 decimae
1423 4320 1465 4384 ad
1489 4320 1550 4385 hoe
1573 4320 1619 4385 illi
1643 4345 1804 4388 commen·
1830 4328 1832 4332 ⁴

158 4428 262 4508 datur,
286 4438 322 4490 ut
345 4426 494 4491 omnihus
518 4425 737 4490 consolatione
762 4423 982 4510 indigentibus
1006 4423 1172 4488 beneficus
1197 4436 1229 4489 et
1252 4427 1422 4490 munificus
1439 4428 1632 4493 inveniatur.
1673 4429 1708 4495 Si
1726 4454 1803 4516 ergo

158 4536 204 4598 sie
229 4557 263 4598 se
287 4547 363 4620 agat
388 4535 559 4619 episcopus
587 4533 621 4595 in
644 4531 909 4596 administrandis
934 4531 1093 4595 eeclesiae
1121 4531 1339 4614 facultatibus,
1372 4556 1453 4619 quas
1476 4533 1570 4599 villas
1595 4535 1729 4601 audebit
1753 4539 1803 4602 vel

158 4643 274 4728 poterit
304 4642 480 4726 imperator
508 4637 555 4702 illi
586 4639 766 4716 detrahere,
798 4661 860 4724 que
892 4639 1081 4723 operiuntur
1104 4637 1164 4701 sub
1188 4637 1244 4702 tali
1268 4641 1413 4722 caritate,
1445 4663 1510 4726 qua
1533 4653 1688 4728 tanquam
1712 4656 1802 4710 veste
1834 4667 1835 4672 ¹

112 4773 139 4810 ro
157 4748 292 4834 nuptiali
318 4747 478 4811 aecclesia
502 4747 535 4809 in
559 4745 701 4810 Rachele
724 4745 863 4831 figurata
882 4746 1017 4808 vestitur
1041 4756 1072 4808 et
1095 4744 1265 4809 multitudo
1289 4757 1509 4832 peccatorum,
1535 4771 1597 4834 que
1621 4751 1684 4835 ipsi
1708 4773 1802 4836 reges

157 4877 195 4918 ac
212 4856 377 4941 principes
394 4855 487 4940 quasi
501 4853 640 4939 quedam
656 4852 754 4939 ydola
770 4851 940 4932 fabricant,
958 4851 1086 4937 penitus
1104 4851 1271 4936 operitur?
1303 4851 1430 4916 Caritas
1447 4855 1543 4936 euim,
1557 4878 1640 4941 quae
1658 4869 1802 4922 caeteras
1823 4880 1971 4929 trusos.

157 4963 292 5026 virtutes
324 4961 468 5026 ornando
500 4973 531 5024 et
561 4970 716 5046 tanquam
740 4960 839 5023 vestis
871 4957 1044 5022 ambiendo
1075 4968 1190 5042 regnat
1220 4959 1253 5020 in
1282 4961 1444 5044 paucitate
1476 4962 1700 5046 spiritualium,
1731 4965 1803 5050 ipsa

158 5069 262 5154 operit
277 5067 514 5132 multitudinem
531 5077 739 5153 peccatorum
762 5068 795 5129 in
811 5065 908 5130 turha
924 5064 1155 5148 saecularium,
1180 5065 1208 5126 si
1230 5075 1339 5129 tamen
1363 5067 1426 5152 ipsi
1450 5068 1633 5132 saeculares
1657 5093 1714 5156 pro
1736 5073 1802 5135 suis

158 5174 255 5239 lucris
279 5176 387 5238 omnia
411 5185 590 5238 scrutantes
615 5172 807 5237 aecclesiam
830 5194 895 5235 non
919 5181 1081 5252 moveant,
1106 5170 1253 5235 sedeam
1269 5195 1342 5236 eum
1358 5173 1500 5238 Rachele
1525 5176 1635 5261 quieta
1659 5179 1802 5242 sessione

112 5309 139 5346 rs
157 5291 300 5345 utentem
324 5293 420 5367 atque
445 5282 550 5366 ipsam
567 5281 710 5344 caritatis
726 5291 860 5358 vestem,
885 5301 948 5364 qua
972 5289 1113 5360 ornatur,
1139 5279 1234 5341 etiam
1259 5280 1301 5343 ad
1324 5282 1587 5366 persequentium
1612 5297 1749 5368 peecata
1772 5295 1804 5349 et

157 5387 255 5474 ydola
279 5387 456 5474 operienda
480 5385 709 5451 extendentem
733 5385 846 5450 sedere
871 5398 903 5449 et
926 5386 1094 5471 quiescere
1122 5386 1318 5470 permittant.
1366 5386 1443 5450 Plus
1468 5410 1544 5473 ergo
1568 5389 1696 5474 proficit
1719 5393 1802 5476 regi—

157 5492 228 5576 bus,
254 5518 350 5581 quam
375 5493 543 5576 ecelesiae,
568 5492 656 5579 quod
678 5493 750 5580 ipsa
773 5493 925 5578 dignatur
941 5490 1033 5555 vibes
1057 5490 1099 5555 ab
1124 5493 1170 5555 eis
1194 5491 1318 5556 oblatas
1341 5493 1523 5579 possidere,
1549 5497 1576 5558 si
1599 5507 1707 5560 tamen
1731 5521 1802 5562 eam

267 5755 294 5822 1)
322 5751 431 5809 Galerii
454 5751 476 5808 Ι.
503 5751 580 5826 epist.
602 5752 650 5806 14.
675 5751 716 5806 ad
738 5750 820 5824 quse.
847 5749 994 5805 Lucaniae
1016 5745 1035 5822 ξ
1061 5749 1111 5818 27,
1138 5751 1180 5805 ed.
1205 5749 1283 5806 Ttiet
1298 5770 1332 5825 p.
1356 5751 1429 5806 378.
