4544 6420
696 361 932 418 OPUSCULUlll
958 363 1009 416 DE
1033 361 1207 417 EDIFICIO
1232 363 1309 416 DEI.
1767 357 1827 416 143

177 561 293 612 statem
325 550 482 613 adversus
513 548 695 636 ecclesiam,
728 549 790 611 nisi
821 548 867 610 eis
897 548 1011 611 fuisset
1041 548 1152 612 datum
1181 547 1330 634 desuper.
1376 549 1555 635 Propterea
1586 550 1741 635 episcopi,
1774 550 1829 634 qui

177 655 351 720 ecelesiam
384 667 415 720 et
445 656 478 718 in
503 655 643 720 ecclesia
666 652 830 719 Christum
861 654 1073 735 tradiderrmt,
1104 656 1209 718 maius
1239 666 1411 740 peccatum
1442 653 1573 719 habent.
1619 655 1713 719 Licet
1744 657 1829 719 enim

178 785 243 826 non
267 785 380 848 parva,
412 762 469 825 sed
492 784 612 847 magna
635 775 667 824 et
691 759 863 846 sacrilegio
887 760 984 847 plena
1008 763 1049 824 sit
1072 761 1209 826 militum
1234 761 1340 847 culpa,
1371 763 1475 826 maior
1497 772 1606 825 tamen
1630 773 1679 825 est
1700 762 1829 847 pontifi—

178 893 252 932 cum
275 870 430 954 nequitia,
456 869 532 954 quia
557 868 735 932 aecclesiae
767 867 859 932 lucra
889 867 949 931 sub
981 868 1090 953 speeie
1115 867 1291 932 lucrandae
1316 870 1406 954 pacis
1430 867 1606 954 dissipant3
1638 869 1732 954 quasi
1757 893 1829 933 cum

144 977 257 1062 sipsis
281 975 462 1062 pharisaeis
491 999 530 1040 ac
557 974 765 1061 pontificibus
789 974 965 1039 Iudeorum
996 974 1123 1038 dicant:
1155 975 1204 1039 Ne
1225 977 1316 1062 forte
1348 980 1474 1040 rrerticnt
1495 977 1637 1040 Romani
1665 992 1692 1040 et
1721 979 1980 1045 collustrans.

179 1098 317 1148 trustra-m.
341 1085 441 1147 locum
466 1097 494 1146 et
513 1098 640 1170 perstem..

289 1212 338 1270 lt.
375 1206 471 1270 Certe
498 1209 567 1272 illic
590 1208 827 1293 trepidaverunt
849 1211 969 1286 timore,
995 1209 1050 1271 ubi
1072 1232 1132 1270 non
1148 1222 1215 1271 ertit
1238 1210 1339 1271 tetrior.
1377 1206 1507 1270 Timent
1523 1209 1609 1271 enim
1626 1209 1693 1292 pati
1709 1207 1830 1272 malum
1852 1229 1953 1278 esua.

180 1338 253 1378 cum
285 1313 414 1378 Christo
447 1326 479 1378 et
510 1313 680 1400 apostolis3
712 1325 744 1376 et
773 1336 838 1376 non
869 1314 982 1376 timent
1012 1313 1120 1376 facere
1152 1312 1271 1376 malum
1303 1336 1376 1376 cum
1407 1313 1584 1399 phariseis:
1617 1337 1691 1378 curn
1721 1314 1829 1379 facere

179 1421 299 1486 malum
323 1443 453 1508 semper
477 1422 518 1484 sit
543 1420 692 1504 ’malum3
721 1421 790 1505 pati
813 1443 891 1482 vero
916 1418 1035 1483 malum
1058 1441 1161 1505 usquo
1186 1419 1268 1482 adeo
1292 1443 1357 1483 non
1382 1420 1423 1483 sit
1445 1419 1576 1501 malum,
1601 1431 1636 1484 ut
1658 1422 1829 1506 unusquis·
1849 1443 1914 1482 trs.

136 1554 161 1590 ιιι
181 1551 242 1614 que
267 1540 451 1592 sanctorum
475 1539 654 1613 martyrum
678 1526 730 1590 vel
754 1526 943 1612 pontificum
967 1525 1125 1610 eligerent
1148 1525 1235 1588 mille
1259 1526 1344 1590 mala
1368 1528 1446 1611 pati,
1471 1549 1569 1612 quam
1592 1550 1694 1591 unum
1709 1528 1829 1591 facere.

181 1636 235 1700 Sic
266 1659 340 1700 cum
371 1646 501 1699 sanctus
525 1633 717 1698 Ambrosius
742 1632 784 1696 ab
807 1634 1003 1718 imperatore
1028 1643 1209 1718 cogeretur,
1237 1643 1272 1696 ut
1301 1632 1346 1696 illi
1371 1632 1528 1696 ecclesiae
1553 1634 1760 1698 traditionem
1784 1635 1829 1698 fa-

181 1757 278 1822 ceret,
293 1742 391 1827 elegit
407 1755 537 1805 sanctus
553 1741 701 1826 pontifex
719 1763 791 1804 enm
809 1762 866 1802 suo
883 1763 922 1803 ac
939 1763 1069 1802 suorum
1085 1761 1149 1802 non
1163 1762 1265 1824 parvo
1282 1739 1469 1803 discrimine
1485 1762 1597 1825 regern
1609 1742 1715 1826 potius
1733 1765 1830 1828 quam

181 1849 286 1934 legem
309 1849 484 1929 offendere,
516 1847 682 1911 affirmans
712 1869 773 1910 nec
798 1845 860 1910 sibi
884 1845 993 1927 licere,
1018 1857 1053 1909 ut
1075 1869 1127 1908 res
1149 1869 1329 1931 pauperum
1354 1847 1507 1931 cuiquam
1536 1858 1646 1933 preter
1669 1871 1830 1934 pauperes

181 1955 283 2030 daret,
314 1977 375 2019 neo
405 1956 603 2041 imperatori,
634 1965 670 2017 ut
700 1976 756 2017 eas
786 1954 960 2038 acciperet.
1007 1953 1096 2038 Ergo
1129 1953 1206 2038 qnia
1236 1951 1301 2016 illic
1332 1952 1508 2038 trepidavit
1531 1955 1655 2034 timore,
1681 1953 1738 2018 ubi
1762 1967 1831 2019 erat

136 2086 161 2122 rs
179 2063 285 2140 timor,
322 2064 399 2147 quia
428 2062 587 2148 phariseis
619 2059 783 2124 Christum
819 2061 913 2145 quasi
947 2082 1006 2145 pro
1042 2059 1190 2123 cavenda
1219 2059 1438 2123 Romanorum
1472 2059 1595 2124 offensa
1627 2061 1829 2125 tradentibus

180 2169 281 2232 noluit
305 2170 553 2248 commrmicare,
580 2178 612 2230 et
635 2169 711 2254 quia
736 2168 783 2230 sic
807 2166 946 2251 legerat:
972 2167 1086 2252 Repeto.
1112 2168 1324 2253 hortorificote,
1349 2177 1471 2229 utnon
1494 2166 1614 2230 frustra
1636 2170 1829 2253 premissum
1850 2197 1867 2233 1.
1877 2193 1936 2233 Patr.
1947 2192 1967 2240 ι,
1978 2193 2008 2232 ιι.

180 2276 373 2352 attenderet,
400 2276 499 2338 [leura
524 2279 642 2338 thuere:
666 2285 698 2337 et
713 2273 823 2336 Deum
847 2270 909 2336 sibi
933 2274 1114 2357 propicium
1139 2274 1285 2336 servavit
1309 2285 1340 2336 et
1363 2274 1568 2358 imperatoris
1592 2275 1829 2339 animositatem

179 2382 284 2446 libera
307 2395 339 2446 et
363 2380 556 2445 sacerdotali
587 2382 796 2466 responsione
827 2380 999 2464 mitigavit.
1045 2379 1155 2464 Atque
1178 2380 1224 2442 ita
1247 2379 1355 2442 Deum
1383 2380 1526 2444 timendo
1551 2403 1590 2444 ac
1614 2380 1704 2444 salvo
1728 2382 1830 2467 ipsius

179 2491 294 2553 timore
318 2511 429 2573 regem
453 2487 696 2551 honorificando
721 2486 827 2550 locum
852 2497 884 2549 et
907 2496 1038 2570 gentem
1062 2509 1155 2549 suam
1179 2487 1339 2549 servavit:
1370 2509 1430 2571 pro
1462 2509 1526 2572 quo
1558 2499 1670 2552 contra
1692 2489 1830 2574 impera-

134 2621 160 2658 so
180 2597 258 2660 toris
282 2596 438 2659 offensam
462 2593 624 2659 servando
648 2616 708 2657 nec
733 2594 901 2656 minimum
925 2592 1049 2678 aliquid
1079 2593 1118 2656 dc
1143 2591 1350 2656 facultatibus
1375 2616 1556 2680 pauperum
1580 2593 1751 2680 dispertire
1775 2619 1830 2659 vo-

180 2703 248 2767 luit..
295 2701 389 2766 Iudei
411 2723 488 2765 uero
514 2713 545 2764 et
562 2699 726 2764 Christum
750 2699 908 2763 tradendo
933 2701 1129 2780 amiserunt3
1156 2711 1187 2762 et
1211 2699 1251 2762 de
1276 2699 1357 2780 loco,
1382 2722 1441 2785 pro
1466 2723 1529 2786 quo
1553 2702 1659 2786 ipsum
1676 2702 1830 2766 Romanis

180 2809 390 2890 tradiderant,
415 2831 474 2894 per
497 2809 584 2894 ipsos
608 2807 771 2870 Romanos
796 2806 1003 2869 exterminati
1027 2817 1111 2868 sunt.

288 2917 343 2982 Sic
367 2927 399 2980 et
421 2915 650 2979 modernorum
680 2913 869 2998 pontificum
901 2913 1042 2997 dignitas
1067 2925 1099 2975 et
1123 2922 1265 2998 potestas
1294 2911 1335 2975 ab
1360 2912 1409 2976 his
1433 2915 1575 2977 maxime
1600 2915 1777 2981 destruitur
1801 2927 1832 2979 et

180 3022 398 3098 conculcatur,
417 3021 534 3108 quibus
551 3020 795 3084 aecclesiastica
811 3019 948 3084 facultas
973 3018 1146 3083 distributa
1166 3020 1382 3104 cognoscitur.
1420 3020 1485 3100 Qui
1502 3022 1600 3084 etiam
1616 3020 1657 3085 ab
1675 3022 1724 3085 his
1740 3024 1830 3108 ipsis,

136 3153 161 3192 ss
181 3154 200 3194 a
221 3129 338 3216 quibus
362 3153 420 3216 pro
444 3129 697 3209 aecclesiastico,
722 3139 757 3191 ιιι
780 3127 901 3206 dicunt,
925 3125 1097 3206 benefici0,
1123 3125 1180 3189 scd
1203 3148 1320 3190 revera
1342 3125 1502 3191 maleficio
1527 3127 1708 3214 aliquantos
1733 3129 1830 3194 dena-

181 3238 245 3301 rios
261 3237 363 3300 XXX
386 3237 449 3300 illis
474 3236 625 3316 denariis
650 3257 708 3321 pro
733 3233 850 3320 quibus
867 3233 1015 3297 Christus
1035 3232 1187 3296 venditus
1212 3245 1269 3312 est,
1294 3257 1353 3319 per
1377 3235 1486 3297 omnia
1509 3235 1722 3299 conferendos
1747 3238 1830 3300 acci-

181 3345 283 3430 piunt,
308 3345 352 3406 ita
375 3353 657 3428 contempnuntur,
681 3354 716 3405 ιιι
741 3343 787 3404 eis
811 3340 864 3404 vel
889 3339 1063 3425 opprobrio
1090 3350 1201 3425 aperto
1219 3339 1272 3402 vel
1288 3340 1414 3404 occulto
1432 3342 1575 3404 susurrio
1592 3341 1718 3406 dicant:
1747 3344 1834 3422 Quid
1852 3370 1998 3418 usitasse.

181 3452 226 3516 ud
254 3453 333 3515 nin?
363 3466 394 3514 tu
426 3451 553 3514 uideris.
603 3449 691 3529 Quid
722 3447 763 3512 ad
793 3471 862 3527 nos,
893 3448 1045 3532 inquiunt
1074 3445 1202 3526 milites,
1235 3447 1261 3509 si
1286 3448 1432 3533 episcopi
1455 3447 1647 3512 aecclesiam
1673 3451 1830 3534 sanguine

182 3557 301 3621 Christi
326 3569 546 3642 comparatam
571 3554 664 3619 nobis
688 3577 746 3640 pro
770 3554 827 3617 vili
852 3554 962 3639 precio
986 3552 1132 3615 vendunt
1157 3557 1204 3615 *et
1226 3563 1340 3638 postea
1364 3554 1470 3638 ipsum
1495 3556 1640 3639 precium
1665 3558 1830 3641 sanguinis
1851 3583 1879 3622 ἰ.
1890 3585 1921 3624 ιι.

136 3687 162 3724 ao
182 3666 353 3750 proiciunt,
378 3663 454 3727 dum
478 3663 539 3726 hoc
563 3661 720 3725 inutiliter
736 3660 934 3746 expendunt.
982 3659 1090 3745 Atque
1115 3651 1238 3722 utinam
1264 3659 1315 3722 vel
1339 3660 1401 3724 hoo
1425 3662 1530 3747 ipsum
1555 3663 1700 3746 precium
1725 3665 1758 3726 in
1782 3687 1831 3727 se-

181 3771 341 3857 pulturam
366 3783 398 3834 et
421 3771 567 3856 requiem
590 3770 836 3854 peregrinorum
860 3766 1112 3852 expenderetur,
1137 3776 1170 3830 et
1193 3764 1235 3828 ab
1259 3766 1367 3852 aliquo
1392 3769 1617 3853 episcoporum
1642 3768 1694 3832 vel
1718 3771 1752 3833 in
1775 3793 1831 3834 ex-

182 3880 292 3942 tremis
323 3880 389 3942 suis
419 3877 599 3942 diceretur:
631 3877 767 3940 Peccuri
794 3876 921 3938 tradens
950 3877 1133 3961 sarrpm'nem
1167 3876 1297 3956 silatum,-
1328 3885 1360 3937 et
1384 3887 1460 3938 tunc
1485 3876 1571 3938 enim
1594 3875 1829 3961 indulgentiam
1851 3904 1997 3951 utrinam.
2090 3895 2095 3902 “

182 3984 352 4067 obtineret,
385 3986 412 4047 si
441 4007 506 4048 nou
537 3983 715 4068 desperans
740 4004 813 4047 cum
837 3981 929 4062 Inda,
962 3980 1019 4044 sed
1044 4003 1178 4065 sperans
1203 4003 1276 4044 cum
1300 3981 1411 4045 David
1435 3981 1592 4068 propheta
1617 4004 1651 4045 se
1675 4006 1831 4068 peccasse

182 4091 314 4159 diceret.
360 4091 490 4155 Mallem
515 4104 634 4170 tamen,
659 4102 704 4170 ut,
729 4112 802 4152 cum
827 4087 933 4152 adhuc
958 4111 1055 4150 sanus
1080 4099 1174 4166 esset,
1206 4099 1377 4172 peccatum
1406 4111 1499 4152 suum
1524 4112 1598 4152 cum
1621 4090 1719 4154 Petro
1745 4115 1830 4156 ama-

138 4223 163 4262 sa
182 4201 307 4262 rissime
332 4198 466 4262 defleret
490 4209 521 4260 ct
546 4219 564 4259 a
588 4196 743 4260 militibus
761 4194 924 4258 Christum
950 4193 1162 4274 tradentibus,
1189 4196 1216 4257 si
1232 4196 1368 4258 vestitus
1392 4219 1457 4259 non
1473 4210 1593 4281 posset,
1619 4197 1732 4261 saltem
1757 4221 1829 4262 cum

183 4305 300 4370 dilecto
325 4304 445 4369 Christi
478 4304 645 4389 discipulo,
678 4303 791 4366 relicta
816 4301 961 4382 sindone,
993 4301 1163 4386 aufugeret
1194 4301 1309 4376 nudus,
1342 4304 1420 4388 quia
1443 4303 1557 4366 melius
1582 4315 1614 4367 et
1638 4307 1707 4368 sine
1732 4305 1830 4369 dubio
1851 4333 2000 4382 aaronem.

182 4412 342 4476 salubrius
374 4425 458 4474 essct
487 4410 609 4474 nudum
635 4433 653 4473 a
677 4408 795 4472 talibus
826 4409 950 4492 fugere,
982 4431 1079 4492 quam
1103 4408 1255 4471 vestitum
1284 4421 1315 4471 et
1339 4409 1447 4472 multis
1479 4409 1601 4473 divitiis
1633 4412 1829 4476 cumulatum

183 4543 256 4583 oum
279 4519 341 4582 illis
365 4540 544 4581 remanere.

287 4707 441 4762 leronimus
471 4708 506 4761 ad
530 4701 758 4777 Nepotianum1:
793 4701 896 4760 (ituria
926 4701 1048 4775 episcopi
1078 4709 1117 4757 est
1141 4721 1303 4776 pauperum
1333 4702 1429 4776 opibus
1454 4703 1609 4778 prouidere
1638 4735 1682 4744 -·
1705 4738 1748 4744 -
1773 4725 1831 4780 pro

137 4833 164 4870 ro
183 4815 279 4884 iudice,
304 4813 352 4888 qai
375 4813 464 4888 strapis
482 4821 575 4887 potest
598 4812 676 4868 citius
699 4809 853 4867 subirenhc.

286 4917 473 4977 Ieroniurus‘l:
491 4920 587 4974 druico
603 4937 708 4993 rupere
723 4916 867 4992 quippiam
876 4916 990 4985 furtum
1008 4923 1060 4982 est·
1078 4945 1120 4952 —
1132 4945 1176 4953 ——
1191 4916 1311 4971 cilinium
1323 4918 1482 4991 predonum
1500 4918 1689 4975 crudelitatem
1704 4929 1829 4994 superat.
1849 4940 1864 4981 ι.
1872 4939 1909 4980 1³¹.

287 5029 452 5083 Ambrosius
462 5023 489 5080 ³³:
517 5025 674 5084 Cotiaensi·
697 5044 715 5080 (ι
740 5022 878 5079 comitibus
902 5030 928 5076 et
949 5021 1075 5090 tribunis,
1100 5053 1144 5059 —
1163 5052 1206 5060 -
1229 5022 1429 5096 imperatoriae
1447 5025 1582 5098 potestati
1604 5045 1660 5081 non
1683 5034 1749 5082 sarit
1769 5026 1830 5083 suh·

183 5137 261 5193 iectu.
308 5137 346 5190 Et
370 5140 453 5206 paulo
477 5130 578 5204 post42
604 5131 664 5186 Nec
687 5130 754 5186 mild
770 5131 826 5200 fus
850 5137 890 5184 cst
912 5129 1027 5184 trudere
1050 5159 1093 5167 -
1117 5159 1160 5167 -
1184 5130 1291 5185 [barrium
1316 5129 1373 5185 Dei
1396 5131 1538 5187 existimas
1561 5133 1762 5203 disserendum.

288 5244 463 5314 Augustinus
490 5259 576 5312 super
597 5233 787 5293 Iohanneml:
822 5235 897 5290 Ecce
914 5236 972 5305 vfur
997 5243 1036 5290 est
1059 5235 1146 5292 Iuctius
1177 5244 1203 5290 et
1231 5256 1266 5291 sse
1296 5245 1484 5312 contenplans,
1510 5239 1569 5309 fur
1599 5247 1638 5295 est
1666 5239 1829 5316 sacrilepus,

137 5367 164 5404 rs
181 5381 225 5389 —
248 5380 292 5388 -
315 5347 404 5404 [sidae
422 5346 567 5422 proditori
589 5353 781 5420 corriperetur.

292 5508 320 5578 l)
346 5507 439 5584 Epist.
457 5507 508 5577 52,
532 5504 598 5579 §fh
625 5504 698 5580 Opp.
724 5505 766 5562 ed.
786 5502 945 5560 Vallursius
968 5502 992 5561 Ι,
1018 5503 1067 5558 col.
1087 5501 1158 5557 261,
1231 5501 1260 5562 ‘il
1287 5501 1360 5558 Ibid.
1386 5506 1436 5560 col.
1456 5503 1528 5561 269.
1611 5504 1640 5575 3)
1667 5506 1759 5582 Epist.
1779 5507 1828 5577 20,

181 5613 201 5690 ξ
225 5617 254 5686 8,
281 5616 354 5691 (lpp.
380 5616 421 5670 ed.
446 5615 553 5672 Berred.
580 5612 636 5682 III,
662 5614 711 5668 col.
738 5611 811 5666 903.
927 5609 958 5682 4)
982 5608 1056 5664 ibid.
1081 5604 1100 5678 ξ
1121 5608 1169 5677 19,
1195 5610 1212 5664 l.
1230 5610 1248 5664 l.
1274 5611 1323 5664 col.
1350 5609 1423 5666 906.
1532 5610 1562 5686 it)
1586 5612 1618 5668 ln
1645 5634 1743 5690 cruny.
1768 5615 1829 5671 Iol.

183 5733 263 5781 tract.
290 5723 341 5792 50,
367 5719 453 5790 ⁶²10,
480 5720 552 5796 opp.
579 5720 634 5788 III,
654 5719 682 5788 2,
709 5720 758 5776 col.
778 5717 859 5787 632,Ι
884 5717 923 5787 cs.
950 5715 1084 5772 Placidus
1108 5735 1130 5770 c.
1151 5715 1222 5784 149,
1249 5715 1348 5772 Libelli
1371 5717 1411 5786 II,
1432 5738 1464 5792 p.
1484 5719 1557 5774 634.
