4386 6390
603 1449 1078 1586 nmnosus
1123 1451 1251 1584 nn
1298 1449 1915 1584 Ponsfflcnnn

504 1701 924 1839 sunonis
977 1700 1434 1835 ROMANAE
1481 1699 1999 1834 noonnsnn.

1177 1979 1341 2046 EDIDIT

1040 2187 1102 2284 H.
1136 2185 1479 2285 BOEHMER.

537 2419 583 2500 Iu
603 2431 709 2498 codice
725 2429 913 2497 Monacensi
932 2431 1057 2496 membr.
1083 2431 1136 2496 iat.
1154 2432 1260 2495 17184
1285 2427 1432 2518 (Scitefti
1450 2430 1549 2516 184)¹
1565 2455 1690 2518 parvus
1713 2445 1797 2496 estat
1818 2432 1946 2496 libellum
1967 2430 2080 2496 duobus
2129 2447 2150 2471 ’-

430 2539 576 2602 manibus
598 2563 678 2604 saec.
703 2537 777 2602 XII
798 2563 845 2603 en.
870 2537 961 2602 modo
984 2539 1087 2626 nipro,
1110 2535 1202 2602 modo
1225 2537 1321 2602 rubro
1343 2551 1515 2602 atramento
1538 2562 1600 2602 non
1621 2541 1689 2604 sinc
1712 2537 1835 2603 mondus
1858 2541 2006 2626 smiptus,
2034 2541 2084 2603 cui
2106 2531 2190 2588 ³⁵·

424 2646 554 2730 primus
573 2669 642 2710 eum
661 2645 802 2710 editurus
821 2645 910 2710 titulo
934 2657 1062 2708 vacante
1078 2643 1251 2732 Diuiopum
1274 2644 1313 2709 de
1329 2645 1520 2732 pontificatu
1541 2657 1665 2710 sanotae
1681 2644 1844 2710 Romanae
1867 2646 2016 2710 ecclcsiae
2037 2648 2081 2710 iu·
2136 2666 2187 2682 ‘

429 2751 558 2836 scripmi,
582 2775 650 2816 cum
674 2765 703 2816 et
724 2753 896 2816 mauiutam
916 2765 1039 2838 partem
1070 2751 1162 2816 talem
1193 2751 1349 2815 exhiberet
1370 2749 1544 2838 Diaurpum
1574 2765 1603 2816 et
1631 2753 1663 2816 in
1695 2753 1765 2838 ipso
1795 2752 1903 2816 codice
1926 2753 1986 2816 att
2005 2751 2081 2816 Dia·

432 2855 520 2944 iopus
547 2859 663 2944 incipit
690 2857 785 2922 verbo
812 2855 856 2920 D.
881 2855 912 2920 d.
936 2879 968 2944 p.
993 2878 1018 2920 s.
1042 2855 1080 2920 R.
1106 2879 1133 2943 9.
1166 2857 1270 2923 littera
1300 2857 1426 2922 initiali
1452 2872 1551 2922 essent
1580 2859 1741 2946 insipnita.
1792 2856 1889 2936 Quem
1913 2857 2082 2946 Diaiopum
2191 2888 2193 2899 ¹

423 2977 501 3049 post
522 2965 690 3029 concilium
714 2989 744 3028 a.
762 2965 856 3028 1162.
882 2961 964 3050 Sept
981 2965 1009 3027 ’1.
1035 2966 1068 3028 in
1093 2964 1224 3029 ecclesia
1247 2966 1351 3028 sancti
1371 2963 1525 3028 [ohannis
1548 2961 1718 3030 Losnensis
1745 2964 1896 3044 habitum,
1928 2965 2015 3050 quod
2041 2966 2085 3029 ibi
2147 2959 2190 2976 ⁴

432 3069 560 3156 ‘nuper'
577 3071 763 3136 celebratum
784 3071 912 3151 dicitur,
935 3070 1076 3135 sedante
1094 3072 1263 3136 concilium
1278 3095 1426 3158 maynum
1444 3065 1620 3136 Turonense
1637 3073 1680 3154 (a.
1697 3071 1790 3134 1163.
1807 3070 1890 3136 Μαί.
1907 3073 1975 3155 19),
1998 3074 2082 3136 cuius

432 3176 555 3241 decreta
577 3191 744 3258 auctorem,
774 3179 807 3242 si
827 3179 970 3256 novisset,
1001 3200 1241 3242 commemorare
1263 3189 1426 3264 oporteret,
1453 3201 1482 3241 a.
1503 3177 1587 3241 1162
1608 3201 1654 3242 eu.
1686 3178 1738 3242 uei
1764 3203 1793 3242 a.
1815 3178 1899 3241 1163
1930 3181 1975 3243 in.
2007 3202 2080 3242 com·

426 3285 568 3369 positum
591 3307 656 3348 osse
671 3297 770 3371 putet.
825 3283 892 3348 Ubi
912 3297 1014 3348 autam
1037 3297 1066 3348 et
1087 3309 1107 3347 a
1131 3307 1191 3369 quo
1215 3284 1375 3372 confectus
1396 3285 1448 3364 sit,
1478 3287 1647 3349 memoriae
1676 3307 1737 3348 non
1757 3283 1924 3372 proditur,
1954 3285 2012 3350 sed
2032 3299 2080 3365 est,

431 3413 487 3453 cur
516 3413 585 3454 eum
615 3389 798 3470 Raheuino,
826 3389 1091 3475 pramiort‘ssimo
1120 3389 1285 3454 Gestorum
1315 3388 1484 3454 Friderici
1511 3393 1734 3472 continuatori,
1769 3404 1840 3454 tunc
1873 3394 2022 3478 temporis
2050 3393 2080 3456 in

431 3497 562 3562 molesta
593 3497 759 3584 coiiepiata
782 3521 806 3560 s.
829 3496 896 3560 Viti
917 3496 1122 3584 Frisinpcnsi
1152 3498 1359 3560 commoranti
1386 3494 1546 3561 addicam.
1595 3495 1688 3574 Quod
1716 3521 1785 3561 cum
1815 3499 1881 3562 iam
1905 3498 2021 3586 fusius
2049 3500 2079 3562 in
2114 3526 2146 3565 xc

430 3602 600 3668 annalibus
626 3604 743 3667 nostris
770 3605 968 3689 exposuerim.
978 3604 1000 3683 ²,
1030 3602 1086 3666 hoc
1117 3603 1182 3667 ioco
1210 3604 1404 3690 pravissima
1434 3603 1644 3668 mummmodo
1673 3619 1855 3692 arpumenta
1880 3606 2015 3670 breuiter
2036 3629 2079 3669 re·

424 3709 639 3796 pateremini
659 3710 759 3774 liccat.

541 3817 567 3879 1.
604 3815 653 3880 Ac
670 3817 816 3902 primum
839 3815 964 3902 qnidam
990 3816 1095 3880 libelii
1114 3829 1223 3880 auctor
1245 3829 1290 3880 ter
1314 3815 1438 3880 easdem
1454 3817 1603 3902 epistolar
1626 3816 1811 3882 adverbum
1827 3818 1985 3900 laudauit,
2008 3842 2078 3904 quos

432 3921 623 3987 Raheuinus
648 3921 753 3988 Gestis
782 3924 850 3987 suis
880 3921 1064 3988 inserendas
1092 3921 1193 4002 dum't,
1224 3922 1370 3988 uidelicet
1391 3924 1479 4009 epist
1505 3922 1689 3989 Alexandri
1708 3923 1775 3987 ΙΙΙ.
1800 3924 1846 3988 ad
1867 3926 1997 4005 cler-um,
2019 3926 2077 4011 cpi·

431 4052 569 4115 scopum,
594 4029 734 4094 doctores
758 4029 972 4094 Bononienses
995 4028 1112 4109 datam,
1136 4027 1218 4092 Rau.
1241 4028 1265 4092 I
1268 4029 1302 4109 V,
1320 4030 1358 4092 61
1379 4029 1396 4112 (
1400 4031 1469 4114 51),
1495 4032 1583 4116 epist.
1608 4030 1824 4095 cardinalium
1844 4031 2077 4110 Victorinorum,
2090 4055 2109 4094 n

432 4135 514 4200 nat.
540 4135 603 4218 IV,
620 4137 661 4200 62
688 4135 766 4220 (52)
791 4137 879 4222 epist.
905 4135 986 4200 cieri
1011 4136 1159 4199 ecciesiae
1182 4134 1344 4200 Romanae
1366 4161 1390 4200 s.
1416 4135 1508 4201 Petri
1532 4137 1577 4201 ad
1599 4137 1804 4202 Fridericum
1827 4136 1854 4200 I.
1882 4137 2001 4218 datam,
2022 4137 2046 4201 I
2048 4137 2077 4217 V,

435 4243 475 4306 76
493 4243 575 4328 (66).
614 4242 702 4306 Unde
726 4267 795 4306 eum
818 4256 873 4306 aut
888 4241 1094 4306 Ruhewinum
1110 4243 1214 4329 ipsum
1222 4242 1333 4329 fuisse
1355 4256 1411 4306 aut
1432 4242 1541 4308 saitem
1560 4242 1655 4308 Gesta
1676 4245 1767 4308 iliius
1787 4244 1941 4309 iectn'tasse
1965 4245 2076 4331 collepi.

539 4350 569 4413 2.
606 4349 679 4414 Huc
703 4348 834 4430 accedit,
857 4349 951 4435 quod,
974 4351 1071 4414 sicuti
1091 4347 1282 4414 Ratewinus
1307 4348 1345 4413 de
1369 4349 1534 4414 discordia
1556 4375 1585 4414 a.
1603 4351 1697 4414 1158.
1723 4353 1804 4416 inter
1828 4350 2033 4416 Fridericum
2054 4349 2077 4412 I.

432 4469 461 4520 et
478 4455 661 4522 Adrianum
677 4454 701 4518 Ι
705 4456 737 4519 V.
765 4468 872 4520 exorta
894 4479 1012 4520 necnon
1035 4455 1073 4519 de
1095 4454 1260 4520 schismate
1282 4480 1312 4519 a.
1331 4456 1424 4519 1159.
1446 4469 1593 4520 commoto
1604 4459 1778 4543 propriam
1796 4461 1979 4522 sententium
1992 4459 2079 4546 ferre

432 4576 564 4643 veretur,
594 4562 652 4627 sed
660 4565 672 4604 ³
695 4561 826 4647 saepius
848 4560 1003 4625 lectorem
1026 4561 1177 4644 hortatur,
1200 4570 1237 4625 ut
1258 4561 1293 4624 in
1314 4559 1365 4624 his
1388 4560 1484 4626 factis
1508 4560 1551 4625 sd
1566 4560 1810 4648 disquirendum
1825 4563 1999 4628 venitatem
2021 4585 2112 4628 nonu

432 4691 492 4732 suu
515 4666 604 4732 dicta
627 4667 783 4750 consulat,
817 4670 937 4734 litteras
967 4683 995 4733 et
1022 4670 1142 4754 scripta
1172 4671 1460 4756 utriusquepartis
1484 4671 1626 4750 inseruit,
1650 4667 1767 4754 quibus
1791 4671 1931 4757 quisque
1961 4671 2080 4735 innisus

431 4773 490 4838 hus
514 4775 752 4840 controversias
770 4773 921 4840 decidere
937 4775 1049 4861 possit,
1074 4777 1119 4839 ita
1141 4789 1244 4840 noster
1266 4798 1387 4861 quoque
1409 4790 1519 4841 auctor
1533 4800 1599 4862 pro
1622 4776 1680 4840 trac
1703 4777 1754 4842 vei
1775 4777 1835 4842 iila
1845 4791 1945 4864 parte
1968 4780 2081 4866 apertis

433 4882 537 4946 uerbis
559 4906 651 4969 apere
673 4884 781 4949 notens
810 4903 876 4944 non
898 4890 966 4944 tsm
989 4878 1077 4966 qnod
1100 4881 1170 4966 ipse
1194 4880 1292 4945 sentit
1315 4903 1413 4966 quum
1436 4891 1469 4946 et
1492 4881 1547 4945 ulii
1570 4903 1651 4967 quos
1679 4905 1776 4969 supsr
1799 4882 1860 4947 hoc
1883 4881 1988 4949 verbo
2012 4906 2082 4949 con·

433 4985 562 5068 suluit⁴,
587 5013 739 5076 exponere
762 4988 870 5052 studet.
916 4986 1032 5073 Neque
1056 4989 1139 5052 enim
1161 5025 1204 5034 -
1227 4989 1289 5052 etsi
1308 4988 1364 5068 ets,
1388 4987 1444 5074 qui
1466 4988 1612 5052 neutrius
1635 4989 1802 5053 introitum
1824 4987 1968 5076 probant
1977 4995 1999 5073 ὅ,
2027 5015 2082 5056 non

433 5095 611 5175 assentitur,
633 5132 677 5141 —
699 5115 761 5178 ego
785 5094 820 5156 in
842 5103 978 5177 tantum,
1003 5096 1116 5180 inquit,
1138 5097 1322 5179 prosumo⁶,
1346 5102 1382 5157 ut
1403 5093 1457 5159 vel
1479 5093 1567 5159 illum
1592 5094 1645 5159 vol
1668 5096 1765 5160 istum
1787 5095 1916 5160 leonem
1936 5096 1991 5162 vel
2015 5097 2116 5162 dra-n

433 5221 549 5263 eonem
573 5198 742 5286 appellem,
767 5198 827 5264 sed
841 5199 931 5264 velut
946 5222 1103 5286 organum
1126 5199 1232 5264 factus
1247 5198 1422 5265 multarum
1438 5223 1518 5288 quas
1542 5201 1654 5266 audivi
1677 5204 1910 5268 sententiarum
1933 5206 2083 5270 recitator

433 5306 541 5393 potins
565 5328 662 5392 quam
684 5306 837 5393 propriae
860 5307 1029 5392 positionis
1053 5316 1195 5370 assertor
1218 5307 1333 5372 existo.

544 5509 572 5579 1)
599 5507 647 5581 Cf.
666 5507 819 5586 Catulusqus
841 5509 915 5567 Bibl.
940 5509 1036 5587 repiae
1060 5509 1177 5567 Monac.
1200 5509 1255 5580 IV,
1274 5509 1302 5580 3,
1322 5530 1356 5586 p.
1374 5510 1426 5568 85.
1496 5511 1527 5581 2)
1552 5511 1600 5569 ‘N.
1617 5512 1715 5570 Arci!
1733 5513 1817 5584 XXI,
1836 5534 1870 5590 p.
1889 5515 2080 5573 635-666.

411 5613 466 5690 ,3)
490 5613 578 5674 Gesta
600 5615 655 5686 IV,
673 5616 725 5672 75.
751 5617 794 5674 cd.
815 5616 906 5674 Waitz
923 5636 957 5693 p.
976 5616 1049 5674 254.
1148 5616 1179 5687 4)
1207 5613 1256 5688 Os.
1279 5616 1365 5689 infra
1382 5637 1416 5694 p.
1434 5617 1507 5690 528,
1531 5620 1550 5676 i.
1569 5618 1620 5676 20.
1723 5617 1754 5690 5)
1781 5619 1830 5693 Cf.
1854 5622 1940 5694 iufra
1957 5643 1991 5699 p.
2010 5621 2080 5692 530,

433 5724 451 5780 l.
470 5722 521 5779 25.
613 5719 644 5796 6)
670 5721 718 5794 Os.
743 5723 841 5781 ibidem
865 5725 882 5779 t.
902 5723 952 5779 26.
2096 5741 2118 5784 st
