4568 6428
546 413 739 471 EPISTOLA
761 415 814 470 DE
838 414 1458 472 SACRAMENTISsHAERETICORUM.
1787 406 1826 471 17

187 625 272 686 mea,
297 625 360 689 quo
384 601 483 688 digne
507 611 540 667 et
562 601 702 668 fideliter
725 601 766 666 de
789 602 852 666 tuis
876 605 1088 668 sacramentis
1111 603 1235 691 loquar.
1267 579 1533 684 Quis'instituit?
1564 603 1656 668 Iesus
1672 601 1830 682 Christus,

182 708 278 774 Deus
302 721 335 774 et
356 709 463 792 homo,
487 707 624 774 verbum
647 709 682 772 in
704 709 866 796 principio
890 709 978 798 apud
1001 709 1121 794 Deum,
1152 710 1211 775 sed
1233 721 1391 797 oportuno
1422 719 1567 797 tempore
1590 706 1727 774 verbum
1755 730 1831 774 caro
1851 736 1954 784 roura.

184 815 317 898 facum,
341 839 407 880 una
422 838 563 903 persona
578 816 669 881 Deus
694 827 726 880 et
748 815 854 898 homo,
878 827 974 882 natus
998 839 1040 881 err
1056 817 1199 903 virgine3
1224 817 1277 882 hic
1294 819 1327 882 in
1344 839 1427 882 cena
1440 817 1579 882 instituit
1594 825 1832 882 sacramentum

186 922 332 1010 corporis
356 934 389 988 et
411 924 580 1010 sanguinis
604 924 664 988 sui.
704 922 802 1006 Quid,
827 925 970 1010 inquam,
993 925 1157 990 instituit?
1193 923 1238 990 Ut
1261 922 1397 988 verbum
1421 946 1497 988 caro
1520 923 1642 988 iactum
1666 933 1699 987 et
1721 933 1831 988 natum

149 1052 164 1093 s
190 1053 234 1096 ex
256 1029 371 1110 Maria,
394 1029 610 1118 personaliter
633 1031 703 1117 ipso
727 1031 761 1094 in
783 1028 934 1096 manibus
957 1052 1076 1118 panem
1100 1043 1133 1096 et
1155 1033 1267 1096 vinum
1291 1032 1487 1119 suscipiente
1512 1042 1544 1095 et
1566 1031 1686 1117 gratim
1714 1039 1832 1116 agente

189 1148 222 1202 et
244 1135 459 1202 benedicente
483 1135 544 1202 sub
568 1147 771 1201 sacramento
795 1138 889 1223 panis
913 1148 946 1202 et
969 1139 1047 1220 vini,
1072 1137 1159 1202 idem
1182 1136 1320 1202 verbum
1343 1159 1419 1202 caro
1443 1137 1535 1202 fieret
1558 1159 1634 1202 vere
1666 1147 1698 1201 et
1726 1159 1833 1201 essen·

186 1243 317 1326 tialiter,
348 1243 437 1331 quod
466 1255 578 1308 natum
609 1255 659 1308 est
682 1243 722 1308 de
745 1245 883 1329 virgine,
915 1244 1003 1330 quod
1032 1266 1164 1332 passum
1194 1254 1243 1309 est
1270 1245 1304 1308 in
1327 1266 1434 1309 cruce.
1481 1242 1627 1309 Verbum
1650 1243 1726 1326 Dei,
1757 1266 1833 1309 caro

190 1353 322 1434 factum,
345 1349 516 1416 benedixit
539 1373 658 1440 panem
674 1361 706 1415 et
720 1351 843 1432 vinum,
866 1349 1004 1416 verbum
1027 1352 1133 1416 univit
1156 1373 1190 1415 se
1214 1353 1291 1438 paui
1315 1361 1347 1416 et
1369 1353 1446 1416 vino
1470 1361 1502 1415 et
1526 1374 1584 1416 sua
1606 1350 1834 1417 benedictione

191 1470 224 1523 et
252 1460 376 1523 unitate
406 1459 567 1523 convertit
592 1479 712 1546 panem
741 1458 776 1520 in
806 1479 938 1521 carnem
968 1469 1001 1522 et
1030 1460 1142 1522 vinum
1172 1459 1205 1522 in
1235 1459 1436 1543 sanguinem.
1483 1457 1519 1523 Si
1549 1459 1622 1545 quis
1652 1456 1835 1524 adtende'rit

140 1588 167 1626 m
188 1564 277 1630 idem
300 1587 373 1628 esse
396 1563 543 1646 verbum,
575 1564 663 1651 quod
693 1566 726 1629 in
756 1575 848 1628 utero
872 1565 1008 1650 virginis
1039 1566 1190 1630 universe
1222 1566 1313 1630 carni
1344 1576 1375 1630 et
1405 1563 1493 1652 quod
1521 1565 1556 1630 in
1579 1587 1661 1630 cena
1683 1566 1834 1630 universe

187 1673 266 1759 pani
290 1682 322 1736 et
344 1672 432 1753 vino,
455 1693 521 1736 non
543 1669 716 1736 mirabitur
739 1670 879 1736 eundem
903 1682 935 1735 et
957 1693 1058 1736 unum
1082 1694 1153 1736 esse
1174 1670 1349 1753 Christum,
1373 1672 1430 1758 qui
1451 1683 1547 1736 natus
1571 1683 1620 1736 est
1644 1671 1684 1736 de
1707 1671 1834 1757 virgine

189 1777 404 1865 personaliter
427 1789 459 1843 et
482 1801 594 1844 narsus
618 1779 651 1844 in
668 1801 750 1843 cena
765 1776 903 1843 verbum
919 1801 995 1843 caro
1010 1780 1132 1844 tactum
1149 1789 1199 1843 est
1222 1777 1500 1844 sacramentaliter
1522 1777 1616 1842 simul
1632 1789 1665 1842 et
1680 1779 1835 1842 essentia·

189 1885 272 1949 liter.
300 1884 587 1951 Sacramentaliter
599 1885 673 1950 dico
687 1894 821 1972 propter
835 1886 979 1972 speciem
991 1887 1107 1972 prioris
1124 1883 1358 1966 substantiae·,
1375 1884 1590 1950 essentialiter
1602 1883 1688 1949 'dico
1703 1895 1836 1972 propter
1854 1910 1883 1951 ⁸1.
1892 1911 1924 1951 sr.

189 1992 361 2056 veritatem
391 1993 498 2057 carnis
529 2003 562 2057 et
592 1993 769 2078 sanguinis,
802 2014 939 2078 quorum
968 2003 1141 2078 utrumque
1170 1991 1266 2058 simul
1296 1993 1422 2058 unitum
1452 1989 1514 2057 sibi
1543 1989 1668 2057 babens
1697 1990 1834 2057 verbum

141 2120 167 2160 rs
193 2099 282 2162 idem
305 2097 452 2164 Christus
477 2110 535 2180 est,
567 2100 623 2187 qui
646 2109 740 2164 natus
771 2109 821 2163 est
851 2097 891 2163 de
915 2100 1053 2185 virgine,
1085 2100 1140 2185 qui
1172 2098 1265 2163 datus
1296 2110 1346 2164 est
1376 2098 1543 2185 discipulis
1572 2100 1607 2163 in
1634 2121 1746 2180 caena,
1778 2099 1834 2186 qui

188 2227 304 2291 passus
328 2207 362 2269 in
386 2228 493 2288 cruce,
518 2207 574 2292 qui
597 2207 785 2289 resurrexit,
809 2207 866 2293 qui
890 2205 1046 2288 ascendit,
1072 2207 1128 2292 qui
1151 2205 1244 2270 sedet
1266 2205 1309 2270 ad
1331 2205 1501 2271 dexteram
1523 2206 1634 2292 patris,
1666 2207 1722 2292 qui
1744 2227 1834 2270 man·

190 2311 328 2377 ducatur
349 2313 384 2376 in
407 2311 511 2394 altari,
536 2312 652 2378 sedin
676 2312 845 2395 aecclesia,
869 2335 934 2378 non
958 2323 1052 2377 extra
1074 2311 1278 2377 aecclesiam.
1325 2310 1388 2378 Cui
1417 2312 1580 2377 instituit?
1624 2311 1746 2399 Utique
1768 2335 1834 2377 non

189 2418 252 2484 illis
276 2421 332 2506 qui
355 2431 449 2484 extra
471 2429 556 2502 sunt,
580 2420 639 2485 sed
661 2419 852 2502 aecclesiae,
876 2443 940 2507 que
963 2431 1040 2485 turno
1063 2442 1167 2507 parva
1189 2429 1222 2485 et
1245 2419 1340 2484 exilis
1355 2421 1390 2483 in
1412 2419 1525 2506 paucis
1547 2417 1723 2506 discipulis,
1746 2442 1833 2484 nunc

187 2549 308 2613 magna
331 2537 363 2591 et
385 2525 527 2612 gloriosa
550 2540 600 2592 est
621 2529 655 2591 in
669 2527 824 2592 universa
839 2538 935 2591 terra.
967 2525 1033 2593 Ubi
1049 2525 1212 2592 instituit?
1242 2525 1388 2592 Revolve
1404 2525 1611 2612 euangelium
1626 2535 1659 2591 et
1673 2527 1831 2608 invenies,

140 2634 266 2719 asquia
288 2659 413 2721 vespere
429 2635 523 2722 facto
547 2635 759 2700 discumbebat
780 2659 849 2698 cum
871 2633 949 2699 XII
967 2635 1136 2722 discipulis
1157 2637 1233 2699 curs.
1270 2633 1359 2698 Ecce
1383 2656 1448 2698 non
1471 2634 1556 2697 inter
1578 2655 1634 2698 eos
1657 2634 1713 2720 qui
1737 2645 1831 2698 extra
1852 2659 2012 2708 uersuram.

188 2750 289 2822 erant,
314 2739 373 2804 sed
396 2741 480 2804 inter
502 2739 675 2826 apostolos,
700 2740 756 2826 qui
773 2738 1036 2805 aecclesiasticae
1059 2741 1190 2805 unitatis
1214 2740 1375 2826 primitiae
1407 2750 1499 2805 erant
1528 2741 1671 2826 corporis
1702 2752 1735 2804 et
1757 2763 1829 2805 san·

187 2847 293 2932 guinis
318 2856 556 2910 sacramentum
579 2847 727 2928 instituit,
750 2869 816 2911 non
840 2858 943 2912 extra.
988 2845 1043 2911 Ad
1066 2846 1144 2934 quid
1167 2844 1329 2911 instituit?
1363 2846 1500 2933 Replica
1516 2844 1682 2928 Genesim,
1706 2846 1829 2934 replica

188 2951 379 3039 apostolum,
409 2951 533 3038 replica
557 2952 773 3038 euangelium,
801 2954 890 3018 etin
913 2952 1048 3039 singulis
1071 2954 1238 3041 repperies
1261 2952 1296 3017 id
1318 2975 1390 3017 esse
1414 2954 1586 3040 scriptum:
1617 2953 1751 3042 Propter
1765 2957 1829 3024 ‚boc
1847 2944 1998 3047 ffiffij,

187 3061 341 3146 relinquit
368 3061 457 3124 borno
480 3074 607 3146 patrem
638 3075 666 3125 et
693 3074 823 3126 manem
853 3075 881 3126 et
909 3061 1071 3126 adherebit
1099 3063 1196 3125 caari
1221 3085 1297 3126 escae
1327 3075 1356 3126 et
1384 3061 1557 3126 eruatduo
1580 3064 1732 3126 incarne
1754 3087 1828 3126 uua.
1847 3086 2004 3138 aptasti.

142 3191 170 3231 aa
189 3165 283 3247 Quae
307 3165 371 3232 duo
394 3165 449 3230 vel
471 3188 535 3253 que
558 3189 624 3232 una
647 3165 749 3231 caro?
795 3165 922 3254 Corpus
946 3166 1068 3232 Christi
1097 3166 1311 3254 personaliter
1340 3168 1374 3232 in
1404 3168 1594 3232 ascensione
1622 3165 1830 3232 sublimatum

188 3274 223 3336 in
246 3272 362 3356 celum,
386 3274 471 3338 sicut
493 3273 654 3360 scriptura
676 3283 822 3355 testatum,
846 3273 939 3338 sedet
961 3273 1004 3338 ad
1026 3272 1195 3338 dexteram
1217 3273 1335 3356 Patris,
1358 3273 1403 3338 ad
1425 3297 1542 3360 corpus
1567 3275 1647 3358 eius,
1671 3273 1758 3361 quod
1781 3284 1830 3338 cst

190 3379 361 3462 aecclesia,
385 3380 420 3444 in
443 3379 527 3444 valle
551 3380 757 3444 lacrimarum
780 3381 1007 3466 peregrinatur
1029 3381 1064 3444 in
1086 3391 1182 3445 terra.
1215 3380 1384 3462 Quatenus
1407 3404 1484 3468 ergo
1509 3381 1608 3467 capiti
1632 3404 1749 3468 corpus
1765 3381 1829 3446 fide

188 3497 288 3569 recta,
320 3509 376 3574 spe
404 3487 507 3569 finna,
539 3488 673 3552 caritate
704 3486 849 3574 perfecta
879 3489 979 3552 artius
1011 3486 1226 3574 copularetur,
1256 3489 1395 3553 instituit
1417 3487 1565 3554 Christus
1593 3499 1830 3554 sacramentum

190 3595 334 3680 corporis
364 3603 397 3658 et
420 3595 587 3680 sanguinis
611 3591 696 3677 suil,
728 3616 792 3681 quo
816 3595 921 3680 pascit
947 3593 1141 3660 aecclesiam
1164 3617 1316 3681 sponsam
1345 3617 1447 3678 suam,
1478 3617 1542 3681 quo
1566 3597 1665 3660 etiam
1687 3596 1830 3682 peregri-

144 3727 171 3767 ao
189 3710 320 3766 nantem
344 3701 514 3766 confirmat
537 3711 569 3765 et
592 3702 771 3794 certissimo
796 3701 931 3787 pignore
955 3700 996 3766 de
1020 3701 1129 3766 futura
1144 3703 1368 3766 coniunctione
1385 3701 1584 3766 consederat.
1621 3702 1711 3767 Ecce
1733 3703 1832 3788 igitur

190 3829 307 3894 corpus
330 3807 450 3873 Christi
474 3830 549 3874 cum
573 3809 689 3895 capite,
714 3830 788 3873 cum
811 3830 929 3894 sponso
953 3831 1011 3873 suo
1034 3831 1100 3873 una
1122 3831 1198 3874 caro
1222 3807 1371 3890 efficitur,
1395 3809 1472 3895 quia
1495 3807 1572 3873 dum
1594 3809 1629 3872 in
1652 3810 1721 3873 eius
1745 3831 1831 3873 com·

189 3915 455 3992 memorationem
479 3938 577 3980 carne
601 3915 671 3980 eius
694 3916 838 3980 vescitur
861 3927 894 3980 et
916 3916 1074 4001 sanguine
1097 3925 1236 4002 potatur,
1261 3916 1371 3980 artiori
1394 3914 1440 3979 illi
1460 3916 1571 3980 unitur
1586 3916 1731 3998 caritate,
1756 3917 1833 4003 quia

190 4043 288 4106 quem
317 4023 351 4086 in
381 4022 489 4087 futuro
520 4020 583 4086 sibi
613 4023 647 4086 in
676 4022 781 4108 gloria
812 4021 1029 4109 copulandum
1060 4032 1224 4108 expectat,
1255 4022 1339 4087 hunc
1368 4023 1402 4086 in
1433 4034 1634 4088 sacramento
1665 4023 1772 4088 carnis
1801 4035 1833 4088 ct
1879 4107 1880 4110 Ἴ

193 4128 360 4214 sanguinis
384 4141 578 4215 pregustans
602 4130 667 4194 iam
690 4127 752 4194 sibi
775 4129 901 4194 unitum
924 4127 1033 4195 habet.
1073 4128 1236 4210 Quorsum
1260 4129 1320 4194 hec
1343 4130 1538 4194 sacramenti
1562 4129 1738 4217 explicatio
1761 4154 1832 4218 per·

143 4262 170 4302 ss
188 4234 300 4316 tineat,
324 4235 451 4299 miraris
474 4235 567 4301 forte.
613 4236 824 4323 Respondeoz
857 4234 939 4316 Quis
962 4237 1146 4319 instituerit,
1171 4235 1250 4324 quid
1273 4237 1456 4319 instituerit,
1488 4237 1540 4301 cui
1564 4238 1748 4320 instituerit,
1776 4237 1833 4303 ubi

191 4342 376 4424 instituerit,
401 4341 443 4406 ad
460 4343 540 4430 quid
555 4343 739 4425 instituerit,
764 4342 887 4408 idcirco
904 4345 1165 4426 commemoravi,
1190 4353 1234 4426 ut,
1259 4345 1390 4410 sirecte
1414 4345 1602 4429 pensaveris
1618 4345 1833 4411 institutorem

192 4457 224 4512 et
246 4470 315 4514 rem
330 4450 511 4514 institutam
534 4461 567 4514 et
582 4451 635 4515 cui
652 4451 693 4516 sit
715 4450 862 4514 instituta
885 4461 918 4514 et
932 4448 989 4514 ubi
1005 4451 1047 4515 sit
1061 4451 1208 4536 instituta
1232 4461 1264 4515 ct
1278 4449 1321 4514 ad
1340 4449 1419 4537 quid
1442 4451 1484 4513 sit
1506 4451 1664 4534 instituta,
1688 4452 1832 4539 perfecte

189 4557 321 4620 noveris
343 4555 405 4621 hoc
430 4567 669 4622 sacramentum
698 4578 763 4622 uon
794 4578 865 4621 esse
897 4579 1007 4621 eorum
1037 4580 1099 4622 nec
1122 4556 1282 4621 'adtinere
1306 4556 1349 4621 ad
1372 4579 1437 4638 eos,
1468 4557 1525 4643 qui
1555 4567 1649 4622 extra
1678 4560 1833 4623 unitatem
1853 4581 1881 4620 ·.
1916 4583 1929 4620 ¹.

191 4659 312 4726 Christi
334 4673 367 4727 et
390 4663 529 4728 ecclesie
553 4675 636 4746 sunt,
661 4662 722 4727 sed
744 4663 787 4728 ad
810 4685 875 4745 eos,
900 4665 956 4750 qui
980 4685 1097 4748 corpus
1113 4662 1234 4728 Christi
1257 4673 1341 4746 sunt,
1365 4661 1418 4728 hic
1443 4663 1681 4731 confirmandos
1704 4676 1736 4730 et
1759 4688 1834 4730 con·

141 4796 171 4834 ro
189 4767 393 4852 federandos,
425 4793 490 4857 quo
521 4770 629 4834 ethic
652 4792 752 4834 unum
776 4771 840 4833 sint
863 4792 937 4835 cum
961 4767 1089 4834 Christo
1121 4771 1210 4834 etin
1232 4769 1340 4834 frrturo
1364 4771 1445 4835 certi
1472 4772 1536 4835 sint
1559 4770 1600 4835 de
1623 4794 1735 4858 regno.
1780 4772 1833 4837 De

191 4875 453 4942 confederatione
477 4876 572 4941 huius
595 4877 791 4941 sacramenti
822 4877 856 4940 in
888 4876 951 4941 alia
981 4877 1097 4963 scripsi
1121 4876 1278 4964 epistola¹
1309 4887 1341 4942 et
1371 4876 1444 4942 ideo
1474 4901 1561 4942 nunc
1590 4889 1755 4965 pertesum
1785 4889 1834 4944 est

189 4981 358 5067 replicare,
382 4985 555 5070 presertim
578 4984 656 5070 quia
678 4982 825 5048 infirmor
848 4993 879 5048 et
901 4981 1012 5048 labore
1036 4981 1199 5048 scribendi
1223 5006 1351 5068 gravor.

294 5089 377 5154 Item
401 5089 481 5176 quid
497 5088 676 5154 catholicus
692 5088 734 5154 ab
750 5089 893 5154 heretico
908 5091 978 5154 sive
996 5091 1189 5172 scismatico,
1214 5112 1311 5176 quem
1327 5112 1399 5155 esse
1415 5090 1513 5155 talem
1532 5093 1671 5177 ignorat,
1694 5093 1834 5179 accipiat

190 5197 311 5281 queris.
357 5195 445 5261 Vere
477 5197 710 5262 communionis
742 5195 1002 5261 benedictionem
1033 5194 1074 5260 ab
1106 5219 1144 5261 eo
1172 5219 1239 5261 non
1269 5197 1402 5282 accipit,
1434 5196 1521 5284 apud
1552 5220 1649 5284 quem
1679 5221 1744 5264 non
1774 5210 1832 5263 est.

141 5327 171 5366 ss
191 5301 278 5366 Vere
301 5303 548 5386 maledictionis,
573 5325 637 5390 que
660 5303 749 5389 apud
771 5325 846 5367 eum
870 5314 928 5386 est,
953 5304 1260 5368 contaminationem
1282 5326 1347 5368 non
1370 5305 1499 5390 accipit,
1525 5305 1602 5391 quia
1625 5305 1753 5391 ignorat
1771 5329 1832 5370 nec

194 5411 361 5474 consentit.
409 5410 498 5491 Quid
521 5409 625 5498 ergo?
663 5411 864 5475 Existimans
889 5432 960 5474 esse
984 5409 1074 5474 illum
1096 5408 1277 5474 membrum
1301 5408 1431 5492 Christi,
1456 5411 1637 5476 ministrum
1661 5410 1782 5476 Christi
1805 5414 1831 5476 si

293 5605 319 5670 a)
341 5611 436 5662 subest
453 5629 474 5662 c.
546 5605 576 5676 b)
594 5611 622 5661 ia
640 5628 718 5676 marg.
737 5610 797 5661 add.
810 5627 830 5661 c.

297 5771 324 5844 1)
350 5771 432 5838 Quae
455 5774 550 5851 ipaota
574 5782 621 5832 eat.
730 5851 732 5856 ,

260 5892 358 5945 Libelli
377 5895 410 5945 de
429 5893 485 5946 lite.
514 5895 568 5945 111.
