4426 6398
447 446 510 508 686
930 450 1164 508 TRACTATUS
1188 451 1477 508 EBORACENSES.
1502 453 1538 508 V.
1556 453 1606 510 vl.

445 636 597 702 Christo*
621 647 822 722 conregnant
845 636 950 718 simul,
975 659 1038 724 que
1062 637 1105 702 ad
1121 661 1256 724 regnum
1273 661 1365 704 suum
1382 641 1555 726 pertinent,
1579 638 1674 704 ambo
1699 638 1796 703 simul
1819 636 1978 717 tribuunt,
2003 635 2090 700 ambo

445 744 539 808 simul
569 754 758 808 execuntur.
806 743 848 807 Et
879 745 933 830 qui
965 744 1022 808 hos
1053 743 1094 808 ab
1125 744 1187 810 hoe
1217 768 1315 833 opere
1347 745 1493 811 dividere
1524 747 1646 828 nititur,
1677 745 1712 810 id
1735 745 1868 810 efficere
1895 753 2091 824 consumat

288 851 559 923 nu0.u,1r.domus
583 850 647 915 Dei
672 850 777 932 cadat,
803 861 835 915 et
857 873 994 935 regnum
1018 849 1139 915 Christi
1162 851 1334 918 desoletur.
1385 853 1482 919 Omne
1505 857 1587 918 enirn
1611 879 1739 942 regnum
1770 856 1804 918 in
1827 878 1860 918 se
1885 855 1993 938 ipsum
2016 850 2091 915 dioi-

443 984 513 1023 sum
536 958 739 1038 desolabitur,
763 973 790 1022 et
813 958 923 1022 demus
944 983 1045 1044 supro
1069 959 1193 1024 ᾱοιηιιιιι
1217 960 1315 1040 enda,
1339 961 1385 1025 ait
1408 959 1578 1024 Dominus.
1610 960 1846 1024 Verumtamen
1864 957 2015 1022 Christus
2037 957 2091 1021 iste

444 1065 666 1151 pergratiam,
687 1063 784 1129 idest
802 1086 869 1145 rex,
891 1064 992 1127 servit
1007 1061 1135 1128 Christo
1151 1086 1211 1151 per
1225 1075 1374 1131 naturam
1383 1071 1404 1130 ¹.
1440 1065 1507 1132 Sed
1524 1083 1598 1134 atior
1609 1083 1690 1144 erra,
1709 1082 1770 1152 qnia
1787 1081 1859 1134 torn
1875 1090 1918 1142 ra,
1936 1081 2020 1134 alter.
2038 1082 2119 1146 pars

443 1171 518 1222 etium
536 1186 579 1220 rea·
597 1177 638 1219 est.
677 1170 744 1232 Quia
762 1169 832 1219 leonto
850 1177 884 1218 ert
908 1169 981 1228 enim,
1007 1169 1081 1220 cernit
1098 1169 1201 1220 nomer
1213 1171 1331 1236 fideliter.
1370 1173 1436 1234 Quia
1455 1188 1510 1222 nero
1527 1171 1602 1223 etiam
1620 1187 1664 1222 ree
1681 1180 1723 1232 ert,
1749 1173 1824 1222 ceruit
1848 1172 1911 1236 leger
1936 1171 2004 1220 irato
2018 1171 2092 1235 preci-

439 1259 536 1324 pientes
553 1267 577 1308 et
593 1259 719 1308 metros-ia
735 1257 890 1323 prohibentor
907 1257 1060 1308 wneenienti
1081 1259 1161 1324 oipme
1183 1261 1332 1312 samtieudo.
1363 1261 1435 1313 Sicut
1451 1261 1550 1310 servivit
1563 1260 1679 1312 Rachiae
1697 1261 1763 1312 bicor
1780 1269 1804 1310 et
1822 1260 1915 1325 templo
1933 1259 2057 1310 idolorum
2072 1269 2092 1308 et

336 1363 425 1412 *prta
445 1347 489 1398 illa
513 1348 605 1398 werbe
629 1363 676 1412 que
700 1355 786 1396 mistro
805 1347 854 1396 Ilei
872 1355 988 1412 praepa
1001 1348 1110 1412 ,meant
1134 1357 1272 1400 constr-ueta
1291 1349 1458 1411 'damnanda
1483 1350 1547 1400 sient
1570 1350 1669 1399 servivit
1693 1366 1737 1400 rea
1755 1349 1931 1400 llinioitorum
1956 1349 2092 1398 uniuersam

444 1437 566 1486 ciuitatem
582 1437 618 1487 ud
632 1436 787 1502 planandum
808 1436 943 1486 Dominum
961 1436 1132 1500 compellendo,
1156 1438 1219 1486 ricta
1242 1438 1456 1488 ministraren
1478 1438 1573 1488 idolum
1585 1438 1760 1506 franpmrdum
1785 1439 1813 1489 in
1829 1446 1976 1503 potestatem
1996 1437 2093 1486 Danieli

444 1526 570 1576 darnart
588 1525 698 1576 inimicos
715 1527 767 1574 etro
785 1525 893 1574 leonidas
912 1525 1051 1589 inponendo,
1071 1526 1133 1575 sicin
1150 1527 1248 1577 servivit
1260 1527 1480 1592 Nabupndonosnr,
1499 1527 1530 1576 dc
1547 1545 1595 1592 quo
1614 1529 1665 1578 iam
1683 1527 1793 1578 dirimere
1813 1559 1845 1568 -
1863 1508 1968 1574 verba
1984 1507 2092 1595 Augu-
2111 1537 2131 1574 ro

445 1600 542 1662 ιιὶιιῑ2
565 1609 687 1662 runt-
703 1613 989 1679 ...menapnrrrra
1003 1614 1055 1664 err
1067 1614 1117 1679 1092
1130 1615 1233 1665 maur·
1240 1616 1401 1681 pennam.
1431 1615 1462 1666 rr
1474 1616 1518 1666 tor
1529 1633 1585 1682 erp
1596 1617 1706 1666 ravan
1718 1617 1828 1668 omaro
1839 1633 1913 1680 rapa,
1933 1616 1962 1664 er
1974 1622 2093 1679 quanter

444 1721 473 1754 aa
486 1703 590 1770 faciunt
607 1704 642 1754 od
660 1703 814 1753 rernierrdnm
834 1703 872 1752 illi
889 1719 935 1772 quq
953 1721 1004 1753 ιιοιι
1018 1712 1124 1768 manat
1136 1705 1223 1770 saorra
1240 1705 1290 1754 nisi
1307 1721 1380 1770 repes.
1411 1706 1489 1768 Ostia*
1508 1722 1578 1771 erpo
1597 1713 1675 1756 nante
1692 1705 1786 1755 rotmiro
1804 1705 1902 1770 regibus
1919 1705 2004 1754 dieat:
2023 1704 2094 1753 nolite

444 1809 532 1842 aurore
557 1793 584 1842 in
610 1809 683 1858 repno
709 1801 792 1852 restro,
818 1811 834 1842 n
859 1809 907 1856 que
933 1799 1045 1842 terrentia
1067 1793 1106 1842 nel
1129 1793 1282 1858 obpuprreurr
1300 1795 1396 1844 eoelem'er
1415 1795 1519 1844 Domini
1544 1795 1623 1856 nutri,
1650 1813 1700 1844 rwn
1722 1795 1758 1844 ad
1779 1813 1819 1844 vos
1833 1795 1945 1860 pertinet
1970 1793 1998 1842 in
2024 1810 2094 1857 repno

445 1889 528 1940 nestro,
547 1881 603 1946 quir
620 1881 678 1930 uelit
690 1881 800 1946 pndr'eua
815 1897 870 1940 erae,
890 1881 945 1946 an's
963 1879 1125 1946 impedierat
1152 1880 1211 1930 Hoc
1226 1882 1296 1931 enim
1316 1879 1469 1946 intelligere
1483 1881 1583 1931 debent
1597 1897 1675 1946 reges
1689 1888 1716 1932 et
1730 1883 1776 1945 qui
1795 1881 1922 1932 iudicant
1940 1889 2049 1939 terram,
2066 1881 2092 1928 in

446 1968 496 2017 hoe
516 1970 619 2018 servire
633 1969 760 2026 Domino,
780 1975 810 2018 ut
828 1969 941 2018 timeant
961 1975 988 2018 et
1007 1973 1111 2028 curent,
1131 1986 1165 2019 ne
1185 1970 1211 2019 in
1226 1986 1309 2034 regno
1329 1985 1379 2020 sno
1399 1970 1573 2035 obpugnetur
1592 1969 1711 2020 ecclesia
1730 1971 1834 2021 domini
1847 1971 1902 2020 Dei
1922 1971 1975 2028 sui,
1996 1985 2029 2018 ne
2048 1967 2093 2018 ali·
2112 1979 2133 2019 tt

445 2058 506 2121 quis
525 2058 560 2106 sit
578 2056 730 2121 sacrilegus
749 2063 776 2106 et
795 2057 949 2122 impudicus
969 2065 996 2107 et
1014 2057 1193 2122 irreligiosus.
1225 2059 1319 2122 Neque
1339 2059 1410 2108 enim
1431 2067 1471 2109 est
1491 2066 1587 2109 contra
1605 2056 1728 2124 regulam
1747 2061 1865 2124 iusticie,
1887 2065 1918 2108 ut
1938 2058 2015 2122 leges
2034 2073 2093 2107 con-

445 2147 561 2196 stituant
579 2162 666 2211 rogae,
687 2147 784 2211 quibus
803 2151 925 2196 sanctam
945 2145 1090 2197 eeclesiam
1109 2152 1237 2198 tueantur
1257 2154 1284 2196 et
1303 2155 1456 2214 protegant.
1488 2149 1545 2198 Nec
1565 2153 1711 2198 vereantur
1730 2150 1818 2198 sancti
1838 2164 1933 2212 regum
1955 2146 2030 2212 leges
2048 2147 2093 2195 im-

445 2234 553 2300 plorare
581 2241 662 2299 atque
688 2235 826 2300 suffragia,
853 2235 944 2299 qnod
965 2233 1067 2286 Paulus
1091 2235 1231 2302 apostolus
1251 2237 1386 2286 Romanas
1414 2236 1487 2301 leges
1514 2237 1622 2286 minime
1645 2232 1814 2302 implorareb
1834 2236 1983 2294 dubitavit,
2010 2237 2093 2286 ciuem

445 2325 596 2374 Romanum
616 2339 646 2374 se
665 2341 723 2374 esse
744 2323 924 2390 proclamans,
942 2340 1009 2388 quos
1022 2329 1086 2374 tune
1107 2325 1191 2390 affligi
1210 2325 1368 2376 verberibus
1388 2341 1442 2374 non
1463 2325 1571 2376 licebat.
1601 2327 1723 2390 Itemque
1742 2342 1776 2376 no
1791 2326 1904 2376 Iudeise
1922 2342 1984 2376 eum
2003 2325 2093 2375 interi-

445 2429 518 2462 mere
538 2413 711 2478 eupientibus
738 2407 922 2472 traderetnrd,
946 2415 1047 2464 cesaris
1070 2416 1199 2480 poposcit
1216 2413 1356 2473 auxilium,
1375 2415 1489 2464 Romani
1509 2414 1618 2479 quidem
1637 2415 1777 2480 principis,
1803 2415 1852 2464 sed
1871 2431 1927 2464 nou
1946 2415 2094 2466 christiani.
2111 2427 2135 2464 sc

446 2502 500 2552 Ubi
523 2503 590 2551 satis
616 2502 748 2562 ostendit,
773 2502 837 2567 quid
865 2503 955 2552 lacere
981 2509 1079 2568 postea
1104 2503 1205 2554 debent
1228 2501 1328 2552 Christi
1355 2502 1568 2568 dispensatores,
1594 2505 1701 2568 quando
1728 2505 1908 2569 imperatores
1935 2503 2095 2554 christianos

439 2597 619 2663 'portiniana
647 2598 766 2650 rectoria
792 2601 969 2665 repperirent.
1010 2585 1065 2649 Ad
1089 2585 1150 2670 hee
1174 2586 1260 2650 enirn
1283 2587 1470 2651 necessaria
1493 2597 1542 2650 est
1572 2586 1690 2672 regalis
1719 2598 1874 2673 potestne,
1899 2598 1936 2651 ut
1959 2586 2097 2654 ecclesia

445 2691 635 2777 periclitans
658 2691 824 2774 liberetur,
848 2715 912 2756 non
935 2692 1122 2779 periclitans
1145 2715 1227 2778 pace
1243 2692 1369 2757 furatur
1385 2702 1417 2756 et
1433 2693 1643 2758 sacerdotalis
1667 2693 1812 2758 firmetur
1828 2695 2019 2775 auctoritas,
2036 2717 2096 2780 que

446 2820 562 2884 perse
587 2797 763 2862 subsistere
788 2821 852 2862 non
876 2809 992 2885 potest,
1017 2799 1080 2863 nisi
1104 2821 1175 2863 eam
1200 2809 1378 2864 sustentet⁰
1402 2799 1520 2886 regalis
1544 2810 1697 2886 potestas.
1739 2800 1804 2881 Qui
1829 2823 1908 2886 ergo
1932 2801 2019 2866 inter
2041 2800 2097 2863 has

447 2905 566 2968 scisma
589 2905 698 2968 faeere
722 2916 866 2987 conatur,
890 2905 926 2969 id
949 2905 1059 2988 eflicit,
1083 2916 1118 2969 ut
1141 2905 1240 2970 etiam
1264 2905 1474 2970 sacerdotalis
1498 2907 1673 2971 auctoritas
1697 2905 1882 2971 subruatur.
2114 2932 2137 2970 a

516 3109 580 3174 'a)
602 3113 696 3164 christi
714 3131 735 3164 c.
809 3111 837 3176 b)
857 3113 958 3165 eddidit
975 3133 1050 3180 snper
1069 3116 1131 3166 dub.
1150 3133 1171 3164 c.
1244 3111 1270 3174 c)
1291 3117 1394 3166 indetis
1412 3133 1433 3166 c.
1506 3111 1534 3177 d)
1556 3117 1680 3167 tradetur
1698 3135 1718 3166 e.
1792 3115 1818 3177 s)
1840 3119 1998 3167 substentet
2016 3134 2037 3168 o.

1236 3625 1302 3702 VI.

805 3761 875 3836 DE
903 3760 1202 3837 OBEDIENDO
1229 3762 1443 3838 ROMANO
1470 3762 1740 3841 PONPIFIOI.

555 3900 717 3965 Accedant
745 3901 818 3965 hoie
845 3903 995 3964 tractatui
1022 3900 1176 3986 quaedum
1207 3925 1246 3965 ea
1275 3901 1381 3965 libello
1411 3899 1451 3964 de
1482 3898 1665 3966 obediendo
1692 3901 1837 3966 Romano
1868 3903 2017 3988 pontifici
2048 3930 2098 3972 ee·

449 4023 564 4094 carpto,
589 4031 678 4092 quern
702 4007 808 4072 eadem
824 4008 903 4093 fere
925 4021 1033 4086 aetate,
1053 4007 1165 4092 paullo
1186 4021 1355 4093 postquam
1378 4007 1546 4072 Poaekelis
1569 4007 1615 4071 II.
1640 4033 1660 4072 a
1686 4008 1862 4089 Girardo⁸,
1892 4025 1927 4074 nt
1948 4011 2098 4078 Amelmo
2116 4035 2140 4074 so

442 4116 677 4203 professionem
702 4113 913 4180 oboedientiae
936 4115 1101 4193 exhiberet,
1125 4113 1269 4178 Eboraci
1289 4117 1490 4199 compositum
1513 4139 1577 4179 ease
1601 4118 1729 4180 conicio.
1778 4116 1899 4181 Fusias
1922 4118 1963 4183 de
1985 4143 2021 4184 eo
2044 4120 2098 4184 loc

449 4224 515 4286 loeo
538 4246 630 4308 apere
654 4223 777 4308 longum
794 4234 845 4285 est.
881 4219 1072 4284 Accnrotr'us
1096 4223 1130 4284 in
1145 4220 1418 4309 ‘Zeitsclrriftfir'r
1433 4221 1687 4309 Kr'rctenprrct!
1704 4248 1783 4309 quae
1798 4227 1905 4306 statari,
1922 4227 2097 4312 aeplicubo.

338 4446 428 4497 *nara
557 4417 654 4484 ‘Cum
683 4418 783 4506 multe
813 4419 878 4482 sint
908 4417 1045 4506 ecclesie
1075 4417 1110 4480 in
1132 4417 1279 4481 Romana
1309 4418 1451 4500 civitate,
1482 4427 1538 4481 aut
1568 4418 1718 4483 omnibns
1749 4419 1909 4505 equaliter
1939 4420 2097 4488 debemus

448 4525 592 4606 obedire,
617 4535 672 4589 aut
695 4523 891 4611 quibusdam
914 4533 1047 4587 tantum.
1084 4522 1150 4588 Sed
1173 4524 1335 4588 neminem
1359 4535 1436 4609 puto
1455 4523 1627 4607 dicturum,
1652 4524 1740 4611 quod
1764 4525 1913 4590 omnibus
1937 4528 2099 4613 equaliter

448 4631 581 4718 obedire
612 4630 800 4712 debeamus,
832 4631 908 4717 quia
939 4653 1003 4694 non
1034 4641 1083 4693 est
1114 4629 1238 4715 equalis
1269 4629 1410 4715 dignitas
1441 4632 1594 4696 omniurn.
1641 4631 1676 4697 Si
1707 4654 1784 4717 ergo
1816 4631 2013 4718 quibusdam
2044 4645 2099 4702 aut
2115 4656 2140 4698 ss

447 4737 594 4825 pluribus
618 4736 775 4802 debemus
800 4736 931 4802 obedire
956 4747 1011 4800 aut
1033 4737 1091 4800 uui
1114 4747 1247 4818 mutum,
1272 4735 1329 4800 sed
1345 4736 1493 4822 pluribus
1509 4761 1583 4818 non,
1608 4739 1685 4824 quia
1708 4761 1768 4803 nec
1791 4739 1845 4826 ille
1870 4740 2005 4826 equales
2026 4753 2098 4808 sunt

447 4847 482 4908 in
506 4845 674 4931 dignitate,
700 4866 777 4930 ergo
801 4845 857 4908 uni
881 4854 1005 4907 tantum
1029 4841 1184 4907 debemus
1209 4841 1352 4925 obedire,
1383 4843 1430 4907 illi
1453 4843 1607 4908 videlicet
1630 4868 1693 4931 que
1721 4855 1770 4909 est
1799 4847 1833 4909 in
1855 4846 2041 4931 Lateranis,
2064 4850 2098 4916 in

448 4974 513 5038 qua
547 4950 641 5015 sedes
673 4960 721 5014 est
755 4951 943 5036 apostolice.
999 4948 1064 5014 Sed
1098 4949 1326 5035 inquirendum
1364 4960 1426 5032 est,
1458 4961 1564 5014 utrum
1602 4951 1764 5037 lapidibus
1801 4965 1833 5016 et
1870 4953 2025 5036 edificiis,
2057 4979 2099 5022 an

447 5056 641 5122 hominibus.
689 5056 756 5122 Sed
786 5055 962 5120 absurdum
993 5066 1042 5119 est
1071 5053 1192 5136 dicere,
1223 5055 1311 5142 quod
1341 5055 1503 5142 lapidibus
1534 5068 1566 5121 et
1589 5058 1725 5122 edificiis
1750 5057 1926 5124 debeamus
1950 5059 2097 5130 obedire.

448 5165 484 5229 Si
515 5187 592 5250 ergo
623 5162 817 5244 hominibus,
849 5174 905 5226 eut
934 5160 1028 5226 bonis
1059 5161 1218 5248 equaliter
1247 5173 1279 5226 et
1303 5162 1405 5245 malis,
1431 5173 1463 5226 et
1485 5163 1548 5227 illis
1572 5165 1627 5250 qni
1652 5175 1726 5228 sunt
1748 5163 1893 5229 membra
1917 5166 2041 5232 Christi
2066 5181 2098 5236 st
2116 5192 2142 5231 ro

447 5271 509 5335 illis
541 5271 597 5357 qui
627 5281 701 5334 sunt
731 5268 878 5334 membra
908 5266 1039 5350 diaboli,
1071 5278 1127 5332 aut
1155 5267 1248 5333 bonis
1280 5280 1404 5334 tantum
1434 5280 1467 5334 et
1497 5271 1553 5356 qui
1583 5282 1657 5334 sunt
1679 5270 1826 5336 membra
1850 5271 1981 5339 Christi.
2031 5275 2097 5344 Sed

447 5376 541 5442 maha
565 5387 598 5441 et
620 5376 677 5463 qui
700 5387 774 5440 sunt
797 5373 943 5440 membra
966 5373 1089 5439 diaboli
1110 5398 1169 5438 nos
1193 5373 1326 5460 obedire
1350 5377 1482 5440 minime
1507 5378 1668 5441 convenit.
1709 5377 1744 5442 Si
1768 5401 1846 5465 ergo
1870 5378 1964 5445 bonis
1989 5385 2098 5470 etqui

558 5581 586 5651 1)
611 5583 669 5638 Sed
690 5583 925 5655 —repperirent
948 5583 966 5636 l.
988 5581 1038 5636 22.
1064 5582 1105 5652 cs.
1129 5601 1219 5656 supra
1237 5602 1270 5657 p.
1290 5581 1362 5652 613,
1388 5584 1405 5638 l.
1425 5582 1465 5637 23
1483 5613 1527 5622 -
1543 5603 1576 5658 p.
1596 5583 1668 5653 614,
1694 5586 1712 5640 l.
1731 5585 1759 5641 9.
1852 5587 1882 5654 2)
1908 5587 2003 5663 Epist.
2025 5589 2098 5660 185,

448 5709 471 5747 e.
490 5689 519 5759 5,
543 5686 636 5764 §195
661 5690 701 5762 cs.
725 5709 815 5765 snpra
832 5709 866 5764 p.
885 5687 957 5758 613,
983 5689 1000 5744 1.
1020 5687 1060 5742 22
1069 5709 1079 5756 ,·
1105 5685 1177 5763 opp.
1195 5687 1235 5758 ΙΙ,
1260 5690 1310 5744 col.
1330 5688 1403 5744 651.
1486 5689 1516 5759 3)
1541 5691 1597 5747 Hic
1620 5693 1756 5748 omnuim
1780 5693 1886 5750 mat.
1965 5691 1997 5768 4)
2021 5695 2097 5758 Ibid.

447 5793 535 5868 §ab
629 5794 659 5871 5)
684 5796 776 5871 Epist.
795 5796 833 5851 81
841 5817 851 5864 ,·
877 5794 975 5871 Mipne
993 5794 1064 5864 163,
1089 5795 1139 5850 col.
1160 5793 1218 5850 161
1236 5814 1297 5870 sq.;
1320 5793 1407 5868 Jaffe'
1426 5817 1472 5852 nr.
1491 5797 1564 5852 593.
2117 5817 2145 5856 ‹t›
