4410 6406
473 399 537 461 262
764 403 942 460 GERHOHI
965 402 1198 458 PRAEPOSITI
1220 401 1626 458 REICHERSBERGENSIS
1650 401 1816 457 LIBELLI.

472 603 571 658 tatem
587 601 694 678 potest
709 612 797 674 esse;
822 589 881 654 sed
904 590 975 676 ipsa
990 590 1107 672 unitas,
1132 599 1167 654 ut
1190 589 1259 654 dixi
1284 599 1377 653 extra
1400 590 1606 675 semetipsam
1626 611 1691 654 nou
1707 599 1911 675 potestesse,
1935 610 2000 652 nec
2015 596 2121 674 potest

472 698 644 786 quisquam
674 695 907 762 indivisibilem
937 697 1093 760 unitatem
1124 694 1281 759 dividere.
1329 694 1412 760 Cum
1436 717 1513 781 ergo
1537 696 1666 781 signum
1689 695 1822 760 unitatis
1846 705 1896 759 θεῖ
1917 704 2030 782 preter
2053 694 2121 758 uni·

472 814 581 887 tatem,
612 802 776 890 adquam
800 802 1047 889 significandam
1071 802 1132 866 fuit
1154 803 1367 884 institutum⁸,
1398 800 1498 866 habet
1527 801 1660 888 quidem
1690 802 1807 866 suimet
1838 802 1991 867 effectum
2015 801 2121 887 ipsum

472 920 721 992 sacramentum,
746 932 842 996 quem
866 932 965 996 supra
988 908 1130 973 diximus
1155 909 1305 974 effectum
1329 909 1512 995 passivum3
1544 908 1603 973 sed
1626 931 1690 973 non
1714 907 1813 973 habet
1837 908 2001 988 effectum,
2025 929 2122 993 quem

471 1017 581 1082 dicere
605 1038 776 1104 possumus
799 1017 959 1098 activum3
984 1017 1137 1101 quoniam
1161 1016 1267 1102 ipsum
1283 1015 1414 1101 quidem
1438 1025 1677 1080 sacramentum
1700 1015 1840 1080 efficitur
1862 1014 1916 1079 vel
1939 1014 2152 1094 conficitur‚s

472 1124 549 1189 dum
572 1121 674 1187 verbo
698 1123 876 1188 accedente
906 1121 948 1187 ad
972 1122 1167 1187 elementum
1197 1144 1289 1186 sacre
1320 1123 1368 1186 rei
1396 1123 1523 1208 signum
1553 1121 1736 1208 perficitur3
1767 1120 1826 1186 sed
1850 1123 1928 1208 quia
1951 1143 2050 1186 sacra
2073 1143 2124 1184 res

472 1230 538 1296 illic
561 1229 663 1312 deest,
686 1253 752 1294 non
776 1229 876 1294 efficit
899 1251 974 1294 suos
998 1229 1132 1293 effectus
1155 1230 1262 1315 ipsum
1286 1239 1533 1293 sacramentum.
1570 1226 1740 1310 Quomodo
1757 1229 1844 1293 euim
1860 1251 1979 1315 corpus
1997 1226 2124 1314 absque

472 1338 581 1402 anima
603 1335 702 1402 nichil
727 1347 889 1423 operatur,
914 1337 960 1400 sic
984 1344 1224 1400 sacramentum
1246 1336 1379 1400 unitatis
1403 1333 1527 1422 absque
1551 1336 1674 1400 unitate
1698 1357 1773 1399 suos
1796 1335 1931 1400 effectus
1955 1358 2021 1399 non
2047 1357 2124 1420 ope-

472 1455 570 1508 ratur.
616 1443 699 1508 Nam
724 1444 807 1508 sicut
831 1443 959 1529 corpori
981 1453 1017 1506 ut
1039 1441 1163 1528 aliquid
1186 1453 1347 1528 operetur,
1378 1444 1487 1506 anima
1510 1453 1711 1528 cooperatur,
1743 1443 1790 1507 sic
1814 1453 2019 1506 sacramento
2052 1443 2123 1505 uni-

472 1551 556 1632 tatis,
580 1561 616 1614 ut
639 1549 763 1636 aliquid
787 1560 948 1636 operetur,
972 1550 1044 1636 ipsa
1067 1549 1173 1613 unitas
1197 1559 1406 1634 cooperatum
1432 1559 1463 1612 et
1487 1549 1572 1613 sicut
1595 1571 1711 1635 corpus
1736 1559 1785 1612 est
1803 1549 1915 1612 vivum
1938 1546 2066 1613 habens
2091 1548 2124 1610 in
2142 1573 2165 1612 ro

472 1680 507 1721 se
522 1657 743 1722 vivificantem
767 1657 924 1742 spiritum,
949 1679 1053 1742 eoque
1077 1653 1251 1737 subtracto,
1277 1665 1326 1718 est
1348 1665 1526 1737 mortuum3
1551 1655 1598 1719 sic
1622 1663 1860 1719 sacramentum
1879 1656 2013 1719 unitatis
2030 1655 2123 1734 vivit,

473 1765 500 1828 si
523 1764 629 1850 ipsum
659 1764 693 1826 in
716 1764 840 1828 unitate
865 1773 897 1827 et
919 1763 1026 1827 unitas
1057 1763 1089 1826 in
1119 1763 1191 1848 ipso
1222 1762 1379 1842 consistit,
1411 1771 1443 1825 et
1473 1759 1515 1825 ab
1545 1761 1668 1826 unitate
1699 1760 1881 1826 seiunctum
1911 1762 2044 1848 penitus
2076 1771 2125 1824 est

472 1881 643 1952 mortuum,
667 1880 700 1934 et
724 1868 766 1934 ad
782 1891 837 1934 eos
861 1869 995 1934 effectus
1015 1891 1096 1954 quos
1120 1867 1251 1932 efficere
1275 1867 1410 1932 deberet
1433 1866 1621 1932 invalidum.
1657 1866 1861 1954 Coeperante
1884 1890 2027 1954 namque
2053 1869 2123 1932 uni·

473 1987 548 2058 tate,
573 1987 777 2041 sacramenta
799 1975 965 2040 nonnichil
985 1975 1139 2056 efficiunt,
1157 1976 1234 2062 quia
1250 1985 1426 2061 operantur
1448 1976 1482 2039 in
1498 1975 1655 2040 creaturis
1678 1974 1823 2040 triforme
1845 1998 1926 2061 opus
1943 1973 2121 2056 Creatoris,

472 2083 507 2148 id
530 2094 579 2147 est
602 2082 901 2164 sanctificationem,
932 2083 1212 2168 permutationem,
1237 2081 1383 2146 salutem.
1430 2079 1727 2147 sanctificationem
1752 2082 1849 2145 etiam
1871 2082 1906 2145 in
1930 2080 2029 2146 rebus
2054 2082 2122 2145 ina·
2141 2105 2164 2145 ra

472 2191 612 2272 nimatis‚
636 2191 728 2254 utin
752 2190 903 2254 crismate
926 2188 979 2253 vel
1008 2189 1043 2252 in
1066 2188 1186 2275 templo
1210 2188 1406 2270 manufacto,
1431 2211 1494 2274 que
1518 2209 1578 2274 per
1599 2187 1702 2252 verba
1731 2187 1796 2252 alia
1823 2210 1991 2252 sacrarum
2013 2211 2122 2252 rerum

362 2323 390 2360 ·.
440 2323 453 2361 ¹.
473 2299 567 2383 signa
596 2295 850 2375 sanctificantur,
880 2296 1161 2382 permutationem,
1192 2305 1228 2359 ut
1257 2296 1398 2381 inpane
1429 2295 1490 2360 acl
1514 2296 1601 2375 vino,
1627 2299 1704 2381 'que
1728 2293 1805 2359 dum
1829 2294 2065 2375 sacrificantur,
2090 2295 2121 2358 in

473 2403 562 2468 aliud
590 2411 824 2489 permutantur,
856 2401 1002 2484 salutem,
1033 2402 1111 2488 quia
1139 2399 1252 2466 fideles
1282 2400 1381 2487 digne
1409 2402 1620 2466 sacramentis
1650 2402 1884 2487 participantes
1923 2412 1956 2465 et
1986 2403 2020 2465 in
2051 2401 2120 2466 uni-

473 2521 538 2575 tate
569 2519 818 2596 perseverantes
852 2530 912 2595 per
941 2530 981 2572 ea
1010 2508 1187 2572 salvantur.
1239 2508 1312 2573 Hec
1341 2518 1451 2573 autem
1482 2509 1600 2590 omnia,
1631 2506 1785 2572 videlicet
1818 2507 2120 2590 sanctificationem,

473 2617 743 2703 permutationem
774 2626 806 2680 et
836 2615 972 2680 salutem
1002 2625 1156 2701 operatur
1189 2615 1224 2678 in
1254 2616 1464 2680 sacramentis
1495 2625 1528 2680 et
1558 2637 1632 2679 curu
1662 2615 1873 2679 sacramentis
1903 2638 1988 2678 unus
2023 2625 2120 2701 atque
2138 2641 2162 2679 so

476 2723 563 2788 idem
587 2723 726 2810 Spiritus
758 2723 846 2787 circa
874 2722 964 2808 ipsas
994 2717 1169 2804 creaturas,
1194 2744 1257 2808 que
1281 2722 1533 2804 sanctificantur,
1564 2730 1789 2808 permutantur
1811 2731 1844 2786 et
1867 2721 2034 2786 salvantur
2063 2744 2121 2809 per

473 2829 640 2895 domiuum
664 2839 810 2894 nostrum
832 2829 941 2893 Iesum
958 2827 1133 2910 Christum,
1158 2828 1211 2892 cui
1233 2838 1387 2915 tanquam
1403 2829 1462 2894 viti
1485 2827 1634 2915 palmites
1658 2828 1816 2892 adherent
1838 2827 1990 2893 catholici
2014 2851 2120 2893 sacra-

474 2947 654 3002 mentorum
671 2933 905 3018 celebratores3
930 2934 1086 3021 quamdiu
1110 2935 1196 3000 enim
1218 2957 1278 3021 per
1292 2936 1448 3000 unitatem
1470 2935 1546 3000 fidei
1570 2936 1724 3021 magistro
1749 2933 1950 2998 concordant
1964 2936 2120 3018 veritatis,

474 3043 605 3108 unitatis
629 3041 795 3106 vinculum
825 3053 1004 3124 servantes,
1035 3040 1069 3105 id
1091 3043 1199 3128 ipsum
1229 3040 1398 3106 sentiendo
1429 3063 1539 3106 omnes
1569 3041 1604 3105 in
1627 3039 1756 3106 Christo
1781 3050 1921 3122 manent,
1946 3051 1980 3106 ct
2003 3041 2121 3128 singuli

475 3149 515 3214 de
539 3150 654 3236 spiritu
685 3150 754 3213 eius
777 3149 937 3230 viventes,
967 3149 1093 3213 interne
1116 3147 1289 3213 viriditatis
1320 3149 1458 3235 gratiam
1485 3146 1607 3212 habent
1633 3149 1793 3237 vivitque¹
1809 3149 1844 3212 in
1867 3147 2006 3213 salutem
2036 3172 2121 3213 com·
2139 3173 2163 3212 rs

474 3256 708 3320 manicantium
737 3253 810 3338 illis,
842 3241 1059 3341 quodcunque
1090 3253 1256 3320 celebrant
1285 3265 1523 3320 sacramentum
1559 3256 1594 3319 in
1625 3254 1765 3320 ecclesia
1794 3254 1925 3320 Christi.
1973 3253 2121 3320 Christus

474 3385 614 3449 namque
638 3362 672 3426 in
695 3363 743 3426 eis
765 3361 916 3449 loquitur,
941 3372 974 3426 et
997 3360 1153 3449 quicquid
1176 3361 1218 3426 ab
1242 3363 1289 3426 eis
1312 3361 1357 3444 fit,
1382 3359 1423 3425 ab
1448 3385 1486 3426 eo
1510 3362 1631 3426 facttum
1655 3372 1688 3425 et
1712 3361 1835 3448 Spiritu
1859 3363 1928 3426 eius
1953 3362 2121 3426 confirma-

371 3497 399 3536 *ε
410 3497 455 3536 ror.
474 3481 541 3534 trun
560 3474 646 3534 ‘esse
662 3479 751 3534 recte
775 3468 934 3552 creditur3
960 3470 1107 3534 etiamsi⁰
1132 3470 1165 3534 in
1182 3467 1325 3534 moribus
1342 3469 1408 3532 suis
1424 3466 1696 3554 reprehensibiles
1712 3468 1929 3550 inveniantur,
1947 3467 2121 3534 dummodo

475 3577 507 3641 in
537 3577 671 3641 unitatis
701 3597 859 3662 compage
890 3586 1044 3640 maneant
1073 3585 1105 3639 et
1134 3577 1191 3639 uni
1219 3576 1279 3639 viti
1309 3597 1372 3660 que
1401 3573 1549 3640 Christus
1580 3585 1629 3639 est
1658 3574 1838 3639 inhereant.
1884 3573 1929 3638 At
1956 3597 2036 3640 vero
2066 3574 2121 3640 ubi

474 3683 703 3748 dissentientes
727 3705 864 3769 seseque
887 3705 947 3769 per
968 3681 1099 3747 hereses
1123 3692 1156 3746 et
1178 3683 1331 3746 scismata
1353 3680 1394 3746 ab
1417 3683 1541 3747 unitate
1571 3681 1708 3746 ecclesie
1737 3680 1919 3746 dividentes
1950 3704 1971 3745 a
1993 3680 2121 3747 Christo
2139 3708 2164 3747 so

475 3789 660 3876 precidunt,
695 3799 857 3854 mortuum
888 3798 937 3852 est
967 3788 1101 3852 eorumd
1132 3809 1225 3853 omne
1256 3785 1393 3852 verbum
1423 3798 1456 3852 et
1486 3799 1740 3870 sacramentum,
1776 3798 1809 3852 θῖ
1838 3786 1994 3875 quicquid
2025 3811 2121 3875 agere

426 3926 428 3930 ·
474 3895 634 3978 videntur,
659 3897 801 3979 irritum3
830 3894 986 3983 quicquid
1011 3895 1214 3960 sanctificare
1237 3905 1401 3982 putantur,
1425 3894 1580 3980 pollutum
1605 3906 1663 3959 est.

579 4002 667 4066 Eant
682 4003 781 4087 igitur
796 4013 828 4066 et
843 4001 983 4066 fructum
998 4001 1083 4065 ferre
1096 4002 1245 4087 gestiant,
1258 4002 1419 4088 plantaria
1434 4002 1545 4066 mortis
1562 4011 1594 4066 et
1610 4001 1730 4066 surculi
1747 4003 1866 4066 eternis
1879 4000 2010 4089 ignibus
2023 4001 2121 4089 depu-

474 4111 540 4190 tati,
565 4109 746 4194 symoniaci
763 4107 976 4173 conductores
1001 4120 1033 4172 et
1050 4107 1245 4172 conducticii
1262 4110 1426 4195 ceterique
1443 4109 1677 4194 negociatores,
1701 4108 1829 4195 flagello
1846 4107 2009 4173 dominico
2026 4110 2122 4174 eiecti

474 4216 513 4280 de
527 4214 622 4280 domo
634 4215 730 4296 Dete,
748 4225 780 4278 et
792 4237 902 4280 omnes
915 4214 1051 4280 heretici
1067 4225 1099 4278 et
1115 4215 1291 4279 scismatici
1307 4213 1348 4278 ab
1364 4216 1487 4278 unitate
1500 4215 1629 4300 precisi,
1643 4226 1675 4279 et
1690 4214 1764 4280 ideo
1776 4217 1906 4302 penitus
1917 4215 2120 4280 infructuosi.
2140 4241 2165 4280 aa

475 4322 558 4386 Nam
575 4320 731 4408 quicquid
754 4322 842 4408 apud
866 4343 921 4385 eos
945 4322 1061 4407 agitur,
1086 4320 1302 4408 quodcunque
1326 4322 1419 4409 quasi
1443 4345 1571 4386 sacrum
1589 4323 1642 4386 vel
1667 4333 1903 4387 sacramentum
1927 4321 2121 4404 celebratur,

463 4441 538 4492 tam
554 4451 632 4492 vere
647 4426 749 4493 verbo
773 4429 838 4492 vite
863 4439 896 4493 st
919 4428 1032 4515 spiritu
1054 4428 1202 4492 veritatis
1222 4438 1321 4510 caret,
1347 4450 1443 4514 quam
1466 4451 1543 4492 vere
1567 4428 1707 4514 palmes3
1731 4430 1794 4493 nisi
1817 4429 1973 4494 manserit
1993 4429 2028 4492 in
2044 4430 2121 4509 vite,

474 4535 613 4599 fructum
632 4535 717 4598 ferre
741 4557 805 4598 non
828 4544 944 4620 potest,
969 4556 1065 4621 quam
1088 4556 1166 4598 vere
1189 4557 1304 4598 manus
1324 4533 1454 4599 abscisa
1476 4558 1496 4599 a
1519 4558 1654 4622 corpore
1677 4537 1789 4600 vivere
1813 4536 1866 4600 vel
1889 4537 2019 4621 operari
2043 4540 2123 4600 'non

475 4651 590 4727 potest.
625 4641 730 4727 Igitur
753 4663 827 4705 cum
849 4642 883 4705 in
906 4639 1055 4705 omnibus
1071 4641 1171 4727 gestis
1195 4663 1234 4706 ac
1250 4640 1355 4723 dictis,
1378 4642 1413 4705 in
1429 4640 1547 4726 quibus
1563 4643 1780 4706 testimonium
1797 4641 1918 4706 Christi
1934 4643 2121 4728 recipimus,

336 4777 455 4826 asara.
474 4748 535 4812 hoc
553 4757 701 4834 oporteat
715 4748 822 4812 notari
838 4757 871 4812 et
886 4748 1019 4832 signari,
1040 4749 1118 4833 quia
1129 4747 1221 4812 Deus
1237 4769 1340 4812 verax
1356 4757 1419 4811 est:
1436 4747 1497 4812 hoc
1514 4749 1583 4812 eius
1598 4749 1817 4814 testimonium
1833 4759 1987 4834 tanquam
2004 4770 2024 4811 a
2036 4749 2121 4830 Deo,
2138 4776 2165 4813 ro

475 4865 629 4941 tanquam
653 4877 673 4918 a
688 4855 897 4918 veracissimo
913 4863 996 4918 teste
1012 4853 1172 4939 prolatum
1189 4853 1361 4940 diligenter
1384 4865 1433 4918 est
1455 4854 1633 4918 notandum
1657 4865 1690 4918 et
1712 4854 1891 4919 inviolabili
1914 4855 1990 4920 fidei
2014 4856 2121 4941 signa-

336 4990 454 5039 uarar.
475 4960 546 5026 culo
571 4959 776 5046 signandum,
800 4959 857 5024 ubi
880 4961 943 5025 ait:
974 4961 1099 5026 Meneta
1122 4964 1157 5026 irs
1179 4987 1236 5043 me,
1260 4977 1288 5026 et
1309 4987 1362 5050 eqo
1386 4964 1421 5027 in
1444 4964 1549 5044 vobim·
1579 4959 1785 5048 addiditque:
1813 4965 1895 5028 sicut
1909 4964 2037 5050 palmes
2059 4987 2122 5028 non

467 5082 572 5154 potest
587 5071 682 5156 ferre
698 5069 845 5155 fractum
869 5095 889 5132 a
912 5071 1085 5154 semetipso,
1112 5071 1180 5133 nisi
1200 5072 1350 5133 meruerit
1378 5071 1413 5133 in
1436 5071 1507 5149 vite,
1537 5072 1584 5133 sic
1606 5093 1661 5133 nec
1684 5093 1748 5150 vos,
1777 5072 1845 5134 nasi
1873 5071 1906 5133 irs
1930 5094 1977 5134 me
2000 5093 2120 5134 manee·

475 5177 555 5240 ritis.
592 5174 666 5238 Hoc
684 5175 811 5238 veracis
828 5174 892 5237 Dei
916 5175 1072 5260 testisque
1095 5172 1274 5237 fidelissimi
1297 5197 1411 5238 verum
1434 5175 1652 5239 testimonium
1676 5198 1740 5239 non
1764 5175 1867 5239 solum
1890 5185 2005 5239 contra
2026 5174 2120 5240 herc-

475 5282 555 5346 ticos
580 5292 678 5367 atque
702 5281 914 5362 scismaticos,
939 5280 1111 5344 sedetiam
1129 5279 1417 5366 contraquoslibct
1436 5291 1700 5368 presumptuosos
1724 5293 1773 5346 est
1795 5291 1889 5346 caute
1914 5281 2120 5367 signandum,
2140 5307 2166 5346 rs

475 5398 507 5450 ct
529 5388 665 5451 memori
696 5411 824 5474 semper
854 5389 887 5451 in
916 5398 1046 5472 pectore
1077 5386 1279 5472 gestandum.
1327 5387 1408 5468 Quia
1433 5389 1518 5451 enirn
1542 5389 1617 5451 vitis
1641 5398 1673 5451 et
1696 5388 1864 5474 palmitum
1896 5389 1965 5452 eius
1995 5389 2123 5453 nesciat

474 5493 657 5558 unitatem?
690 5494 854 5574 Quamdiu
878 5493 1027 5580 palmites
1051 5494 1084 5557 in
1108 5495 1174 5558 vite
1198 5505 1338 5575 manent,
1370 5492 1494 5558 tamdiu
1517 5493 1747 5558 ascendentem
1776 5517 1835 5581 per
1858 5517 1959 5559 venas
1989 5495 2121 5559 intimas

582 5673 608 5738 a)
629 5677 740 5742 sequitur
758 5677 913 5727 locaretur
934 5681 955 5727 1.
1031 5674 1057 5736 b)
1080 5685 1107 5726 et
1126 5679 1150 5726 3.
1224 5673 1249 5736 c)
1272 5677 1582 5728 etiamsi-inhereant
1599 5677 1628 5727 irs
1639 5694 1718 5743 marp.
1734 5680 1756 5727 1.
1829 5675 1858 5738 d)
1880 5693 1959 5728 omne
1979 5693 2034 5728 eor.
2055 5680 2079 5728 2.
2093 5680 2120 5729 3.

476 5762 502 5827 θ)
515 5766 626 5816 ,(1οωίῃί
646 5766 670 5816 2.
691 5768 715 5816 3.
