4478 6396
598 409 790 465 EPISTOLA
813 409 868 464 AD
891 408 1167 465 INNOCENTIUM
1190 409 1334 463 PAPAM.
1733 401 1797 462 239
1853 427 1854 432 ¹

137 589 348 660 mendaciter
372 605 405 660 et
428 598 614 682 symoniace
638 597 859 661 invocantium
883 595 1053 677 sacrificia,
1082 595 1160 660 licet
1183 593 1324 659 clament
1344 616 1425 660 voce
1449 593 1596 674 altisona,
1625 595 1670 658 ita
1693 596 1798 659 ateis

139 697 262 766 illudat
285 701 399 766 Hebae
424 699 552 767 dicens:
582 704 721 769 Glanate
746 729 816 769 noce
839 706 974 786 maiori,-
998 704 1074 768 deus
1097 705 1179 767 enin
1203 717 1310 782 aester,
1335 702 1404 764 sive
1427 723 1587 784 nummus,
1613 703 1681 765 sive
1705 701 1798 766 Beel·
1818 726 1976 776 amman.

141 808 283 894 phegor,
300 811 447 898 sor-sitan
473 811 620 897 loquitur,
651 827 707 877 ant
729 815 763 876 in
787 812 963 876 diversorio
987 825 1040 890 cst,
1071 824 1126 874 ant
1148 812 1182 873 in
1204 811 1327 888 itinere,
1357 823 1413 873 ant
1434 822 1513 873 certe
1536 808 1662 889 dormit,
1693 824 1726 874 at
1748 834 1798 874 ea-

144 919 267 980 citctar.
315 913 391 980 Una
414 915 448 980 in
471 929 563 1003 parte
588 927 651 981 stat
675 916 833 999 Christus,
857 918 933 980 vitis
956 938 1045 997 vera,
1075 938 1149 980 cum
1173 913 1235 978 sibi
1259 913 1490 978 adherentibus
1513 913 1712 1001 palmitibus,
1740 939 1800 1002 per

109 1044 231 1108 equos
261 1023 294 1086 in
318 1031 522 1087 sacramento
552 1023 663 1088 altaris
693 1023 829 1110 pullulat
859 1023 912 1087 ille
943 1022 1056 1087 botrus
1080 1020 1182 1107 cipri,
1208 1022 1263 1107 qui
1286 1043 1350 1086 non
1376 1031 1425 1084 est
1454 1031 1557 1102 extra,
1589 1021 1646 1085 sed
1673 1033 1977 1096 tantumtanturn.

144 1131 235 1192 intus
263 1130 297 1194 in
320 1131 417 1194 vinea
439 1127 603 1216 Engaddi.
649 1129 763 1194 Altera
792 1131 825 1194 in
849 1141 951 1216 parte,
982 1129 1090 1192 idest
1118 1129 1152 1192 in
1176 1126 1332 1192 lateribus
1356 1127 1526 1214 aquilonis,
1558 1129 1592 1190 in
1615 1127 1799 1192 hominibus
1819 1153 1956 1202 aaran.

146 1235 290 1322 frigidis,
321 1235 356 1300 ln
386 1247 493 1301 monte
519 1237 737 1319 ‘testamenti,
769 1237 875 1301 idest
905 1237 939 1300 in
962 1234 1146 1300 hominibus
1177 1234 1250 1298 altis
1282 1245 1314 1298 et
1344 1233 1480 1299 literatis
1511 1233 1563 1298 ille
1596 1234 1658 1299 sibi
1689 1234 1800 1299 sedem
1819 1259 1895 1303 aaa.

147 1343 313 1425 vendicat,
344 1345 399 1429 qui
429 1365 489 1430 per
518 1339 722 1408 identitatem
753 1354 1038 1425 sacramentorum,
1070 1340 1309 1428 quantumlibet
1335 1363 1513 1406 vacuorum
1544 1363 1578 1404 se
1609 1341 1800 1406 altissimum

148 1450 259 1530 iactat,
291 1449 385 1535 quasi
414 1472 474 1536 per
497 1469 554 1514 ora
584 1471 714 1514 suorum
746 1449 850 1514 dicat:
884 1451 951 1515 Ero
980 1451 1099 1514 sinilia
1129 1451 1303 1530 altisonam·
1332 1449 1410 1534 quia
1440 1458 1529 1512 tanta
1553 1449 1656 1512 virtus
1688 1459 1737 1512 est
1767 1451 1800 1512 in

98 1585 129 1622 ro
148 1557 256 1620 missis
287 1566 320 1620 et
350 1549 638 1620 sacramentalibus
670 1558 771 1642 signis
802 1556 1171 1634 excommunicatorum,
1203 1565 1325 1641 quanta
1354 1555 1388 1618 in
1418 1555 1525 1619 missis
1557 1555 1799 1620 catholicorum.

149 1662 187 1727 Si
210 1662 271 1728 hoc
294 1663 341 1726 ita
365 1671 424 1745 est,
448 1674 484 1727 ut
505 1661 552 1726 illi
575 1661 698 1746 volunt,
722 1662 778 1728 ubi
803 1674 861 1745 est,
887 1662 974 1749 quod
997 1661 1216 1727 Antichristus
1241 1660 1282 1725 ab
1307 1660 1452 1746 apostolo
1476 1661 1665 1748 predicatur
1688 1684 1800 1749 opera·
1819 1689 1978 1739 artemas.

148 1781 240 1833 turus
269 1771 304 1834 in
328 1770 429 1855 signis
452 1765 691 1834 mendacibus?
738 1770 826 1851 Quid
849 1793 928 1834 vero
960 1780 1034 1833 sunt
1065 1779 1269 1833 sacramenta
1297 1790 1390 1832 cassa
1421 1779 1453 1832 et
1475 1791 1590 1850 vacua,
1621 1770 1684 1832 nisi
1708 1771 1802 1856 signa

148 1875 322 1940 mendacia
345 1895 411 1940 non
435 1875 538 1940 solum
563 1875 681 1941 effectu
705 1876 817 1940 salutis
842 1877 997 1958 carentia,
1029 1875 1087 1940 sed
1112 1877 1209 1940 etiarn
1233 1899 1306 1940 eam
1329 1877 1481 1939 virtutem
1505 1875 1711 1962 abnegantia,
1737 1899 1801 1962 qua

148 1992 292 2046 mutatur
322 1993 378 2047 aut
408 1983 629 2048 sancdficatur
656 1982 829 2048 invisibilis
853 1983 1027 2048 creatura?
1073 1981 1266 2046 Affirmante
1296 2004 1437 2068 namque
1465 1982 1620 2068 apostolo,
1651 1984 1802 2048 adventas
1820 2011 1851 2050 a.

104 2118 130 2156 rs
148 2089 345 2154 Antichristi
365 2094 426 2154 erit
447 2091 615 2155 sacrandum
640 2094 849 2178 operationem
875 2090 1023 2172 Satanae,
1047 2117 1109 2155 non
1131 2091 1298 2156 sectandum
1325 2093 1534 2176 operationem
1562 2089 1690 2155 Chresti.
1727 2091 1803 2155 Erit

149 2221 271 2281 quoque
295 2200 330 2261 in
354 2200 441 2262 omni
461 2200 574 2262 virtute
597 2213 626 2263 et
646 2201 748 2286 scynis
771 2212 800 2262 et
814 2199 989 2285 prodiga-iis.
1027 2196 1147 2282 Atque,
1171 2218 1213 2260 ne
1237 2205 1369 2282 putares
1392 2197 1545 2260 virtutem
1562 2219 1682 2279 veram,
1708 2198 1802 2283 signa

148 2324 239 2384 vera,
270 2302 422 2389 prodigia
445 2321 534 2386 vera,
566 2302 750 2367 subiunxit:
782 2305 990 2369 *heredum-'bna
1019 2319 1048 2368 et
1078 2307 1113 2368 in
1141 2307 1229 2368 omni
1255 2303 1432 2368 seductione
1463 2307 1643 2390 iniqnitatis
1666 2305 1716 2368 tn
1746 2309 1805 2390 qai
1821 2331 1851 2370 n.
1860 2331 1892 2379 ιο,
1901 2331 1922 2370 a.

141 2426 289 2496 pereant,
320 2436 354 2475 co
384 2409 470 2496 quod
498 2413 660 2476 caritatem
691 2413 833 2476 veritatis
862 2436 924 2475 non
953 2427 1143 2498 receperunt,
1177 2426 1208 2476 at
1236 2413 1323 2475 salvi
1336 2413 1459 2498 fierent.
1508 2411 1583 2475 Ideo
1613 2413 1707 2476 mittit
1734 2413 1802 2476 illis

149 2517 239 2582 Deus
263 2519 472 2603 operationem
489 2520 619 2599 erraris,
642 2533 676 2581 at
698 2517 828 2582 credant
850 2518 1023 2598 mendacia,
1048 2534 1081 2583 ut
1103 2519 1282 2582 iudicentur
1305 2542 1418 2598 omnes,
1443 2521 1502 2603 qni
1521 2542 1582 2582 non
1602 2518 1804 2582 crediderunt

103 2653 130 2692 aa
150 2627 288 2705 ceritati,
312 2625 369 2689 aed
390 2639 608 2689 consenserant
630 2627 803 2710 iniquitati.
852 2624 880 2688 Ο
906 2623 1128 2711 spectaculum
1152 2625 1238 2688 omni
1269 2623 1389 2688 mundo
1419 2623 1672 2688 ammirandum!
1705 2625 1732 2688 si
1756 2635 1802 2688 at·

148 2729 303 2794 tendatur
325 2730 401 2794 hinc
418 2729 548 2817 Moyses
572 2739 605 2794 et
620 2729 731 2795 Aaron
756 2753 830 2795 cum
854 2732 955 2816 signis
981 2729 1195 2812 *efficacibua
1219 2730 1307 2796 illinc
1331 2730 1461 2795 Iamnes
1485 2741 1518 2794 et
1540 2730 1704 2795 Mambres
1730 2754 1802 2795 cum
1822 2758 1894 2798 nu.

150 2837 253 2922 signis
277 2837 501 2902 mendacibus.
547 2835 635 2902 Hinc
658 2837 769 2903 Aaron
793 2861 813 2902 a
835 2837 908 2902 Deo
933 2838 1065 2920 electus,
1089 2837 1179 2902 illinc
1198 2837 1334 2901 Balaam
1357 2861 1377 2901 a
1400 2859 1478 2923 rege
1501 2838 1601 2923 impio
1626 2837 1802 2922 adductum

149 2942 295 3007 nondum
319 2945 439 3031 quippe
471 2941 661 3009 defecerunt
691 2946 747 3031 qui
776 2965 836 3030 per
860 2944 1047 3009 violentiam
1079 2955 1111 3008 et
1138 2945 1262 3030 regiam
1293 2967 1423 3009 manum
1454 2945 1571 3008 intrusi
1601 2955 1684 3008 sunt.
1733 2944 1804 3010 Stat

150 3049 227 3114 hinc
251 3051 378 3133 Petrus,
402 3049 523 3114 Paulus
548 3063 580 3115 et
603 3049 797 3137 Stephanus,
830 3063 862 3115 et
892 3073 966 3115 cum
996 3050 1058 3115 illis
1090 3051 1266 3137 apostolice
1295 3053 1406 3115 vivere
1438 3051 1637 3115 studentium
1667 3074 1706 3115 ac
1729 3052 1802 3116 Deo

104 3187 131 3226 η
151 3167 242 3220 caste
268 3156 474 3221 militantium
499 3157 632 3241 chorus3
664 3169 697 3222 at
725 3157 813 3222 illinc
837 3155 960 3244 Symon
984 3181 1108 3244 magus,
1133 3158 1286 3223 Nicolaus
1310 3159 1465 3244 impurus,
1489 3157 1636 3222 Ananias
1659 3158 1803 3245 perfidus

151 3275 184 3326 et
214 3263 437 3328 fraudolentus
468 3286 526 3350 pro
555 3263 652 3329 rebus
680 3287 860 3351 pauperum
884 3265 958 3329 usui
982 3264 1162 3347 destinatis,
1192 3266 1483 3329 anathematizatus
1515 3287 1589 3329 cum
1620 3267 1686 3328 suis
1717 3288 1802 3330 oom-

150 3368 302 3455 plicibus,
334 3393 412 3434 suae
443 3372 607 3457 iniquitati
636 3371 918 3457 participantibus,
949 3383 1046 3458 atque
1071 3383 1106 3436 ut
1128 3371 1274 3435 breviter
1296 3370 1500 3452 concludam,
1532 3393 1631 3457 supra
1660 3383 1802 3436 montem
1822 3399 1891 3448 npoa.
1902 3400 1934 3449 n,
1944 3401 1963 3439 1.

152 3476 253 3563 Syon,
283 3500 381 3563 super
404 3477 616 3564 apostolicam
640 3477 765 3542 scilicet
788 3480 899 3559 vitam,
929 3489 1081 3541 amante
1106 3479 1195 3564 Syon
1219 3478 1414 3559 inchoatam,
1447 3489 1510 3542 etat
1534 3501 1647 3564 agnus,
1673 3488 1802 3543 etcum

152 3606 191 3646 eo
215 3582 383 3648 CXLIHI.
409 3584 508 3667 milia,
533 3587 589 3671 qui
612 3587 711 3671 empti
736 3595 810 3649 sunt
834 3584 874 3648 de
899 3596 1002 3668 terra,
1033 3585 1119 3648 iacet
1141 3608 1219 3648 vero
1250 3586 1284 3647 in
1309 3585 1431 3648 harena
1455 3584 1510 3648 illa
1533 3584 1649 3666 bestia,
1675 3584 1714 3649 de
1739 3609 1804 3672 qua

106 3723 133 3760 ω
152 3689 232 3754 dicit
254 3689 432 3754 lohannes:
464 3693 508 3756 Et
539 3693 609 3756 aidi
635 3693 763 3757 beatiam
794 3691 832 3756 dc
856 3696 943 3757 rami
963 3693 1185 3772 ascendentem,
1217 3714 1301 3778 quae
1331 3691 1431 3755 habet
1461 3714 1572 3755 secum
1596 3714 1707 3755 eorum
1731 3715 1802 3778 gre·
1822 3721 1852 3760 n.
1861 3721 1894 3770 rs,
1904 3723 1923 3760 1.

151 3819 236 3882 gem,
262 3799 318 3883 qui
342 3797 496 3862 edificant
518 3821 616 3884 super
639 3820 782 3880 arenam,
807 3821 872 3862 non
895 3797 1052 3862 habentes
1076 3799 1108 3861 in
1125 3798 1335 3862 fundamento
1359 3809 1495 3885 petram,
1513 3799 1590 3884 quia
1605 3821 1711 3885 neque
1729 3822 1803 3864 cum
1821 3801 1965 3895 ⁰¹2lg¹g²6l³=⁷

151 3901 210 3968 Iob
234 3915 323 3968 recte
348 3906 523 3989 coniugati,
547 3928 654 3990 neque
679 3927 753 3969 cum
768 3904 909 3970 Daniele
934 3906 1026 3986 casti,
1050 3925 1156 3990 neque
1181 3928 1255 3969 curn
1274 3905 1344 3969 Noe
1369 3915 1511 3970 rectores
1535 3907 1610 3969 iusti
1635 3927 1705 3970 esse
1729 3929 1801 3992 pro-

150 4009 285 4094 bantur3
311 4021 408 4098 atque
432 4011 506 4076 ideo
530 4013 593 4075 nisi
617 4011 733 4098 dignos
756 4013 955 4098 penitentiae
979 4011 1102 4075 fruetus
1119 4011 1221 4075 velint
1244 4035 1353 4097 agere,
1377 4035 1442 4076 non
1465 4023 1618 4098 poterunt
1641 4012 1683 4076 ad
1702 4013 1803 4077 vitam
1822 4041 1933 4091 maen.

150 4118 282 4182 intrare.
328 4118 519 4182 Peniterent
541 4130 650 4182 autem
675 4141 717 4182 ex
741 4120 788 4182 eis
812 4117 903 4182 multi
928 4118 1051 4205 absque
1076 4117 1185 4200 dubio,
1217 4120 1244 4182 si
1268 4119 1419 4183 audirent
1442 4118 1521 4182 illud
1545 4119 1635 4184 Petri
1666 4119 1708 4184 ab
1733 4121 1802 4184 eius

106 4256 132 4295 aa
150 4225 293 4288 vicario:
318 4224 503 4290 Salvamini
523 4253 543 4289 a
563 4229 762 4314 pancratiaste
785 4229 846 4290 ista
866 4249 981 4312 pra-aa.
1822 4255 1873 4294 nu.
1882 4255 1901 4303 ι,
1909 4256 1944 4295 ιο.

372 4348 614 4424 EXPLICIT
640 4318 891 4425 EPISTOLA
916 4347 987 4422 AD
1015 4349 1376 4440 INNOOENTIUM
1402 4349 1583 4424 PAPAM.

870 4577 1083 4587 -.——-—

940 4807 1008 4880 ΙΙΙ.
1059 4861 1064 4872 .

183 4945 463 5032 LIBELLUS
497 4947 574 5028 DE
606 4945 695 5050 EO,
727 4943 887 5046 QUOD
919 4941 1199 5032 PRINOEPS
1233 4947 1422 5031 MUNDI
1454 4947 1627 5030 HUIUS
1660 4947 1765 5031 IAM

753 5080 1067 5167 lUDlOATUS
1101 5077 1202 5166 SIT.

105 5250 133 5288 a
695 5224 847 5311 (omna
877 5224 940 5288 ns
972 5222 1258 5311 smoumors.)

260 5350 299 5414 In
330 5352 460 5437 epistola
496 5352 541 5415 ad
570 5350 782 5415 Innocentiam
810 5375 934 5436 papam
969 5353 1065 5414 otissa
1099 5349 1224 5414 (icabod
1259 5351 1464 5415 hereticorum
1498 5353 1803 5437 aimom'acoramqae

152 5472 348 5521 samarnenta
381 5461 478 5522 irrita
513 5483 576 5523 esee
611 5457 840 5523 contendant
898 5457 999 5534 Quam
1034 5459 1070 5521 ob
1105 5482 1171 5521 rem
1200 5483 1220 5521 a
1251 5459 1358 5521 mrtltia
1393 5459 1518 5522 clericis
1552 5461 1620 5521 cias
1654 5460 1802 5543 temporis

153 5564 328 5650 discerptam
343 5567 382 5629 ab
399 5565 579 5630 Innocentio
596 5565 642 5628 ῙΙ.
661 5590 764 5652 papa,
789 5565 958 5630 Bernardo
982 5566 1090 5628 abbata
1111 5563 1343 5628 Clarcnallensi
1364 5567 1540 5650 instipante,
1564 5590 1593 5628 a.
1614 5565 1706 5627 1133.
1733 5589 1802 5628 aare

264 5767 291 5836 1)
323 5767 354 5824 V.
378 5787 468 5842 cupra
487 5787 519 5842 p.
543 5767 602 5823 221
622 5788 682 5843 sqq.
