<?xml version="1.0" encoding="UTF-8"?>
<!DOCTYPE html PUBLIC "-//W3C//DTD XHTML 1.0 Transitional//EN"
    "http://www.w3.org/TR/xhtml1/DTD/xhtml1-transitional.dtd">
<html xmlns="http://www.w3.org/1999/xhtml" xml:lang="en" lang="en">
 <head>
  <title>
</title>
<meta http-equiv="Content-Type" content="text/html;charset=utf-8" />
  <meta name='ocr-system' content='tesseract 3.04.00' />
  <meta name='ocr-capabilities' content='ocr_page ocr_carea ocr_par ocr_line ocrx_word'/>
</head>
<body>
  <div class='ocr_page' id='page_1' title='image "./monumentagerman00unkngoog_0213.png"; bbox 0 0 4478 6396; ppageno 0'>
   <div class='ocr_carea' id='block_1_1' title="bbox 655 389 1858 450">
    <p class='ocr_par' dir='ltr' id='par_1_1' title="bbox 655 389 1858 450">
     <span class='ocr_line' id='line_1_1' title="bbox 655 389 1858 450; baseline 0.002 -2"><span class='ocrx_word' id='word_1_1' title='bbox 655 393 847 448; x_wconf 76' lang='lat' dir='ltr'>EPISTOLA</span> <span class='ocrx_word' id='word_1_2' title='bbox 872 394 926 448; x_wconf 88' lang='grc' dir='ltr'>ΑΙ)</span> <span class='ocrx_word' id='word_1_3' title='bbox 951 393 1226 450; x_wconf 80' lang='lat' dir='ltr'>INNOCENTIUM</span> <span class='ocrx_word' id='word_1_4' title='bbox 1251 394 1395 448; x_wconf 78' lang='lat' dir='ltr'>rAl‘AM.</span> <span class='ocrx_word' id='word_1_5' title='bbox 1793 389 1858 450; x_wconf 81' lang='lat'>203</span> 
     </span>
    </p>
   </div>
   <div class='ocr_carea' id='block_1_2' title="bbox 98 675 1857 992">
    <p class='ocr_par' dir='ltr' id='par_1_2' title="bbox 98 675 1857 992">
     <span class='ocr_line' id='line_1_2' title="bbox 251 675 1804 757; baseline 0.004 -9"><span class='ocrx_word' id='word_1_6' title='bbox 251 675 504 752; x_wconf 77' lang='lat' dir='ltr'>EPISTOLA</span> <span class='ocrx_word' id='word_1_7' title='bbox 533 677 799 754; x_wconf 83' lang='lat' dir='ltr'>CUIUSDAM</span> <span class='ocrx_word' id='word_1_8' title='bbox 826 679 1143 754; x_wconf 79' lang='lat' dir='ltr'>PRESBYTERI</span> <span class='ocrx_word' id='word_1_9' title='bbox 1170 679 1318 755; x_wconf 78' lang='lat' dir='ltr'>MISSA</span> <span class='ocrx_word' id='word_1_10' title='bbox 1345 679 1414 753; x_wconf 73' lang='lat' dir='ltr'>AD</span> <span class='ocrx_word' id='word_1_11' title='bbox 1442 678 1804 757; x_wconf 81' lang='lat' dir='ltr'>INNOOENTIUM</span> 
     </span>
     <span class='ocr_line' id='line_1_3' title="bbox 98 795 1857 900; baseline 0.005 -33"><span class='ocrx_word' id='word_1_12' title='bbox 98 891 103 900; x_wconf 27' lang='grc' dir='ltr'>Ι</span> <span class='ocrx_word' id='word_1_13' title='bbox 197 795 372 870; x_wconf 83' lang='grc' dir='ltr'>ΡΑΡΑΜ</span> <span class='ocrx_word' id='word_1_14' title='bbox 407 795 536 886; x_wconf 82' lang='lat' dir='ltr'><strong>QUID</strong></span> <span class='ocrx_word' id='word_1_15' title='bbox 571 797 759 873; x_wconf 85' lang='lat' dir='ltr'>DISTE&#39;F</span> <span class='ocrx_word' id='word_1_16' title='bbox 795 799 951 872; x_wconf 85' lang='lat' dir='ltr'>INTER</span> <span class='ocrx_word' id='word_1_17' title='bbox 980 796 1230 874; x_wconf 83' lang='lat' dir='ltr'>CLERICOS</span> <span class='ocrx_word' id='word_1_18' title='bbox 1266 796 1561 874; x_wconf 82' lang='lat' dir='ltr'><strong>SEOULARES</strong></span> <span class='ocrx_word' id='word_1_19' title='bbox 1595 799 1663 873; x_wconf 86' lang='grc' dir='ltr'>ΕΤ</span> <span class='ocrx_word' id='word_1_20' title='bbox 1694 799 1857 876; x_wconf 80' lang='lat' dir='ltr'><strong>REGU-</strong></span> 
     </span>
     <span class='ocr_line' id='line_1_4' title="bbox 941 916 1114 992; baseline -0.006 -1"><span class='ocrx_word' id='word_1_21' title='bbox 941 916 1114 992; x_wconf 78' lang='lat' dir='ltr'>LARES.</span> 
     </span>
    </p>
   </div>
   <div class='ocr_carea' id='block_1_3' title="bbox 149 1053 2032 5306">
    <p class='ocr_par' dir='ltr' id='par_1_3' title="bbox 149 1053 2032 5306">
     <span class='ocr_line' id='line_1_5' title="bbox 305 1053 1855 1143; baseline 0.003 -27"><span class='ocrx_word' id='word_1_22' title='bbox 305 1053 499 1118; x_wconf 82' lang='lat' dir='ltr'>Innocentio</span> <span class='ocrx_word' id='word_1_23' title='bbox 539 1053 651 1118; x_wconf 90' lang='lat' dir='ltr'>divina</span> <span class='ocrx_word' id='word_1_24' title='bbox 689 1054 820 1117; x_wconf 88' lang='lat' dir='ltr'>favente</span> <span class='ocrx_word' id='word_1_25' title='bbox 860 1053 1033 1118; x_wconf 89' lang='lat' dir='ltr'>clementia</span> <span class='ocrx_word' id='word_1_26' title='bbox 1071 1067 1204 1118; x_wconf 87' lang='lat' dir='ltr'>sanctae</span> <span class='ocrx_word' id='word_1_27' title='bbox 1243 1056 1409 1119; x_wconf 81' lang='lat' dir='ltr'>Romanae</span> <span class='ocrx_word' id='word_1_28' title='bbox 1449 1055 1536 1120; x_wconf 83' lang='lat' dir='ltr'>sedis</span> <span class='ocrx_word' id='word_1_29' title='bbox 1575 1055 1659 1122; x_wconf 90' lang='lat' dir='ltr'>almo</span> <span class='ocrx_word' id='word_1_30' title='bbox 1699 1057 1855 1143; x_wconf 87' lang='lat' dir='ltr'>pontifici,</span> 
     </span>
     <span class='ocr_line' id='line_1_6' title="bbox 163 1157 1855 1248; baseline 0.004 -28"><span class='ocrx_word' id='word_1_31' title='bbox 163 1157 399 1248; x_wconf 77' lang='lat' dir='ltr'>sG[erhohus]</span> <span class='ocrx_word' id='word_1_32' title='bbox 430 1161 532 1224; x_wconf 82' lang='lat' dir='ltr'>frater</span> <span class='ocrx_word' id='word_1_33' title='bbox 562 1160 715 1246; x_wconf 85' lang='lat' dir='ltr'>indignus</span> <span class='ocrx_word' id='word_1_34' title='bbox 745 1162 858 1225; x_wconf 89' lang='lat' dir='ltr'>vocari</span> <span class='ocrx_word' id='word_1_35' title='bbox 888 1159 1070 1246; x_wconf 84' lang='lat' dir='ltr'>presbyter,</span> <span class='ocrx_word' id='word_1_36' title='bbox 1103 1185 1177 1226; x_wconf 90' lang='lat' dir='ltr'>cum</span> <span class='ocrx_word' id='word_1_37' title='bbox 1200 1163 1298 1226; x_wconf 90' lang='lat' dir='ltr'>Petro</span> <span class='ocrx_word' id='word_1_38' title='bbox 1329 1185 1487 1248; x_wconf 89' lang='lat' dir='ltr'>pugnare,</span> <span class='ocrx_word' id='word_1_39' title='bbox 1520 1187 1593 1226; x_wconf 86' lang='lat' dir='ltr'>cunr</span> <span class='ocrx_word' id='word_1_40' title='bbox 1617 1163 1714 1228; x_wconf 90' lang='lat' dir='ltr'>Petro</span> <span class='ocrx_word' id='word_1_41' title='bbox 1745 1165 1855 1227; x_wconf 85' lang='lat' dir='ltr'>trium·</span> 
     </span>
     <span class='ocr_line' id='line_1_7' title="bbox 196 1266 1855 1356; baseline 0.002 -26"><span class='ocrx_word' id='word_1_42' title='bbox 196 1266 309 1352; x_wconf 89' lang='lat' dir='ltr'>phare.</span> <span class='ocrx_word' id='word_1_43' title='bbox 348 1266 446 1347; x_wconf 82' lang='lat' dir='ltr'>Quod</span> <span class='ocrx_word' id='word_1_44' title='bbox 461 1269 605 1332; x_wconf 91' lang='lat' dir='ltr'>omnium</span> <span class='ocrx_word' id='word_1_45' title='bbox 624 1267 805 1332; x_wconf 81' lang='lat' dir='ltr'>aecclesiae</span> <span class='ocrx_word' id='word_1_46' title='bbox 829 1266 969 1332; x_wconf 89' lang='lat' dir='ltr'>filiorum</span> <span class='ocrx_word' id='word_1_47' title='bbox 986 1290 1047 1353; x_wconf 90' lang='lat' dir='ltr'>ego</span> <span class='ocrx_word' id='word_1_48' title='bbox 1071 1268 1317 1353; x_wconf 88' lang='lat' dir='ltr'>indignissimus</span> <span class='ocrx_word' id='word_1_49' title='bbox 1341 1279 1373 1331; x_wconf 91' lang='lat' dir='ltr'>et</span> <span class='ocrx_word' id='word_1_50' title='bbox 1396 1269 1524 1333; x_wconf 87' lang='lat' dir='ltr'>infimus</span> <span class='ocrx_word' id='word_1_51' title='bbox 1548 1293 1701 1355; x_wconf 90' lang='lat' dir='ltr'>presumo</span> <span class='ocrx_word' id='word_1_52' title='bbox 1726 1270 1855 1356; x_wconf 85' lang='lat' dir='ltr'>scriptis</span> 
     </span>
     <span class='ocr_line' id='line_1_8' title="bbox 197 1372 1854 1461; baseline 0.003 -25"><span class='ocrx_word' id='word_1_53' title='bbox 197 1372 320 1460; x_wconf 83' lang='lat' dir='ltr'>alloqui</span> <span class='ocrx_word' id='word_1_54' title='bbox 343 1375 502 1438; x_wconf 80' lang='lat' dir='ltr'>vicarium</span> <span class='ocrx_word' id='word_1_55' title='bbox 526 1375 626 1457; x_wconf 91' lang='lat' dir='ltr'>Petri,</span> <span class='ocrx_word' id='word_1_56' title='bbox 658 1373 876 1460; x_wconf 90' lang='lat' dir='ltr'>apostolorum</span> <span class='ocrx_word' id='word_1_57' title='bbox 906 1376 1074 1461; x_wconf 89' lang='lat' dir='ltr'>principis,</span> <span class='ocrx_word' id='word_1_58' title='bbox 1107 1374 1180 1438; x_wconf 93' lang='lat' dir='ltr'>nolo</span> <span class='ocrx_word' id='word_1_59' title='bbox 1212 1376 1397 1460; x_wconf 82' lang='lat' dir='ltr'>assignetur</span> <span class='ocrx_word' id='word_1_60' title='bbox 1427 1377 1520 1440; x_wconf 89' lang='lat' dir='ltr'>ausui</span> <span class='ocrx_word' id='word_1_61' title='bbox 1551 1377 1753 1459; x_wconf 87' lang='lat' dir='ltr'>temeritatis,</span> <span class='ocrx_word' id='word_1_62' title='bbox 1781 1400 1854 1441; x_wconf 89' lang='lat' dir='ltr'>cum</span> 
     </span>
     <span class='ocr_line' id='line_1_9' title="bbox 196 1479 1855 1568; baseline 0.002 -25"><span class='ocrx_word' id='word_1_63' title='bbox 196 1479 258 1544; x_wconf 88' lang='lat' dir='ltr'>hoe</span> <span class='ocrx_word' id='word_1_64' title='bbox 283 1503 380 1566; x_wconf 86' lang='lat' dir='ltr'>agam</span> <span class='ocrx_word' id='word_1_65' title='bbox 404 1482 522 1567; x_wconf 92' lang='lat' dir='ltr'>partim</span> <span class='ocrx_word' id='word_1_66' title='bbox 547 1493 684 1566; x_wconf 83' lang='lat' dir='ltr'>cogente</span> <span class='ocrx_word' id='word_1_67' title='bbox 708 1482 913 1563; x_wconf 83' lang='lat' dir='ltr'>necessitate,</span> <span class='ocrx_word' id='word_1_68' title='bbox 942 1482 1060 1568; x_wconf 89' lang='lat' dir='ltr'>partim</span> <span class='ocrx_word' id='word_1_69' title='bbox 1084 1483 1249 1545; x_wconf 87' lang='lat' dir='ltr'>animante</span> <span class='ocrx_word' id='word_1_70' title='bbox 1274 1505 1325 1545; x_wconf 90' lang='lat' dir='ltr'>me</span> <span class='ocrx_word' id='word_1_71' title='bbox 1350 1482 1476 1547; x_wconf 87' lang='lat' dir='ltr'>adhoc</span> <span class='ocrx_word' id='word_1_72' title='bbox 1500 1484 1601 1568; x_wconf 91' lang='lat' dir='ltr'>ipsius</span> <span class='ocrx_word' id='word_1_73' title='bbox 1626 1483 1691 1546; x_wconf 91' lang='lat' dir='ltr'>Dei</span> <span class='ocrx_word' id='word_1_74' title='bbox 1715 1485 1855 1548; x_wconf 90' lang='lat' dir='ltr'>auctori-</span> 
     </span>
     <span class='ocr_line' id='line_1_10' title="bbox 196 1588 2032 1677; baseline 0.003 -27"><span class='ocrx_word' id='word_1_75' title='bbox 196 1599 274 1668; x_wconf 87' lang='lat' dir='ltr'>tate,</span> <span class='ocrx_word' id='word_1_76' title='bbox 299 1589 392 1651; x_wconf 91' lang='lat' dir='ltr'>cuius</span> <span class='ocrx_word' id='word_1_77' title='bbox 415 1589 449 1651; x_wconf 91' lang='lat' dir='ltr'>in</span> <span class='ocrx_word' id='word_1_78' title='bbox 473 1589 589 1674; x_wconf 88' lang='lat' dir='ltr'>spiritu</span> <span class='ocrx_word' id='word_1_79' title='bbox 611 1588 744 1675; x_wconf 84' lang='lat' dir='ltr'>Moyses</span> <span class='ocrx_word' id='word_1_80' title='bbox 769 1588 865 1652; x_wconf 86' lang='lat' dir='ltr'>dicit:</span> <span class='ocrx_word' id='word_1_81' title='bbox 897 1589 997 1666; x_wconf 74' lang='lat' dir='ltr'>Aridi,</span> <span class='ocrx_word' id='word_1_82' title='bbox 1028 1589 1142 1669; x_wconf 66' lang='lat' dir='ltr'>Isracel,</span> <span class='ocrx_word' id='word_1_83' title='bbox 1173 1615 1253 1675; x_wconf 81' lang='lat' dir='ltr'>quae</span> <span class='ocrx_word' id='word_1_84' title='bbox 1284 1615 1336 1677; x_wconf 77' lang='lat' dir='ltr'>epo</span> <span class='ocrx_word' id='word_1_85' title='bbox 1361 1593 1510 1677; x_wconf 73' lang='lat' dir='ltr'>precipio</span> <span class='ocrx_word' id='word_1_86' title='bbox 1541 1593 1602 1655; x_wconf 82' lang='lat' dir='ltr'>tibi</span> <span class='ocrx_word' id='word_1_87' title='bbox 1623 1592 1724 1656; x_wconf 80' lang='lat' dir='ltr'>hodie.</span> <span class='ocrx_word' id='word_1_88' title='bbox 1776 1591 1855 1656; x_wconf 82' lang='lat' dir='ltr'>Cum</span> <span class='ocrx_word' id='word_1_89' title='bbox 1873 1614 2032 1665; x_wconf 62' lang='lat' dir='ltr'>amenter.</span> 
     </span>
     <span class='ocr_line' id='line_1_11' title="bbox 151 1696 2014 1784; baseline -0.001 -22"><span class='ocrx_word' id='word_1_90' title='bbox 151 1726 177 1762; x_wconf 90' lang='grc'><strong>10</strong></span> <span class='ocrx_word' id='word_1_91' title='bbox 197 1698 369 1759; x_wconf 50' lang='lat' dir='ltr'>¹intraveras·</span> <span class='ocrx_word' id='word_1_92' title='bbox 399 1710 527 1775; x_wconf 82' lang='lat' dir='ltr'>terram,</span> <span class='ocrx_word' id='word_1_93' title='bbox 558 1721 650 1782; x_wconf 82' lang='lat' dir='ltr'>qaam</span> <span class='ocrx_word' id='word_1_94' title='bbox 684 1696 829 1760; x_wconf 82' lang='lat' dir='ltr'>dominns</span> <span class='ocrx_word' id='word_1_95' title='bbox 853 1696 940 1759; x_wconf 82' lang='lat' dir='ltr'>Deus</span> <span class='ocrx_word' id='word_1_96' title='bbox 964 1711 1034 1760; x_wconf 79' lang='lat' dir='ltr'>trare</span> <span class='ocrx_word' id='word_1_97' title='bbox 1058 1698 1118 1760; x_wconf 83' lang='lat' dir='ltr'>tibi</span> <span class='ocrx_word' id='word_1_98' title='bbox 1140 1696 1272 1759; x_wconf 80' lang='lat' dir='ltr'>datarus</span> <span class='ocrx_word' id='word_1_99' title='bbox 1296 1712 1340 1761; x_wconf 85' lang='lat' dir='ltr'>est</span> <span class='ocrx_word' id='word_1_100' title='bbox 1355 1698 1596 1782; x_wconf 83' lang='lat' dir='ltr'>possidendam,</span> <span class='ocrx_word' id='word_1_101' title='bbox 1625 1713 1653 1761; x_wconf 82' lang='lat' dir='ltr'>et</span> <span class='ocrx_word' id='word_1_102' title='bbox 1680 1701 1854 1784; x_wconf 80' lang='lat' dir='ltr'>optinueris</span> <span class='ocrx_word' id='word_1_103' title='bbox 1872 1720 1944 1771; x_wconf 71' lang='grc'><strong>1010,</strong></span> <span class='ocrx_word' id='word_1_104' title='bbox 1954 1722 2014 1763; x_wconf 84' lang='lat' dir='ltr'>r-s.</span> 
     </span>
     <span class='ocr_line' id='line_1_12' title="bbox 196 1803 1852 1891; baseline 0.004 -27"><span class='ocrx_word' id='word_1_105' title='bbox 196 1827 276 1880; x_wconf 85' lang='lat' dir='ltr'>earn,</span> <span class='ocrx_word' id='word_1_106' title='bbox 306 1817 398 1888; x_wconf 79' lang='lat' dir='ltr'>atque</span> <span class='ocrx_word' id='word_1_107' title='bbox 422 1803 614 1867; x_wconf 72' lang='lat' dir='ltr'>habitaveris</span> <span class='ocrx_word' id='word_1_108' title='bbox 643 1805 676 1866; x_wconf 83' lang='lat' dir='ltr'>ia</span> <span class='ocrx_word' id='word_1_109' title='bbox 699 1829 747 1882; x_wconf 84' lang='lat' dir='ltr'>ca,</span> <span class='ocrx_word' id='word_1_110' title='bbox 777 1804 866 1867; x_wconf 84' lang='lat' dir='ltr'>tolles</span> <span class='ocrx_word' id='word_1_111' title='bbox 890 1803 927 1867; x_wconf 86' lang='lat' dir='ltr'>de</span> <span class='ocrx_word' id='word_1_112' title='bbox 951 1806 1069 1867; x_wconf 73' lang='lat' dir='ltr'>canetis</span> <span class='ocrx_word' id='word_1_113' title='bbox 1085 1805 1252 1890; x_wconf 80' lang='lat' dir='ltr'>fructibus</span> <span class='ocrx_word' id='word_1_114' title='bbox 1275 1807 1337 1867; x_wconf 73' lang='lat' dir='ltr'>tatis</span> <span class='ocrx_word' id='word_1_115' title='bbox 1353 1807 1534 1890; x_wconf 76' lang='lat' dir='ltr'>primitias,</span> <span class='ocrx_word' id='word_1_116' title='bbox 1558 1820 1586 1869; x_wconf 88' lang='lat' dir='ltr'>ct</span> <span class='ocrx_word' id='word_1_117' title='bbox 1601 1830 1703 1891; x_wconf 83' lang='lat' dir='ltr'>pones</span> <span class='ocrx_word' id='word_1_118' title='bbox 1726 1807 1760 1869; x_wconf 84' lang='lat' dir='ltr'>ia</span> <span class='ocrx_word' id='word_1_119' title='bbox 1784 1831 1852 1870; x_wconf 87' lang='lat' dir='ltr'>car-</span> 
     </span>
     <span class='ocr_line' id='line_1_13' title="bbox 196 1909 1853 1996; baseline 0.002 -24"><span class='ocrx_word' id='word_1_120' title='bbox 196 1910 284 1990; x_wconf 79' lang='lat' dir='ltr'>tallo,</span> <span class='ocrx_word' id='word_1_121' title='bbox 300 1933 477 1996; x_wconf 71' lang='lat' dir='ltr'>perqesque</span> <span class='ocrx_word' id='word_1_122' title='bbox 501 1909 547 1973; x_wconf 88' lang='lat' dir='ltr'>ad</span> <span class='ocrx_word' id='word_1_123' title='bbox 569 1911 680 1990; x_wconf 81' lang='lat' dir='ltr'>locum,</span> <span class='ocrx_word' id='word_1_124' title='bbox 705 1934 795 1994; x_wconf 80' lang='lat' dir='ltr'>quem</span> <span class='ocrx_word' id='word_1_125' title='bbox 812 1910 958 1973; x_wconf 81' lang='lat' dir='ltr'>dominns</span> <span class='ocrx_word' id='word_1_126' title='bbox 975 1909 1062 1973; x_wconf 81' lang='lat' dir='ltr'>Dens</span> <span class='ocrx_word' id='word_1_127' title='bbox 1085 1924 1155 1973; x_wconf 77' lang='lat' dir='ltr'>taras</span> <span class='ocrx_word' id='word_1_128' title='bbox 1178 1911 1314 1996; x_wconf 62' lang='lat' dir='ltr'>elegerit,</span> <span class='ocrx_word' id='word_1_129' title='bbox 1339 1913 1624 1975; x_wconf 57' lang='grc' dir='ltr'>Ὶ011οί0100001ῑο</span> <span class='ocrx_word' id='word_1_130' title='bbox 1647 1936 1756 1976; x_wconf 74' lang='lat' dir='ltr'>ironica·</span> <span class='ocrx_word' id='word_1_131' title='bbox 1775 1915 1853 1994; x_wconf 82' lang='lat' dir='ltr'>er&#39;as,</span> 
     </span>
     <span class='ocr_line' id='line_1_14' title="bbox 195 2016 1986 2105; baseline 0.002 -27"><span class='ocrx_word' id='word_1_132' title='bbox 195 2016 384 2101; x_wconf 80' lang='lat' dir='ltr'>accede-sque</span> <span class='ocrx_word' id='word_1_133' title='bbox 414 2017 460 2080; x_wconf 90' lang='lat' dir='ltr'>ad</span> <span class='ocrx_word' id='word_1_134' title='bbox 488 2016 688 2096; x_wconf 77' lang='lat' dir='ltr'>sacerdotem,</span> <span class='ocrx_word' id='word_1_135' title='bbox 720 2019 779 2101; x_wconf 73' lang='lat' dir='ltr'>(pari</span> <span class='ocrx_word' id='word_1_136' title='bbox 792 2018 902 2104; x_wconf 76' lang='lat' dir='ltr'>faerit</span> <span class='ocrx_word' id='word_1_137' title='bbox 932 2019 965 2080; x_wconf 83' lang='lat' dir='ltr'>ia</span> <span class='ocrx_word' id='word_1_138' title='bbox 989 2017 1099 2081; x_wconf 75' lang='lat' dir='ltr'>(liebus</span> <span class='ocrx_word' id='word_1_139' title='bbox 1123 2018 1202 2094; x_wconf 78' lang='lat' dir='ltr'>dlis,</span> <span class='ocrx_word' id='word_1_140' title='bbox 1234 2017 1369 2081; x_wconf 70' lang='lat' dir='ltr'>cedices</span> <span class='ocrx_word' id='word_1_141' title='bbox 1400 2018 1445 2082; x_wconf 88' lang='lat' dir='ltr'>ad</span> <span class='ocrx_word' id='word_1_142' title='bbox 1467 2042 1554 2081; x_wconf 82' lang='lat' dir='ltr'>earn:</span> <span class='ocrx_word' id='word_1_143' title='bbox 1583 2017 1737 2105; x_wconf 83' lang='lat' dir='ltr'>Profiteor</span> <span class='ocrx_word' id='word_1_144' title='bbox 1760 2019 1854 2083; x_wconf 79' lang='lat' dir='ltr'>lodie</span> <span class='ocrx_word' id='word_1_145' title='bbox 1872 2041 1903 2082; x_wconf 80' lang='lat' dir='ltr'>a.</span> <span class='ocrx_word' id='word_1_146' title='bbox 1913 2043 1986 2082; x_wconf 85' lang='grc'><strong>1-11.</strong></span> 
     </span>
     <span class='ocr_line' id='line_1_15' title="bbox 196 2123 1852 2209; baseline 0.005 -29"><span class='ocrx_word' id='word_1_147' title='bbox 196 2147 303 2186; x_wconf 75' lang='lat' dir='ltr'>eoram</span> <span class='ocrx_word' id='word_1_148' title='bbox 327 2123 454 2187; x_wconf 74' lang='lat' dir='ltr'>doctina</span> <span class='ocrx_word' id='word_1_149' title='bbox 478 2123 546 2187; x_wconf 86' lang='lat' dir='ltr'>Deo</span> <span class='ocrx_word' id='word_1_150' title='bbox 570 2138 631 2204; x_wconf 81' lang='lat' dir='ltr'>tna,</span> <span class='ocrx_word' id='word_1_151' title='bbox 663 2126 722 2209; x_wconf 78' lang='lat' dir='ltr'>qai</span> <span class='ocrx_word' id='word_1_152' title='bbox 750 2124 915 2187; x_wconf 78' lang='lat' dir='ltr'>eraudirit</span> <span class='ocrx_word' id='word_1_153' title='bbox 944 2148 1009 2203; x_wconf 82' lang='lat' dir='ltr'>aas,</span> <span class='ocrx_word' id='word_1_154' title='bbox 1041 2138 1068 2187; x_wconf 85' lang='lat' dir='ltr'>et</span> <span class='ocrx_word' id='word_1_155' title='bbox 1091 2127 1229 2209; x_wconf 77' lang='lat' dir='ltr'>resperit</span> <span class='ocrx_word' id='word_1_156' title='bbox 1251 2125 1456 2188; x_wconf 78' lang='lat' dir='ltr'>lrnrrrilitatern</span> <span class='ocrx_word' id='word_1_157' title='bbox 1485 2139 1634 2204; x_wconf 34' lang='lat' dir='ltr'>&#39;nostr-ara,</span> <span class='ocrx_word' id='word_1_158' title='bbox 1665 2139 1693 2188; x_wconf 84' lang='lat' dir='ltr'>et</span> <span class='ocrx_word' id='word_1_159' title='bbox 1716 2127 1852 2190; x_wconf 82' lang='lat' dir='ltr'>laborem</span> 
     </span>
     <span class='ocr_line' id='line_1_16' title="bbox 152 2229 1856 2320; baseline 0.001 -24"><span class='ocrx_word' id='word_1_160' title='bbox 152 2259 175 2296; x_wconf 81' lang='lat' dir='ltr'>rs</span> <span class='ocrx_word' id='word_1_161' title='bbox 195 2243 287 2314; x_wconf 80' lang='lat' dir='ltr'>atque</span> <span class='ocrx_word' id='word_1_162' title='bbox 318 2229 506 2316; x_wconf 70' lang='grc' dir='ltr'><strong>00900ιῖ001,</strong></span> <span class='ocrx_word' id='word_1_163' title='bbox 538 2245 565 2294; x_wconf 84' lang='lat' dir='ltr'>et</span> <span class='ocrx_word' id='word_1_164' title='bbox 595 2231 704 2294; x_wconf 75' lang='lat' dir='ltr'>eclaait</span> <span class='ocrx_word' id='word_1_165' title='bbox 732 2255 789 2294; x_wconf 84' lang='lat' dir='ltr'>aaa</span> <span class='ocrx_word' id='word_1_166' title='bbox 819 2230 857 2294; x_wconf 87' lang='lat' dir='ltr'>de</span> <span class='ocrx_word' id='word_1_167' title='bbox 880 2230 1005 2317; x_wconf 62' lang='lat' dir='ltr'>Eqppto</span> <span class='ocrx_word' id='word_1_168' title='bbox 1033 2234 1067 2294; x_wconf 82' lang='lat' dir='ltr'>ia</span> <span class='ocrx_word' id='word_1_169' title='bbox 1091 2256 1187 2294; x_wconf 83' lang='lat' dir='ltr'>mana</span> <span class='ocrx_word' id='word_1_170' title='bbox 1203 2233 1295 2318; x_wconf 80' lang='lat' dir='ltr'>forti</span> <span class='ocrx_word' id='word_1_171' title='bbox 1315 2246 1343 2294; x_wconf 82' lang='lat' dir='ltr'>st</span> <span class='ocrx_word' id='word_1_172' title='bbox 1366 2233 1494 2295; x_wconf 81' lang='lat' dir='ltr'>brachio</span> <span class='ocrx_word' id='word_1_173' title='bbox 1519 2246 1646 2311; x_wconf 76' lang='lat' dir='ltr'>catardo,</span> <span class='ocrx_word' id='word_1_174' title='bbox 1678 2235 1712 2297; x_wconf 85' lang='lat' dir='ltr'>ia</span> <span class='ocrx_word' id='word_1_175' title='bbox 1735 2235 1856 2320; x_wconf 74' lang='lat' dir='ltr'>iaycrrti</span> 
     </span>
     <span class='ocr_line' id='line_1_17' title="bbox 191 2336 1851 2424; baseline 0.002 -26"><span class='ocrx_word' id='word_1_176' title='bbox 191 2360 323 2420; x_wconf 81' lang='lat' dir='ltr'>pacare,</span> <span class='ocrx_word' id='word_1_177' title='bbox 352 2339 385 2400; x_wconf 82' lang='lat' dir='ltr'>in</span> <span class='ocrx_word' id='word_1_178' title='bbox 408 2338 510 2424; x_wconf 74' lang='lat' dir='ltr'>cippis</span> <span class='ocrx_word' id='word_1_179' title='bbox 540 2351 630 2421; x_wconf 78' lang='lat' dir='ltr'>atqraee</span> <span class='ocrx_word' id='word_1_180' title='bbox 648 2340 814 2422; x_wconf 81' lang='lat' dir='ltr'>portentis,</span> <span class='ocrx_word' id='word_1_181' title='bbox 844 2352 871 2401; x_wconf 88' lang='lat' dir='ltr'>et</span> <span class='ocrx_word' id='word_1_182' title='bbox 895 2336 1071 2400; x_wconf 70' lang='lat' dir='ltr'>introdusit</span> <span class='ocrx_word' id='word_1_183' title='bbox 1093 2338 1139 2401; x_wconf 86' lang='lat' dir='ltr'>ad</span> <span class='ocrx_word' id='word_1_184' title='bbox 1162 2338 1262 2400; x_wconf 74' lang='lat' dir='ltr'>locata</span> <span class='ocrx_word' id='word_1_185' title='bbox 1286 2340 1390 2418; x_wconf 33' lang='lat' dir='ltr'>victam,</span> <span class='ocrx_word' id='word_1_186' title='bbox 1415 2352 1443 2402; x_wconf 85' lang='lat' dir='ltr'>et</span> <span class='ocrx_word' id='word_1_187' title='bbox 1465 2338 1602 2402; x_wconf 76' lang='lat' dir='ltr'>tradidit</span> <span class='ocrx_word' id='word_1_188' title='bbox 1625 2340 1714 2402; x_wconf 79' lang='lat' dir='ltr'>nodis</span> <span class='ocrx_word' id='word_1_189' title='bbox 1737 2353 1851 2403; x_wconf 81' lang='lat' dir='ltr'>terram</span> 
     </span>
     <span class='ocr_line' id='line_1_18' title="bbox 195 2444 1852 2530; baseline 0.002 -24"><span class='ocrx_word' id='word_1_190' title='bbox 195 2444 274 2506; x_wconf 83' lang='lat' dir='ltr'>lactc</span> <span class='ocrx_word' id='word_1_191' title='bbox 298 2457 326 2506; x_wconf 82' lang='lat' dir='ltr'>et</span> <span class='ocrx_word' id='word_1_192' title='bbox 350 2445 438 2508; x_wconf 80' lang='lat' dir='ltr'>melle</span> <span class='ocrx_word' id='word_1_193' title='bbox 462 2457 648 2522; x_wconf 75' lang='lat' dir='ltr'>triana-ritem,</span> <span class='ocrx_word' id='word_1_194' title='bbox 680 2445 852 2508; x_wconf 84' lang='lat' dir='ltr'>etidcirco</span> <span class='ocrx_word' id='word_1_195' title='bbox 877 2469 958 2507; x_wconf 82' lang='grc'><strong>0000</strong></span> <span class='ocrx_word' id='word_1_196' title='bbox 982 2445 1079 2530; x_wconf 75' lang='lat' dir='ltr'>offero</span> <span class='ocrx_word' id='word_1_197' title='bbox 1097 2445 1267 2529; x_wconf 82' lang='lat' dir='ltr'>primitias</span> <span class='ocrx_word' id='word_1_198' title='bbox 1283 2445 1421 2530; x_wconf 64' lang='lat' dir='ltr'>fragma</span> <span class='ocrx_word' id='word_1_199' title='bbox 1446 2459 1557 2526; x_wconf 72' lang='lat' dir='ltr'>terrae,</span> <span class='ocrx_word' id='word_1_200' title='bbox 1589 2471 1683 2530; x_wconf 71' lang='lat' dir='ltr'>patara</span> <span class='ocrx_word' id='word_1_201' title='bbox 1707 2446 1852 2510; x_wconf 70' lang='lat' dir='ltr'>derasidas</span> 
     </span>
     <span class='ocr_line' id='line_1_19' title="bbox 198 2549 1852 2636; baseline 0.003 -25"><span class='ocrx_word' id='word_1_202' title='bbox 198 2549 283 2612; x_wconf 80' lang='lat' dir='ltr'>Deus</span> <span class='ocrx_word' id='word_1_203' title='bbox 306 2566 376 2614; x_wconf 76' lang='lat' dir='ltr'>tiras</span> <span class='ocrx_word' id='word_1_204' title='bbox 400 2551 489 2614; x_wconf 84' lang='lat' dir='ltr'>dedit</span> <span class='ocrx_word' id='word_1_205' title='bbox 510 2552 598 2614; x_wconf 79' lang='lat' dir='ltr'>otili.</span> <span class='ocrx_word' id='word_1_206' title='bbox 648 2551 690 2614; x_wconf 82' lang='lat' dir='ltr'>Et</span> <span class='ocrx_word' id='word_1_207' title='bbox 713 2551 850 2615; x_wconf 82' lang='lat' dir='ltr'>dimittes</span> <span class='ocrx_word' id='word_1_208' title='bbox 874 2576 927 2614; x_wconf 86' lang='lat' dir='ltr'>eas</span> <span class='ocrx_word' id='word_1_209' title='bbox 950 2553 984 2614; x_wconf 77' lang='lat' dir='ltr'>cir</span> <span class='ocrx_word' id='word_1_210' title='bbox 1008 2565 1170 2636; x_wconf 80' lang='lat' dir='ltr'>conspecta</span> <span class='ocrx_word' id='word_1_211' title='bbox 1194 2551 1320 2615; x_wconf 82' lang='lat' dir='ltr'>(Ioraini</span> <span class='ocrx_word' id='word_1_212' title='bbox 1341 2550 1408 2614; x_wconf 87' lang='lat' dir='ltr'>Dei</span> <span class='ocrx_word' id='word_1_213' title='bbox 1428 2554 1491 2632; x_wconf 81' lang='lat' dir='ltr'>tai,·</span> <span class='ocrx_word' id='word_1_214' title='bbox 1519 2566 1547 2614; x_wconf 80' lang='lat' dir='ltr'>et</span> <span class='ocrx_word' id='word_1_215' title='bbox 1569 2552 1701 2615; x_wconf 73' lang='lat' dir='ltr'>ariarate</span> <span class='ocrx_word' id='word_1_216' title='bbox 1725 2553 1852 2616; x_wconf 82' lang='lat' dir='ltr'>domiuo</span> 
     </span>
     <span class='ocr_line' id='line_1_20' title="bbox 198 2657 1850 2743; baseline 0.002 -25"><span class='ocrx_word' id='word_1_217' title='bbox 198 2657 263 2720; x_wconf 83' lang='lat' dir='ltr'>Deo</span> <span class='ocrx_word' id='word_1_218' title='bbox 288 2672 338 2720; x_wconf 85' lang='lat' dir='ltr'>tuo</span> <span class='ocrx_word' id='word_1_219' title='bbox 363 2658 541 2743; x_wconf 79' lang='lat' dir='ltr'>epulaberis</span> <span class='ocrx_word' id='word_1_220' title='bbox 572 2661 605 2720; x_wconf 87' lang='lat' dir='ltr'>ia</span> <span class='ocrx_word' id='word_1_221' title='bbox 638 2659 780 2721; x_wconf 78' lang='lat' dir='ltr'>orrraibus</span> <span class='ocrx_word' id='word_1_222' title='bbox 811 2660 910 2736; x_wconf 71' lang='lat' dir='ltr'>bonis,</span> <span class='ocrx_word' id='word_1_223' title='bbox 941 2683 1020 2742; x_wconf 80' lang='lat' dir='ltr'>quac</span> <span class='ocrx_word' id='word_1_224' title='bbox 1052 2658 1198 2720; x_wconf 80' lang='lat' dir='ltr'>dominas</span> <span class='ocrx_word' id='word_1_225' title='bbox 1223 2658 1309 2720; x_wconf 79' lang='lat' dir='ltr'>Deua</span> <span class='ocrx_word' id='word_1_226' title='bbox 1333 2672 1403 2721; x_wconf 74' lang='lat' dir='ltr'>tirus</span> <span class='ocrx_word' id='word_1_227' title='bbox 1427 2658 1550 2722; x_wconf 80' lang='lat' dir='ltr'>dederit</span> <span class='ocrx_word' id='word_1_228' title='bbox 1573 2661 1640 2722; x_wconf 77' lang='lat' dir='ltr'>tihi.</span> <span class='ocrx_word' id='word_1_229' title='bbox 1688 2657 1850 2738; x_wconf 79' lang='lat' dir='ltr'>Quorsum</span> 
     </span>
     <span class='ocr_line' id='line_1_21' title="bbox 149 2762 1851 2850; baseline 0.001 -24"><span class='ocrx_word' id='word_1_230' title='bbox 149 2795 175 2832; x_wconf 70' lang='lat'>20</span> <span class='ocrx_word' id='word_1_231' title='bbox 195 2762 303 2827; x_wconf 82' lang='lat' dir='ltr'>haec?</span> <span class='ocrx_word' id='word_1_232' title='bbox 350 2762 511 2827; x_wconf 88' lang='lat' dir='ltr'>Nimirum</span> <span class='ocrx_word' id='word_1_233' title='bbox 535 2765 612 2850; x_wconf 89' lang='lat' dir='ltr'>quia</span> <span class='ocrx_word' id='word_1_234' title='bbox 636 2775 669 2826; x_wconf 89' lang='lat' dir='ltr'>et</span> <span class='ocrx_word' id='word_1_235' title='bbox 692 2787 764 2848; x_wconf 87' lang='lat' dir='ltr'>ego,</span> <span class='ocrx_word' id='word_1_236' title='bbox 788 2763 870 2850; x_wconf 91' lang='lat' dir='ltr'>proh</span> <span class='ocrx_word' id='word_1_237' title='bbox 895 2763 1002 2827; x_wconf 84' lang='lat' dir='ltr'>dolor!</span> <span class='ocrx_word' id='word_1_238' title='bbox 1027 2763 1061 2825; x_wconf 91' lang='lat' dir='ltr'>in</span> <span class='ocrx_word' id='word_1_239' title='bbox 1080 2762 1212 2848; x_wconf 85' lang='lat' dir='ltr'>Egypto</span> <span class='ocrx_word' id='word_1_240' title='bbox 1236 2763 1292 2844; x_wconf 87' lang='lat' dir='ltr'>fui,</span> <span class='ocrx_word' id='word_1_241' title='bbox 1318 2763 1395 2827; x_wconf 88' lang='lat' dir='ltr'>dnm</span> <span class='ocrx_word' id='word_1_242' title='bbox 1419 2765 1504 2827; x_wconf 90' lang='lat' dir='ltr'>inter</span> <span class='ocrx_word' id='word_1_243' title='bbox 1527 2763 1690 2828; x_wconf 86' lang='lat' dir='ltr'>seculares</span> <span class='ocrx_word' id='word_1_244' title='bbox 1715 2764 1851 2828; x_wconf 87' lang='lat' dir='ltr'>clericos</span> 
     </span>
     <span class='ocr_line' id='line_1_22' title="bbox 196 2870 1935 2958; baseline 0.001 -25"><span class='ocrx_word' id='word_1_245' title='bbox 196 2871 303 2933; x_wconf 79' lang='lat' dir='ltr'>*vanis</span> <span class='ocrx_word' id='word_1_246' title='bbox 328 2871 443 2934; x_wconf 88' lang='lat' dir='ltr'>vanior</span> <span class='ocrx_word' id='word_1_247' title='bbox 466 2871 569 2952; x_wconf 90' lang='lat' dir='ltr'>extiti,</span> <span class='ocrx_word' id='word_1_248' title='bbox 594 2882 627 2934; x_wconf 91' lang='lat' dir='ltr'>et</span> <span class='ocrx_word' id='word_1_249' title='bbox 649 2872 711 2934; x_wconf 90' lang='lat' dir='ltr'>nisi</span> <span class='ocrx_word' id='word_1_250' title='bbox 735 2893 786 2934; x_wconf 89' lang='lat' dir='ltr'>me</span> <span class='ocrx_word' id='word_1_251' title='bbox 811 2870 972 2934; x_wconf 85' lang='lat' dir='ltr'>Dominus</span> <span class='ocrx_word' id='word_1_252' title='bbox 999 2870 1033 2932; x_wconf 92' lang='lat' dir='ltr'>in</span> <span class='ocrx_word' id='word_1_253' title='bbox 1056 2871 1181 2955; x_wconf 88' lang='lat' dir='ltr'>ingenti</span> <span class='ocrx_word' id='word_1_254' title='bbox 1205 2892 1336 2956; x_wconf 88' lang='lat' dir='ltr'>pavore,</span> <span class='ocrx_word' id='word_1_255' title='bbox 1368 2871 1402 2933; x_wconf 92' lang='lat' dir='ltr'>in</span> <span class='ocrx_word' id='word_1_256' title='bbox 1433 2871 1534 2956; x_wconf 84' lang='lat' dir='ltr'>signis</span> <span class='ocrx_word' id='word_1_257' title='bbox 1565 2882 1662 2958; x_wconf 87' lang='lat' dir='ltr'>atque</span> <span class='ocrx_word' id='word_1_258' title='bbox 1693 2873 1851 2957; x_wconf 88' lang='lat' dir='ltr'>portentis</span> <span class='ocrx_word' id='word_1_259' title='bbox 1871 2885 1899 2924; x_wconf 81' lang='lat'>⁸·</span> <span class='ocrx_word' id='word_1_260' title='bbox 1921 2885 1935 2924; x_wconf 87' lang='lat'>‘-</span> 
     </span>
     <span class='ocr_line' id='line_1_23' title="bbox 193 2976 1850 3064; baseline 0.001 -23"><span class='ocrx_word' id='word_1_261' title='bbox 193 2978 373 3060; x_wconf 85' lang='lat' dir='ltr'>tenuisset,</span> <span class='ocrx_word' id='word_1_262' title='bbox 397 2979 430 3041; x_wconf 90' lang='lat' dir='ltr'>in</span> <span class='ocrx_word' id='word_1_263' title='bbox 455 2987 578 3042; x_wconf 86' lang='lat' dir='ltr'>tantum</span> <span class='ocrx_word' id='word_1_264' title='bbox 603 2977 753 3064; x_wconf 82' lang='lat' dir='ltr'>Egyptus</span> <span class='ocrx_word' id='word_1_265' title='bbox 777 2978 850 3062; x_wconf 90' lang='lat' dir='ltr'>ipsa</span> <span class='ocrx_word' id='word_1_266' title='bbox 872 2977 1058 3063; x_wconf 77' lang='lat' dir='ltr'>placuisset,</span> <span class='ocrx_word' id='word_1_267' title='bbox 1083 2987 1119 3039; x_wconf 90' lang='lat' dir='ltr'>ut</span> <span class='ocrx_word' id='word_1_268' title='bbox 1141 2999 1308 3062; x_wconf 87' lang='lat' dir='ltr'>nunquam</span> <span class='ocrx_word' id='word_1_269' title='bbox 1332 2976 1407 3040; x_wconf 87' lang='lat' dir='ltr'>inde</span> <span class='ocrx_word' id='word_1_270' title='bbox 1433 2977 1594 3062; x_wconf 89' lang='lat' dir='ltr'>fugientes</span> <span class='ocrx_word' id='word_1_271' title='bbox 1611 2977 1729 3041; x_wconf 91' lang='lat' dir='ltr'>vellem</span> <span class='ocrx_word' id='word_1_272' title='bbox 1753 2979 1850 3042; x_wconf 89' lang='lat' dir='ltr'>comi-</span> 
     </span>
     <span class='ocr_line' id='line_1_24' title="bbox 193 3081 1851 3170; baseline 0.001 -23"><span class='ocrx_word' id='word_1_273' title='bbox 193 3085 265 3166; x_wconf 84' lang='lat' dir='ltr'>tari,</span> <span class='ocrx_word' id='word_1_274' title='bbox 298 3095 365 3148; x_wconf 88' lang='lat' dir='ltr'>tam</span> <span class='ocrx_word' id='word_1_275' title='bbox 395 3107 569 3170; x_wconf 87' lang='lat' dir='ltr'>pomposus</span> <span class='ocrx_word' id='word_1_276' title='bbox 601 3107 690 3148; x_wconf 88' lang='lat' dir='ltr'>eram</span> <span class='ocrx_word' id='word_1_277' title='bbox 721 3085 754 3146; x_wconf 93' lang='lat' dir='ltr'>in</span> <span class='ocrx_word' id='word_1_278' title='bbox 783 3083 871 3148; x_wconf 90' lang='lat' dir='ltr'>cultu</span> <span class='ocrx_word' id='word_1_279' title='bbox 903 3082 1051 3146; x_wconf 89' lang='lat' dir='ltr'>seculari.</span> <span class='ocrx_word' id='word_1_280' title='bbox 1098 3081 1151 3146; x_wconf 89' lang='lat' dir='ltr'>Ab</span> <span class='ocrx_word' id='word_1_281' title='bbox 1176 3105 1261 3146; x_wconf 90' lang='lat' dir='ltr'>auno</span> <span class='ocrx_word' id='word_1_282' title='bbox 1286 3093 1404 3164; x_wconf 90' lang='lat' dir='ltr'>autem,</span> <span class='ocrx_word' id='word_1_283' title='bbox 1429 3095 1465 3147; x_wconf 88' lang='lat' dir='ltr'>ut</span> <span class='ocrx_word' id='word_1_284' title='bbox 1488 3083 1650 3166; x_wconf 87' lang='lat' dir='ltr'>recordor,</span> <span class='ocrx_word' id='word_1_285' title='bbox 1676 3085 1773 3148; x_wconf 90' lang='lat' dir='ltr'>XVI⁰</span> <span class='ocrx_word' id='word_1_286' title='bbox 1798 3084 1851 3149; x_wconf 88' lang='lat' dir='ltr'>vel</span> 
     </span>
     <span class='ocr_line' id='line_1_25' title="bbox 194 3173 1850 3278; baseline 0 -24"><span class='ocrx_word' id='word_1_287' title='bbox 194 3191 311 3254; x_wconf 83' lang='lat' dir='ltr'>XVII⁰</span> <span class='ocrx_word' id='word_1_288' title='bbox 334 3193 449 3254; x_wconf 89' lang='lat' dir='ltr'>aetatis</span> <span class='ocrx_word' id='word_1_289' title='bbox 476 3195 591 3255; x_wconf 89' lang='lat' dir='ltr'>meae¹</span> <span class='ocrx_word' id='word_1_290' title='bbox 621 3213 795 3277; x_wconf 88' lang='lat' dir='ltr'>percussus</span> <span class='ocrx_word' id='word_1_291' title='bbox 826 3191 934 3278; x_wconf 84' lang='lat' dir='ltr'>plaga,</span> <span class='ocrx_word' id='word_1_292' title='bbox 965 3201 998 3253; x_wconf 91' lang='lat' dir='ltr'>et</span> <span class='ocrx_word' id='word_1_293' title='bbox 1028 3188 1137 3254; x_wconf 90' lang='lat' dir='ltr'>dolore</span> <span class='ocrx_word' id='word_1_294' title='bbox 1169 3188 1357 3275; x_wconf 89' lang='lat' dir='ltr'>inportabili</span> <span class='ocrx_word' id='word_1_295' title='bbox 1388 3190 1430 3254; x_wconf 87' lang='lat' dir='ltr'>ad</span> <span class='ocrx_word' id='word_1_296' title='bbox 1460 3192 1661 3277; x_wconf 89' lang='lat' dir='ltr'>propositum</span> <span class='ocrx_word' id='word_1_297' title='bbox 1692 3173 1850 3256; x_wconf 85' lang='lat' dir='ltr'>castitatis</span> 
     </span>
     <span class='ocr_line' id='line_1_26' title="bbox 149 3295 1849 3384; baseline -0.001 -20"><span class='ocrx_word' id='word_1_298' title='bbox 149 3328 175 3366; x_wconf 75' lang='lat' dir='ltr'>aa</span> <span class='ocrx_word' id='word_1_299' title='bbox 193 3309 336 3361; x_wconf 90' lang='lat' dir='ltr'>mentem</span> <span class='ocrx_word' id='word_1_300' title='bbox 361 3299 481 3383; x_wconf 85' lang='lat' dir='ltr'>aptari,</span> <span class='ocrx_word' id='word_1_301' title='bbox 506 3308 540 3362; x_wconf 91' lang='lat' dir='ltr'>et</span> <span class='ocrx_word' id='word_1_302' title='bbox 562 3296 604 3362; x_wconf 91' lang='lat' dir='ltr'>ab</span> <span class='ocrx_word' id='word_1_303' title='bbox 621 3298 817 3379; x_wconf 87' lang='lat' dir='ltr'>infirmitate,</span> <span class='ocrx_word' id='word_1_304' title='bbox 843 3320 927 3384; x_wconf 92' lang='lat' dir='ltr'>quae</span> <span class='ocrx_word' id='word_1_305' title='bbox 951 3308 1028 3361; x_wconf 91' lang='lat' dir='ltr'>tunc</span> <span class='ocrx_word' id='word_1_306' title='bbox 1052 3298 1166 3377; x_wconf 88' lang='lat' dir='ltr'>inerat,</span> <span class='ocrx_word' id='word_1_307' title='bbox 1192 3307 1333 3378; x_wconf 89' lang='lat' dir='ltr'>sanatus,</span> <span class='ocrx_word' id='word_1_308' title='bbox 1359 3298 1511 3361; x_wconf 85' lang='lat' dir='ltr'>continuo</span> <span class='ocrx_word' id='word_1_309' title='bbox 1529 3295 1708 3362; x_wconf 86' lang='lat' dir='ltr'>scolasticis</span> <span class='ocrx_word' id='word_1_310' title='bbox 1725 3300 1849 3363; x_wconf 88' lang='lat' dir='ltr'>exerei-</span> 
     </span>
     <span class='ocr_line' id='line_1_27' title="bbox 194 3402 1849 3490; baseline 0.001 -22"><span class='ocrx_word' id='word_1_311' title='bbox 194 3406 346 3468; x_wconf 87' lang='lat' dir='ltr'>tamentis</span> <span class='ocrx_word' id='word_1_312' title='bbox 376 3416 462 3469; x_wconf 91' lang='lat' dir='ltr'>totus</span> <span class='ocrx_word' id='word_1_313' title='bbox 491 3405 659 3469; x_wconf 87' lang='lat' dir='ltr'>inservivi.</span> <span class='ocrx_word' id='word_1_314' title='bbox 706 3405 941 3490; x_wconf 84' lang='lat' dir='ltr'>Emancipatus</span> <span class='ocrx_word' id='word_1_315' title='bbox 973 3414 1081 3468; x_wconf 91' lang='lat' dir='ltr'>autem</span> <span class='ocrx_word' id='word_1_316' title='bbox 1108 3402 1270 3467; x_wconf 89' lang='lat' dir='ltr'>scolarum</span> <span class='ocrx_word' id='word_1_317' title='bbox 1301 3403 1407 3466; x_wconf 85' lang='lat' dir='ltr'>studio</span> <span class='ocrx_word' id='word_1_318' title='bbox 1437 3415 1469 3467; x_wconf 90' lang='lat' dir='ltr'>et</span> <span class='ocrx_word' id='word_1_319' title='bbox 1493 3403 1701 3467; x_wconf 85' lang='lat' dir='ltr'>confinnatus</span> <span class='ocrx_word' id='word_1_320' title='bbox 1724 3407 1758 3468; x_wconf 91' lang='lat' dir='ltr'>in</span> <span class='ocrx_word' id='word_1_321' title='bbox 1782 3405 1849 3470; x_wconf 90' lang='lat' dir='ltr'>solo</span> 
     </span>
     <span class='ocr_line' id='line_1_28' title="bbox 194 3510 1848 3598; baseline -0.001 -22"><span class='ocrx_word' id='word_1_322' title='bbox 194 3512 352 3575; x_wconf 82' lang='lat' dir='ltr'>castitatis</span> <span class='ocrx_word' id='word_1_323' title='bbox 375 3512 552 3597; x_wconf 89' lang='lat' dir='ltr'>proposito,</span> <span class='ocrx_word' id='word_1_324' title='bbox 575 3534 628 3574; x_wconf 91' lang='lat' dir='ltr'>me</span> <span class='ocrx_word' id='word_1_325' title='bbox 652 3513 806 3576; x_wconf 89' lang='lat' dir='ltr'>miserum</span> <span class='ocrx_word' id='word_1_326' title='bbox 830 3511 959 3598; x_wconf 89' lang='lat' dir='ltr'>perdita</span> <span class='ocrx_word' id='word_1_327' title='bbox 977 3510 1174 3594; x_wconf 91' lang='lat' dir='ltr'>virginitate,</span> <span class='ocrx_word' id='word_1_328' title='bbox 1199 3510 1335 3573; x_wconf 91' lang='lat' dir='ltr'>nimium</span> <span class='ocrx_word' id='word_1_329' title='bbox 1360 3532 1442 3590; x_wconf 86' lang='lat' dir='ltr'>sero,</span> <span class='ocrx_word' id='word_1_330' title='bbox 1467 3533 1550 3596; x_wconf 89' lang='lat' dir='ltr'>pene</span> <span class='ocrx_word' id='word_1_331' title='bbox 1575 3511 1632 3591; x_wconf 87' lang='lat' dir='ltr'>fui,</span> <span class='ocrx_word' id='word_1_332' title='bbox 1658 3511 1754 3574; x_wconf 91' lang='lat' dir='ltr'>immo</span> <span class='ocrx_word' id='word_1_333' title='bbox 1771 3534 1848 3575; x_wconf 87' lang='lat' dir='ltr'>vere</span> 
     </span>
     <span class='ocr_line' id='line_1_29' title="bbox 194 3616 1848 3704; baseline 0 -23"><span class='ocrx_word' id='word_1_334' title='bbox 194 3641 266 3681; x_wconf 89' lang='lat' dir='ltr'>csse</span> <span class='ocrx_word' id='word_1_335' title='bbox 291 3616 400 3682; x_wconf 88' lang='lat' dir='ltr'>studui</span> <span class='ocrx_word' id='word_1_336' title='bbox 424 3629 565 3683; x_wconf 81' lang='lat' dir='ltr'>sectator</span> <span class='ocrx_word' id='word_1_337' title='bbox 587 3617 706 3681; x_wconf 90' lang='lat' dir='ltr'>Iuliani</span> <span class='ocrx_word' id='word_1_338' title='bbox 729 3629 915 3704; x_wconf 86' lang='lat' dir='ltr'>apostatae;</span> <span class='ocrx_word' id='word_1_339' title='bbox 947 3618 1025 3704; x_wconf 90' lang='lat' dir='ltr'>quia</span> <span class='ocrx_word' id='word_1_340' title='bbox 1055 3627 1241 3701; x_wconf 86' lang='lat' dir='ltr'>susceptum</span> <span class='ocrx_word' id='word_1_341' title='bbox 1266 3616 1454 3680; x_wconf 87' lang='lat' dir='ltr'>clericatum</span> <span class='ocrx_word' id='word_1_342' title='bbox 1479 3616 1683 3703; x_wconf 87' lang='lat' dir='ltr'>dedignabar</span> <span class='ocrx_word' id='word_1_343' title='bbox 1706 3629 1848 3700; x_wconf 84' lang='lat' dir='ltr'>tonsura,</span> 
     </span>
     <span class='ocr_line' id='line_1_30' title="bbox 194 3722 1848 3810; baseline 0.001 -23"><span class='ocrx_word' id='word_1_344' title='bbox 194 3735 227 3788; x_wconf 92' lang='lat' dir='ltr'>et</span> <span class='ocrx_word' id='word_1_345' title='bbox 250 3724 323 3788; x_wconf 86' lang='lat' dir='ltr'>aliis</span> <span class='ocrx_word' id='word_1_346' title='bbox 347 3723 507 3810; x_wconf 88' lang='lat' dir='ltr'>religiosis</span> <span class='ocrx_word' id='word_1_347' title='bbox 531 3723 661 3788; x_wconf 85' lang='lat' dir='ltr'>indiciis</span> <span class='ocrx_word' id='word_1_348' title='bbox 686 3727 825 3788; x_wconf 88' lang='lat' dir='ltr'>vestium</span> <span class='ocrx_word' id='word_1_349' title='bbox 849 3725 1005 3789; x_wconf 90' lang='lat' dir='ltr'>decenter</span> <span class='ocrx_word' id='word_1_350' title='bbox 1029 3745 1155 3804; x_wconf 90' lang='lat' dir='ltr'>ornare,</span> <span class='ocrx_word' id='word_1_351' title='bbox 1188 3722 1300 3786; x_wconf 84' lang='lat' dir='ltr'>solitus</span> <span class='ocrx_word' id='word_1_352' title='bbox 1324 3746 1375 3786; x_wconf 92' lang='lat' dir='ltr'>me</span> <span class='ocrx_word' id='word_1_353' title='bbox 1400 3724 1447 3787; x_wconf 87' lang='lat' dir='ltr'>sic</span> <span class='ocrx_word' id='word_1_354' title='bbox 1471 3723 1621 3806; x_wconf 87' lang='lat' dir='ltr'>formare,</span> <span class='ocrx_word' id='word_1_355' title='bbox 1649 3725 1769 3788; x_wconf 63' lang='grc' dir='ltr'>11111110ει</span> <span class='ocrx_word' id='word_1_356' title='bbox 1795 3724 1848 3788; x_wconf 89' lang='lat' dir='ltr'>de-</span> 
     </span>
     <span class='ocr_line' id='line_1_31' title="bbox 149 3829 1847 3917; baseline 0.001 -23"><span class='ocrx_word' id='word_1_357' title='bbox 149 3863 175 3900; x_wconf 72' lang='lat'>20</span> <span class='ocrx_word' id='word_1_358' title='bbox 194 3833 344 3912; x_wconf 87' lang='lat' dir='ltr'>formare,</span> <span class='ocrx_word' id='word_1_359' title='bbox 375 3843 411 3895; x_wconf 91' lang='lat' dir='ltr'>ut</span> <span class='ocrx_word' id='word_1_360' title='bbox 442 3854 492 3895; x_wconf 92' lang='lat' dir='ltr'>me</span> <span class='ocrx_word' id='word_1_361' title='bbox 523 3831 711 3917; x_wconf 88' lang='lat' dir='ltr'>specialiter</span> <span class='ocrx_word' id='word_1_362' title='bbox 741 3833 882 3917; x_wconf 90' lang='lat' dir='ltr'>potuerit</span> <span class='ocrx_word' id='word_1_363' title='bbox 912 3844 1025 3895; x_wconf 89' lang='lat' dir='ltr'>notare</span> <span class='ocrx_word' id='word_1_364' title='bbox 1050 3830 1174 3893; x_wconf 76' lang='lat' dir='ltr'>XL¹¹¹¹¹¹¹¹</span> <span class='ocrx_word' id='word_1_365' title='bbox 1199 3829 1377 3916; x_wconf 87' lang='lat' dir='ltr'>capitulum</span> <span class='ocrx_word' id='word_1_366' title='bbox 1401 3830 1551 3894; x_wconf 81' lang='lat' dir='ltr'>Toletani</span> <span class='ocrx_word' id='word_1_367' title='bbox 1584 3829 1713 3894; x_wconf 90' lang='lat' dir='ltr'>concilii</span> <span class='ocrx_word' id='word_1_368' title='bbox 1745 3834 1847 3912; x_wconf 85' lang='lat' dir='ltr'>tercii,</span> 
     </span>
     <span class='ocr_line' id='line_1_32' title="bbox 194 3936 1848 4025; baseline 0.001 -23"><span class='ocrx_word' id='word_1_369' title='bbox 194 3939 282 4024; x_wconf 90' lang='lat' dir='ltr'>quod</span> <span class='ocrx_word' id='word_1_370' title='bbox 305 3940 351 4002; x_wconf 89' lang='lat' dir='ltr'>sic</span> <span class='ocrx_word' id='word_1_371' title='bbox 376 3961 411 4002; x_wconf 90' lang='lat' dir='ltr'>se</span> <span class='ocrx_word' id='word_1_372' title='bbox 434 3936 571 4002; x_wconf 82' lang='lat' dir='ltr'>habet²:</span> <span class='ocrx_word' id='word_1_373' title='bbox 599 3937 712 4004; x_wconf 80' lang='lat' dir='ltr'>Orrraes</span> <span class='ocrx_word' id='word_1_374' title='bbox 735 3941 848 4004; x_wconf 81' lang='lat' dir='ltr'>clerici</span> <span class='ocrx_word' id='word_1_375' title='bbox 869 3941 918 4002; x_wconf 84' lang='lat' dir='ltr'>rel</span> <span class='ocrx_word' id='word_1_376' title='bbox 941 3940 1066 4003; x_wconf 83' lang='lat' dir='ltr'>lectores</span> <span class='ocrx_word' id='word_1_377' title='bbox 1089 3941 1170 4002; x_wconf 81' lang='lat' dir='ltr'>sicut</span> <span class='ocrx_word' id='word_1_378' title='bbox 1193 3939 1304 4002; x_wconf 83' lang='lat' dir='ltr'>lerr&#39;tae</span> <span class='ocrx_word' id='word_1_379' title='bbox 1328 3953 1355 4002; x_wconf 88' lang='lat' dir='ltr'>et</span> <span class='ocrx_word' id='word_1_380' title='bbox 1377 3939 1562 4018; x_wconf 77' lang='lat' dir='ltr'>sacerdotes,</span> <span class='ocrx_word' id='word_1_381' title='bbox 1595 3939 1719 4003; x_wconf 80' lang='lat' dir='ltr'>deta-aso</span> <span class='ocrx_word' id='word_1_382' title='bbox 1747 3943 1848 4025; x_wconf 85' lang='lat' dir='ltr'>capite</span> 
     </span>
     <span class='ocr_line' id='line_1_33' title="bbox 193 4046 1848 4134; baseline 0 -25"><span class='ocrx_word' id='word_1_383' title='bbox 193 4061 252 4110; x_wconf 79' lang='lat' dir='ltr'>toto</span> <span class='ocrx_word' id='word_1_384' title='bbox 275 4049 432 4132; x_wconf 77' lang='lat' dir='ltr'>saperius,</span> <span class='ocrx_word' id='word_1_385' title='bbox 463 4048 604 4134; x_wconf 83' lang='lat' dir='ltr'>inferias</span> <span class='ocrx_word' id='word_1_386' title='bbox 634 4047 734 4110; x_wconf 87' lang='lat' dir='ltr'>sclam</span> <span class='ocrx_word' id='word_1_387' title='bbox 758 4047 876 4110; x_wconf 80' lang='lat' dir='ltr'>circuli</span> <span class='ocrx_word' id='word_1_388' title='bbox 896 4070 1042 4110; x_wconf 80' lang='lat' dir='ltr'>coronam</span> <span class='ocrx_word' id='word_1_389' title='bbox 1069 4047 1260 4132; x_wconf 80' lang='lat' dir='ltr'>relinquant,</span> <span class='ocrx_word' id='word_1_390' title='bbox 1291 4071 1353 4109; x_wconf 84' lang='grc'>000</span> <span class='ocrx_word' id='word_1_391' title='bbox 1382 4049 1463 4109; x_wconf 83' lang='lat' dir='ltr'>sicat</span> <span class='ocrx_word' id='word_1_392' title='bbox 1493 4047 1648 4130; x_wconf 66' lang='lat' dir='ltr'>discorsque</span> <span class='ocrx_word' id='word_1_393' title='bbox 1681 4048 1712 4108; x_wconf 83' lang='lat' dir='ltr'>in</span> <span class='ocrx_word' id='word_1_394' title='bbox 1739 4046 1848 4110; x_wconf 72' lang='lat' dir='ltr'>(indie</span> 
     </span>
     <span class='ocr_line' id='line_1_34' title="bbox 187 4152 1847 4240; baseline 0 -24"><span class='ocrx_word' id='word_1_395' title='bbox 187 4155 338 4238; x_wconf 83' lang='lat' dir='ltr'>partibus</span> <span class='ocrx_word' id='word_1_396' title='bbox 354 4154 470 4240; x_wconf 85' lang='lat' dir='ltr'>facere</span> <span class='ocrx_word' id='word_1_397' title='bbox 494 4155 621 4216; x_wconf 81' lang='lat' dir='ltr'>lectores</span> <span class='ocrx_word' id='word_1_398' title='bbox 651 4153 807 4233; x_wconf 71' lang='lat' dir='ltr'>addentur,</span> <span class='ocrx_word' id='word_1_399' title='bbox 838 4155 897 4239; x_wconf 80' lang='lat' dir='ltr'>qai</span> <span class='ocrx_word' id='word_1_400' title='bbox 917 4153 1072 4239; x_wconf 56' lang='lat' dir='ltr'>praisdis,</span> <span class='ocrx_word' id='word_1_401' title='bbox 1102 4155 1183 4216; x_wconf 83' lang='lat' dir='ltr'>sicat</span> <span class='ocrx_word' id='word_1_402' title='bbox 1213 4154 1301 4232; x_wconf 86' lang='lat' dir='ltr'>laici,</span> <span class='ocrx_word' id='word_1_403' title='bbox 1334 4155 1440 4230; x_wconf 71' lang='lat' dir='ltr'>rosiris,</span> <span class='ocrx_word' id='word_1_404' title='bbox 1472 4152 1594 4216; x_wconf 82' lang='lat' dir='ltr'>insola</span> <span class='ocrx_word' id='word_1_405' title='bbox 1619 4155 1734 4238; x_wconf 84' lang='lat' dir='ltr'>cupitis</span> <span class='ocrx_word' id='word_1_406' title='bbox 1757 4156 1847 4238; x_wconf 89' lang='lat' dir='ltr'>apice</span> 
     </span>
     <span class='ocr_line' id='line_1_35' title="bbox 193 4259 1847 4346; baseline 0.001 -24"><span class='ocrx_word' id='word_1_407' title='bbox 193 4260 352 4324; x_wconf 78' lang='lat' dir='ltr'>modicata</span> <span class='ocrx_word' id='word_1_408' title='bbox 375 4261 528 4323; x_wconf 78' lang='lat' dir='ltr'>circulum</span> <span class='ocrx_word' id='word_1_409' title='bbox 552 4260 672 4324; x_wconf 79' lang='lat' dir='ltr'>lrabeat.</span> <span class='ocrx_word' id='word_1_410' title='bbox 709 4260 804 4324; x_wconf 82' lang='lat' dir='ltr'>Ritus</span> <span class='ocrx_word' id='word_1_411' title='bbox 827 4263 909 4324; x_wconf 82' lang='lat' dir='ltr'>caim</span> <span class='ocrx_word' id='word_1_412' title='bbox 933 4262 990 4324; x_wconf 86' lang='lat' dir='ltr'>iste</span> <span class='ocrx_word' id='word_1_413' title='bbox 1015 4263 1048 4323; x_wconf 86' lang='lat' dir='ltr'>in</span> <span class='ocrx_word' id='word_1_414' title='bbox 1068 4259 1233 4345; x_wconf 81' lang='lat' dir='ltr'>Hispania</span> <span class='ocrx_word' id='word_1_415' title='bbox 1257 4261 1413 4344; x_wconf 75' lang='lat' dir='ltr'>irrisusque</span> <span class='ocrx_word' id='word_1_416' title='bbox 1438 4262 1622 4323; x_wconf 79' lang='lat' dir='ltr'>ereticorum</span> <span class='ocrx_word' id='word_1_417' title='bbox 1638 4260 1720 4346; x_wconf 75' lang='lat' dir='ltr'>fait.</span> <span class='ocrx_word' id='word_1_418' title='bbox 1759 4260 1847 4324; x_wconf 65' lang='lat' dir='ltr'>olida</span> 
     </span>
     <span class='ocr_line' id='line_1_36' title="bbox 149 4365 1849 4453; baseline 0.001 -23"><span class='ocrx_word' id='word_1_419' title='bbox 149 4397 176 4438; x_wconf 65' lang='lat' dir='ltr'>a</span> <span class='ocrx_word' id='word_1_420' title='bbox 194 4381 321 4453; x_wconf 81' lang='lat' dir='ltr'>oportet,</span> <span class='ocrx_word' id='word_1_421' title='bbox 345 4381 379 4430; x_wconf 85' lang='lat' dir='ltr'>ut</span> <span class='ocrx_word' id='word_1_422' title='bbox 393 4391 458 4453; x_wconf 87' lang='lat' dir='ltr'>pro</span> <span class='ocrx_word' id='word_1_423' title='bbox 482 4365 674 4453; x_wconf 71' lang='lat' dir='ltr'>arripiataado</span> <span class='ocrx_word' id='word_1_424' title='bbox 699 4368 867 4430; x_wconf 69' lang='lat' dir='ltr'>aeecclesiae</span> <span class='ocrx_word' id='word_1_425' title='bbox 890 4367 1042 4430; x_wconf 78' lang='lat' dir='ltr'>acarrdalo</span> <span class='ocrx_word' id='word_1_426' title='bbox 1065 4367 1122 4429; x_wconf 78' lang='lat' dir='ltr'>lroc</span> <span class='ocrx_word' id='word_1_427' title='bbox 1145 4368 1268 4452; x_wconf 65' lang='lat' dir='ltr'>cipri-raa</span> <span class='ocrx_word' id='word_1_428' title='bbox 1286 4367 1448 4430; x_wconf 85' lang='lat' dir='ltr'>dedecoris</span> <span class='ocrx_word' id='word_1_429' title='bbox 1465 4368 1645 4453; x_wconf 79' lang='lat' dir='ltr'>anferatur,</span> <span class='ocrx_word' id='word_1_430' title='bbox 1670 4381 1697 4430; x_wconf 84' lang='lat' dir='ltr'>et</span> <span class='ocrx_word' id='word_1_431' title='bbox 1720 4392 1781 4430; x_wconf 80' lang='grc'><strong>1010</strong></span> <span class='ocrx_word' id='word_1_432' title='bbox 1806 4369 1849 4431; x_wconf 85' lang='lat' dir='ltr'>sit</span> 
     </span>
     <span class='ocr_line' id='line_1_37' title="bbox 192 4473 1849 4561; baseline 0.001 -25"><span class='ocrx_word' id='word_1_433' title='bbox 192 4489 320 4538; x_wconf 79' lang='lat' dir='ltr'>tonsura</span> <span class='ocrx_word' id='word_1_434' title='bbox 344 4473 395 4538; x_wconf 81' lang='lat' dir='ltr'>cei</span> <span class='ocrx_word' id='word_1_435' title='bbox 415 4474 550 4553; x_wconf 75' lang='lat' dir='ltr'>liabitas,</span> <span class='ocrx_word' id='word_1_436' title='bbox 573 4475 655 4538; x_wconf 83' lang='lat' dir='ltr'>sicut</span> <span class='ocrx_word' id='word_1_437' title='bbox 676 4477 769 4538; x_wconf 79' lang='lat' dir='ltr'>totius</span> <span class='ocrx_word' id='word_1_438' title='bbox 785 4473 973 4560; x_wconf 68' lang='lat' dir='ltr'>lipsspraaiac</span> <span class='ocrx_word' id='word_1_439' title='bbox 997 4487 1041 4537; x_wconf 84' lang='lat' dir='ltr'>cst</span> <span class='ocrx_word' id='word_1_440' title='bbox 1063 4498 1145 4536; x_wconf 83' lang='lat' dir='ltr'>usus.</span> <span class='ocrx_word' id='word_1_441' title='bbox 1186 4473 1252 4550; x_wconf 76' lang='lat' dir='ltr'>Qui</span> <span class='ocrx_word' id='word_1_442' title='bbox 1264 4487 1366 4536; x_wconf 83' lang='lat' dir='ltr'>autera</span> <span class='ocrx_word' id='word_1_443' title='bbox 1389 4474 1445 4536; x_wconf 80' lang='grc'><strong>1100</strong></span> <span class='ocrx_word' id='word_1_444' title='bbox 1468 4499 1530 4537; x_wconf 74' lang='lat' dir='ltr'>rica</span> <span class='ocrx_word' id='word_1_445' title='bbox 1554 4474 1745 4554; x_wconf 82' lang='lat' dir='ltr'>custodie-rit,</span> <span class='ocrx_word' id='word_1_446' title='bbox 1762 4475 1849 4561; x_wconf 83' lang='lat' dir='ltr'>fidei</span> 
     </span>
     <span class='ocr_line' id='line_1_38' title="bbox 193 4578 1921 4666; baseline -0.001 -22"><span class='ocrx_word' id='word_1_447' title='bbox 193 4581 379 4645; x_wconf 78' lang='lat' dir='ltr'>&#39;catholicae</span> <span class='ocrx_word' id='word_1_448' title='bbox 402 4605 474 4644; x_wconf 84' lang='lat' dir='ltr'>rens</span> <span class='ocrx_word' id='word_1_449' title='bbox 498 4582 564 4644; x_wconf 83' lang='lat' dir='ltr'>erit.</span> <span class='ocrx_word' id='word_1_450' title='bbox 612 4578 718 4664; x_wconf 87' lang='lat' dir='ltr'>Igitur</span> <span class='ocrx_word' id='word_1_451' title='bbox 741 4589 773 4642; x_wconf 90' lang='lat' dir='ltr'>et</span> <span class='ocrx_word' id='word_1_452' title='bbox 796 4601 857 4664; x_wconf 91' lang='lat' dir='ltr'>ego</span> <span class='ocrx_word' id='word_1_453' title='bbox 881 4589 958 4642; x_wconf 90' lang='lat' dir='ltr'>tunc</span> <span class='ocrx_word' id='word_1_454' title='bbox 984 4578 1163 4643; x_wconf 86' lang='lat' dir='ltr'>catholicae</span> <span class='ocrx_word' id='word_1_455' title='bbox 1193 4578 1272 4642; x_wconf 91' lang='lat' dir='ltr'>fidei</span> <span class='ocrx_word' id='word_1_456' title='bbox 1294 4601 1369 4642; x_wconf 89' lang='lat' dir='ltr'>reus</span> <span class='ocrx_word' id='word_1_457' title='bbox 1393 4580 1485 4642; x_wconf 90' lang='lat' dir='ltr'>iuxta</span> <span class='ocrx_word' id='word_1_458' title='bbox 1508 4602 1643 4665; x_wconf 85' lang='lat' dir='ltr'>presens</span> <span class='ocrx_word' id='word_1_459' title='bbox 1668 4579 1845 4666; x_wconf 90' lang='lat' dir='ltr'>capitulum</span> <span class='ocrx_word' id='word_1_460' title='bbox 1864 4594 1921 4634; x_wconf 63' lang='lat' dir='ltr'>‘aa</span> 
     </span>
     <span class='ocr_line' id='line_1_39' title="bbox 193 4684 1845 4774; baseline 0.001 -26"><span class='ocrx_word' id='word_1_461' title='bbox 193 4687 295 4768; x_wconf 86' lang='lat' dir='ltr'>extiti,</span> <span class='ocrx_word' id='word_1_462' title='bbox 320 4687 397 4774; x_wconf 90' lang='lat' dir='ltr'>quia</span> <span class='ocrx_word' id='word_1_463' title='bbox 421 4687 625 4768; x_wconf 86' lang='lat' dir='ltr'>ereticorum,</span> <span class='ocrx_word' id='word_1_464' title='bbox 642 4684 796 4749; x_wconf 87' lang='lat' dir='ltr'>videlicet</span> <span class='ocrx_word' id='word_1_465' title='bbox 814 4685 1067 4768; x_wconf 87' lang='lat' dir='ltr'>lulianistarum,</span> <span class='ocrx_word' id='word_1_466' title='bbox 1084 4709 1210 4750; x_wconf 88' lang='lat' dir='ltr'>veneno</span> <span class='ocrx_word' id='word_1_467' title='bbox 1235 4685 1349 4749; x_wconf 88' lang='lat' dir='ltr'>saltem</span> <span class='ocrx_word' id='word_1_468' title='bbox 1373 4686 1406 4749; x_wconf 93' lang='lat' dir='ltr'>in</span> <span class='ocrx_word' id='word_1_469' title='bbox 1429 4684 1544 4750; x_wconf 90' lang='lat' dir='ltr'>habitu</span> <span class='ocrx_word' id='word_1_470' title='bbox 1568 4686 1650 4750; x_wconf 88' lang='lat' dir='ltr'>laico</span> <span class='ocrx_word' id='word_1_471' title='bbox 1675 4686 1728 4749; x_wconf 87' lang='lat' dir='ltr'>vel</span> <span class='ocrx_word' id='word_1_472' title='bbox 1752 4689 1845 4772; x_wconf 90' lang='lat' dir='ltr'>quasi</span> 
     </span>
     <span class='ocr_line' id='line_1_40' title="bbox 193 4791 1845 4880; baseline 0.001 -25"><span class='ocrx_word' id='word_1_473' title='bbox 193 4791 275 4856; x_wconf 88' lang='lat' dir='ltr'>laico</span> <span class='ocrx_word' id='word_1_474' title='bbox 306 4793 503 4880; x_wconf 89' lang='lat' dir='ltr'>participavi</span> <span class='ocrx_word' id='word_1_475' title='bbox 513 4797 534 4856; x_wconf 79' lang='lat'>³.</span> <span class='ocrx_word' id='word_1_476' title='bbox 581 4792 704 4856; x_wconf 87' lang='lat' dir='ltr'>Verum</span> <span class='ocrx_word' id='word_1_477' title='bbox 734 4814 821 4856; x_wconf 90' lang='lat' dir='ltr'>nuno</span> <span class='ocrx_word' id='word_1_478' title='bbox 851 4815 911 4878; x_wconf 88' lang='lat' dir='ltr'>per</span> <span class='ocrx_word' id='word_1_479' title='bbox 935 4792 999 4856; x_wconf 92' lang='lat' dir='ltr'>Dei</span> <span class='ocrx_word' id='word_1_480' title='bbox 1023 4793 1161 4877; x_wconf 89' lang='lat' dir='ltr'>gratiam</span> <span class='ocrx_word' id='word_1_481' title='bbox 1186 4791 1227 4856; x_wconf 93' lang='lat' dir='ltr'>ab</span> <span class='ocrx_word' id='word_1_482' title='bbox 1251 4793 1320 4855; x_wconf 89' lang='lat' dir='ltr'>istis</span> <span class='ocrx_word' id='word_1_483' title='bbox 1345 4794 1438 4856; x_wconf 87' lang='lat' dir='ltr'>vanis</span> <span class='ocrx_word' id='word_1_484' title='bbox 1470 4805 1610 4878; x_wconf 90' lang='lat' dir='ltr'>ereptus,</span> <span class='ocrx_word' id='word_1_485' title='bbox 1641 4805 1673 4856; x_wconf 90' lang='lat' dir='ltr'>et</span> <span class='ocrx_word' id='word_1_486' title='bbox 1700 4792 1845 4878; x_wconf 86' lang='lat' dir='ltr'>regulam</span> 
     </span>
     <span class='ocr_line' id='line_1_41' title="bbox 150 4881 1972 4986; baseline -0.003 -18"><span class='ocrx_word' id='word_1_487' title='bbox 150 4931 175 4968; x_wconf 84' lang='grc'><strong>10</strong></span> <span class='ocrx_word' id='word_1_488' title='bbox 193 4899 411 4985; x_wconf 87' lang='lat' dir='ltr'>apostolorum</span> <span class='ocrx_word' id='word_1_489' title='bbox 433 4922 493 4986; x_wconf 92' lang='lat' dir='ltr'>per</span> <span class='ocrx_word' id='word_1_490' title='bbox 516 4899 639 4985; x_wconf 90' lang='lat' dir='ltr'>aliquot</span> <span class='ocrx_word' id='word_1_491' title='bbox 662 4921 764 4962; x_wconf 89' lang='lat' dir='ltr'>annos</span> <span class='ocrx_word' id='word_1_492' title='bbox 787 4900 880 4962; x_wconf 89' lang='lat' dir='ltr'>iuxta</span> <span class='ocrx_word' id='word_1_493' title='bbox 903 4899 1084 4962; x_wconf 81' lang='lat' dir='ltr'>doctrinam</span> <span class='ocrx_word' id='word_1_494' title='bbox 1102 4900 1206 4962; x_wconf 88' lang='lat' dir='ltr'>sancti</span> <span class='ocrx_word' id='word_1_495' title='bbox 1221 4897 1398 4984; x_wconf 80' lang='lat' dir='ltr'>Augustini</span> <span class='ocrx_word' id='word_1_496' title='bbox 1414 4910 1578 4985; x_wconf 91' lang='lat' dir='ltr'>utcunque</span> <span class='ocrx_word' id='word_1_497' title='bbox 1596 4910 1747 4980; x_wconf 87' lang='lat' dir='ltr'>sectatus,</span> <span class='ocrx_word' id='word_1_498' title='bbox 1772 4921 1844 4984; x_wconf 88' lang='lat' dir='ltr'>pro·</span> <span class='ocrx_word' id='word_1_499' title='bbox 1864 4881 1972 4984; x_wconf 60' lang='lat' dir='ltr'>⁰7⁸J¹J;,‚²⁶&#39;</span> 
     </span>
     <span class='ocr_line' id='line_1_42' title="bbox 193 5005 1844 5092; baseline -0.001 -23"><span class='ocrx_word' id='word_1_500' title='bbox 193 5006 286 5070; x_wconf 84' lang='lat' dir='ltr'>liteor</span> <span class='ocrx_word' id='word_1_501' title='bbox 315 5005 411 5071; x_wconf 90' lang='lat' dir='ltr'>hodie</span> <span class='ocrx_word' id='word_1_502' title='bbox 443 5028 552 5070; x_wconf 91' lang='lat' dir='ltr'>eoram</span> <span class='ocrx_word' id='word_1_503' title='bbox 583 5006 713 5070; x_wconf 89' lang='lat' dir='ltr'>domino</span> <span class='ocrx_word' id='word_1_504' title='bbox 737 5005 810 5069; x_wconf 91' lang='lat' dir='ltr'>Deo</span> <span class='ocrx_word' id='word_1_505' title='bbox 835 5015 901 5085; x_wconf 91' lang='lat' dir='ltr'>tuo,</span> <span class='ocrx_word' id='word_1_506' title='bbox 926 5007 981 5091; x_wconf 94' lang='lat' dir='ltr'>qui</span> <span class='ocrx_word' id='word_1_507' title='bbox 1006 5005 1176 5068; x_wconf 84' lang='lat' dir='ltr'>exaudivit</span> <span class='ocrx_word' id='word_1_508' title='bbox 1198 5028 1250 5068; x_wconf 92' lang='lat' dir='ltr'>me</span> <span class='ocrx_word' id='word_1_509' title='bbox 1275 5017 1307 5069; x_wconf 90' lang='lat' dir='ltr'>et</span> <span class='ocrx_word' id='word_1_510' title='bbox 1330 5008 1474 5092; x_wconf 88' lang='lat' dir='ltr'>respexit</span> <span class='ocrx_word' id='word_1_511' title='bbox 1501 5005 1714 5069; x_wconf 90' lang='lat' dir='ltr'>humilitatem</span> <span class='ocrx_word' id='word_1_512' title='bbox 1738 5028 1844 5069; x_wconf 89' lang='lat' dir='ltr'>meam</span> 
     </span>
     <span class='ocr_line' id='line_1_43' title="bbox 193 5105 1843 5199; baseline -0.001 -23"><span class='ocrx_word' id='word_1_513' title='bbox 193 5123 224 5176; x_wconf 88' lang='lat' dir='ltr'>et</span> <span class='ocrx_word' id='word_1_514' title='bbox 246 5111 391 5177; x_wconf 90' lang='lat' dir='ltr'>laborem</span> <span class='ocrx_word' id='word_1_515' title='bbox 415 5123 512 5199; x_wconf 88' lang='lat' dir='ltr'>atque</span> <span class='ocrx_word' id='word_1_516' title='bbox 537 5114 729 5198; x_wconf 87' lang='lat' dir='ltr'>angustiam,</span> <span class='ocrx_word' id='word_1_517' title='bbox 756 5121 787 5175; x_wconf 91' lang='lat' dir='ltr'>et</span> <span class='ocrx_word' id='word_1_518' title='bbox 811 5112 925 5176; x_wconf 88' lang='lat' dir='ltr'>eduxit</span> <span class='ocrx_word' id='word_1_519' title='bbox 941 5134 992 5175; x_wconf 92' lang='lat' dir='ltr'>me</span> <span class='ocrx_word' id='word_1_520' title='bbox 1009 5111 1049 5174; x_wconf 92' lang='lat' dir='ltr'>de</span> <span class='ocrx_word' id='word_1_521' title='bbox 1066 5112 1198 5198; x_wconf 86' lang='lat' dir='ltr'>Egypto</span> <span class='ocrx_word' id='word_1_522' title='bbox 1222 5113 1257 5175; x_wconf 92' lang='lat' dir='ltr'>in</span> <span class='ocrx_word' id='word_1_523' title='bbox 1273 5105 1461 5176; x_wconf 76' lang='lat' dir='ltr'>manuforti</span> <span class='ocrx_word' id='word_1_524' title='bbox 1485 5126 1518 5176; x_wconf 89' lang='lat' dir='ltr'>et</span> <span class='ocrx_word' id='word_1_525' title='bbox 1541 5111 1676 5176; x_wconf 90' lang='lat' dir='ltr'>brachio</span> <span class='ocrx_word' id='word_1_526' title='bbox 1701 5122 1843 5175; x_wconf 88' lang='lat' dir='ltr'>extento.</span> 
     </span>
     <span class='ocr_line' id='line_1_44' title="bbox 193 5217 1844 5306; baseline -0.001 -23"><span class='ocrx_word' id='word_1_527' title='bbox 193 5220 260 5284; x_wconf 90' lang='lat' dir='ltr'>Iam</span> <span class='ocrx_word' id='word_1_528' title='bbox 285 5219 417 5305; x_wconf 90' lang='lat' dir='ltr'>quidem</span> <span class='ocrx_word' id='word_1_529' title='bbox 441 5219 529 5306; x_wconf 93' lang='lat' dir='ltr'>quod</span> <span class='ocrx_word' id='word_1_530' title='bbox 551 5219 606 5282; x_wconf 87' lang='lat' dir='ltr'>lex</span> <span class='ocrx_word' id='word_1_531' title='bbox 629 5221 776 5305; x_wconf 88' lang='lat' dir='ltr'>precepit</span> <span class='ocrx_word' id='word_1_532' title='bbox 800 5218 875 5300; x_wconf 87' lang='lat' dir='ltr'>feci,</span> <span class='ocrx_word' id='word_1_533' title='bbox 907 5241 1046 5304; x_wconf 87' lang='lat' dir='ltr'>pergens</span> <span class='ocrx_word' id='word_1_534' title='bbox 1071 5217 1113 5282; x_wconf 92' lang='lat' dir='ltr'>ad</span> <span class='ocrx_word' id='word_1_535' title='bbox 1136 5218 1242 5282; x_wconf 89' lang='lat' dir='ltr'>locum</span> <span class='ocrx_word' id='word_1_536' title='bbox 1267 5241 1363 5304; x_wconf 91' lang='lat' dir='ltr'>quem</span> <span class='ocrx_word' id='word_1_537' title='bbox 1387 5219 1535 5283; x_wconf 89' lang='lat' dir='ltr'>dominus</span> <span class='ocrx_word' id='word_1_538' title='bbox 1559 5218 1652 5282; x_wconf 89' lang='lat' dir='ltr'>Deus</span> <span class='ocrx_word' id='word_1_539' title='bbox 1677 5218 1784 5304; x_wconf 88' lang='lat' dir='ltr'>elegit,</span> <span class='ocrx_word' id='word_1_540' title='bbox 1809 5229 1844 5282; x_wconf 91' lang='lat' dir='ltr'>ut</span> 
     </span>
    </p>
   </div>
   <div class='ocr_carea' id='block_1_4' title="bbox 298 5453 655 5521">
    <p class='ocr_par' dir='ltr' id='par_1_4' title="bbox 298 5453 655 5521">
     <span class='ocr_line' id='line_1_45' title="bbox 298 5453 655 5521; baseline 0.003 -15"><span class='ocrx_word' id='word_1_541' title='bbox 298 5453 325 5518; x_wconf 81' lang='lat' dir='ltr'>a)</span> <span class='ocrx_word' id='word_1_542' title='bbox 347 5459 365 5505; x_wconf 90' lang='lat' dir='ltr'>i.</span> <span class='ocrx_word' id='word_1_543' title='bbox 385 5457 410 5506; x_wconf 86' lang='lat' dir='ltr'>d.</span> <span class='ocrx_word' id='word_1_544' title='bbox 429 5457 457 5506; x_wconf 83' lang='lat' dir='ltr'>in</span> <span class='ocrx_word' id='word_1_545' title='bbox 475 5474 555 5521; x_wconf 69' lang='lat' dir='ltr'>marg.</span> <span class='ocrx_word' id='word_1_546' title='bbox 573 5458 655 5520; x_wconf 78' lang='lat' dir='ltr'>suppl.</span> 
     </span>
    </p>
   </div>
   <div class='ocr_carea' id='block_1_5' title="bbox 148 5651 1841 5934">
    <p class='ocr_par' dir='ltr' id='par_1_5' title="bbox 148 5651 1841 5934">
     <span class='ocr_line' id='line_1_46' title="bbox 148 5651 1841 5732; baseline -0.001 -23"><span class='ocrx_word' id='word_1_547' title='bbox 148 5679 174 5716; x_wconf 72' lang='lat' dir='ltr'>st</span> <span class='ocrx_word' id='word_1_548' title='bbox 301 5651 330 5728; x_wconf 87' lang='lat' dir='ltr'>l)</span> <span class='ocrx_word' id='word_1_549' title='bbox 354 5653 388 5710; x_wconf 84' lang='lat' dir='ltr'>A.</span> <span class='ocrx_word' id='word_1_550' title='bbox 409 5653 651 5724; x_wconf 83' lang='lat'>1109—1110;</span> <span class='ocrx_word' id='word_1_551' title='bbox 675 5656 715 5727; x_wconf 78' lang='lat' dir='ltr'>cf.</span> <span class='ocrx_word' id='word_1_552' title='bbox 735 5653 840 5712; x_wconf 74' lang='lat' dir='ltr'>Circa.</span> <span class='ocrx_word' id='word_1_553' title='bbox 867 5653 971 5732; x_wconf 70' lang='lat' dir='ltr'>Magni</span> <span class='ocrx_word' id='word_1_554' title='bbox 993 5653 1047 5710; x_wconf 74' lang='lat' dir='ltr'>SS.</span> <span class='ocrx_word' id='word_1_555' title='bbox 1073 5655 1174 5724; x_wconf 87' lang='lat' dir='ltr'>XVII,</span> <span class='ocrx_word' id='word_1_556' title='bbox 1193 5676 1226 5731; x_wconf 92' lang='lat' dir='ltr'>p.</span> <span class='ocrx_word' id='word_1_557' title='bbox 1245 5654 1318 5710; x_wconf 85' lang='lat'>490.</span> <span class='ocrx_word' id='word_1_558' title='bbox 1411 5653 1442 5728; x_wconf 79' lang='lat'>2)</span> <span class='ocrx_word' id='word_1_559' title='bbox 1466 5655 1535 5728; x_wconf 61' lang='lat' dir='ltr'>Sppa</span> <span class='ocrx_word' id='word_1_560' title='bbox 1560 5655 1644 5712; x_wconf 79' lang='lat' dir='ltr'>Talei.</span> <span class='ocrx_word' id='word_1_561' title='bbox 1669 5654 1723 5725; x_wconf 87' lang='lat' dir='ltr'>IV,</span> <span class='ocrx_word' id='word_1_562' title='bbox 1748 5675 1771 5711; x_wconf 88' lang='lat' dir='ltr'>c.</span> <span class='ocrx_word' id='word_1_563' title='bbox 1790 5654 1841 5724; x_wconf 83' lang='lat'>41,</span> 
     </span>
     <span class='ocr_line' id='line_1_47' title="bbox 195 5757 1726 5840; baseline 0.001 -24"><span class='ocrx_word' id='word_1_564' title='bbox 195 5761 293 5818; x_wconf 75' lang='lat' dir='ltr'>Marsi</span> <span class='ocrx_word' id='word_1_565' title='bbox 316 5761 353 5830; x_wconf 84' lang='lat' dir='ltr'>X,</span> <span class='ocrx_word' id='word_1_566' title='bbox 378 5763 429 5818; x_wconf 85' lang='lat' dir='ltr'>col.</span> <span class='ocrx_word' id='word_1_567' title='bbox 447 5760 529 5831; x_wconf 79' lang='lat'>(330,¹</span> <span class='ocrx_word' id='word_1_568' title='bbox 553 5761 707 5818; x_wconf 79' lang='lat' dir='ltr'>Hiascltius</span> <span class='ocrx_word' id='word_1_569' title='bbox 724 5782 757 5838; x_wconf 92' lang='lat' dir='ltr'>p.</span> <span class='ocrx_word' id='word_1_570' title='bbox 776 5760 849 5818; x_wconf 76' lang='lat'><strong>370.</strong></span> <span class='ocrx_word' id='word_1_571' title='bbox 943 5757 973 5834; x_wconf 89' lang='lat'>3)</span> <span class='ocrx_word' id='word_1_572' title='bbox 999 5759 1047 5833; x_wconf 78' lang='lat' dir='ltr'>Of.</span> <span class='ocrx_word' id='word_1_573' title='bbox 1073 5762 1119 5818; x_wconf 86' lang='lat' dir='ltr'>Dc</span> <span class='ocrx_word' id='word_1_574' title='bbox 1143 5762 1251 5840; x_wconf 77' lang='lat' dir='ltr'>edificio</span> <span class='ocrx_word' id='word_1_575' title='bbox 1274 5762 1332 5818; x_wconf 87' lang='lat' dir='ltr'>Dei</span> <span class='ocrx_word' id='word_1_576' title='bbox 1354 5762 1468 5830; x_wconf 74' lang='grc'><strong>0153,</strong></span> <span class='ocrx_word' id='word_1_577' title='bbox 1492 5781 1582 5838; x_wconf 81' lang='lat' dir='ltr'>snpra</span> <span class='ocrx_word' id='word_1_578' title='bbox 1601 5783 1634 5836; x_wconf 89' lang='lat' dir='ltr'>p.</span> <span class='ocrx_word' id='word_1_579' title='bbox 1655 5763 1726 5818; x_wconf 80' lang='lat'><strong>189.</strong></span> 
     </span>
     <span class='ocr_line' id='line_1_48' title="bbox 1576 5883 1627 5934; baseline -0.02 0"><span class='ocrx_word' id='word_1_580' title='bbox 1576 5883 1627 5934; x_wconf 82' lang='grc'>26*</span> 
     </span>
    </p>
   </div>
   <div class='ocr_carea' id='block_1_6' title="bbox 0 0 2244 6393">
    <p class='ocr_par' dir='ltr' id='par_1_6' title="bbox 0 0 2244 6393">
     <span class='ocr_line' id='line_1_49' title="bbox 0 0 2244 6393; baseline 0 0"><span class='ocrx_word' id='word_1_581' title='bbox 0 0 2244 6393; x_wconf 95' lang='lat' dir='ltr'> </span> 
     </span>
    </p>
   </div>
  </div>
 </body>
</html>
