4418 6412
577 355 631 410 DE
652 353 990 412 INVESTIGATIONE
1014 353 1268 412 ANTICHRISTI
1289 355 1324 409 L.
1341 355 1365 410 l.
1741 351 1806 413 363

135 543 306 606 canonice
331 541 434 606 electo
459 564 479 606 a
502 541 647 606 Romane
678 541 817 607 ecclesie
847 541 1078 607 archidiacono
1103 541 1256 624 oblatum,
1282 565 1355 606 cum
1380 565 1454 606 enm
1477 541 1519 607 ad
1543 541 1655 607 horam
1679 545 1806 609 renisus

132 666 181 710 ac
207 648 340 713 tandem
365 649 573 712 consentiens
596 647 687 713 indui
712 649 836 735 ceperit
860 649 1061 713 Octavianus
1092 649 1232 735 propriis
1263 647 1413 713 manibus
1442 649 1482 713 de
1507 648 1589 714 collo
1613 651 1682 714 eius
1707 653 1805 715 sacri-

131 751 237 840 legus
261 756 416 841 rapuerit,
441 753 594 841 quodque
618 755 681 820 alio
705 765 815 820 manto
839 753 880 819 de
904 755 1001 820 domo
1025 778 1084 820 sua
1107 755 1205 820 allato
1229 756 1299 841 ipse
1324 777 1343 819 a
1368 757 1507 842 propriis
1524 756 1702 842 capellanis
1722 779 1805 822 ausu

133 861 328 947 sacrilego·
344 863 481 926 vestitus
504 863 546 925 sit
555 867 576 926 ¹.
611 860 715 926 Aiunt
729 872 889 948 preterea,
914 862 1002 948 quod
1024 885 1044 926 a
1067 862 1193 927 duobus
1218 861 1294 927 solis
1319 862 1549 944 cardinalibus,
1573 885 1632 949 per
1656 865 1804 950 spiritum

94 987 111 1027 s
135 969 361 1033 contentionis
385 977 581 1054 assumptus,
612 967 773 1054 legitimos
798 978 1040 1034 consecratores
1064 980 1097 1033 et
1119 970 1297 1056 antiquitus
1321 979 1454 1056 propter
1477 970 1596 1034 scisma
1619 971 1803 1035 cavendnm

134 1074 308 1139 institutos
337 1097 402 1139 non
433 1073 594 1157 habuerit,
627 1075 685 1139 sed
713 1084 787 1161 post
810 1077 1094 1140 consecracionem
1118 1075 1300 1140 Alexandri
1323 1099 1384 1163 per
1406 1076 1568 1162 legitimos
1591 1077 1712 1142 factam
1735 1079 1801 1164 epi-

136 1203 263 1268 scopos
287 1183 355 1268 ipse
379 1183 506 1267 integro
531 1181 599 1246 iere
625 1187 750 1246 'mense
776 1183 967 1268 interposito
992 1205 1011 1246 a
1035 1181 1161 1247 dnobus
1186 1181 1261 1246 solis
1286 1182 1615 1268 comprovincialibus
1639 1184 1801 1270 episcopis
1821 1208 1856 1250 ⁸.
1891 1237 1896 1249 .

137 1287 359 1352 emendicatis
383 1311 448 1353 non
472 1299 538 1352 tam
563 1298 781 1370 consecratus,
806 1310 903 1375 quam
928 1288 1124 1353 dissecratus
1148 1289 1199 1352 sit.
1245 1287 1289 1352 At
1312 1288 1346 1352 hi
1370 1290 1426 1376 qui
1450 1289 1490 1353 de
1514 1300 1606 1375 parte
1628 1291 1802 1355 Octauiani

138 1405 232 1477 sunt,
255 1418 313 1481 pro
337 1393 463 1459 duobus
488 1394 574 1477 solis,
599 1394 686 1481 quod
710 1395 757 1458 eis
781 1394 931 1478 obicitur,
956 1394 1175 1460 cardinalibus
1207 1394 1401 1460 electoribus
1432 1405 1497 1460 tres
1529 1395 1695 1479 exhibent,
1720 1420 1801 1483 qnos

84 1525 115 1564 ro
139 1503 245 1566 etiam
269 1502 418 1588 quamvis
441 1503 611 1588 pauciores
642 1523 777 1566 numero
809 1502 970 1566 saniorem
994 1501 1137 1567 fatentur
1160 1508 1317 1588 partem2,
1342 1524 1381 1566 eo
1406 1501 1493 1588 quod
1517 1526 1537 1566 a
1561 1505 1801 1590 conspiratione

140 1608 211 1690 illa,
235 1630 332 1695 quam
361 1608 483 1691 fficunt,
514 1610 663 1672 inmunes
693 1606 875 1673 libertatem
906 1607 1073 1673 electionis
1104 1607 1286 1690 habuerint,
1318 1608 1454 1673 aliorum
1478 1631 1556 1674 vero
1588 1608 1801 1675 cardinalium

140 1738 316 1779 nnmerum
346 1714 469 1780 nullum
499 1725 660 1801 reputant,
690 1737 772 1801 quos
800 1715 898 1780 notab
923 1716 1032 1780 eiusce
1063 1716 1314 1802 conspirationis
1338 1714 1391 1779 vel
1415 1716 1647 1780 coniurationis
1675 1739 1801 1803 resper-

142 1823 233 1903 serit,
258 1845 339 1908 quos
363 1820 478 1886 eadem
502 1844 631 1908 quoque
656 1823 835 1887 coniuratio
858 1821 1042 1886 libertatern
1067 1834 1099 1887 et
1121 1823 1295 1909 puritatem
1327 1823 1361 1886 in
1386 1820 1535 1908 eligendo
1559 1822 1680 1888 habere
1704 1845 1800 1910 passa

142 1950 210 1993 non
241 1929 292 2011 sit,
323 1929 382 1993 sed
406 1951 472 2010 eos,
496 1939 532 1994 ut
555 1929 677 2011 dicunt,
709 1929 752 1993 ad
774 1951 875 1993 unum
905 1926 946 1993 de
977 1928 1054 1993 solis
1086 1929 1261 1994 coniuratis
1285 1928 1337 1993 rel
1367 1927 1584 1994 confederatis
1615 1929 1801 2016 eligendum

89 2059 120 2098 rs
143 2037 385 2100 constrinxerit.

628 2180 681 2242 55.
717 2178 776 2242 De
800 2177 1091 2263 magnitudine
1115 2177 1313 2264 parcium.
1818 2205 1870 2256 (ss).
1947 2267 1948 2276 ἵ

250 2303 302 2366 Ita
325 2302 401 2367 hinc
425 2302 501 2366 inde
525 2313 633 2390 partes
657 2313 690 2366 et
714 2325 811 2367 cause
827 2324 905 2366 vere
929 2325 987 2366 seu
1009 2301 1084 2367 ficte
1109 2301 1287 2387 confligunt
1303 2324 1412 2366 coram
1434 2324 1559 2366 suanno
1575 2324 1653 2388 rege
1670 2301 1799 2368 Christo

142 2432 183 2474 ac
207 2411 235 2474 si
259 2409 373 2474 videas
397 2410 478 2474 duas
502 2407 653 2474 mulieres
676 2432 774 2474 unam
797 2432 910 2473 veram
934 2419 966 2473 et
990 2408 1125 2473 alteram
1156 2407 1272 2472 falsam
1303 2419 1439 2472 matrem
1468 2431 1576 2473 coram
1606 2431 1684 2495 rege
1709 2409 1798 2475 Sale-

141 2538 239 2581 mone
263 2517 304 2581 de
328 2539 429 2603 puero
454 2515 687 2581 contendentes
698 2521 719 2598 ³,
745 2539 881 2604 quarum
905 2538 970 2580 una
994 2514 1098 2580 dicat:
1124 2516 1232 2580 Filius
1248 2531 1318 2580 tuns
1333 2531 1472 2580 rnortuus
1495 2531 1540 2581 eat
1561 2531 1589 2581 et
1596 2518 1692 2604 filius
1716 2542 1800 2582 naeus
1817 2544 1976 2594 sacenae.

95 2647 124 2687 ac
143 2627 224 2690 aicit
253 2633 285 2688 et
308 2624 410 2688 altera
433 2622 645 2710 respondeat:
676 2624 836 2704 Memmia,
859 2625 954 2712 filius
978 2625 1095 2710 qtttprpc
1118 2647 1204 2687 ozena
1227 2625 1307 2687 aicit
1329 2638 1357 2687 et
1371 2624 1467 2710 filins
1490 2637 1560 2688 tarta
1583 2638 1627 2688 est
1648 2639 1797 2689 rauracus.

141 2730 186 2794 Et
210 2731 354 2794 eontinet
377 2752 411 2794 se
434 2752 495 2794 rex
518 2741 628 2794 noster
643 2752 740 2794 verus
758 2729 910 2796 Salemon
934 2729 1104 2815 superbis
1129 2738 1161 2793 et
1183 2729 1329 2815 peccatis
1352 2730 1471 2793 nostris
1495 2729 1704 2816 exigentibus
1720 2753 1798 2794 non·

143 2836 220 2901 dum
244 2837 450 2901 manifestum
474 2836 528 2901 vel
551 2835 648 2900 rebus
672 2838 751 2924 ipsis
774 2836 828 2900 vel
855 2858 994 2923 perora
1024 2834 1168 2899 fidelium
1199 2857 1329 2899 suorum
1361 2835 1439 2899 fecit
1468 2845 1524 2901 aut
1553 2836 1687 2922 protulit
1716 2836 1798 2901 iudi-

142 2945 240 3026 cium,
271 2945 317 3007 ita
339 2953 375 3008 ut
398 2943 534 3007 dixerit:
566 2944 648 3009 Date
678 2945 751 3009 haic
781 2945 937 3031 infantem
968 2946 1072 3008 ra'ecm
1101 2957 1130 3007 et
1158 2968 1218 3006 riou
1248 2943 1420 3023 occidatur,
1450 2943 1504 3008 lucc
1528 2958 1572 3008 est
1594 2946 1676 3008 enim
1699 2960 1799 3009 moder
1816 2971 1889 3011 aar.

142 3055 221 3131 eius,
252 3050 310 3115 sed
333 3049 440 3115 adhuc
464 3072 567 3136 usquc
591 3049 688 3114 rebus
713 3052 806 3136 qnasi
834 3050 977 3136 loquitur
1000 3060 1032 3114 et
1056 3048 1151 3114 dicit:
1183 3049 1329 3114 Dicz'dr'tc
1360 3051 1517 3138 irascat-tcta
1547 3051 1889 3119 sicutnumerus.

95 3181 122 3220 rs
143 3158 314 3223 dimidium
333 3173 458 3245 portem
483 3161 543 3222 uni
563 3173 591 3222 ct
613 3157 784 3222 dirat'dc'am
802 3172 927 3244 partem
951 3159 1054 3222 alteri.
1091 3154 1249 3219 Videmus
1274 3156 1361 3220 enim
1385 3157 1449 3218 iam
1466 3154 1578 3220 orbem
1601 3157 1635 3219 in
1652 3179 1717 3220 una
1732 3156 1797 3221 fide

142 3263 312 3346 catholica,
329 3264 474 3328 Romane
499 3263 657 3328 aecclesie
674 3262 785 3344 filium,
802 3285 887 3350 quae
903 3287 989 3328 nunc
1006 3264 1150 3350 peccatis
1173 3263 1292 3327 nostris
1317 3261 1523 3349 exigentibus
1547 3265 1641 3349 quasi
1664 3265 1699 3327 in
1715 3262 1797 3327 duas

141 3381 261 3434 matres
285 3369 391 3435 divisa
415 3382 473 3452 est,
498 3371 596 3435 etiam
620 3371 726 3457 ipsum
750 3371 969 3457 incipientem¹
984 3369 1086 3434 dividi
1110 3381 1142 3434 et
1165 3370 1199 3433 in
1223 3368 1305 3433 duas
1328 3379 1439 3455 partes
1463 3368 1641 3452 conscindi,
1666 3371 1795 3456 iamque

141 3476 309 3541 dimidiam
336 3488 463 3563 partem
486 3478 543 3541 uni
566 3487 598 3541 et
621 3475 789 3541 dimidiam
819 3487 944 3564 partem
976 3476 1070 3541 alteri
1101 3487 1238 3540 matrum
1270 3475 1449 3561 obtingere,
1482 3477 1526 3540 ita
1549 3486 1585 3541 ut
1608 3498 1715 3562 neque
1742 3476 1796 3541 hic

140 3605 247 3670 neque
272 3583 338 3648 illic
363 3583 511 3648 Christus
534 3585 663 3669 integer
685 3593 872 3648 constanter
894 3584 1036 3648 inveniri
1059 3593 1114 3647 aut
1137 3583 1240 3647 teneri
1263 3581 1381 3646 valeat.
1429 3581 1576 3663 Quarum
1599 3582 1795 3647 divisionum

94 3715 122 3754 no
140 3701 251 3776 partes
275 3692 302 3754 si
326 3691 468 3754 invicem
485 3692 578 3777 quasi
601 3692 635 3754 in
659 3700 780 3755 statera
803 3712 931 3777 penses,
955 3702 991 3755 ut
1014 3713 1085 3754 eam
1104 3711 1166 3776 que
1190 3689 1294 3754 maior
1318 3688 1370 3752 vel
1393 3690 1500 3775 potior
1518 3690 1712 3772 inveniatur,
1736 3712 1795 3775 pro

140 3796 302 3861 catholica
325 3808 437 3862 teneas
461 3796 632 3883 utrobique
656 3820 758 3884 regna
782 3807 813 3862 et
836 3798 985 3883 regiones
1004 3808 1107 3883 atque
1124 3797 1310 3884 provincias
1335 3807 1367 3860 et
1389 3819 1484 3882 reges
1508 3796 1649 3882 partium
1673 3806 1795 3860 tutores

140 3904 302 3985 invenies,
316 3917 319 3923 '
334 3902 506 3991 utrobique
542 3904 805 3990 metropolitanos
836 3915 868 3968 et
899 3905 1125 3991 episcoporum
1160 3903 1361 3989 aliorumque
1393 3913 1520 3989 patrum
1555 3902 1793 3967 multitudinem

140 4032 309 4096 agnosces.
355 4010 399 4074 Et
430 4032 503 4075 cnm
534 4012 645 4097 magni
674 4010 828 4097 ponderis
852 4011 893 4074 sit
916 4020 950 4074 et
973 4033 1044 4074 esee
1068 4009 1187 4074 debeat
1213 4008 1464 4095 apostolicarum
1489 4008 1615 4073 sedium
1639 4008 1794 4074 indicium

140 4118 174 4180 in
190 4117 277 4180 omni
302 4118 524 4182 controversia
548 4117 843 4182 ecclesiasticorum
865 4116 1059 4181 indiciorum
1077 4127 1174 4203 atque
1192 4138 1363 4181 causarum
1381 4114 1563 4198 dubiarum,
1588 4139 1699 4180 earum
1723 4138 1793 4202 pre·

94 4248 121 4288 ss
140 4224 252 4287 sertim
283 4246 346 4310 que
377 4219 623 4288 universitatem
654 4225 846 4310 contingunt
877 4235 909 4288 et
942 4225 976 4288 in
1007 4222 1124 4309 quibus
1160 4223 1200 4287 de
1232 4221 1391 4287 catholica
1420 4224 1557 4287 veritate
1588 4223 1642 4287 vel
1671 4224 1793 4287 unitate

140 4329 350 4416 disceptatur,
375 4329 461 4394 unde
485 4332 530 4394 ait
553 4341 647 4417 pater
669 4330 871 4417 Augustinus
881 4335 903 4412 ⁴,
928 4331 1081 4416 quoniam
1105 4331 1242 4416 quisque
1267 4328 1445 4393 catholicus
1461 4351 1595 4394 securus
1611 4328 1699 4393 illam
1722 4353 1793 4416 par-

140 4447 204 4500 tem
229 4435 417 4519 detestatur,
442 4438 494 4502 cui
519 4437 712 4502 catholicam
737 4437 908 4502 eeclesiam
933 4436 1120 4523 apostolicis
1151 4434 1283 4500 sedibus
1314 4434 1499 4502 roboratam
1528 4458 1594 4501 noo
1618 4437 1793 4500 communi·
1814 4434 1874 4483 1³0⁰
1895 4435 2007 4519 sedibus

140 4565 216 4607 care
240 4545 417 4630 cognoscit.
454 4542 537 4608 Cum
560 4545 668 4631 igitur,
692 4556 728 4609 ut
751 4543 873 4609 dictum
897 4554 955 4624 est,
980 4542 1230 4630 apostolicarum
1254 4542 1390 4624 sedium,
1416 4565 1478 4629 que
1503 4553 1577 4607 sunt
1599 4543 1793 4626 Antiocsna,
1825 4504 1994 4571 apostolam.

140 4651 173 4713 in
197 4672 261 4736 qua
291 4651 396 4737 primo
427 4651 512 4715 sedit
534 4651 650 4715 Petrus
681 4650 855 4738 apostolus,
884 4661 916 4714 et
940 4649 1208 4732 lerosolimitana,
1234 4651 1287 4714 cni
1311 4649 1432 4735 prefuit
1454 4649 1595 4714 lacobus
1619 4649 1793 4736 apostolus,

93 4783 122 4821 ro
139 4754 427 4843 magnipendens
451 4759 493 4821 sit
516 4768 549 4822 et
572 4779 643 4822 esse
675 4756 793 4822 debeat
822 4759 855 4820 in
879 4755 1116 4821 universalibus
1147 4755 1327 4820 aecclesiae
1357 4757 1463 4820 causis
1486 4755 1654 4838 iudicium,
1685 4767 1794 4822 tamen

141 4873 173 4927 et
195 4861 331 4928 aliarum
356 4863 569 4929 ecclesiarum
591 4864 645 4928 vel
667 4863 833 4950 presulum
856 4863 1012 4928 indicium
1037 4863 1137 4945 aiunt,
1162 4864 1218 4949 qui
1240 4884 1299 4948 pro
1322 4872 1414 4948 parte
1433 4863 1607 4927 Octaviani
1630 4874 1713 4944 sunt,
1737 4862 1795 4927 ubi

140 4968 316 5034 concordia
332 4970 528 5057 suffragatur
542 4971 764 5057 plurimorum,
789 4969 1007 5057 spernendum
1024 4991 1088 5033 non
1105 4979 1164 5051 est,
1189 4969 1245 5055 qui
1261 4979 1381 5054 quanto
1406 4991 1522 5033 causas
1545 4969 1634 5055 ipsas
1658 4969 1698 5033 de
1714 4970 1792 5034 vici-

140 5077 224 5140 niori
247 5087 418 5159 novernnt,
442 5087 532 5142 tanto
555 5078 596 5142 de
621 5079 667 5142 cis
691 5077 846 5142 indicium
871 5078 985 5162 equius
1009 5077 1094 5140 ferre
1117 5085 1262 5162 possunt.
1309 5075 1352 5139 Et
1375 5073 1435 5140 hec
1460 5075 1572 5140 dicunt
1595 5096 1654 5162 pro
1678 5098 1716 5140 eo
1740 5075 1792 5140 vel

245 5292 272 5357 a)
294 5295 429 5361 sacrilege
448 5313 478 5356 c,·
495 5295 613 5347 ern.Scl.
686 5293 714 5358 b)
736 5303 828 5347 notam
846 5312 867 5346 c.
940 5291 966 5357 c)
988 5294 1065 5344 minio
1082 5294 1110 5344 io
1128 5311 1207 5360 marq.
1225 5311 1246 5344 c.

94 5511 120 5551 ss
249 5492 278 5568 1)
301 5494 464 5552 Alexandri
486 5493 541 5551 III.
566 5494 644 5570 epist.
669 5496 711 5552 ad
732 5492 914 5552 &erhardum
939 5513 987 5570 ap.
1011 5492 1165 5549 Rahewini
1188 5490 1276 5550 Gesta
1302 5491 1417 5548 Fridcr.
1442 5492 1496 5562 IV,
1529 5513 1551 5549 c.
1578 5492 1629 5560 51,
1655 5512 1689 5568 p.
1713 5493 1792 5563 471;

138 5600 226 5674 Jaffd
243 5621 289 5658 nr.
309 5601 425 5658 10587.
507 5599 538 5674 2)
564 5600 680 5676 Eutycl.
698 5621 774 5658 coac.
792 5600 868 5677 Pap.
884 5603 902 5657 l.
920 5602 937 5657 l.
957 5621 990 5676 p.
1009 5598 1089 5655 266:
1116 5619 1149 5656 ex
1166 5601 1267 5672 quibus
1282 5599 1367 5655 vnn
1390 5600 1506 5655 sanioris
1530 5600 1637 5656 consilii
1661 5608 1691 5655 et
1715 5601 1793 5656 nulla

139 5709 330 5765 coniamticne
354 5708 512 5765 foederata.
594 5706 624 5778 3)
651 5705 699 5779 Os.
718 5705 846 5766 catali
867 5707 945 5782 cpr'at.
970 5707 1011 5763 ad
1032 5705 1194 5764 cardinales
1216 5707 1235 5762 l.
1251 5707 1270 5763 l.
1289 5725 1323 5781 p.
1342 5705 1403 5762 369
1421 5725 1473 5782 sq..
1558 5705 1589 5775 4)
1613 5705 1715 5764 Nescio
1737 5705 1791 5764 uti.

1525 5826 1577 5877 46*
