4410 6406
471 362 660 420 LIBELLUS
684 364 736 418 DE
762 363 909 420 ORDINE
933 363 1131 422 DONORUM
1155 361 1296 418 SANCTI
1320 361 1506 418 SPIRITUS.
1751 357 1816 420 275

158 546 196 610 in
213 549 389 613 commisso
412 548 608 613 servandam
632 549 741 614 seculo
765 549 806 614 de
830 548 927 615 rebus
952 550 1132 616 aecclesiae
1156 548 1324 614 militans?
1370 549 1511 613 Rursum
1527 549 1599 635 quis
1615 550 1700 616 inter
1714 551 1816 614 nostri

160 655 320 740 temporis
351 677 447 741 reges
471 656 555 720 sicut
577 655 689 720 David
718 655 823 720 fidelis
853 657 1004 722 inventus
1035 667 1084 722 est
1113 658 1148 721 in
1177 678 1289 741 regno,
1319 655 1491 740 egrediens
1515 667 1548 720 et
1570 656 1760 742 regrediens
1784 668 1817 721 et

162 781 301 825 servans
330 763 505 849 imperium
535 763 622 847 regis
653 763 782 828 eterni?
828 763 1059 828 Discessenmt
1089 764 1189 849 igitur
1215 785 1235 826 a
1257 761 1321 826 fide
1353 763 1409 847 qui
1439 784 1504 826 non
1534 772 1609 826 sunt
1638 762 1751 828 fideles
1782 764 1815 828 in

163 868 339 932 commisso
362 867 425 932 sibi
448 869 502 933 vel
524 869 690 955 pontificio
714 869 767 933 vel
791 892 902 955 regno,
927 871 981 957 qui
1006 871 1067 935 etsi
1089 870 1188 934 tidem
1210 867 1403 934 catholicam
1418 867 1616 934 verbotenus
1640 869 1816 935 confitean-

124 985 228 1054 stur,
257 985 368 1040 tamen
390 976 542 1039 virtutem
573 977 642 1040 eius
673 977 882 1040 inveniuntur
911 976 1087 1063 abnegare,
1112 1000 1186 1041 cum
1210 976 1356 1041 dicentes
1382 975 1562 1039 hereditate
1590 974 1815 1062 possideamus

164 1083 386 1146 sanctuarium
402 1081 477 1163 Dei,
501 1103 687 1146 mensuram
703 1093 830 1168 patrum
854 1106 984 1147 suorum
1008 1083 1139 1149 student
1161 1081 1350 1168 adimplere.
1396 1083 1512 1147 Patres
1535 1083 1657 1169 quippe
1681 1084 1814 1148 istorum

164 1186 314 1252 videntes
345 1188 509 1270 heredem,
539 1188 694 1253 dixerunt
721 1191 806 1254 inter
829 1211 880 1253 se:
914 1191 1028 1271 Venite,
1059 1191 1239 1256 occidamus
1269 1214 1336 1253 eam
1361 1204 1389 1253 et
1411 1190 1592 1254 habebimus
1615 1191 1813 1255 hereditatem
1835 1211 1993 1260 nantuacus.

163 1297 243 1372 eiua,
267 1305 300 1359 et
323 1296 385 1381 ipsi
409 1295 541 1380 quidem
563 1297 697 1381 pessimi
721 1296 827 1360 coloni
855 1297 1009 1361 heredem
1032 1297 1155 1360 fructus
1179 1295 1220 1360 de
1245 1296 1418 1359 commissa
1440 1297 1538 1359 vinea
1561 1306 1751 1381 querentem
1774 1296 1814 1361 de

162 1401 237 1486 ipsa
260 1403 359 1465 vinea
383 1403 548 1466 eiecenmt
571 1413 603 1466 et
626 1402 824 1484 occiderunt,
849 1413 1074 1468 verumtamen
1098 1404 1228 1467 vineam
1252 1424 1310 1465 seu
1333 1400 1548 1467 hereditatem
1578 1403 1683 1489 ipsam
1713 1404 1816 1490 possi-

114 1507 243 1572 rodere
274 1530 339 1573 non
369 1518 552 1594 potuerunt.
599 1509 725 1595 Nempe
755 1510 841 1573 inter
870 1509 1001 1574 colonos
1031 1510 1147 1596 impios
1176 1509 1332 1595 precipue
1361 1506 1488 1573 scribae
1520 1531 1558 1573 ac
1582 1509 1735 1594 pherisei,
1760 1511 1815 1596 qni

162 1613 320 1679 heredem
335 1617 369 1679 in
385 1638 482 1680 came
499 1614 697 1698 occiderunt,
722 1617 785 1702 ipsi
808 1615 1022 1680 hereditatem
1037 1637 1191 1702 perverse
1216 1624 1409 1700 occupatam
1424 1614 1592 1700 possidere
1615 1638 1680 1680 non
1703 1627 1815 1702 potue-

162 1732 249 1800 runt,
273 1721 479 1786 venientibus
503 1722 657 1786 Romanis
682 1733 714 1786 ct
737 1721 923 1787 tollentibus
948 1724 994 1786 eis
1018 1723 1126 1787 locum
1149 1732 1181 1786 et
1205 1731 1345 1807 gentem,
1369 1722 1415 1785 ita
1438 1722 1561 1785 utiam
1584 1745 1650 1786 non
1671 1720 1816 1787 habeant

162 1827 218 1891 vel
247 1850 383 1914 regnum
415 1828 467 1892 vel
498 1828 730 1911 sacerdotium,
762 1828 849 1916 quod
880 1841 1051 1915 utrumque
1082 1828 1142 1892 soli
1174 1828 1303 1892 Christo
1335 1829 1542 1913 cognoscitur
1571 1827 1814 1894 hereditarium.

163 1933 248 1998 Nam
280 1934 321 1998 de
352 1935 533 2000 sacerdotio
563 1935 649 2000 illius
680 1940 801 2002 inravit
822 1938 980 2001 Dominus
1009 1951 1037 2001 et
1065 1961 1127 2000 non
1144 1937 1298 2023 penitebit
1324 1959 1401 2000 eam.
1454 1935 1502 1999 Tn
1529 1960 1561 2000 ea
1588 1937 1757 2001 sacerdos⁸
1780 1939 1815 2002 in
1835 1958 1955 2006 saroa«.

119 2064 144 2102 n
162 2039 364 2129 [aeternum]
379 2044 548 2107 seeundum
564 2043 706 2108 ordinent
723 2043 960 2109 Melchisedech.
996 2042 1050 2106 De
1073 2064 1173 2128 regno
1195 2063 1273 2106 vero
1296 2040 1382 2105 illius
1406 2041 1485 2106 dicit
1509 2040 1644 2127 angelus
1661 2041 1813 2106 Gabriel:

165 2148 208 2212 Et
231 2151 375 2236 reynahit
397 2153 432 2213 in
455 2149 546 2214 dorne
561 2149 678 2214 Iacohb
703 2153 738 2214 in
761 2165 897 2215 eternam
921 2164 949 2214 et
971 2153 1151 2238 requieive
1169 2174 1231 2213 non
1247 2150 1405 2235 ert'tjinis.
1442 2147 1547 2233 Igitur
1561 2149 1652 2234 prius
1668 2171 1689 2212 a
1702 2148 1813 2213 Iudeis
1834 2171 1991 2221 tractata

163 2255 220 2340 qui
238 2253 402 2319 Christum
417 2278 525 2341 neque
540 2267 576 2320 ut
591 2256 778 2342 pontificem
794 2278 900 2342 neque
917 2266 952 2320 ut
968 2277 1079 2341 regem
1095 2265 1170 2319 sunt
1184 2256 1342 2335 venerati,
1356 2254 1454 2319 etiam
1470 2254 1531 2318 hoc
1547 2255 1655 2340 ipsum
1670 2257 1815 2340 graviter

163 2361 317 2443 ferentes,
329 2362 416 2448 quod
431 2385 452 2426 a
466 2364 576 2448 pueris
588 2361 794 2427 Hebreorum
810 2362 982 2427 audierant
997 2363 1028 2426 ei
1039 2362 1216 2442 decantari,
1234 2362 1423 2447 preconium
1438 2362 1549 2446 regiae
1565 2360 1681 2444 laudis,
1698 2363 1812 2448 primo,

163 2469 310 2554 inquam,
326 2467 368 2532 ab
383 2467 446 2532 illia
460 2468 607 2533 Christus
624 2480 672 2533 est
687 2469 888 2556 proscriptus
904 2480 937 2533 et
953 2480 1047 2534 extra
1062 2468 1275 2532 hereditatem
1291 2469 1413 2532 eiectus
1429 2478 1527 2555 atque
1543 2469 1680 2550 occisus,
1694 2467 1813 2533 deinde

117 2598 145 2638 ao
163 2573 205 2639 ab
229 2575 383 2639 hereticis
406 2574 567 2658 Hebione,
585 2575 772 2656 Cherintho,
795 2576 973 2658 Marcione,
997 2575 1125 2657 Fotino,
1150 2574 1332 2656 Manicheo,
1355 2573 1452 2639 Arrio
1477 2597 1516 2639 ac
1540 2577 1677 2640 caeteris
1702 2597 1813 2640 eorum

164 2681 386 2746 consimilibus
410 2681 498 2746 idem
516 2681 662 2746 Christus
679 2693 728 2746 est
749 2683 950 2768 proscriptus
975 2692 1007 2746 et
1030 2679 1269 2756 abhereditate
1293 2703 1353 2746 sua
1376 2682 1497 2746 eiectus
1514 2691 1546 2746 et
1561 2683 1700 2746 occisus.
1736 2682 1813 2748 Sive

163 2789 250 2852 enim
275 2788 322 2852 illi
345 2787 480 2852 heretici
505 2790 560 2874 qui
584 2787 748 2853 Christum
775 2799 927 2876 respectu
955 2789 1057 2875 patris
1088 2789 1157 2852 sive
1186 2787 1234 2851 illi
1264 2790 1320 2875 qui
1351 2810 1425 2852 eum
1448 2798 1599 2875 respectu
1622 2791 1735 2854 matris
1759 2789 1813 2854 de-

163 2893 335 2959 nobilitare
366 2897 437 2959 ausi
467 2907 550 2977 sunt,
583 2907 738 2982 quantum
769 2897 802 2960 in
826 2919 860 2960 se
888 2896 959 2979 fuit,
989 2894 1144 2960 heredem
1174 2894 1374 2959 occiderunt.
1421 2893 1457 2960 Si
1487 2896 1573 2959 enim
1597 2893 1755 2979 Christro,
1779 2906 1815 2960 ut

164 3001 297 3088 quidam
328 3001 543 3067 hereticorum
567 3002 748 3084 voluerunt,
780 3013 854 3067 ante
878 3003 1015 3066 Mariam
1046 3025 1111 3066 non
1140 3001 1211 3082 fuit,
1241 3001 1300 3066 sed
1323 3024 1343 3065 a
1366 3003 1578 3088 conceptione
1603 3025 1682 3068 auae
1706 3003 1813 3068 carnis

119 3131 146 3172 rs
164 3109 252 3194 cepit
267 3109 418 3190 existere,
443 3100 507 3174 non
522 3119 629 3195 potest
652 3109 746 3174 heres
770 3109 932 3195 legitimus
949 3108 1015 3174 diei
1030 3109 1156 3173 aeterni
1170 3109 1273 3194 patris
1296 3108 1380 3172 filius
1404 3118 1471 3173 tam
1494 3131 1607 3192 novus,
1632 3120 1700 3174 tam
1721 3111 1813 3195 igno-

164 3214 248 3297 bilis,
274 3226 340 3280 tam
356 3237 473 3302 expers
490 3217 702 3280 aeternitatis.
737 3216 831 3297 Item,
855 3218 883 3280 si
907 3215 1085 3280 secundum
1106 3214 1264 3301 quosdam
1288 3213 1448 3280 hereticos
1471 3215 1679 3280 fantasticum
1695 3239 1813 3302 corpus

163 3321 278 3386 habuit
308 3332 341 3386 et
369 3321 548 3387 secundum
579 3345 710 3387 carnem
740 3322 914 3408 ignobilior
942 3333 1046 3386 matre
1076 3322 1147 3403 fuit,
1179 3343 1262 3408 quae
1286 3343 1401 3385 verum
1425 3343 1543 3407 corpus
1570 3319 1724 3387 habuisse
1747 3345 1813 3388 non

163 3427 340 3494 dubitatur.
386 3429 478 3512 Item,
510 3431 547 3511 si,
572 3441 607 3494 ut
629 3428 745 3494 Arrius
770 3429 958 3511 declaravit,
989 3430 1022 3493 in
1053 3449 1112 3492 sua
1143 3427 1313 3492 divinitate
1344 3429 1450 3492 minor
1479 3437 1572 3514 patre
1596 3450 1654 3492 suo
1678 3429 1748 3511 fuit,
1778 3430 1812 3493 in

164 3535 281 3600 eadem
305 3535 473 3600 divinitate
497 3535 557 3600 fuit
585 3534 737 3622 ignobilis
762 3536 1002 3622 comparatione
1026 3536 1165 3600 inmensi
1189 3545 1221 3598 et
1245 3535 1349 3599 eterni
1372 3535 1484 3620 patris,
1510 3535 1601 3599 cuius
1625 3536 1652 3599 si
1675 3558 1741 3600 non
1764 3547 1813 3600 est

118 3666 146 3705 ao
164 3643 235 3728 ipse
264 3643 429 3707 inmensus
461 3651 493 3706 et
523 3653 674 3708 aeternus
703 3626 803 3724 lilius,
834 3642 893 3706 sed
921 3653 970 3706 est
1000 3651 1162 3724 creatura,
1194 3652 1229 3706 ut
1252 3640 1354 3705 voluit
1381 3640 1512 3723 Arrius,
1542 3663 1608 3705 non
1639 3653 1688 3706 est
1717 3642 1812 3707 heres

163 3748 336 3836 legitimus.
383 3749 475 3830 Item,
504 3750 541 3830 si,
565 3759 602 3813 ut
623 3749 759 3814 Fotinus
782 3749 894 3832 voluit,
919 3747 1068 3813 Christus
1097 3771 1156 3834 per
1179 3749 1298 3813 coitum
1322 3748 1385 3812 viri
1409 3770 1447 3813 ac
1470 3748 1611 3812 feminae
1635 3759 1812 3835 conceptus

164 3866 223 3937 est,
248 3879 268 3919 a
289 3853 456 3921 nobilitate
480 3878 546 3920 non
562 3855 664 3920 solum
681 3855 746 3920 Dei
769 3857 881 3942 patris,
905 3855 964 3919 sed
988 3866 1019 3919 et
1042 3854 1231 3941 angelorum
1248 3853 1500 3940 degenerando⁰
1524 3854 1660 3940 legitimi
1682 3855 1812 3920 heredis

163 3963 293 4026 nomine
324 3961 477 4048 indignus
505 3963 575 4026 erit.
622 3962 714 4044 Item,
746 3963 784 4044 si,
807 3972 843 4027 ut
856 3962 1014 4027 ,Bonosus
1044 3960 1206 4026 hereticus
1237 3961 1419 4044 delatravit,
1445 3959 1593 4025 Christus
1616 3961 1682 4026 Dei
1711 3963 1812 4048 patris

165 4069 337 4155 adoptivus
361 4080 393 4133 et
415 4092 481 4134 non
503 4069 659 4133 naturalis
681 4068 766 4133 filius
791 4069 908 4150 extitit,
938 4091 1003 4133 non
1034 4077 1083 4132 est
1112 4069 1182 4153 ipse
1207 4065 1355 4132 Christus
1385 4066 1480 4132 heres
1511 4067 1683 4154 legitimus.
1729 4069 1813 4134 Item

120 4197 148 4238 rs
164 4174 358 4241 Ambrosius
383 4186 596 4262 cognomento
620 4174 830 4258 Autbertus1,
854 4175 1032 4240 monachus
1056 4173 1097 4239 de
1121 4174 1231 4239 Monte
1248 4172 1397 4256 Cassino,
1421 4174 1602 4260 apostolum
1625 4177 1720 4240 nimis
1744 4177 1812 4240 exi·

165 4281 247 4365 liter,
271 4305 313 4346 ne
336 4281 444 4348 dicam
465 4282 582 4364 viliter,
607 4281 748 4368 glosans,
773 4280 883 4347 docuit
905 4281 1029 4346 homini
1052 4291 1217 4367 assumpto
1240 4282 1275 4344 in
1290 4280 1409 4364 Deum,
1433 4280 1499 4345 Dei
1521 4280 1633 4364 filium,
1657 4305 1723 4347 non
1741 4304 1812 4347 esse

165 4387 276 4453 danim
300 4411 429 4472 nomen,
453 4387 541 4476 quod
564 4398 613 4453 est
637 4411 735 4475 super
758 4411 852 4454 omne
875 4411 1004 4453 nomen.
1039 4385 1141 4452 Cuius
1164 4388 1294 4452 nomine
1319 4386 1449 4474 decepti
1465 4386 1598 4474 quidam
1614 4398 1728 4474 putant
1751 4388 1813 4454 hoc
1833 4413 1931 4464 rampe.
1942 4413 1962 4460 2,
1971 4415 1992 4453 o.

167 4494 316 4560 docuisse
347 4507 495 4560 sanctum
519 4494 728 4560 Ambrosium
751 4494 1028 4560 Mediolanensem
1059 4495 1258 4580 episcopum,
1290 4503 1322 4558 et
1352 4495 1415 4580 ipsi
1446 4493 1508 4558 hoc
1538 4492 1625 4559 idem
1653 4495 1815 4560 affirmant

167 4603 262 4689 quasi
291 4601 424 4667 beatum
446 4601 654 4666 Ambrosium
685 4603 734 4666 sui
765 4624 879 4666 sensus
910 4600 1053 4666 habeant
1082 4610 1257 4682 auctorem,
1288 4601 1471 4665 nescientes
1501 4601 1535 4665 in
1566 4602 1813 4689 equivocatione

121 4732 149 4771 eo
167 4706 322 4796 deceptos
351 4731 487 4794 magnos
511 4730 640 4796 quoque
670 4709 852 4795 magistros,
880 4708 1026 4794 quisuis
1050 4707 1149 4793 glosis
1179 4707 1214 4770 in
1237 4706 1418 4792 apostolum
1448 4707 1624 4773 falsitatem
1652 4708 1737 4775 hanc
1768 4710 1815 4774 in·

167 4826 346 4898 seruenmt,
371 4837 509 4903 quornm
531 4816 679 4902 precipui
703 4824 778 4880 sunt
800 4816 947 4901 magistri
967 4813 1162 4878 Anselmus²
1185 4823 1217 4878 et
1240 4815 1396 4899 magister
1415 4811 1629 4879 Gillibertus³
1652 4825 1686 4879 et
1707 4818 1814 4880 novis-

168 4922 248 4986 sime
271 4921 388 4987 Petrus
405 4920 643 5008 Longabardus
653 4927 675 4986 ⁴.
723 4921 830 5002 Quam
853 4943 931 4986 vero
956 4920 1051 4985 aliter
1072 4920 1191 4984 sentiat
1211 4918 1327 4984 beatus
1342 4919 1545 5003 Ambrosius,
1570 4943 1644 4986 cum
1667 4921 1814 5008 pluribus

167 5028 200 5092 in
229 5028 310 5093 locis
341 5040 508 5115 appareat,
538 5029 618 5094 illud
647 5050 733 5093 nunc
763 5039 954 5115 argumento
985 5027 1135 5091 sufficiat.
1183 5025 1279 5107 Quod
1308 5028 1343 5090 in
1365 5027 1489 5092 Lucem
1520 5049 1688 5114 exponens
1717 5028 1812 5093 illud:

170 5133 285 5200 Omnia
308 5137 392 5200 rachi
411 5137 529 5202 tradita
552 5151 624 5202 soant
646 5150 771 5223 epatre
786 5160 863 5217 meo,
880 5134 996 5199 dicitt:
1022 5134 1063 5199 Si
1076 5137 1182 5230 ornnia
1198 5135 1343 5214 tradidit,
1360 5138 1548 5200 eternitatem
1565 5138 1814 5223 maiestatemque
1832 5160 1971 5209 sueram

122 5344 149 5384 tt
275 5333 302 5397 a)
324 5353 345 5385 s.
364 5337 382 5385 i.
402 5353 422 5386 s.
443 5352 468 5386 o.
487 5353 560 5387 mc.
633 5335 661 5398 b)
684 5337 700 5385 i.
720 5337 773 5385 ine.
794 5341 821 5385 et
840 5352 860 5384 r.
881 5336 938 5385 eiua
957 5350 1011 5385 non
1031 5351 1054 5385 e.
1073 5334 1091 5383 f.
1110 5351 1130 5383 c.
1203 5331 1229 5394 c)
1252 5334 1396 5399 degneudo
1415 5352 1435 5384 c.

279 5497 308 5572 1)
332 5497 391 5563 Qut
411 5520 440 5556 a.
460 5499 532 5556 778.
557 5508 681 5557 mortuus
705 5507 752 5556 eet.
845 5494 876 5570 2)
900 5495 1031 5572 Archiep.
1050 5495 1189 5555 Carmar.
1214 5517 1242 5554 α.
1263 5496 1494 5554 1093-1109.
1592 5497 1622 5567 3)
1648 5497 1759 5556 Gittert
1780 5499 1815 5555 de

167 5607 197 5662 la
221 5605 337 5676 Porre'e,
361 5605 444 5682 eptae.
462 5606 571 5664 I't'ctao.
595 5626 623 5662 a.
644 5603 875 5661 1143-1154.
968 5601 998 5672 4)
1025 5602 1083 5667 Qui
1104 5624 1132 5660 a.
1150 5602 1380 5660 mse—1160.
1406 5603 1550 5680 episcopan
1574 5604 1725 5662 Parisinus
1741 5605 1812 5676 suit.

170 5708 201 5786 5)
224 5711 290 5770 Non
314 5711 408 5770 inveni
429 5712 458 5769 in
482 5713 653 5788 sepositioae
676 5711 816 5769 Arnbrosii
837 5712 879 5768 ad
899 5711 973 5767 hunc
995 5712 1082 5768 locum
1107 5712 1124 5766 t.
1145 5709 1210 5779 VII,
1236 5708 1309 5786 Opp.
1334 5711 1358 5781 I,
1384 5710 1547 5768 cot1426.

1548 5831 1600 5883 se*
