4426 6398
595 373 829 440 morinus
853 363 1147 444 reomaenses.
1181 383 1232 444 ιιι
1651 345 1654 348 ’
1677 379 1738 442 ιιι

90 571 213 662 larqius
230 585 351 659 patant,
374 585 409 636 ut
430 581 572 637 terram
594 594 722 659 requam
750 569 856 656 cqlssti
875 593 970 658 raquo
992 571 1183 660 famuletur.
1229 571 1274 636 m
1296 595 1363 636 ecce
1385 585 1496 658 aperta
1519 594 1590 636 coes
1614 571 1743 654 dicitur,

89 692 124 744 ut
145 680 179 743 ei
198 680 258 768 qui
279 677 375 743 semel
397 680 432 743 in
457 691 581 743 terrm
602 678 722 742 militia
744 679 886 764 Quone
901 677 1020 766 fuerit,
1043 679 1112 742 nisi
1131 691 1186 742 aut
1208 678 1330 764 coplata
1354 679 1473 744 militia
1498 692 1554 742 aut
1569 702 1634 764 pro
1657 677 1742 744 debi-

90 784 178 850 litato
200 786 344 872 corporis
365 785 504 871 repulsis
525 782 650 848 Obristo
671 783 812 849 militare
830 807 893 849 non
911 784 1012 848 liccat.
1048 782 1106 848 Ad
1122 783 1175 869 bqr
1198 807 1265 848 ecce
1283 793 1364 870 per*
1382 808 1431 849 me
1453 807 1577 850 samm
1600 785 1742 852 ultimum

90 914 180 955 suum
203 905 233 955 et
253 904 386 956 vanum
413 889 581 978 respondet
605 887 749 954 Christro
772 889 897 954 dicens:
923 889 994 976 Rqo
1021 903 1048 954 ts
1073 889 1111 954 de
1137 892 1261 956 notorio
1289 893 1429 956 omnitom
1456 891 1678 973 emcubitorum,
1706 891 1744 956 de

60 1020 74 1061 s
92 999 201 1063 comite
215 998 427 1063 moabitarum
443 991 590 1077 cesarem,
610 995 648 1060 de
664 1019 769 1061 cesare
784 998 1014 1082 imperatorem,
1031 996 1210 1062 nouaclum
1231 997 1299 1077 boc,
1313 996 1372 1062 ¹red
1386 999 1479 1063 diam
1496 1011 1621 1084 patrem
1646 1000 1743 1084 impe·

91 1117 232 1168 ratarum
245 1103 328 1192 jeci.
360 1102 544 1169 Sacerdotes
561 1126 645 1168 meos
660 1115 709 1186 tuq
723 1105 836 1168 manta
849 1104 1002 1182 cosumcsc‘,
1025 1117 1054 1168 ct
1069 1128 1092 1167 a
1106 1105 1234 1168 scr-citio
1250 1127 1317 1168 mco
1340 1117 1408 1168 tuos
1422 1104 1539 1170 milites
1561 1105 1744 1170 meabas?

92 1208 269 1297 Responde,
292 1233 379 1300 roqo,
395 1211 545 1296 piissime
569 1208 704 1290 minine,
726 1232 816 1274 amco
838 1222 900 1290 tuo,
931 1209 1012 1294 quid
1039 1211 1177 1276 coeunti
1204 1223 1233 1274 et
1261 1210 1317 1274 boc
1341 1210 1461 1276 dicasti
1479 1234 1687 1297 responsurus
1709 1235 1741 1278 es

92 1318 127 1382 in
150 1315 272 1382 iudicio
294 1315 433 1382 Dornino
456 1330 516 1381 tao.
563 1313 636 1403 Hoc
658 1314 758 1401 igitur
780 1312 895 1383 beatus
919 1311 1098 1400 Gregorius
1121 1336 1197 1379 cum
1220 1314 1309 1399 dicit,
1336 1313 1503 1380 Christum
1527 1314 1742 1382 affirmantem

91 1420 227 1505 inducit,
251 1421 339 1508 quod
362 1432 395 1486 et
417 1421 568 1487 comitem
593 1431 625 1486 et
648 1441 795 1486 cesarem
824 1431 857 1486 et
885 1421 1114 1508 imperatorem
1143 1420 1232 1505 facit,
1256 1431 1289 1485 et
1317 1420 1504 1488 sacerdotes
1534 1443 1610 1486 suos
1633 1423 1743 1488 manui

48 1556 74 1596 10
93 1528 188 1612 ‘eius,
210 1526 245 1592 id
269 1537 319 1592 est
340 1528 503 1614 potestati,
528 1527 707 1592 committit
749 1526 815 1607 Qui
835 1527 933 1592 etiam
952 1528 1088 1614 postea)
1113 1525 1338 1592 subiuncxitl:
1363 1527 1433 1616 qu
1455 1529 1583 1615 quidem
1607 1531 1747 1595 iussioni
1762 1553 1854 1604 *aaa

92 1649 190 1722 vestm
217 1637 373 1701 subiectus
400 1634 529 1702 eandem
557 1635 653 1723 lcqem
678 1634 909 1721 perdicerent
931 1649 1087 1704 tomorum
1110 1650 1223 1722 partes
1247 1635 1319 1721 feci
1339 1637 1519 1717 trartsmitti,
1543 1649 1572 1700 et
1593 1638 1670 1721 quia
1694 1636 1745 1700 lea

91 1745 165 1828 r'qrsa
188 1744 393 1829 manipoteuti
411 1741 481 1807 Deo
503 1743 634 1806 minime
656 1741 828 1822 cmsccrdet,
859 1765 926 1806 ecce
952 1765 1013 1827 per
1034 1743 1240 1830 mtqqcstiouis
1261 1763 1327 1826 mcq
1353 1743 1510 1828 papinum
1532 1744 1744 1808 serenissimis

93 1847 231 1913 &minis
259 1850 420 1914 nunciavi.
474 1847 642 1933 Utrobique
672 1871 744 1936 erqo
775 1870 834 1934 quq
864 1847 961 1912 debui
987 1849 1139 1928 emotum,
1170 1850 1229 1933 qui
1260 1861 1288 1912 et
1316 1850 1506 1934 imperatori
1536 1848 1744 1934 obedientiam

85 1955 215 2041 prebui,
244 1968 274 2020 ct
297 1977 361 2041 pro
383 1954 451 2020 Dec
481 1954 569 2040 quod
595 1956 683 2019 sensi
708 1957 838 2019 minime
867 1956 960 2018 tacui.
1007 1953 1134 2040 Pssbui,
1163 1953 1279 2039 inquit,
1311 1954 1516 2020 obedientiam
1547 1958 1744 2042 imperatori,

48 2086 75 2127 a
92 2063 170 2147 quia
199 2060 303 2125 debui.
350 2058 423 2140 Quo
453 2081 602 2138 somene
633 2058 822 2142 ostenditur,
853 2060 931 2146 quia
960 2081 1104 2124 summus
1137 2058 1286 2146 pontifex
1319 2061 1508 2146 imperatori
1538 2058 1638 2126 debet
1671 2084 1743 2128 esse

92 2164 249 2232 obediens
273 2176 306 2232 et
328 2164 487 2231 subditis.
532 2165 628 2230 Nisid
650 2166 738 2232 enim
768 2164 978 2230 obedientia⁰
1002 2187 1076 2230 eum
1107 2164 1330 2230 excusabilem
1352 2165 1486 2250 faceret,
1510 2190 1579 2232 rem
1602 2166 1742 2234 detesta-

6 2335 10 2344 ,
93 2271 190 2337 bilem
214 2283 248 2336 et
270 2271 385 2337 duram
408 2271 525 2336 fecisse
549 2270 724 2338 videretur.
771 2271 893 2338 Iterum
916 2282 1025 2337 autem
1047 2273 1082 2337 in
1105 2271 1243 2359 epistola
1265 2270 1311 2340 ad
1327 2271 1535 2338 Theodorum
1557 2273 1744 2340 medicum²

93 2379 188 2445 dicit:
221 2379 320 2446 Valde
348 2381 432 2445 mibi
459 2379 574 2444 durum
604 2379 738 2461 uidetur,
768 2394 803 2444 ut
831 2381 871 2444 ab
901 2382 969 2445 eius
996 2382 1126 2448 seruitio
1155 2381 1271 2445 milites
1293 2404 1366 2446 suos
1381 2380 1561 2468 probibeat,
1585 2384 1645 2468 qui
1665 2396 1693 2446 et
1714 2386 1748 2448 ei

93 2489 199 2552 omnic
229 2488 340 2552 tribuit
368 2501 397 2550 et
425 2485 590 2552 dominari
616 2510 686 2551 eum
717 2510 778 2551 non
807 2486 909 2551 solum
938 2486 1103 2568 militibus,
1132 2486 1190 2551 aed
1217 2489 1311 2552 mam
1340 2486 1555 2558 sacerdotibus
1585 2492 1741 2554 concessit.

49 2619 76 2660 ro
92 2591 188 2657 Unde
218 2591 426 2657 manifestum
456 2602 514 2674 est,
545 2590 634 2678 quod
662 2591 867 2678 imperatoris
898 2593 967 2656 sive
998 2593 1084 2678 regis
1114 2602 1259 2679 potestas
1282 2602 1315 2657 et
1338 2591 1527 2677 dominatio,
1551 2616 1617 2680 qua
1639 2592 1742 2658 domi·

93 2709 188 2764 natum
211 2699 309 2764 etiam
333 2697 566 2782 sacerdotibus,
590 2696 718 2786 celestis
741 2709 791 2764 est
821 2709 854 2763 et
883 2697 997 2764 divina
1026 2708 1058 2763 et
1088 2698 1199 2786 celesti
1225 2698 1347 2764 iudicio
1378 2721 1477 2786 super
1506 2699 1740 2765 sacerdotalem

92 2815 287 2892 potestatem
310 2815 342 2870 et
365 2803 619 2870 dominationem
642 2804 791 2870 ordinata
814 2804 963 2893 precellit
973 2805 995 2870 ¹.

198 2911 339 2997 Propter
368 2910 455 2998 quod
485 2921 518 2976 et
547 2911 766 2999 apostolorum
795 2912 947 2998 princeps
971 2911 1015 2977 ad
1038 2934 1094 2977 eos
1122 2912 1272 3000 loquitm,
1304 2935 1386 2999 quos
1416 2923 1513 2978 vocat
1539 2939 1638 3001 qenus
1668 2915 1743 2980 elec·
1764 2939 1784 2978 ι.
1792 2936 1855 2976 ree.
1863 2936 1884 2986 a,
1892 2936 1913 2976 s.

94 3033 168 3100 mm,
197 2999 303 3107 requie
331 3018 575 3101 sacedotiumt,
602 3033 721 3106 qoutem
751 3033 901 3100 sanctam,
925 3020 1081 3106 populum
1105 3018 1342 3106 adquisitionis,
1367 3018 1495 3084 dicens:
1525 3018 1674 3102 subiecti,
1697 3022 1744 3085 in-
1764 3043 1878 3084 mrsu.

51 3149 77 3190 m
95 3126 178 3212 quit,
209 3139 314 3206 estote,
346 3127 434 3190 omui
464 3125 598 3211 bumont
632 3139 772 3212 creaturq
799 3139 933 3212 propter
967 3125 1084 3206 Deum,
1118 3129 1185 3190 sice
1219 3129 1291 3212 reqi
1322 3129 1418 3212 quasi
1446 3127 1645 3212 precedenti,
1680 3131 1745 3192 sice

96 3232 227 3297 ducibus
249 3245 399 3317 tauquam
425 3231 465 3296 ab
489 3255 523 3296 eo
545 3234 654 3298 rudus
676 3232 722 3298 ad
744 3233 915 3297 uindictam
945 3233 1198 3320 malefactorum,
1227 3231 1351 3296 ἰαιιιίιιη
1382 3255 1455 3297 uero
1478 3233 1638 3313 bonorum,
1669 3236 1746 3318 quia

94 3340 142 3403 sic
170 3352 215 3403 est
243 3338 387 3403 uoluntas
415 3337 488 3404 Dei.
534 3336 694 3402 Voluntas
729 3338 850 3424 quippe
880 3336 946 3401 Dei
981 3349 1039 3420 est,
1074 3347 1109 3402 ut
1143 3358 1204 3401 rex
1238 3335 1395 3423 precellat
1424 3346 1457 3401 et
1487 3335 1588 3402 duces
1618 3338 1746 3402 mittan-

95 3453 157 3527 tur,
180 3452 217 3507 ut
237 3442 407 3510 vindicent
434 3443 607 3533 malefacta
631 3453 664 3506 et
684 3441 819 3507 laudent
848 3442 945 3526 bona,
976 3453 1009 3508 et
1037 3453 1171 3530 propter
1197 3442 1258 3507 hoo
1289 3440 1472 3508 subiectum
1503 3444 1544 3507 sit
1574 3444 1605 3508 ei
1634 3443 1744 3530 regale

96 3549 313 3615 sacerdotium
348 3559 380 3614 et
409 3550 550 3614 maxime
580 3561 715 3636 propter
743 3548 863 3615 Deum.
917 3548 982 3615 Sed
1013 3548 1093 3636 quid
1122 3550 1155 3613 in
1185 3548 1288 3614 Paulo
1323 3558 1356 3612 et
1388 3548 1487 3613 Petro
1523 3560 1555 3614 et
1586 3547 1745 3636 Gregorio

52 3679 79 3722 ιο
96 3664 222 3721 tantum
250 3656 494 3722 inmoramurh‘t
540 3654 660 3721 Annon
691 3667 746 3721 st·
775 3658 856 3743 ipse,
884 3657 941 3743 qui
971 3667 1021 3720 est
1050 3665 1148 3742 caput
1177 3656 1274 3720 totius
1305 3653 1444 3743 scolesiq
1475 3666 1507 3720 et
1528 3655 1619 3720 Petri
1645 3657 1746 3743 magi·

2 3802 5 3812 -
97 3773 163 3828 ater
192 3773 226 3827 et
254 3761 403 3828 dominus
434 3773 466 3828 et
495 3762 655 3828 hostium¹
682 3762 811 3853 celestis
842 3762 959 3828 ovilis¹¹
988 3783 1196 3848 summusque
1226 3760 1389 3847 pontifex,
1421 3761 1563 3826 ostendit
1592 3785 1650 3827 suo
1681 3773 1746 3828 tam

96 3867 198 3934 verbo
236 3891 335 3956 quam
373 3868 523 3956 exemplo
560 3871 684 3955 regiam
722 3880 913 3956 potestatem
949 3891 1020 3934 esse
1054 3866 1285 3955 precellentem
1324 3878 1357 3932 et
1391 3889 1502 3932 omnes
1540 3867 1587 3932 illi
1622 3867 1746 3940 ,debere

98 3997 169 4041 esse
199 3974 371 4040 subditos?
404 3974 507 4040 verbo
543 3999 608 4063 quo
636 3977 731 4042 dicit:
761 3977 909 4058 Reddite,
943 3999 1002 4063 quq
1033 3990 1106 4040 sunt
1137 3978 1256 4060 amaris
1289 3978 1396 4061 amari
1427 3990 1455 4040 et
1488 3998 1547 4061 que
1579 3990 1651 4041 sum
1683 3977 1751 4042 Dei
1765 3999 1925 4050 usitatam.

99 4082 167 4148 Deo
173 4107 184 4165 ,·
219 4080 379 4167 exemplo,
414 4083 514 4169 quia*
543 4083 614 4169 ipse
649 4085 754 4172 cesari
786 4081 941 4148 tribunum
972 4081 1115 4147 reddidit
1145 4091 1178 4146 et
1207 4081 1315 4164 Petro,
1346 4091 1382 4146 ut
1412 4079 1474 4146 hoc
1507 4080 1594 4146 idem
1625 4082 1748 4147 faceret

53 4213 80 4254 a
97 4189 252 4276 precepit
298 4187 447 4271 Reddite,
478 4189 597 4274 inquit,
626 4211 689 4278 quq
724 4199 798 4254 sunt
828 4190 949 4275 cesaris
980 4189 1099 4278 cesari,
1130 4210 1196 4253 non
1226 4209 1290 4276 quq
1320 4196 1396 4251 sunt
1424 4185 1561 4273 Tyberii
1591 4186 1745 4275 Tyberio.

97 4292 236 4359 Reddite
266 4295 429 4381 potestati,
459 4318 524 4360 non
555 4317 703 4383 persone.
748 4295 895 4361 Persona
925 4296 1011 4360 enim
1040 4317 1191 4382 nequam,
1220 4293 1279 4358 sed
1301 4294 1388 4358 iusta
1410 4303 1563 4379 potestas.
1609 4293 1745 4381 Iniquus

99 4399 270 4486 Tyberius,
294 4401 353 4466 sed
375 4400 479 4466 bonus
503 4423 606 4490 osser.
652 4400 790 4467 Reddite
822 4424 900 4488 ergo
929 4425 995 4466 non
1023 4400 1202 4488 personae¹
1229 4421 1380 4486 nequam,
1412 4422 1476 4464 non
1499 4400 1611 4486 iniquo
1637 4400 1745 4487 Tybe-

97 4507 157 4589 rio,
188 4506 246 4571 sed
275 4508 358 4573 iuste
388 4509 540 4594 potestati
570 4519 602 4572 et
630 4507 717 4573 bono
748 4510 852 4596 cesari
877 4530 940 4595 quq
963 4530 1023 4573 sua
1045 4517 1128 4572 sunt.
1174 4506 1218 4572 Et
1241 4517 1277 4571 ut
1300 4505 1361 4570 hoc
1386 4518 1513 4592 opere¹1²
1537 4505 1746 4593 complerem,

99 4614 145 4677 ait
158 4613 279 4701 Petro:
312 4614 398 4679 Vada
420 4615 467 4679 cd
486 4640 574 4680 snare
597 4630 625 4680 et
646 4618 730 4680 mitte
752 4615 889 4694 bamam,
913 4629 1032 4679 etcum
1051 4617 1169 4700 piscem
1194 4616 1253 4699 qui
1265 4617 1397 4700 primm
1417 4613 1594 4679 ascenderit
1616 4617 1697 4696 tolle,
1721 4629 1749 4680 et
1766 4641 1838 4691 u.1r‚
1846 4639 1881 4680 ac.

53 4745 81 4784 so
99 4734 206 4807 aperto
229 4744 282 4785 ore
305 4723 372 4784 cius
395 4723 535 4786 inuenies
557 4735 716 4803 staterem,·
739 4721 832 4785 illum
854 4745 988 4800 masena,
1012 4719 1054 4784 da
1078 4723 1123 4784 eis
1139 4743 1204 4805 pro
1226 4745 1274 4784 me
1298 4735 1326 4784 ct
1348 4734 1384 4786 tc.
1425 4718 1511 4802 ‘Da’,
1535 4720 1651 4806 inquit,
1676 4724 1745 4806 ‘pro

98 4848 150 4890 me
181 4835 213 4890 et
241 4836 288 4908 to,
318 4827 402 4891 iuste
431 4827 605 4913 potestati⁰
635 4836 667 4889 et
695 4823 781 4890 beno
813 4826 931 4908 cesari,
963 4826 1014 4890 oui
1046 4823 1224 4889 secundum
1261 4824 1425 4890 bominem
1458 4823 1579 4890 subditi
1610 4826 1743 4890 sumus’.

98 4929 172 4995 Hoc
195 4932 281 4996 enim
305 4942 356 4997 est
377 4943 410 4996 et
431 4942 621 5020 preceptum
645 4941 678 4997 et
700 4931 885 5018 exemplum
907 4930 1003 5014 illius,
1028 4929 1148 5017 quide
1172 4953 1207 4994 se
1231 4931 1363 5017 suisque
1387 4930 1552 4996 menbris?
1576 4933 1637 4996 ait:
1663 4933 1748 4998 decet
1767 4959 1867 5008 aare.

98 5046 179 5103 nost
201 5039 333 5126 implere
356 5064 475 5106 omnem
498 5042 666 5104 iusticiam.
715 5037 867 5103 sciebat*
893 5039 979 5102 enim
1002 5036 1064 5101 hoc
1088 5037 1250 5122 pertinere
1275 5036 1317 5102 ad
1340 5039 1512 5121 iusticiam,
1536 5049 1571 5102 ut
1593 5037 1747 5103 redderet

206 5253 233 5318 a)
253 5273 374 5321 rupem.
393 5255 428 5307 A.
491 5253 519 5316 b)
540 5273 588 5305 om.
607 5254 640 5306 B.
713 5253 739 5316 c)
761 5271 913 5320 acupenser.
933 5255 965 5304 A.
1038 5253 1066 5317 d)
1087 5257 1141 5306 nisi
1160 5281 1193 5290 -
1213 5257 1257 5306 ob.
1276 5255 1305 5306 in
1323 5256 1373 5306 tom
1391 5272 1448 5306 raso
1466 5255 1501 5304 A.
1565 5253 1591 5317 e)
1613 5256 1692 5326 oqu.
1712 5255 1745 5306 B.

54 5354 82 5396 st
99 5339 122 5406 l)
141 5359 189 5410 prs
208 5344 235 5394 in
254 5345 305 5395 loca
322 5361 379 5394 rma
396 5345 438 5406 A;
456 5361 504 5415 pre
524 5343 556 5396 B.
612 5341 640 5408 g)
660 5344 698 5394 tta
716 5343 757 5406 B;
774 5343 948 5394 sacerdotum
967 5344 1001 5394 A.
1055 5341 1084 5407 h)
1105 5345 1211 5396 immor.
1230 5343 1263 5396 B.
1316 5343 1337 5408 i)
1358 5345 1393 5395 sic
1406 5345 1439 5395 A.
1493 5340 1523 5406 k)
1545 5343 1578 5395 lia
1597 5347 1747 5409 sumusque

100 5431 259 5484 inlocoraso
271 5435 305 5484 A.
361 5431 381 5496 l)
401 5449 517 5504 persone
530 5433 564 5484 B.
613 5431 650 5496 m)
670 5433 698 5483 in
711 5450 790 5499 marq.
802 5432 863 5483 add.
874 5433 907 5483 A.
955 5430 985 5495 n)
1006 5431 1159 5499 compleret·
1170 5433 1204 5486 B.
1259 5431 1287 5494 o)
1307 5432 1394 5496 sicB3
1413 5434 1518 5499 potenti
1531 5433 1565 5483 A.
1611 5430 1640 5498 p)
1660 5433 1748 5495 sicA3

100 5521 198 5572 mebris
216 5521 250 5572 B.
323 5520 351 5587 q)
371 5539 434 5572 corr.
453 5538 483 5573 ec
501 5537 555 5573 non
574 5523 608 5573 A.
685 5519 708 5584 r)
730 5522 841 5572 Sciebat
860 5547 892 5556 -
912 5523 1050 5572 iusticiam
1064 5539 1093 5587 p.
1108 5523 1168 5583 872,
1187 5521 1205 5572 l.
1219 5524 1243 5572 l.
1260 5521 1297 5572 bis
1314 5521 1420 5586 scripsit,
1439 5523 1512 5572 renel
1528 5521 1617 5572 deleuit
1634 5521 1668 5572 B.

209 5715 239 5794 ι)
261 5720 333 5798 ιιῳ.
350 5719 407 5791 ιιι,
426 5719 477 5790 cr,
503 5718 572 5775 sn.
589 5719 613 5790 1,
632 5738 666 5794 p.
684 5719 757 5776 ma.
850 5717 882 5794 2)
905 5720 977 5796 aeq.
994 5719 1051 5790 m,
1069 5720 1122 5791 er,
1148 5720 1217 5777 es.
1234 5720 1259 5792 1,
1278 5741 1311 5797 ρ.
1331 5720 1405 5778 226.
