4478 6442
445 398 507 460 714
963 403 1138 461 HUooms
1162 403 1335 459 METELLI
1360 402 1577 460 OPUSCULA.

443 590 633 678 parentibus
650 601 736 655 ortos
753 601 849 656 vocat
871 590 1024 656 honestos
1041 590 1153 656 dicens
1165 595 1192 654 ¹:
1216 592 1411 678 Ubicumque
1426 607 1597 656 nascentur
1612 593 1761 673 dominae,
1785 594 1819 657 ei
1834 594 1919 656 eicio
1932 607 2090 678 parentum

444 724 504 762 nou
527 713 671 764 secuntur
695 714 723 764 et
745 701 818 764 beue
842 701 988 778 eice-rint,
1012 699 1099 764 selei
1119 713 1147 762 et
1169 699 1291 764 bonomi
1310 714 1389 763 suut.
1415 697 1470 776 ¹Et
1485 697 1626 784 quedam
1643 699 1804 763 canoniea
1827 697 1993 782 scriptura
2016 699 2092 762 inter

444 814 554 868 cetera
576 806 624 868 sic
648 805 731 868 aitl:
757 805 914 870 Dominae
937 830 997 870 aon
1013 807 1113 870 solum
1138 805 1177 870 de
1199 807 1398 892 alieuipem'a,
1421 805 1478 871 sed
1499 808 1593 870 ett'crm
1616 805 1655 870 de
1678 807 1956 870 commz'mc'ouibuc
1980 805 2091 868 adulte-

445 914 527 976 rinie
549 915 642 976 caeci
663 913 771 992 coluit,
794 924 830 975 ut
854 911 1053 976 'ostenderet
1076 913 1238 976 neminem
1261 910 1485 997 repellendum
1512 909 1553 976 ab
1577 910 1713 976 ordine*
1736 911 1925 993 sacerdotii,
1957 911 1985 974 si
2015 908 2092 976 bene

445 1018 573 1082 vixerit.
620 1017 665 1082 Ut
689 1040 766 1104 ergo
790 1017 869 1082 mihi
893 1017 1031 1101 videtur,
1061 1017 1119 1082 filii
1143 1016 1348 1083 sacerdotum
1373 1027 1405 1082 et
1428 1016 1663 1105 dispensatorie
1694 1016 1737 1082 ab
1760 1017 1876 1081 ordine
1899 1016 2120 1103 repellunturs

444 1135 476 1189 et
501 1123 737 1210 dispensatorie
761 1125 971 1210 recipiuntur.

551 1231 590 1294 lu
614 1231 799 1295 huiusmodi
823 1243 855 1294 et
878 1230 1035 1296 similibus
1060 1231 1199 1296 decretis
1229 1230 1311 1316 legis
1341 1231 1480 1317 scriptor
1503 1241 1537 1296 et
1559 1231 1694 1295 scientie
1722 1232 1896 1318 inquisitor
1919 1229 2092 1316 confligunt

445 1351 476 1402 ct
500 1337 698 1423 argumentis
714 1336 943 1401 verisimilibus
959 1346 1069 1423 partes
1093 1361 1168 1404 suas
1192 1337 1267 1402 hino
1291 1337 1367 1402 inde
1392 1336 1579 1403 defendunt.
1616 1338 1736 1424 Seripti
1753 1337 1907 1403 defensor
1932 1339 1980 1402 sic
2004 1361 2092 1424 argu-

444 1455 621 1508 mentatur:
647 1444 702 1510 Sic
719 1443 817 1508 debet
840 1445 920 1526 fieri,
944 1445 1022 1530 quia
1036 1443 1091 1508 lex
1106 1445 1255 1531 precipit,
1278 1455 1319 1526 et,
1336 1456 1372 1508 ut
1388 1445 1435 1509 sic
1458 1444 1561 1526 fieret,
1586 1445 1742 1532 scriptum
1758 1445 1828 1525 fuit,
1854 1455 1887 1508 et
1910 1444 2092 1510 subiunxit:

442 1553 602 1637 scripture
627 1551 716 1615 orodi
740 1561 900 1636 oportere.
936 1550 1100 1616 Defensor
1116 1573 1193 1615 vero
1210 1552 1368 1616 sententie
1388 1573 1519 1616 sensum
1534 1550 1740 1616 defendentis
1763 1553 1922 1638 scriptum
1946 1551 2094 1638 inprobat
2111 1579 2131 1614 n

444 1670 476 1721 et
500 1659 546 1722 sic
571 1656 697 1722 obviat:
724 1657 938 1744 Quecumque
962 1659 1048 1721 enim
1073 1659 1194 1744 scripta
1217 1667 1300 1740 sunt,
1329 1659 1371 1722 ad
1393 1669 1536 1723 nostram
1559 1657 1730 1723 utilitatem
1754 1658 1877 1744 scripta
1900 1670 1987 1722 sunt.
2033 1659 2093 1722 Ea·

445 1777 577 1852 propter
600 1763 730 1829 utilitati
754 1763 875 1828 debent
897 1764 1046 1846 militare,
1069 1777 1101 1828 et
1124 1765 1258 1829 adeam
1282 1765 1400 1828 faeiem
1424 1787 1515 1829 suam
1533 1775 1733 1848 convertere,
1758 1774 1791 1829 et
1814 1763 2000 1850 subiungit:
2025 1788 2092 1829 sen-

444 1872 554 1952 tentie,
579 1871 708 1936 utilitati
732 1883 764 1935 et
787 1871 948 1936 honestati
971 1870 1185 1936 subservienti
1211 1871 1323 1936 credil’
1348 1881 1507 1957 oportere.

551 1979 730 2064 Propterea
754 1977 933 2064 confligunt
954 1979 1095 2042 invicem
1119 1978 1174 2042 lex
1197 1989 1312 2043 nature
1337 1989 1369 2042 et
1392 1977 1446 2042 lex
1468 1975 1698 2043 benivolentie.
1737 1979 1976 2044 Permittuntur
1998 1979 2093 2064 siqui-

444 2085 518 2149 dem
542 2085 683 2171 quedam
713 2085 784 2148 fieri
814 2084 885 2170 loge
916 2097 1030 2150 nature
1059 2109 1121 2172 que
1152 2084 1305 2172 prohibet
1333 2086 1403 2150 fieri
1434 2084 1488 2149 lex
1511 2083 1741 2150 benivolentie.
1786 2085 1860 2150 Lex
1883 2096 2000 2150 nature
2025 2109 2093 2172 per·
2111 2109 2132 2148 n

444 2192 540 2256 mittit
563 2192 633 2255 fieri
650 2192 846 2278 coniugium,
870 2192 955 2256 inter
971 2214 1051 2278 quos
1068 2191 1129 2255 fuit
1145 2191 1361 2256 adulterinum
1385 2191 1562 2256 secundum
1586 2189 1718 2258 beatum
1734 2191 1989 2278 Augustinumss.
2025 2191 2093 2256 Lex

444 2320 521 2384 ergo
538 2296 757 2362 benivolentie
780 2295 941 2385 prohibet,
965 2320 1006 2362 ne
1023 2299 1095 2384 quis
1112 2297 1174 2362 sibi
1192 2300 1294 2364 societ
1315 2299 1541 2364 matrimonioe
1559 2321 1656 2386 quam
1679 2298 1793 2386 polluit
1816 2298 1989 2380 adulterio,
2014 2299 2095 2363 sicut

444 2407 560 2468 asserit
583 2402 698 2469 beatus
721 2405 789 2468 Leo
799 2409 822 2487 ⁴,
846 2415 881 2468 ut
904 2403 1092 2469 scandalum
1118 2406 1247 2469 vitetur.
1286 2405 1467 2470 Removetl
1489 2407 1599 2492 itaque
1622 2415 1755 2492 propter
1779 2404 1972 2469 scandalum
1994 2405 2094 2470 filium

443 2509 617 2596 presbiteri
640 2508 681 2574 ab
706 2510 819 2575 ordine
842 2511 898 2574 lex
921 2509 1151 2593 benivolentie,
1175 2535 1272 2598 quern
1295 2513 1412 2599 recipit
1435 2511 1489 2576 lex
1511 2523 1637 2576 nature.

549 2617 661 2703 Eligat
683 2617 795 2698 lcotor,
820 2640 883 2704 que
907 2618 1088 2682 66616666Θ
1113 2619 1154 2682 sit
1177 2620 1299 2705 pocior.
1345 2619 1480 2706 Accipe,
1508 2619 1595 2706 quod
1625 2641 1668 2683 ex
1691 2618 1827 2684 aliorum
1858 2619 2009 2684 armariis
2041 2642 2093 2682 ex·
2110 2643 2133 2681 a

444 2726 603 2806 crustavi3
635 2722 734 2788 nichil
764 2722 824 2788 tibi
855 2724 895 2788 de
919 2745 991 2789 meo
1016 2726 1098 2789 misi.
1146 2725 1229 2791 Cum
1260 2725 1426 2790 cornicula
1456 2725 1569 2790 alienis
1601 2727 1716 2814 pennis
1747 2749 1798 2790 me
1830 2726 1970 2791 ornavi⁵
2000 2736 2033 2790 et
2062 2727 2094 2790 in

443 2829 544 2894 altum
567 2853 618 2894 me
642 2830 780 2894 elevavi.
811 2831 1035 2895 Veruntamen
1058 2831 1228 2897 sciendum
1245 2843 1293 2896 est
1315 2831 1399 2898 filios
1415 2832 1667 2920 presbiterorum
1688 2855 1754 2898 non
1770 2831 1891 2897 debere
1915 2831 2032 2919 repelli
2056 2831 2094 2896 ab

444 2937 568 3020 ordine,
598 2939 652 3024 qui
682 2937 804 3003 relictis
835 2937 983 3004 omnibus
1015 2951 1168 3004 secuntur
1197 2939 1363 3025 regulam‘
1392 2938 1481 3004 beati
1508 2938 1679 3004 Benedicti
1709 2939 1762 3004 vel
1790 2939 1968 3026 Augustini
1999 2937 2094 3003 bene-

444 3043 522 3108 dicti
535 3049 555 3108 ⁶.
1062 3059 1065 3064 '

1243 3168 1286 3233 ΙΙ.
2111 3192 2135 3232 ro

922 3292 1167 3358 CERTAMEN
1190 3293 1340 3357 PAPAE
1362 3293 1422 3358 ΕΤ
1446 3292 1578 3360 REGIS
1587 3305 1612 3357 ⁸.

765 3417 938 3482 Certamen
961 3419 1070 3504 regiel
1095 3417 1167 3483 cum
1192 3417 1417 3504 papalium,
1442 3441 1596 3483 canamus

763 3525 815 3606 Et,
841 3525 943 3611 quae¹
970 3525 1134 3607 dixerunt,
1159 3547 1199 3589 ea
1220 3525 1381 3590 verbatim
1405 3524 1602 3589 recolamus!

762 3631 855 3717 Papa
878 3633 966 3718 prior
990 3631 1108 3696 cecinit
1132 3654 1241 3697 secum
1267 3631 1414 3696 rationel
1437 3643 1574 3696 canente

763 3738 806 3802 Et
830 3749 942 3802 contra
965 3761 1077 3824 regem
1101 3739 1147 3803 sic
1172 3740 1259 3825 cepit
1282 3761 1359 3824 rege
1383 3748 1529 3802 tacente:

1189 3935 1333 4021 Papab

718 4071 735 4123 5
764 4059 920 4140 ί1161166,
945 4060 971 4122 si
996 4070 1120 4122 rectum
1145 4060 1322 4144 sequeris⁷‚
1347 4060 1374 4123 si
1398 4059 1490 4145 regia
1513 4059 1633 4146 queris,

763 4166 833 4230 Nec
856 4177 888 4230 te
911 4165 995 4230 falsa
1017 4166 1141 4247 iuvant,
1165 4187 1249 4252 quae
1274 4175 1348 4230 sunt
1372 4166 1535 4230 contraria
1558 4167 1655 4230 veris.

550 4399 576 4462 n)
598 4420 651 4452 aaa
668 4419 723 4452 uoce
741 4419 812 4452 eroso
830 4418 904 4466 super
923 4401 989 4452 lima
1003 4409 1062 4466 post
1079 4400 1160 4451 addit.
1250 4398 1278 4462 1))
1301 4401 1381 4452 crede
1406 4417 1469 4451 corr.
1489 4401 1564 4452 credi
1582 4419 1603 4452 c.
1692 4398 1718 4464 c)
1739 4419 1802 4452 corr.
1821 4418 1833 4451 e
1853 4403 2053 4453 matrimonium
2072 4421 2093 4453 c.

443 4491 471 4550 dl
493 4493 628 4542 Ronrovct
646 4508 666 4540 c.
730 4487 755 4551 e)
777 4492 906 4541 senttntie
931 4498 961 4540 ut
977 4491 1076 4540 videtur
1093 4507 1156 4540 corr.
1176 4492 1320 4541 sententia.
1381 4489 1402 4552 1)
1423 4507 1442 4554 g
1460 4507 1523 4540 corr.
1542 4507 1571 4540 ee
1590 4489 1607 4541 l.
1671 4489 1700 4556 g)
1721 4492 1774 4542 eim
1793 4491 1866 4543 nato
1886 4493 1919 4540 Α.
1984 4492 2013 4550 b)
2035 4493 2092 4557 regi
2111 4499 2137 4540 tt

441 4599 505 4630 corr.
521 4589 579 4645 poet
598 4582 670 4646 regis
690 4581 724 4630 A.
796 4578 817 4642 i)
839 4581 928 4644 thue
948 4581 981 4630 A.
1055 4577 1084 4642 k)
1106 4581 1217 4630 racione
1236 4580 1261 4628 Α
1273 4582 1296 4630 1.
1370 4579 1389 4640 Ι)
1410 4597 1458 4630 om.
1477 4579 1511 4629 B.

553 4771 581 4858 1)
605 4778 652 4835 De
674 4779 744 4836 bono
771 4778 913 4856 coniugali
941 4798 964 4836 c.
985 4777 1034 4849 16,
1062 4774 1156 4851 §18;
1188 4775 1262 4853 opp.
1282 4778 1330 4848 VI,
1362 4781 1413 4836 col.
1439 4777 1511 4848 330,
1542 4780 1594 4836 scd
1620 4798 1678 4836 noa
1708 4779 1750 4836 ad
1777 4778 1898 4848 verbum
1930 4779 1971 4851 cs.
2003 4799 2094 4854 supra

439 4907 471 4961 p.
490 4885 563 4956 594,
587 4906 616 4942 n.
636 4886 670 4955 3,·
693 4885 789 4942 Iocum
806 4887 920 4962 proloq.
944 4886 963 4942 l.
980 4887 998 4942 l.
1018 4905 1050 4960 p.
1070 4885 1144 4941 516.
1215 4875 1244 4962 2)
1268 4885 1335 4942 Non
1358 4885 1460 4955 inveni,
1485 4886 1526 4956 cf.
1550 4905 1640 4961 cupra
1658 4904 1692 4960 p.
1710 4884 1783 4955 576,
1808 4905 1837 4942 n.
1856 4885 1891 4956 3,·
1916 4883 1990 4954 605,
2015 4906 2044 4942 η.
2064 4886 2092 4942 4.

445 4985 474 5068 3)
501 4990 549 5064 Cf.
576 4991 682 5048 Metelli
704 4992 781 5067 epist.
801 4991 851 5048 20.
876 4993 918 5048 ad
937 4991 1115 5048 Tcoderdcum
1134 5012 1167 5066 p.
1187 4990 1259 5062 352,
1284 4991 1330 5048 ubi
1352 4991 1396 5049 lu'c
1419 4993 1494 5049 locus
1516 4991 1625 5068 intepet·
1647 4991 1781 5048 habebar:
1809 4993 1893 5048 Licet
1923 4993 2000 5048 inter
2030 4993 2094 5048 illos

442 5099 504 5154 lieri
533 5100 688 5171 legitimum
712 5099 882 5170 coniugium,
913 5100 988 5154 inter
1012 5117 1081 5169 quos
1104 5099 1181 5170 prius
1211 5099 1265 5153 fuit
1288 5099 1469 5154 adulterium.
1496 5139 1503 5153 .
1530 5139 1536 5153 .
1562 5139 1569 5154 .
1595 5097 1724 5162 Quadam
1747 5100 1794 5154 lex
1815 5106 1917 5155 nature
1942 5101 2094 5171 approbat,
2112 5115 2140 5155 to

337 5228 339 5232 ·
443 5225 498 5277 que
522 5205 569 5262 lex
591 5206 784 5262 benivolentia
807 5206 949 5277 inprobat.
984 5205 1107 5260 Possunt
1122 5223 1225 5276 nempe
1243 5206 1364 5276 quedam
1380 5205 1442 5260 fieri
1464 5205 1530 5277 lege
1546 5212 1648 5261 nature
1664 5213 1821 5274 annuente,
1838 5224 1893 5276 que
1909 5224 1966 5261 non
1983 5207 2095 5261 debent

442 5312 504 5367 fieri
527 5312 592 5385 lege
608 5313 801 5368 benivolentia
817 5319 968 5366 renuente.
994 5311 1054 5368 sed
1074 5311 1155 5386 apud
1167 5310 1351 5387 Aequetinum
1374 5311 1444 5367 baec
1466 5311 1552 5368 verbo
1574 5309 1749 5368 non'inocni.
1819 5302 1849 5389 4)
1872 5311 1966 5368 Ibid:
1991 5313 2094 5367 Nullus

443 5421 532 5476 debet
555 5420 608 5474 sibi
631 5420 737 5474 sociare
761 5419 935 5474 matrimonio
959 5437 1042 5488 quam
1064 5417 1166 5489 polluit
1189 5418 1339 5474 adulterio.
1375 5417 1473 5493 Neque
1496 5418 1569 5474 bunc
1591 5420 1679 5476 bream
1702 5417 1875 5494 inuectipaoi.
1986 5413 2018 5494 5)
2045 5416 2094 5490 Of.

443 5524 782 5600 Hor.dlpiet.L3,19.
852 5517 949 5600 6)(1]Ι
968 5523 1503 5581 concilliPictov.a.1078.Ian.15.
1529 5524 1616 5582 habiti
1638 5543 1662 5582 o.
1680 5523 1709 5594 8,
1736 5524 1836 5582 Macci
1850 5523 1918 5594 XX,
1944 5524 2095 5594 661498,

384 5687 386 5692 .
444 5631 777 5699 Claroruontenic.14,
802 5630 867 5687 ibid.
892 5630 1031 5687 661715.
1102 5621 1132 5705 7)
1158 5629 1206 5701 Os.
1230 5630 1304 5688 Hor.
1330 5631 1388 5706 Ep.
1413 5630 1485 5701 Ῑ,1,
1504 5630 1561 5686 59:
1586 5632 1649 5688 Rex
1672 5632 1737 5700 eris,
1766 5661 1802 5672 -
1828 5631 1859 5686 Si
1880 5639 1962 5688 recte
1986 5633 2094 5702 facies,
2113 5652 2141 5690 ra

442 5737 510 5794 leid.
536 5737 630 5812 Etym.
654 5737 708 5807 IX,
735 5737 763 5807 3,
783 5737 811 5793 4.
