4418 6412
477 393 541 457 356
769 396 949 454 GERHOHI
971 393 1205 452 PRAEPOSITI
1228 393 1636 452 amcflsasasaaausls
1660 393 1827 450 LIBELLI.

476 588 538 652 tias
561 586 614 650 vel
638 586 815 650 canonias⁸
839 582 1030 648 subtrahant
1054 593 1086 647 et
1109 605 1167 648 suo
1191 581 1326 669 speciali
1350 580 1565 663 obedientiae,
1588 592 1624 646 ut
1647 581 1731 646 datis
1747 579 1931 668 privilegiis
1948 579 2115 664 vendicant,

478 693 565 781 quod
594 695 659 758 iam
691 691 732 756 de
762 691 926 778 plerisque
950 689 1073 754 factum
1097 699 1146 754 est
1169 699 1202 754 et
1225 688 1332 754 adhuc
1355 687 1496 753 factitari
1519 710 1585 752 non
1608 687 1714 770 desiit,
1745 688 1899 752 nimirum
1923 685 2075 772 superbia
2095 703 2117 754 et

478 801 621 864 avaricia
644 799 739 864 huius
763 797 992 884 negotiationis
1016 796 1161 860 fomitem
1183 795 1385 859 ministrante
1410 805 1442 858 et
1465 791 1507 858 ad
1524 793 1676 859 effectum
1691 793 1903 882 perducente.
1942 793 2031 857 Dum
2047 795 2116 861 enin

478 905 615 994 quilibet
638 904 793 970 abbatum
817 926 875 969 suo
900 901 1034 967 subesse
1058 901 1228 966 fastidiens
1252 902 1406 988 episcopo
1421 901 1486 966 tale
1503 900 1710 988 privilegium
1734 924 1754 966 a
1778 900 1856 966 sede
1881 899 2060 988 apostolica
2081 924 2117 965 re·

478 1013 657 1100 portaverit
687 1024 720 1076 ct
748 1012 799 1076 sui
829 1010 975 1097 episcopi
999 1031 1034 1073 se
1058 1007 1286 1072 obedientiael’
1310 1006 1519 1090 subtraxerit,
1549 1007 1625 1072 hinc
1655 1009 1720 1072 iam
1745 1009 1885 1073 curritur
1907 1005 1952 1072 ab
1977 1008 2138 1093 utrisquea

477 1133 543 1184 tam
567 1117 610 1183 ab
630 1119 678 1184 his
695 1116 858 1198 videlicet,
884 1118 939 1204 qni
963 1116 1115 1180 iniuriam
1138 1116 1227 1202 passi
1250 1125 1334 1198 sunt,
1359 1137 1457 1202 quam
1480 1114 1522 1180 ab
1546 1115 1606 1198 his,
1631 1115 1686 1202 qui
1710 1137 1744 1179 se
1768 1115 1881 1202 inique
1905 1115 2119 1201 episcoporum

479 1227 628 1312 regimini
653 1224 896 1304 subtraxerunt,
921 1224 1070 1304 curritur,
1101 1223 1244 1309 inquam,
1275 1220 1317 1286 ab
1341 1223 1485 1309 utrisque
1510 1221 1552 1286 ad
1576 1221 1686 1286 sedern
1710 1221 1933 1308 apostolicam,
1966 1220 2054 1285 haud
2076 1221 2119 1286 du·

478 1333 579 1415 bium,
604 1334 683 1419 quin
706 1332 829 1396 maiore
852 1329 966 1394 fidutia
993 1328 1034 1394 ab
1059 1329 1119 1408 his,
1144 1329 1200 1416 qui
1222 1329 1375 1393 iniuriam
1397 1328 1575 1394 inferentes
1600 1328 1760 1416 speciales
1784 1351 1818 1393 se
1843 1327 2025 1416 apostolice
2049 1327 2120 1392 sedis

479 1440 562 1504 filios
593 1439 783 1526 gloriantur.
837 1435 904 1502 Sed
933 1458 995 1500 nec
1026 1435 1072 1500 illi
1103 1434 1269 1518 diffidunt,
1301 1435 1357 1523 qui
1387 1459 1461 1500 cum
1491 1438 1577 1501 iusta
1606 1458 1706 1501 causa
1736 1437 1860 1501 maiora
1890 1457 2023 1522 quoque
2053 1436 2122 1500 forte

480 1546 616 1612 donaria
638 1544 891 1632 adportaverint.
927 1543 1013 1606 Hinc
1038 1541 1217 1629 spoliantur
1240 1553 1272 1606 et
1295 1540 1559 1629 depauperantur
1574 1542 1743 1626 ecclesiae,
1767 1543 1843 1608 hinc
1866 1553 2029 1630 perpetue
2052 1543 2184 1608 interro

480 1652 627 1717 subditos
651 1663 684 1716 et
705 1649 858 1738 prelatos,
888 1651 973 1714 inter
999 1649 1158 1712 facientes
1182 1658 1214 1712 et
1237 1650 1405 1734 pacientes
1435 1650 1570 1714 iniurias
1601 1650 1776 1714 inimicicie
1800 1661 1841 1732 et,
1866 1648 1957 1737 quod
1982 1660 2032 1712 est
2060 1671 2123 1712 exe·

481 1759 604 1825 arabile
634 1757 729 1822 simul
759 1767 792 1821 et
821 1755 1016 1836 miserabile,
1048 1753 1177 1841 publice
1202 1754 1402 1820 calamitates
1431 1757 1465 1820 in
1489 1755 1586 1820 rebus
1611 1765 1643 1820 et
1665 1755 1827 1820 mentibus
1857 1755 2036 1820 multarum
2065 1778 2124 1841 per·

481 1889 633 1932 sonarum
657 1876 689 1929 et
712 1864 923 1928 ecclesiarum
954 1863 987 1926 in
1010 1861 1101 1926 lucra
1125 1862 1246 1926 cedunt
1267 1884 1456 1948 paucorum,
1479 1874 1515 1927 ut
1538 1873 1617 1949 puta
1640 1862 1811 1928 duodecim
1843 1885 1901 1928 seu
1932 1862 2051 1927 decem
2081 1875 2127 1927 aut

482 1985 554 2039 octo
577 1973 742 2036 hominum
760 1969 1036 2050 cancellariorum,
1054 1967 1266 2033 cardinalium
1284 1981 1317 2033 et
1332 1969 1587 2052 cartulariornm,
1608 1992 1745 2056 quornm
1768 1969 1944 2056 implentur
1960 1970 2127 2054 marsupia,

481 2082 684 2146 lancinantur
698 2077 850 2158 mantice,
867 2075 1072 2140 cumulantur
1088 2085 1166 2161 quot
1190 2077 1385 2140 centenariis
1401 2076 1453 2140 vel
1476 2074 1607 2140 milibus
1630 2099 1813 2142 marcarum
1829 2089 1956 2141 enteca.
1992 2075 2037 2140 Et
2053 2089 2130 2140 esset
2144 2102 2163 2140 u

481 2199 657 2273 utcumque
673 2184 793 2248 malum
811 2181 988 2263 tolerabile,
1013 2183 1040 2245 si
1064 2181 1172 2246 taliter
1188 2193 1343 2268 congesta
1357 2183 1499 2269 pecunia
1514 2182 1567 2247 vel
1590 2181 1674 2247 bene
1699 2181 1941 2270 expenderetur
1956 2183 1991 2248 in
2008 2195 2131 2247 sanctos

481 2293 637 2359 videlicet
660 2301 692 2356 et
716 2290 955 2356 ecclesiasticos
979 2311 1066 2370 usus,
1091 2289 1241 2352 nimirum
1259 2287 1420 2374 quomodo
1435 2287 1616 2354 loculorum
1631 2290 1866 2354 dominicorum
1890 2292 2035 2377 pecunia
2058 2288 2132 2354 bifa-

482 2403 563 2466 riam
593 2411 703 2464 sancte
735 2419 880 2483 expensa
908 2405 966 2476 est,
991 2417 1057 2482 qua
1078 2394 1132 2459 vel
1155 2393 1278 2482 aliquid
1308 2395 1342 2458 in
1366 2394 1451 2460 diem
1481 2394 1599 2460 festum
1624 2394 1793 2461 emebatur
1816 2419 1859 2460 ex
1882 2419 1923 2461 ea
1946 2396 2000 2460 vel
2025 2398 2133 2483 egenis

483 2506 633 2588 dabatur,
657 2506 742 2570 sicut
764 2502 852 2567 beati
869 2524 998 2589 quoque
1014 2523 1120 2588 papae
1138 2500 1311 2587 Gregorii¹
1328 2503 1468 2588 pecunia
1491 2513 1603 2567 sancte
1627 2515 1660 2567 et
1682 2504 1735 2590 pie
1760 2525 1907 2590 expensa
1929 2515 1990 2586 est,
2015 2502 2058 2568 de
2075 2525 2136 2590 qua

483 2615 584 2678 Rome
608 2613 671 2676 tria
686 2610 775 2676 milia
790 2610 953 2695 virginum
977 2607 1198 2695 pascebantur
1220 2607 1280 2672 sub
1304 2607 1417 2694 regula
1440 2610 1587 2696 exceptis
1603 2609 1669 2673 Dei
1692 2609 1821 2674 famulis
1844 2609 1941 2696 longe
1958 2610 2014 2675 vel
2037 2632 2136 2697 prope
2152 2635 2174 2674 n

484 2721 607 2807 positis.
654 2717 699 2800 Si,
730 2718 874 2803 inquam,
904 2715 1012 2780 taliter
1034 2715 1275 2801 expenderetur
1297 2716 1437 2802 pecunia
1461 2715 1549 2780 curie
1573 2727 1749 2803 utcumque
1779 2716 1878 2798 illata,
1906 2729 1994 2782 esset
2017 2717 2137 2782 malum

483 2824 651 2892 tolerabile
675 2835 708 2888 et
731 2835 898 2909 gementes
913 2832 1113 2904 taceremus3
1137 2843 1224 2886 nunc
1248 2832 1355 2886 autern
1380 2843 1422 2886 ex
1446 2843 1486 2886 ea
1508 2821 1693 2887 exaltantur
1716 2833 1748 2888 et
1771 2823 1915 2888 ditantur
1937 2826 2072 2911 cognati
2088 2823 2138 2888 vel

313 2926 464 3028 ΝΜ
484 2933 561 2998 dum
591 2933 624 2996 in
647 2931 804 2995 maiorem
835 2928 1025 3016 dignitatem
1057 2929 1246 3014 oportunius
1277 2928 1494 3014 expendenda
1524 2939 1672 2992 servatur
1695 2930 1830 3016 srugine
1861 2932 2065 2996 consumitur
2087 2931 2139 2996 vel

484 3041 573 3105 fures
597 3061 669 3103 eam
694 3049 726 3101 et
749 3035 936 3100 effractores
960 3035 1109 3100 furantur
1132 3045 1188 3098 aut
1211 3045 1298 3099 certe
1323 3033 1436 3099 alienis
1460 3035 1660 3122 relinquitur.

414 3229 465 3278 (ω).
886 3198 938 3260 49.
973 3195 1033 3260 De
1058 3196 1250 3260 avaricia
1273 3195 1545 3260 Romanorum
1570 3197 1733 3261 civium.
2157 3223 2180 3262 ss

591 3323 636 3388 At
666 3323 811 3388 Romano
842 3320 987 3410 pontifici
1018 3319 1172 3385 aliislibet
1202 3318 1264 3384 sibi
1299 3319 1591 3385 thesaurizantibus
1620 3319 1756 3386 liberam
1788 3321 1840 3386 vel
1871 3323 2015 3409 quietam
2047 3345 2139 3388 suam

485 3431 605 3498 habere
630 3439 778 3494 entecam
801 3451 866 3492 non
890 3426 1087 3492 conceditur.
1135 3426 1202 3491 Vix
1226 3427 1310 3490 enim
1335 3437 1459 3492 tantum
1482 3429 1516 3492 in
1541 3450 1612 3492 eam
1636 3437 1721 3492 totus
1745 3427 1832 3492 orbis
1857 3431 2013 3514 congerit,
2039 3452 2139 3516 quan-

485 3551 553 3604 tum
577 3560 619 3602 ex
643 3559 683 3600 ea
706 3557 834 3600 sumere
851 3534 1068 3599 Romanorum
1086 3534 1207 3598 civium
1222 3535 1369 3598 avaricia
1388 3535 1590 3621 concupiscit
1600 3539 1620 3616 ²,
1646 3545 1678 3600 et
1701 3546 1751 3599 est
1773 3546 1890 3621 puteus
1913 3535 1967 3600 ille
1992 3536 2139 3623 inexple-

388 3674 466 3724 ψει.
486 3645 560 3710 bilis
584 3645 655 3732 plus
679 3643 741 3707 illis
766 3639 1045 3722 exhaurientibus,
1069 3663 1167 3727 quam
1191 3640 1232 3704 de
1256 3649 1321 3704 toto
1345 3639 1424 3704 orbe
1449 3645 1578 3705 ‘manus
1608 3641 1812 3706 afferentium
1842 3641 2025 3708 infundant.
2073 3643 2139 3708 Ex-

487 3763 582 3838 cepto
614 3752 699 3816 enim
723 3773 772 3831 eo,
797 3748 884 3835 quod
907 3749 1072 3812 Romanus
1103 3747 1250 3834 pontifex
1281 3769 1395 3810 recens
1426 3747 1601 3830 ordinatus,
1633 3741 1711 3812 duin
1741 3750 1771 3813 ei
1801 3747 1990 3814 fidelitatem
2020 3751 2139 3834 iurant,
2158 3776 2182 3814 so

488 3861 576 3924 circa
606 3856 656 3921 XI
680 3855 770 3921 milia
798 3855 992 3920 talentorum
1019 3855 1176 3918 Lucensis
1207 3865 1335 3918 monete
1366 3854 1460 3940 quasi
1488 3853 1560 3918 loco
1590 3853 1741 3919 beneficii
1773 3855 1943 3942 expendit,
1974 3879 2079 3922 novas
2110 3860 2140 3922 ei

488 3949 694 4052 parrochiani
717 3964 767 4027 sui
783 3963 921 4026 Romani
937 3983 1052 4026 causas
1068 3983 1152 4047 pene
1170 3983 1299 4046 semper
1314 3959 1414 4024 dandi
1438 3971 1470 4024 et
1493 3959 1555 4024 sibi
1580 3961 1763 4047 accipiendi
1780 3964 1965 4048 exquirunt.
2001 3963 2141 4050 Propter

487 4074 549 4138 hoc
573 4073 699 4136 vicinas
723 4070 871 4134 civitates
896 4068 989 4155 quasi
1012 4066 1109 4132 beato
1133 4066 1231 4131 Petro
1261 4066 1465 4131 adversarias
1496 4065 1580 4133 bello
1611 4077 1780 4154 temptant,
1812 4070 1932 4155 sopitas
1956 4079 1989 4135 et
2015 4071 2139 4136 invete-

487 4191 576 4244 ratas
598 4178 734 4242 iniurias
758 4176 924 4258 suscitant,
955 4175 1040 4238 intra
1068 4174 1173 4259 ipsam
1197 4174 1361 4238 civitatem
1385 4173 1437 4238 vel
1464 4197 1522 4260 pro
1546 4197 1634 4262 papa
1657 4175 1708 4239 vel
1733 4185 1846 4240 contra
1868 4199 1988 4263 papam
2012 4177 2139 4265 aliquas

489 4309 572 4374 pene
597 4307 725 4371 semper
744 4283 901 4347 motiones
926 4281 1122 4367 excogitant,
1147 4290 1183 4344 ut
1206 4279 1282 4344 dum
1306 4303 1434 4367 semper
1450 4303 1561 4345 eorum
1578 4283 1671 4369 quasi
1695 4281 1816 4347 auxilio
1841 4282 1988 4369 indigeat
2010 4307 2181 4372 sempera

490 4405 522 4459 et
545 4395 614 4479 ipse
639 4389 804 4476 expendat
826 4412 866 4453 ac
890 4409 1018 4473 semper
1041 4387 1103 4473 ipsi
1127 4387 1299 4473 accipiant.
1337 4387 1492 4473 Dumque
1508 4400 1632 4468 enteca,
1649 4387 1736 4475 quod
1759 4389 1947 4476 frequenter
1970 4393 2138 4479 contingit,

489 4501 618 4588 penitus
643 4498 801 4562 exhausta
831 4496 937 4575 fuerit,
968 4493 1052 4558 bene
1077 4495 1107 4558 ei
1131 4494 1239 4558 facere
1263 4493 1375 4558 volunt
1397 4495 1553 4580 pecunias
1576 4495 1836 4578 accomodantes,
1861 4519 1942 4583 quas
1965 4497 2053 4562 idem
2077 4500 2139 4585 ipsi

489 4607 531 4672 ab
556 4629 594 4670 eo
619 4605 787 4691 recipiant.
835 4601 931 4683 Quod
963 4603 990 4664 si
1020 4601 1105 4666 inter
1133 4600 1194 4665 hec
1219 4602 1382 4665 contentio
1413 4602 1497 4665 inter
1520 4600 1600 4666 duas
1624 4602 1779 4667 ecclesias
1807 4604 1985 4690 predivites
2010 4603 2051 4670 de
2075 4607 2139 4692 pri·

489 4724 578 4782 matu
594 4711 647 4775 vel
670 4708 960 4796 archiepiscopalic
979 4707 1066 4790 sede,
1091 4717 1147 4771 aut
1170 4709 1267 4771 etiarn
1292 4706 1332 4772 de
1355 4709 1501 4772 terminis
1525 4731 1651 4772 emersa
1673 4709 1780 4792 fuerit,
1805 4733 1869 4774 non
1892 4711 2019 4793 mirum,
2044 4713 2073 4776 si
2096 4712 2139 4794 hi,

490 4843 510 4884 a
533 4818 651 4907 quibus
674 4817 775 4882 multa
799 4817 973 4902 exiguntur
997 4827 1029 4879 et
1052 4815 1108 4900 qui
1130 4814 1213 4878 forte
1238 4836 1292 4878 ere
1317 4813 1422 4878 alieno
1453 4813 1608 4900 obligatid
1633 4830 1716 4896 sunt,
1748 4815 1937 4902 ampliorem
1967 4819 2051 4882 retia
2082 4842 2139 4884 sua
2157 4845 2183 4883 sc

489 4925 687 4991 laxabuntur
710 4926 743 4987 in
766 4924 837 4987 auri
861 4935 893 4986 et
916 4923 1042 5007 argenti
1066 4920 1259 5007 capturam?
1299 4919 1443 5007 Contigit
1465 4931 1574 4986 tamen
1598 4921 1773 5008 aliquando
1796 4923 1850 5009 pie
1874 4925 2029 4989 memorie
2054 4949 2142 5014 papa

597 5087 623 5152 a)
646 5091 792 5140 canonicas
812 5106 832 5138 c.
907 5085 934 5148 b)
956 5087 1114 5138 obedientia
1132 5099 1167 5140 at
1185 5103 1230 5135 ent.
1251 5085 1308 5136 sca.
1382 5084 1408 5148 c)
1430 5087 1605 5154 archiepalim
1624 5106 1645 5138 c.
1717 5089 1745 5150 d)
1768 5088 1881 5154 obligati
1900 5107 1921 5140 c.

600 5219 629 5289 1)
656 5217 704 5289 Cf.
728 5235 818 5292 srcprc
837 5235 869 5290 p.
886 5215 957 5271 lli).
1028 5211 1060 5287 2)
1078 5213 1128 5285 Cf.
1146 5213 1238 5289 Epist.
1256 5214 1292 5271 ll
1319 5207 1349 5288 (l.
1367 5217 1385 5270 l.
1408 5218 1458 5272 col.
1477 5211 1571 5290 568).·
1595 5217 1665 5272 Cum
1683 5237 1773 5274 essem
1785 5219 1906 5275 Vitcrbii
1931 5221 2007 5292 apud
2024 5230 2141 5279 sanctae

490 5327 692 5384 recordationis
714 5342 816 5396 papam
840 5323 997 5394 Eugenium
1023 5331 1052 5378 et
1075 5322 1122 5376 ille
1147 5321 1275 5377 familiari
1298 5323 1419 5395 alloquio
1442 5325 1508 5379 milri
1531 5325 1677 5380 retulisset
1708 5327 1744 5381 de
1768 5345 1819 5381 sua
1841 5327 2001 5398 vexatione,
2033 5329 2062 5382 in
2086 5347 2142 5400 qua

491 5435 647 5490 Tiburtinis
670 5439 768 5487 contra
788 5432 865 5486 cives
881 5431 1019 5485 Romanos
1035 5429 1133 5485 favens
1149 5429 1251 5484 multas
1267 5431 1401 5500 pecunias
1426 5433 1601 5502 expenderat
1627 5439 1656 5487 et
1679 5434 1794 5488 tandem
1818 5434 1887 5488 satis
1909 5435 2039 5490 miseram
2063 5437 2141 5508 pacis
2159 5449 2185 5488 so

492 5541 718 5613 compositionem
735 5538 862 5604 fecisset,
880 5553 933 5608 ego
949 5537 1091 5608 respondi.
1110 5576 1117 5591 .
1136 5575 1143 5590 .
1162 5577 1168 5590 .
1194 5535 1281 5590 Aliud
1302 5539 1455 5612 annnplmn
1473 5537 1594 5613 praebat
1610 5547 1736 5613 pactam,
1761 5540 1838 5615 qaod
1845 5559 1930 5615 papa
1946 5547 1972 5596 et
1986 5540 2142 5599 Ianuenscs

491 5647 622 5715 inierunt,
648 5645 702 5702 SS.
719 5643 836 5714 XVIII,
849 5663 881 5718 p.
896 5641 974 5712 356;
999 5643 1040 5713 cf.
1059 5641 1252 5712 atalanta,
1270 5641 1337 5698 ‘Die
1351 5643 1473 5720 streitipe
1488 5643 1658 5718 Papstwalll
1672 5646 1720 5702 des
1734 5644 1843 5702 Jatra
1857 5645 1953 5702 1130’
1970 5643 2143 5720 (Iansbrucl'

494 5747 591 5828 1876)
610 5772 643 5828 p.
661 5751 714 5807 60.
