4386 6390
268 357 472 416 DIALOGUS
496 359 549 414 DE
573 357 841 416 PONTIFICATU
865 359 1043 416 SANCTAE
1066 359 1260 418 ROMANAE
1285 360 1508 417 ECCLESIAE.
1650 353 1711 416 541

65 547 256 610 auctoritate
274 569 386 632 regum
412 555 445 609 ct
467 546 698 631 imperatorum
722 547 786 608 sint
810 546 954 629 collecta,
979 549 1076 611 immo
1093 558 1170 611 tunc
1187 547 1319 612 sinodus
1336 547 1521 612 firmitatem
1538 547 1716 633 legitimam

66 652 226 734 sortietur,
247 652 378 739 quando
402 652 643 737 imperatoriam
667 652 869 716 maiestatem
893 654 924 716 ci
947 653 1132 717 interfuisse
1149 652 1202 717 vel
1225 655 1358 740 propria
1382 653 1619 739 subscriptione
1644 675 1715 716 eam

65 760 211 824 firmasse
242 769 448 823 monstratur.
495 758 533 821 In
562 759 716 822 comitatu
744 760 830 822 enim
858 758 1020 824 dominico
1052 760 1115 824 duo
1146 759 1247 845 gladii
1277 760 1428 846 leguntur
1459 760 1600 824 affirisse.
1647 758 1716 823 Nec
1736 783 1893 831 annarias.

66 865 167 930 solum
193 866 267 948 duo,
292 865 465 930 sedetiam
489 865 608 929 tercius
632 863 778 948 gladiusl
801 863 976 929 adversum
999 866 1159 930 hereticos
1184 878 1215 930 et
1239 868 1440 931 scismaticos
1457 865 1640 930 exerendus
1658 875 1715 946 est,

32 971 120 1037 aubi
144 973 323 1037 necessitas
354 973 465 1058 exigit.
512 971 604 1035 Dicit
634 972 720 1035 enim
743 972 835 1035 Deus
860 971 1026 1036 Ezechieli
1056 973 1252 1058 prophetae:
1276 975 1315 1038 Ut
1338 975 1516 1059 duplicetur
1536 974 1668 1061 ⁴qladius
1691 988 1719 1036 et
1736 996 1893 1044 caesuram.

67 1081 244 1166 replicetur
269 1081 401 1167 gladius
431 1080 675 1166 interfectorum.
723 1079 797 1142 Nou
827 1082 909 1143 enisu
939 1082 1007 1143 sine
1037 1104 1132 1144 causa
1163 1079 1263 1143 iudex
1291 1081 1437 1166 qlatlium
1460 1095 1577 1166 portat.
1620 1077 1716 1143 Unde
1736 1103 1872 1150 uonna.

65 1185 265 1272 Augustinus
290 1185 332 1248 ad
346 1184 592 1249 Bonifacium²t
618 1185 838 1250 illumiminatae
862 1189 1026 1272 episcopus
1041 1187 1205 1272 Vaqiensis
1228 1188 1385 1250 auxilium
1404 1189 1499 1272 pet-iit
1522 1188 1561 1251 ab
1581 1189 1717 1273 impera-

65 1308 127 1358 tore
151 1295 325 1357 cltristiauo
348 1307 455 1356 conus
479 1293 577 1356 hostes
601 1293 737 1379 eeclesia,
767 1316 828 1356 non
852 1306 913 1356 tarn
937 1295 991 1356 sui
1011 1293 1188 1357 ‘ulciscendi
1208 1317 1315 1373 causa,
1340 1317 1434 1378 quam
1458 1293 1567 1357 urende
1590 1295 1718 1381 ecclesie

63 1402 128 1464 sibi
149 1401 277 1486 credite.
327 1399 473 1476 Quodsi
486 1401 741 1484 pretermisisset,
766 1423 824 1462 uon
849 1400 916 1462 eiras
932 1400 1055 1486 fuisset
1078 1399 1242 1463 laudanda
1261 1401 1428 1484 patientia,
1451 1399 1508 1463 seri
1530 1401 1718 1487 neqliqentia

22 1531 48 1568 πο
63 1509 174 1572 rneritc
197 1507 366 1592 culpanda.
404 1505 512 1590 Neque
536 1509 616 1570 enim
642 1507 801 1591 apostolus
816 1504 938 1569 Paulus
961 1508 1022 1591 vite
1044 1529 1098 1588 sue
1122 1507 1312 1589 transitorie,
1336 1505 1394 1570 seri
1415 1507 1541 1594 ecclesiq
1560 1507 1627 1570 Dei
1648 1531 1717 1569 con·
1736 1528 1896 1580 samanae.

60 1615 171 1692 saluit,
199 1613 327 1698 quando
350 1627 457 1677 contra
481 1614 555 1676 ilios
579 1615 637 1697 qui
658 1637 726 1676 eum
750 1613 890 1676 occidere
914 1615 1182 1697 cortsqmraoerant,
1207 1613 1374 1676 consilium
1398 1637 1514 1693 aarum,
1540 1626 1572 1676 ut
1594 1615 1718 1676 tribuno

53 1721 259 1806 proderetur,
284 1721 395 1805 ffecit,
420 1729 461 1800 et,
486 1730 521 1781 ut
544 1718 741 1804 generaliter
772 1717 877 1782 dicam
888 1723 909 1800 ³,
941 1718 1092 1783 catholici
1118 1719 1271 1783 aduersus
1301 1719 1450 1783 leret-icoo
1476 1745 1495 1782 a
1513 1714 1718 1805 potestatibus

60 1827 222 1891 ordinatis
244 1827 328 1889 iuste
352 1827 567 1913 defensionem
584 1826 749 1910 posteriore
765 1839 908 1911 possunt.

169 1930 423 1996 Alexander.
460 1929 600 1996 Crudele
625 1941 674 1994 est
698 1952 826 2016 semper
849 1932 883 1993 in
906 1953 961 1994 eos
985 1930 1041 2015 qui
1064 1941 1203 2016 peccant
1226 1930 1405 1994 vindictam
1429 1952 1594 1995 exercere.
1642 1931 1717 1996 Pre-

5 2062 38 2101 15
60 2065 133 2104 sens
157 2039 244 2103 enirn
268 2041 398 2122 eeclesia
420 2039 520 2102 seirent
541 2040 635 2102 bonos
651 2053 679 2101 et
694 2040 794 2102 nialos
813 2041 956 2123 reciptet.
993 2036 1089 2100 Unde
1106 2037 1315 2122 perfectionis
1332 2049 1364 2101 et
1380 2039 1548 2102 caritatis5
1571 2042 1718 2126 maqister

60 2146 108 2210 ad
130 2150 292 2210 caritatem
316 2169 372 2209 nos
395 2147 509 2209 inuitat
532 2145 657 2208 dicens:
687 2143 794 2208 Nolite
816 2147 959 2209 resistere
982 2145 1077 2224 malo,
1107 2145 1164 2208 sed
1186 2145 1311 2232 diliqite
1337 2147 1482 2209 inimicos
1505 2159 1621 2209 uestros
1645 2147 1718 2209 bene
1736 2143 1881 2246 fflfqssl·

54 2255 186 2340 facite*
210 2253 269 2332 lis,
294 2254 352 2337 qui
373 2251 504 2316 oderunt
528 2275 580 2314 uos
604 2261 636 2314 et
660 2251 800 2314 ceterab.

170 2358 327 2422 Victor.
362 2357 485 2421 Verum
503 2367 561 2439 est,
587 2357 673 2443 quod
697 2359 731 2420 in
748 2356 909 2446 ecclesia6
932 2358 1066 2443 quedam
1090 2360 1174 2422 mola
1192 2358 1360 2444 partienda
1383 2373 1463 2438 sterit,
1488 2359 1621 2444 quedam
1645 2361 1717 2424 tole-

62 2467 178 2530 rando.
226 2463 410 2528 Toleranda
434 2463 565 2549 quidem
595 2463 712 2527 leniter
736 2464 863 2528 occulta
874 2467 894 2545 ⁷,
924 2467 1064 2528 seuerius
1094 2478 1195 2528 autem
1226 2466 1265 2528 ab
1297 2465 1426 2546 ecclesia
1450 2465 1618 2550 punienda
1648 2481 1719 2529 astru

9 2596 44 2634 ao
63 2573 181 2637 delicta
210 2573 392 2659 niani‘fhstu.
448 2569 653 2656 Quandoque
685 2571 795 2634 enim⁸
824 2571 1014 2636 medicinali
1041 2574 1202 2634 seueritate
1233 2573 1315 2635 nauli
1343 2586 1493 2658 coquntur
1522 2573 1567 2636 ad
1596 2574 1718 2651 bonane,

64 2679 150 2743 sicut
180 2676 317 2762 legimus
348 2677 390 2740 ad
420 2699 535 2762 preces
558 2676 654 2765 Helie
677 2677 785 2762 ignem
812 2676 1020 2740 descendisse
1045 2675 1085 2739 dc
1110 2675 1190 2764 celo.
1236 2675 1441 2762 Quandoque
1465 2699 1530 2740 non
1554 2699 1625 2740 esse
1649 2679 1718 2740 vin·
1737 2703 1895 2752 rasuram.

64 2785 185 2849 dictam
210 2783 426 2848 exercendam
451 2786 484 2846 in
509 2806 575 2865 eos,
599 2785 654 2870 qui
679 2791 850 2868 peccant‘t,
874 2782 1055 2846 ostenditur
1078 2805 1121 2846 ex
1145 2786 1220 2847 eo¹⁰
1244 2784 1330 2868 quod
1355 2783 1519 2848 Christm⁰
1545 2785 1719 2870 ‹lr'scipalos

64 2917 137 2957 auos
161 2895 346 2978 increpavit,
370 2893 447 2976 quio
471 2893 572 2978 i'qnem
597 2891 780 2955 descendere
802 2915 898 2976 srqler
917 2915 967 2954 eos
988 2892 1167 2976 qestiebant,
1192 2893 1251 2975 qui
1271 2892 1375 2976 ipsum
1400 2915 1461 2953 riou
1484 2906 1672 2976 receperant.
1737 2889 1857 2982 “ff-”figit

172 3013 425 3079 Alexander.
461 3014 618 3078 Novimus
642 3013 816 3100 aliquando
834 3013 1070 3078 detrahendum
1088 3035 1159 3078 esse
1183 3012 1306 3098 aliquid
1331 3015 1507 3095 severitati,
1531 3025 1567 3077 ut
1590 3015 1718 3078 maiori-

22 3145 47 3185 11
65 3121 126 3185 bus
151 3121 243 3185 malis
267 3121 420 3186 sanandis
445 3122 573 3185 sincera
597 3123 715 3184 caritas
740 3119 921 3202 subveniat,
947 3120 1142 3206 quandoque
1167 3142 1233 3201 eoa,
1258 3143 1339 3206 quos
1363 3121 1397 3183 in
1420 3121 1482 3183 viis
1507 3130 1563 3184 aut
1586 3119 1719 3206 sepibus
1738 3145 1895 3195 canusiam.

65 3229 258 3308 invenimus
289 3230 410 3292 intrare
436 3229 591 3313 cogimus.
639 3228 761 3293 Sancta
785 3229 869 3291 enim
895 3226 1071 3315 ecclesiall
1101 3227 1232 3291 salictam
1256 3230 1392 3291 cranium
1426 3242 1565 3290 santerna
1590 3230 1719 3291 caritate

66 3338 253 3421 conquirens
283 3346 332 3399 est
362 3350 519 3420 tamquam
552 3338 633 3399 inter
649 3337 826 3423 freneticos
850 3349 877 3397 et
901 3335 1064 3420 litorqicos
1094 3348 1225 3397 estuans.
1273 3333 1359 3398 Nom
1383 3348 1411 3397 et
1426 3335 1585 3421 frerzetici
1612 3335 1720 3424 nolunt

67 3444 169 3528 liqari
196 3457 224 3506 et
254 3444 399 3529 litarqici
425 3443 534 3505 nolunt
563 3444 706 3521 excitari,
737 3441 794 3506 sed
816 3455 993 3526 perseueret
1022 3441 1189 3526 diliqentio
1221 3443 1365 3504 caritatis
1381 3442 1575 3528 freneticum
1607 3441 1718 3528 uqsue,

66 3551 293 3613 constimulare
317 3550 508 3635 litarqicurn,
532 3549 638 3612 ambos
662 3572 778 3611 avitare.
826 3546 927 3610 simio
952 3547 1162 3633 offenduntur,
1186 3547 1243 3611 sed
1265 3549 1354 3611 antibo
1380 3547 1566 3633 diliquntur.

22 3699 48 3737 so
173 3671 367 3736 Victore.
413 3672 546 3750 (letando
570 3672 735 3736 multitudo
767 3687 810 3735 est
840 3675 873 3735 ¹in
901 3673 1026 3751 scelere,
1056 3696 1111 3734 nec
1140 3671 1231 3734 salua
1249 3696 1332 3757 pace
1356 3673 1482 3758 ecclesie
1505 3673 1587 3736 nauli
1605 3674 1722 3758 puniri

59 3794 204 3865 possunt,
229 3778 463 3843 detrahendum
488 3789 537 3842 est
561 3777 683 3864 aliquid
707 3779 884 3860 severitati,
909 3788 941 3840 et
964 3778 1125 3842 tolerandi
1145 3793 1216 3842 seem
1235 3781 1352 3864 potius,
1383 3803 1477 3864 quom
1502 3779 1619 3842 uiolata
1637 3801 1719 3864 pace

66 3887 193 3968 ecclesie
209 3886 378 3972 puniendi.
415 3884 512 3949 Unde
528 3884 731 3970 Augustinus
756 3884 852 3949 docet
876 3895 907 3948 et
931 3884 1010 3948 dicit
1021 3888 1056 3966 ¹³,
1082 3899 1114 3948 ut
1137 3910 1228 3949 cortes
1252 3887 1285 3949 in
1307 3886 1436 3968 ecelesia
1454 3899 1588 3971 propter
1609 3869 1719 3970 pacem

66 3995 193 4076 ecclesie
217 3994 379 4057 toleremus
402 4007 430 4056 et
453 3994 583 4056 canibus
606 4008 757 4072 sanctum,
783 3995 838 4056 ubi
859 4006 903 4056 est
922 4017 992 4077 pam
1014 3992 1140 4080 ecclesie
1165 4006 1240 4070 neta,
1265 4016 1326 4054 tion¹
1350 3993 1466 4055 demus.

174 4114 426 4180 Alexander.
458 4115 523 4179 Hic
540 4113 747 4179 observanda
763 4120 905 4178 'sunt142
926 4116 1059 4194 Quarido
1076 4119 1108 4180 iu
1127 4117 1338 4201 delinquentes
1356 4116 1562 4201 disciplinam
1579 4139 1719 4180 emersere
1739 4137 1830 4179 rerer.

23 4247 49 4288 ao
67 4247 129 4288 non
146 4248 326 4310 posssimus,
356 4225 407 4288 uel
429 4225 505 4308 quia
529 4247 590 4287 non
613 4237 684 4285 sunt
707 4225 808 4286 uostri
834 4225 926 4303 iuris,
957 4225 1007 4287 cel
1028 4225 1105 4308 quia
1130 4223 1257 4286 illorum
1283 4225 1430 4302 crimina,
1455 4225 1515 4285 etsi
1535 4223 1624 4286 nodis
1648 4237 1719 4285 nota

67 4346 147 4410 aunt,
179 4345 279 4394 tamen
310 4331 491 4417 manifestis
522 4329 654 4394 indiciis
675 4331 813 4414 probari
833 4353 894 4393 non
910 4344 1053 4415 possunt.
1100 4328 1203 4392 Pr01⁵
1228 4331 1349 4393 iri-ucria
1373 4328 1471 4392 ctiam
1488 4331 1630 4414 propria
1654 4330 1719 4414 epi-

67 4461 159 4522 seopo
195 4439 333 4522 aliquem
368 4439 635 4500 encommunieare
668 4460 729 4499 non
762 4437 840 4499 licet.
896 4433 962 4498 Sed
994 4433 1131 4522 ecclesie
1162 4435 1313 4498 iniuriam
1343 4435 1427 4498 iuste
1458 4433 1573 4497 ulcisci
1603 4445 1719 4519 potest.

68 4541 146 4606 Saul
171 4543 333 4606 contraxit
357 4541 523 4622 offensam,
548 4541 624 4627 quia
647 4543 819 4604 miseratus
844 4549 893 4603 est
916 4539 1012 4625 Agag
1034 4563 1146 4625 regem
1170 4541 1319 4604 hostium.
1362 4540 1487 4622 Nonne,
1514 4541 1569 4626 qui
1593 4541 1648 4604 uni
1673 4542 1720 4604 in·
1740 4565 1890 4615 amarae.

175 4757 318 4832 allato.
380 4757 408 4822 b)
431 4741 487 4810 de.
560 4751 663 4822 cliro.

21 4976 49 5012 so
177 4957 206 5032 1)
239 4957 287 5030 Of.
320 4957 458 5034 Siqeberti
487 4956 629 5016 Gernblac.
662 4957 740 5032 epist.
772 4959 837 5015 ado.
870 4957 1003 5015 Pasctal.
1029 4979 1103 5034 pap.
1136 4979 1158 5015 c.
1183 4959 1221 5015 10
1254 4955 1329 5034 (Lib.
1362 4961 1396 5016 (ie
1426 4961 1471 5016 lite
1502 4959 1546 5028 Il,
1573 4980 1606 5035 p.
1633 4957 1718 5034 461).

69 5065 99 5136 2)
123 5065 215 5140 Epist.
232 5065 304 5134 185,
321 5085 344 5121 c.
360 5066 389 5134 l,
406 5061 425 5138 ἓ
443 5064 494 5134 28,
513 5063 587 5139 Opp.
605 5065 647 5120 ea.
665 5063 775 5120 Bened.
792 5063 832 5133 ΙΙ,
851 5065 995 5134 601655,
1020 5063 1105 5122 (irat.
1123 5067 1211 5122 Derr.
1231 5065 1263 5124 C.
1282 5066 1333 5136 23,
1358 5088 1403 5142 qu.
1423 5067 1451 5137 3,
1477 5086 1499 5122 c.
1519 5065 1548 5120 2.
1620 5063 1651 5140 3)
1670 5065 1718 5138 Cf.
1818 5131 1819 5134 Ἴ

69 5170 153 5230 Grai.
172 5175 189 5228 l.
208 5174 225 5228 l.
244 5191 267 5228 c.
286 5172 314 5227 3.
385 5168 417 5244 4)
433 5171 527 5228 Indid.
543 5170 575 5229 G.
594 5169 645 5241 23,
663 5190 709 5245 qu.
728 5170 757 5240 4,
775 5171 864 5226 ale.
935 5170 966 5240 5)
991 5171 1085 5228 India.
1105 5191 1182 5247 pars
1199 5172 1227 5228 2.
1298 5172 1329 5243 6)
1346 5173 1441 5230 tudio.
1460 5193 1481 5229 c.
1499 5173 1548 5228 18.
1620 5173 1650 5242 l)
1670 5172 1718 5245 Cf.

67 5277 131 5335 idid.
150 5299 172 5336 c.
185 5278 240 5334 19:
265 5279 371 5335 Levius
386 5283 505 5346 occulta,
531 5279 657 5334 severius
679 5283 773 5332 autem
791 5278 826 5332 ab
843 5278 966 5334 ecclesia
980 5280 1126 5350 punienda
1142 5287 1207 5333 sunt
1224 5280 1329 5335 delicta
1344 5281 1503 5336 manifesta.
1575 5278 1605 5350 8)
1623 5279 1718 5336 lirant

68 5405 90 5441 c.
109 5383 159 5442 25.
231 5385 261 5455 9)
281 5383 330 5456 Of.
347 5383 411 5440 ibid.
430 5404 452 5441 c.
471 5383 529 5438 24:
554 5385 618 5439 Non
638 5403 751 5455 semper
774 5385 802 5438 in
820 5402 877 5452 eos,
896 5386 944 5455 qui
960 5393 1091 5456 peccant,
1109 5386 1235 5440 vindicta
1251 5388 1411 5442 exercenda
1428 5392 1481 5442 est.
1554 5385 1605 5456 10)
1623 5386 1717 5443 India.

21 5505 48 5544 aa
68 5512 90 5548 c.
109 5490 159 5548 26.
254 5487 306 5565 11)
329 5490 424 5548 Indid.
449 5511 472 5546 c.
495 5490 545 5546 25.
641 5488 691 5559 12)
716 5489 811 5546 lualid.
837 5491 927 5546 alt.
947 5490 1052 5565 parteis
1075 5491 1191 5548 orrzimis.
1286 5489 1337 5566 13)
1361 5492 1456 5549 lualid.
1482 5511 1505 5548 c.
1526 5491 1564 5546 18
1590 5487 1649 5566 (De
1657 5493 1720 5570 fide

68 5606 93 5654 et
114 5597 242 5674 operibtu
267 5618 290 5654 c.
309 5597 337 5668 4,
362 5593 428 5670 §L
455 5595 527 5673 Opp
545 5597 592 5667 VI,
611 5591 763 5671 callot).
861 5592 914 5670 14)
930 5597 1025 5654 India.
1044 5599 1133 5653 alt.
1229 5598 1280 5671 15)
1305 5599 1399 5656 ladit.
1418 5619 1440 5656 c.
1459 5598 1515 5670 27,·
1540 5597 1718 5675 cs.Greqor.

67 5705 137 5782 neq.
163 5705 203 5775 II,
229 5705 280 5774 47,
308 5703 374 5760 ΕΕ.
400 5703 424 5775 I,
444 5725 476 5780 p.
495 5703 565 5760 149.
1570 5737 1571 5740 η
