4478 6396
438 379 502 450 228
731 383 910 447 GERHOHI
933 381 1166 440 PRAEPOSITI
1190 383 1599 440 REICHERSBERGENSIS
1623 383 1789 438 LIBELLI.

438 577 498 660 qai
517 575 636 638 altorio
660 572 727 637 Dei
746 574 896 652 servirent,
924 575 957 635 si
976 573 1077 636 subdo
1102 575 1135 635 in
1151 573 1265 659 ‚flenda
1288 575 1396 636 carrera
1412 573 1600 659 frapib'tate
1623 575 1809 650 corruerint,
1834 587 1861 636 et
1884 571 2025 636 Domi-'no
2050 597 2098 636 re-

438 683 588 766 spiciente
612 679 706 766 dipne
723 680 929 765 penitorerint,
955 681 998 742 ito
1023 693 1057 742 ut
1077 681 1264 765 mortificato
1288 703 1417 764 corpore
1441 681 1544 742 cordis
1568 681 1697 743 contriti
1716 681 1912 766 sacrificium
1929 679 1999 742 Deo
2024 681 2101 765 ‘lffe'

439 802 522 867 rant,
553 801 678 852 stromat
707 788 742 850 in
758 799 911 872 potestate
928 787 1104 871 pontificia,
1136 785 1186 848 rel
1211 789 1364 850 veraciter
1387 787 1529 873 afflictos
1556 810 1618 850 non
1642 786 1700 850 dia
1722 786 1910 872 conprendere
1942 787 1993 850 uel
2016 787 2101 850 desi-

440 894 547 958 diosos
563 893 747 980 proliaeiors'
773 906 909 977 tempore
940 893 980 955 ab
1003 892 1172 956 aecclesiae
1199 917 1329 978 corpore
1351 917 1524 980 seprepare,
1556 896 1601 957 ito
1632 908 1743 970 tomen,
1774 907 1806 956 ot
1834 896 1882 956 sic
1912 895 2103 980 officio-rum

439 1025 567 1064 suorum
592 1000 660 1064 loco
684 1001 851 1084 recepiant,
876 1023 912 1062 ne
929 999 1057 1084 possint
1079 999 1125 1062 acl
1146 999 1262 1062 altiora
1283 1001 1401 1087 officia
1425 1000 1557 1064 ulterius
1574 1002 1768 1086 promanat.
1818 1000 1965 1077 Quodsi
1985 1002 2139 1063 iteratos

441 1108 523 1172 uelut
546 1131 638 1171 canes
660 1106 706 1170 od
728 1107 875 1169 uomitum
899 1108 1022 1168 reunsi
1035 1106 1175 1191 fuerint,
1207 1131 1267 1170 non
1297 1107 1396 1170 solum
1429 1106 1580 1192 disputate
1611 1108 1721 1194 officii
1749 1122 1885 1186 careant,
1915 1107 1973 1170 sed
2002 1109 2102 1170 etiam

439 1227 579 1278 sanctam
604 1215 846 1277 communionem
873 1214 941 1276 nesi
962 1215 995 1276 in
1018 1214 1103 1276 onitu
1126 1237 1187 1276 non
1211 1216 1375 1299 recepiant.
1423 1212 1625 1276 Auctoritate
1650 1212 1745 1277 buius
1769 1212 1914 1298 capituli,
1939 1214 2025 1299 quis,
2050 1212 2101 1274 in-

440 1341 548 1405 quam,
580 1318 671 1383 dedit
700 1318 786 1382 hanc
816 1328 1010 1403 potestatem
1041 1317 1252 1404 presbyteris,
1277 1341 1374 1404 quam
1398 1341 1458 1383 nec
1483 1320 1666 1383 invenimus
1690 1342 1878 1384 concessam
1904 1318 2100 1406 episcopis?

440 1426 637 1490 Permittunt
665 1425 811 1511 episcopi
841 1425 875 1488 in
899 1423 1037 1488 concilio
1060 1424 1248 1489 Hilerdensi
1279 1425 1536 1490 misericordiam
1567 1426 1676 1490 facere
1701 1425 1807 1490 subito
1839 1427 2004 1490 incarnis
2029 1426 2098 1489 fra-

342 1559 372 1598 «.
407 1561 420 1596 ⁴.
440 1531 565 1618 gilitate
594 1529 833 1624 corruentibus,
856 1542 888 1595 et
910 1530 1052 1595 Domino
1083 1533 1278 1617 respiciente
1305 1533 1416 1618 *digne
1448 1532 1677 1618 penitentibus.
1724 1532 1768 1597 At
1798 1534 1853 1596 isti
1883 1535 1982 1598 nostri
2012 1544 2098 1596 tem·
2118 1557 2146 1595 ro

441 1639 529 1724 poris
559 1639 694 1702 nimium
723 1637 899 1702 clementes
927 1649 983 1701 aut
1005 1637 1088 1702 forte
1112 1637 1280 1703 dementes
1303 1638 1487 1725 presbyteri
1511 1663 1586 1708 suos
1611 1638 1892 1726 compresbyteros
1916 1663 1980 1702 non
2005 1661 2100 1703 more

442 1745 608 1811 bominum
631 1744 750 1832 lapsos,
775 1744 833 1808 sed
849 1767 939 1808 more
955 1767 1129 1830 porcorum
1143 1744 1314 1810 volutabro
1338 1745 1397 1809 luti
1421 1745 1477 1809 diu
1500 1747 1669 1826 inmersos,
1694 1745 1783 1810 nulla
1798 1745 1898 1832 digna
1917 1748 2103 1833 penitentia

442 1863 607 1932 excoctos,
631 1852 755 1916 faciunt
779 1862 912 1916 cantare
936 1852 1062 1932 missas,
1086 1874 1146 1916 nec
1171 1851 1212 1915 ab
1233 1853 1386 1938 episcopo
1403 1853 1647 1938 permittendas,
1673 1853 1735 1916 nisi
1758 1851 1856 1938 digne
1876 1851 2103 1939 penitentibus

443 1971 475 2024 et
504 1961 708 2023 iterationem
735 1959 875 2022 vomitus
906 1957 1109 2022 caventibus.
1157 1957 1264 2040 Unde,
1294 1960 1438 2046 inquam,
1470 1958 1669 2046 presbyteris
1700 1960 1782 2024 haec
1812 1969 1967 2045 potestas,
2000 1982 2103 2046 quam

443 2089 503 2130 nec
535 2067 698 2152 episcopis
729 2063 880 2128 concedit
910 2066 1097 2146 auctoritas,
1128 2065 1253 2129 scilieet
1283 2066 1392 2130 officia
1423 2067 1610 2152 permittere
1640 2089 1705 2130 non
1737 2066 1835 2152 digne
1865 2065 2151 2152 penitentibue,1s

444 2173 556 2258 culpas
586 2171 701 2236 crebro
732 2169 925 2235 iterantibus
950 2183 982 2234 et
1005 2171 1066 2235 hac
1090 2170 1212 2236 fiducia
1233 2172 1480 2254 seminantibus,
1506 2175 1583 2260 quia
1605 2173 1714 2237 valeat
1744 2175 1894 2259 inpurum
1926 2173 2101 2237 absolvere

444 2277 660 2344 consacerdos
685 2301 767 2364 eque
792 2277 952 2363 inpurus?
988 2275 1084 2342 Certe
1109 2277 1233 2342 situlis
1258 2279 1426 2344 confessus
1449 2280 1589 2366 talisque
1614 2281 1780 2344 confessor
1795 2280 1896 2366 digna
1919 2281 2104 2368 penitentia

443 2387 673 2474 plecterentur,
698 2383 794 2449 ambo
818 2385 884 2448 suis
909 2383 1026 2448 officiis
1042 2386 1258 2472 privarentur,
1284 2388 1361 2471 quia
1383 2387 1591 2473 privilegium
1614 2397 1758 2451 meretur
1780 2389 1928 2451 amittere
1949 2389 2006 2474 qui
2024 2411 2102 2452 con·

445 2516 539 2559 cessa
562 2491 624 2557 sibi
648 2491 792 2556 abutitur
809 2503 969 2578 potestate
981 2497 1001 2556 ¹.
1038 2493 1077 2573 Ο,
1102 2493 1245 2578 inquam,
1263 2505 1384 2579 quanto
1400 2495 1521 2558 rectius
1537 2505 1698 2579 ageretur,
1716 2495 1742 2557 si
1758 2494 1903 2580 legitima
1919 2496 2104 2580 penitentia

443 2600 544 2686 lapsis
567 2601 798 2686 imponeretur,
824 2621 889 2685 qua
912 2609 1020 2663 tamen
1046 2599 1191 2664 occultus
1215 2600 1325 2686 lapsus
1349 2623 1414 2664 non
1431 2601 1638 2686 proderetur!
1678 2601 1751 2664 Hac
1776 2603 1894 2666 etenim
1919 2602 2103 2688 penitentia
2122 2629 2150 2666 so

445 2716 597 2793 suscepta
620 2717 858 2792 consequenter
880 2706 1023 2792 permitti
1053 2718 1164 2792 posset
1194 2707 1347 2789 officium,
1378 2730 1443 2771 non
1474 2707 1616 2793 legitime
1647 2708 1805 2794 penitenti
1835 2731 2001 2793 nunquam
2027 2731 2101 2794 per-

444 2812 648 2877 mittendum.

553 2919 586 2984 S.
624 2919 730 3000 Quam
754 2942 853 2985 vocas
877 2919 1055 3005 legitimam
1079 2921 1318 3006 penitentiam?

552 3027 589 3091 R.
627 3026 720 3107 Quae
745 3025 923 3091 secundum
948 3029 1157 3091 auctoritates
1181 3040 1310 3112 patrum
1334 3030 1520 3114 imponitur.
1567 3028 1659 3092 Haec
1683 3039 1790 3092 autem
1816 3027 1966 3093 bifariam
1983 3029 2098 3094 distin-

445 3134 555 3218 guitur
577 3143 643 3197 tam
666 3134 750 3197 inter
774 3133 921 3216 clericae,
946 3156 1043 3220 quam
1067 3135 1152 3197 inter
1174 3133 1285 3198 laicos.
1332 3135 1417 3199 Nam
1441 3159 1514 3198 curn
1538 3133 1620 3199 alius
1643 3137 1792 3221 penitens
1823 3135 1946 3222 aliquid
1971 3136 2035 3200 sibi
2058 3137 2100 3201 de
2120 3163 2147 3202 ss

359 3267 427 3312 aar.
446 3241 553 3326 seipso
576 3241 724 3320 retineat,
750 3239 846 3304 *alius
877 3252 980 3304 totum
1011 3240 1098 3326 quod
1129 3253 1187 3322 est,
1219 3253 1321 3306 totum
1352 3242 1439 3328 quod
1470 3229 1578 3322 babet,
1609 3252 1710 3306 totum
1738 3241 1825 3328 quod
1849 3253 1965 3328 potest,
1998 3244 2101 3308 semel

446 3357 479 3412 et
502 3346 596 3412 simul
612 3346 686 3412 Deo
710 3348 743 3410 in
759 3346 982 3411 holocaustum
1006 3347 1155 3428 offerens,
1180 3349 1325 3412 imitatur
1345 3348 1435 3412 illum
1459 3349 1641 3434 prodigum,
1666 3351 1764 3412 immo
1788 3372 1831 3412 ex
1847 3349 1984 3436 prodigo
2008 3353 2100 3436 peni-

409 3442 413 3456 ’
445 3465 566 3519 tentem
590 3453 691 3518 filium
715 3453 772 3517 tali
796 3455 904 3517 animo
928 3476 1105 3536 reversum,
1130 3467 1165 3518 ut
1188 3477 1208 3518 a
1232 3454 1327 3519 domo
1350 3457 1452 3542 patris
1469 3454 1602 3518 ulterius
1625 3478 1690 3519 non
1707 3467 1912 3541 evagaretur,
1937 3458 2100 3522 ministra-

445 3572 535 3626 turus
567 3573 599 3624 et
627 3562 807 3624 serviturus
837 3562 871 3624 in
903 3583 942 3624 ea
972 3560 1182 3648 facturusque
1213 3573 1314 3625 totum
1345 3561 1433 3648 quod
1464 3563 1494 3625 ei
1519 3573 1652 3648 epatre
1683 3563 1916 3648 preciperetur,
1948 3586 2009 3628 nec
2034 3564 2099 3628 ullo

446 3666 541 3732 modo
565 3666 689 3732 audens
713 3678 878 3753 appetere,
904 3678 939 3732 ut
962 3667 1046 3731 filius
1071 3679 1253 3749 vocaretur,
1284 3668 1403 3732 nedum
1435 3669 1496 3732 boc
1521 3667 1668 3751 ambiret,
1694 3680 1729 3732 ut
1752 3669 1835 3733 stola
1857 3671 1962 3757 prima
1986 3671 2099 3735 indue·
2119 3699 2145 3738 a

445 3785 543 3839 retur.
580 3775 645 3838 Iste
669 3773 784 3838 modus
801 3776 1001 3860 penitentiae
1026 3787 1175 3838 servatur
1198 3774 1239 3838 ab
1263 3776 1324 3854 his,
1350 3776 1404 3861 qui
1429 3775 1471 3838 ad
1494 3775 1658 3860 regularia
1681 3775 1824 3840 claustra
1840 3779 1974 3842 veniunt
1998 3801 2099 3864 seque

445 3891 528 3946 totos
559 3880 760 3967 abnegantes
792 3880 835 3944 ad
865 3882 1039 3966 puritatem
1070 3882 1304 3945 sanctimoniae
1336 3881 1395 3946 sub
1427 3881 1613 3946 obedientia
1637 3883 1846 3947 contendunt.
1895 3884 2019 3948 Horum
2044 3884 2098 3948 de-

446 3988 570 4053 clarata
593 3987 649 4052 tali
672 3988 851 4051 intentione
875 3989 995 4073 poterit
1018 3999 1111 4073 pater
1133 3989 1320 4052 monasterii
1346 4011 1419 4052 cum
1444 3990 1490 4051 eis
1515 3990 1623 4052 mitius
1647 4012 1754 4074 agere,
1779 3991 1963 4076 poteritque
1986 3991 2098 4055 decer-

445 4117 532 4176 nere,
558 4106 594 4158 ut
616 4096 662 4158 ita
684 4095 833 4180 penitens
858 4094 940 4158 stola
963 4095 1068 4180 prima
1091 4095 1189 4158 etiam
1213 4095 1247 4157 in
1271 4094 1464 4159 sacerdotali
1481 4095 1588 4160 officio
1604 4097 1768 4182 fungatur,
1785 4096 1987 4183 vitulumque
2012 4100 2097 4185 sagi-

446 4213 567 4284 natum,
585 4203 613 4264 si
628 4200 730 4265 laicus
747 4211 826 4282 erat,
850 4200 1010 4265 laicaliter
1025 4201 1139 4282 edere3
1165 4202 1190 4264 si
1209 4201 1370 4284 sacerdos,
1389 4213 1421 4265 et
1437 4202 1683 4266 sacerdotaliter
1698 4201 1864 4266 immolare
1881 4205 2096 4288 permittatur.
2117 4233 2143 4273 sa

447 4307 513 4374 Sed
538 4309 663 4372 clericis
687 4306 907 4394 penitentibus
932 4307 987 4370 tali
1010 4309 1190 4394 penitentia
1212 4332 1278 4372 non
1294 4311 1442 4394 congruit
1466 4332 1531 4372 una
1555 4321 1587 4372 et
1611 4308 1725 4373 eadem
1741 4309 1856 4373 forma.
1893 4309 1994 4374 Cuius
2011 4314 2098 4376 enirn

446 4415 574 4480 occulta
604 4415 773 4479 fornicatio
804 4415 838 4477 in
862 4414 982 4478 mundo
1013 4437 1077 4478 non
1107 4425 1155 4478 est
1182 4413 1358 4501 publicata,
1390 4417 1458 4478 sive
1490 4415 1555 4478 alia
1585 4415 1730 4501 quelibet
1760 4416 1855 4502 eulpa
1886 4417 2097 4482 sacerdotalis

446 4523 576 4587 honoris
600 4522 828 4608 peremptoria,
853 4521 906 4585 bic
929 4532 1036 4607 potest
1053 4521 1172 4606 eligere
1198 4520 1259 4586 sibi
1283 4521 1446 4585 medicum
1472 4533 1505 4584 et
1527 4533 1653 4608 patrem
1677 4524 1746 4586 sive
1771 4524 2003 4588 monachorum
2027 4527 2097 4589 sive

445 4629 643 4714 regularium
668 4629 897 4692 canonicorum
921 4637 1110 4692 strennuum
1134 4638 1303 4691 rectorem.
1340 4629 1426 4692 Huic
1450 4630 1534 4714 patri
1558 4631 1688 4693 omnino
1712 4629 1878 4695 subiectus
1902 4632 1929 4695 is
1953 4633 2010 4718 qui
2032 4655 2097 4697 non

348 4767 376 4806 ι,
413 4768 426 4804 ι,
448 4736 522 4799 ‘fuit
544 4735 578 4798 in
602 4735 736 4799 crimine
761 4734 918 4816 detectus,
943 4745 1058 4820 potest,
1082 4735 1145 4797 nisi
1169 4734 1272 4816 fallor,
1297 4757 1396 4820 agere
1421 4735 1574 4816 officinm,
1599 4736 1729 4822 quando
1752 4739 1836 4823 patri
1862 4749 1894 4801 et
1917 4739 2144 4808 confessorias

446 4843 516 4906 eius
539 4842 637 4906 firerit
659 4843 776 4924 visum,
805 4843 891 4928 quia,
923 4840 999 4905 licet
1022 4841 1106 4905 banc
1131 4851 1324 4927 potestatem
1347 4841 1494 4927 legamus
1519 4842 1594 4906 solis
1619 4845 1781 4930 episcopis
1805 4843 1926 4931 ubique
1952 4847 2098 4932 assigna-

446 4960 522 5030 tam,
546 4960 582 5013 ut
604 4947 805 5036 presbyteris
829 4947 927 5033 digne
952 4947 1172 5034 penitentibus
1196 4946 1335 5012 reddant
1365 4948 1491 5031 stolam,
1522 4961 1631 5013 tamen
1654 4948 1710 5012 ubi
1735 4951 1806 5036 quis
1830 4949 2096 5038 presbyterorum

446 5056 559 5121 stolam
583 5079 676 5120 suam
698 5079 764 5119 non
787 5054 917 5142 publice
941 5056 1057 5138 amisit,
1090 5054 1148 5119 sed
1172 5053 1297 5119 occulte
1322 5054 1491 5138 demeruit,
1523 5057 1551 5120 si
1575 5079 1646 5120 eam
1670 5058 1814 5132 resumit,
1846 5057 1979 5122 iubente
2002 5071 2096 5145 patre

445 5175 479 5228 et
502 5163 697 5244 confessore,
729 5161 789 5227 sub
814 5185 878 5248 quo
902 5161 1062 5248 disposuit
1085 5184 1188 5248 usque
1220 5162 1261 5226 ad
1284 5173 1422 5226 mortem
1453 5162 1601 5245 militare,
1633 5187 1696 5227 non
1727 5163 1761 5227 id
1791 5173 1869 5250 puto
1901 5166 2096 5250 reprehendi

445 5270 583 5354 debere3
608 5270 757 5356 quamvis
782 5269 958 5334 consultius
982 5279 1145 5354 ageretur,
1174 5270 1201 5332 si
1225 5269 1397 5354 episcopus
1423 5271 1521 5334 etiam
1544 5294 1642 5357 super
1664 5271 1773 5334 taliter
1795 5273 1996 5356 penitentem
2020 5295 2096 5337 con·
2115 5301 2144 5341 a

445 5377 605 5442 suleretur
634 5386 766 5463 propter
795 5376 956 5462 prefatum
980 5375 1183 5439 Hilerdensis
1207 5376 1336 5440 concilii
1360 5376 1548 5462 capitulum,
1574 5377 1660 5463 quod
1687 5377 1910 5443 indifferenter
1933 5379 2097 5466 quoslibet

445 5484 631 5548 sacerdotes
648 5484 830 5569 penitentes
853 5482 987 5564 indicat,
1013 5505 1054 5546 ex
1078 5480 1211 5546 arbitrio
1228 5482 1390 5568 pontificis
1406 5483 1458 5546 vel
1475 5486 1637 5548 veraciter
1653 5484 1790 5549 afflictos
1807 5509 1871 5550 non
1888 5485 1945 5550 diu
1961 5509 2095 5572 suspen-

444 5591 568 5656 dendos
592 5590 645 5654 vel
669 5589 847 5654 desidiosos
871 5589 1040 5674 prolixiori
1064 5599 1209 5675 tempore
1234 5587 1275 5652 ab
1300 5589 1479 5653 aecclesiae
1504 5613 1639 5676 corpore
1664 5592 1894 5678 segregandos.

556 5740 584 5816 1)
609 5741 747 5817 stupores
763 5759 836 5816 pap.
862 5760 904 5814 ep.
926 5741 974 5810 14,
1000 5741 1042 5797 so.
1068 5740 1145 5796 ruia
1168 5739 1190 5809 ι,
1211 5760 1243 5814 p.
1263 5739 1335 5794 201.
