4396 6390
477 357 541 420 506
768 361 947 419 sennem
969 359 1202 417 ramrosrrr
1225 358 1631 416 serenansenaeausrs
1655 344 1823 415 nmsn'm.

380 574 458 616 uer.
583 549 627 614 M.
662 549 734 614 Etsi
757 547 816 613 tibi
839 547 901 614 hoe
917 547 1067 612 videatur
1090 546 1170 612 dure
1187 546 1334 630 dictum,
1359 547 1424 611 noli
1447 557 1555 611 tamen
1580 569 1654 610 cum
1676 545 1739 610 illis
1763 555 1941 610 retrorsum
1966 544 2052 610 abire
2067 551 2109 633 qui

338 681 458 730 naemu
477 656 605 722 Christo
623 655 792 720 dixerunt:
818 655 927 719 Deras
951 669 994 719 eet
1016 656 1067 719 hie
1090 679 1201 734 sermo,
1225 657 1296 740 quis
1312 669 1415 741 potest
1430 679 1498 719 enm
1514 655 1652 718 audire?
1685 654 1798 718 Potius
1823 675 1899 718 eum
1916 652 2014 716 Petro
2031 654 2110 720 crede

476 765 582 849 ipsum
598 762 724 844 durum,
741 783 818 826 vere
834 783 947 826 verum
972 783 1042 824 esse
1067 771 1163 846 atque
1188 759 1228 824 de
1253 761 1420 846 scripturis
1436 761 1583 824 veritatis
1608 781 1798 846 expressum
1823 768 2028 823 contestante
2050 783 2110 845 apo·

318 869 567 952 nm.1.s‚s.st010,
597 868 683 956 quod
713 872 772 954 qui
797 893 923 934 suoram
948 883 976 932 et
997 870 1132 932 manime
1163 867 1400 932 domesticorum
1424 893 1532 932 curem
1555 891 1615 932 aon
1639 868 1738 948 hebet,
1761 868 1864 955 fidem
1889 869 2016 954 aequest
2036 882 2063 931 et
2082 887 2113 934 est

478 977 605 1065 infideli
633 977 776 1040 deterior.
828 973 956 1038 Infideli
986 973 1070 1054 dico,
1102 974 1170 1036 sive
1202 996 1328 1060 pagano
1360 975 1428 1037 sive
1458 972 1570 1037 ludeo.
1622 973 1706 1036 Nem
1736 996 1810 1037 cum
1842 983 1961 1037 sancta
1990 972 2132 1038 ecclesias

476 1083 623 1148 Romana
644 1092 748 1147 mater
771 1083 812 1146 sit
835 1082 977 1146 omnium
1001 1080 1212 1145 eeclesiarum
1236 1091 1268 1144 et
1291 1079 1585 1144 ecclesiasticarum
1608 1101 1829 1165 personarum,
1854 1089 1969 1166 utpote
1994 1080 2044 1143 cui
2068 1080 2112 1144 sub

478 1190 547 1254 celo
571 1189 793 1276 principaliter
815 1186 973 1252 incumbit
997 1187 1178 1252 sollicitudo
1203 1188 1344 1251 omnium
1362 1186 1582 1267 ecclesiarum,
1607 1187 1691 1250 sicut
1715 1197 1746 1250 et
1768 1188 1802 1250 in
1818 1185 1890 1251 celo
1908 1185 2113 1272 presidentei

478 1297 645 1382 angelicae
668 1306 854 1383 potestates,
884 1297 957 1381 ipsa
986 1294 1099 1381 procul
1122 1292 1221 1358 dubio
1252 1303 1397 1357 materna
1423 1289 1548 1379 'pietate
1576 1292 1744 1357 consulere
1768 1292 1867 1358 debet
1891 1291 2044 1357 omnibus
2067 1292 2113 1357 sibi

310 1425 460 1475 naturus.
479 1402 643 1485 subiectis,
673 1404 719 1467 ita
741 1412 778 1466 ut
800 1401 888 1489 quod
911 1403 1011 1488 gratis
1035 1400 1163 1486 accepit
1192 1400 1292 1484 gratis
1323 1400 1499 1486 impendat.
1547 1399 1630 1465 Sunt
1653 1411 1761 1464 eutem
1784 1399 1859 1482 duo,
1884 1422 1951 1486 que
1976 1401 2113 1485 precipue

479 1511 512 1573 in
536 1532 575 1573 ea
599 1520 778 1595 queruntur
800 1532 819 1572 a
843 1510 908 1572 suis
931 1508 1015 1588 filiis,
1039 1507 1193 1571 videlicet
1222 1505 1342 1570 bonum
1371 1505 1540 1570 consilium
1569 1518 1601 1571 et
1628 1517 1753 1570 rectum
1783 1505 1954 1586 iudicium,
1979 1527 2042 1591 que
2065 1505 2114 1571 duo
2128 1534 2144 1571 n

480 1617 674 1702 quicumque
698 1617 732 1678 in
756 1616 870 1702 spiritu
893 1614 1149 1679 mansuetudinis
1174 1611 1236 1676 sibi
1260 1611 1369 1678 oblata
1404 1614 1481 1677 item
1509 1614 1542 1676 in
1566 1613 1682 1700 spiritu
1704 1612 1966 1677 mansuetudinis
1989 1623 2114 1698 portant,

479 1732 567 1787 recte
590 1720 631 1786 ab
654 1721 711 1786 illa
734 1733 809 1785 sunt
830 1720 962 1786 fovendi
984 1730 1138 1806 tanquam
1161 1717 1240 1784 boni
1265 1718 1333 1801 filii,
1362 1721 1445 1785 sieut
1468 1741 1528 1806 ego
1550 1720 1586 1783 in
1608 1741 1660 1784 me
1683 1720 1754 1805 ipso
1778 1729 1936 1806 expertus
1961 1741 2042 1798 sum,
2065 1742 2117 1782 non

480 1827 579 1893 semel
610 1827 650 1892 ab
681 1827 736 1892 illa
763 1827 915 1892 defensus
946 1837 1059 1891 contra
1081 1825 1189 1890 hostes
1214 1827 1369 1890 veritatis.
1417 1825 1482 1907 Qui
1506 1827 1659 1912 quoniam
1683 1824 1824 1890 consiliis
1849 1835 1882 1889 et
1905 1824 2037 1889 iudiciis
2060 1826 2117 1888 eius

314 1959 460 2007 serame.
478 1933 592 1999 nolunt
615 1936 823 2021 acquiescere
846 1935 879 1996 in
903 1934 1018 2020 spiritu
1040 1932 1307 2014 mansuetudinis,
1331 1945 1419 1998 recte
1444 1941 1557 1997 contra
1580 1953 1635 1996 eos
1659 1931 1825 1996 exerenda
1841 1941 1891 1996 est
1907 1932 2004 2016 virga
2027 1931 2119 1996 direc-

479 2043 586 2122 tionis,
614 2042 707 2127 virge
736 2041 828 2126 regni
853 2039 973 2104 Christi
1003 2039 1159 2103 adversus
1183 2061 1318 2125 regnum
1340 2037 1542 2120 Antichristi,
1573 2038 1614 2103 de
1645 2061 1719 2125 quo,
1751 2040 1905 2126 quoniam
1937 2037 2019 2102 alias
2050 2049 2080 2102 et
2105 2062 2156 2102 au

478 2147 593 2212 nobis¹
617 2157 649 2212 et
673 2145 713 2211 ab
731 2147 801 2211 aliis
819 2148 948 2232 copiose
966 2145 1163 2226 dictumest,
1187 2168 1273 2210 nunc
1297 2145 1438 2227 silemus,
1462 2168 1568 2231 neque
1593 2154 1702 2210 tamen
1725 2146 1786 2209 hoc
1809 2143 1973 2209 silendum
1991 2144 2122 2226 videtur,

480 2254 566 2341 quod
589 2255 623 2318 in
645 2255 716 2339 ipso
732 2277 833 2340 regno
850 2253 970 2318 Christi
994 2275 1052 2339 per
1075 2254 1263 2339 mysterium
1286 2253 1464 2339 iniquitatis
1489 2263 1603 2337 regnat
1626 2253 1770 2316 avaricia
1792 2261 1859 2315 tam
1883 2273 2018 2337 pagana
2034 2274 2123 2337 qnam

344 2383 460 2434 nouas.
479 2360 623 2444 iudaica3
654 2383 793 2447 pagana,
818 2383 901 2447 quae
926 2369 975 2424 est
1002 2359 1161 2423 idolorum
1185 2359 1323 2423 servitus
1347 2359 1528 2441 manifesta,
1552 2357 1683 2444 quando
1708 2369 1820 2422 contra
1843 2359 2011 2422 iusticiam
2033 2357 2124 2422 fabri·

480 2478 595 2532 cantur
618 2466 752 2532 consilia
774 2467 827 2531 vel
848 2466 971 2531 iudicia
992 2467 1106 2553 iniqua
1128 2487 1186 2551 pro
1210 2465 1299 2530 lucro
1324 2465 1431 2551 aliquo
1454 2475 1600 2548 terren03
1632 2464 1763 2529 iudaice
1785 2487 1863 2528 vero
1893 2475 1945 2528 est
1975 2466 2125 2544 avaricia,

480 2573 608 2660 quando
632 2573 685 2639 vel
714 2574 917 2660 iurisperitus
941 2584 1029 2638 recte
1054 2571 1251 2637 consulendo
1275 2571 1328 2636 vel
1356 2571 1457 2635 iudex
1487 2581 1575 2636 reete
1606 2570 1781 2636 iudicando
1811 2571 1891 2635 facit
1915 2572 2050 2658 quidem
2073 2595 2126 2658 pro
2142 2595 2165 2634 eo

479 2681 618 2761 iusticia,
649 2679 707 2744 sed
739 2703 804 2744 non
833 2681 933 2767 gratis
964 2678 1147 2766 expetendo
1179 2678 1302 2743 scilicet
1324 2678 1377 2742 vel
1400 2677 1604 2764 expectando
1634 2677 1711 2742 inde
1740 2677 1888 2743 indebita
1916 2677 2076 2765 obsequia
2099 2691 2128 2742 et

480 2786 579 2868 lucra,
603 2809 668 2850 non
682 2787 757 2869 Dei,
782 2786 841 2850 sed
863 2809 931 2851 sua.
966 2786 1010 2850 Et
1031 2786 1104 2850 talis
1127 2787 1281 2872 iniquitas
1304 2787 1338 2848 in
1353 2783 1537 2849 forensibus
1561 2785 1668 2848 causis
1692 2795 1741 2849 est
1763 2786 1874 2870 utique
1898 2783 2031 2871 legibus
2055 2808 2127 2872 quo-

480 2915 543 2979 que
567 2892 668 2957 seculi
691 2892 873 2979 reprobata,
898 2891 956 2956 sed
980 2891 1187 2957 dissimiliter.
1234 2892 1317 2956 Nam
1339 2891 1543 2977 iurisperitus
1558 2890 1731 2956 vendendo
1754 2891 1873 2955 iustum
1890 2891 2064 2956 consilium
2079 2891 2128 2956 vel

481 2999 658 3063 advocatus
681 2999 784 3063 litium
804 2998 976 3064 vendendo
1000 3000 1120 3064 iustum
1142 2999 1358 3085 patrocinium
1381 2998 1482 3062 iudici
1507 2997 1638 3084 quidem
1661 2999 1745 3062 iusto
1769 3020 1803 3061 se
1827 2997 1907 3062 facit
1931 3009 2127 3085 suspectum,

481 3103 539 3169 sed
561 3115 670 3170 tamen
692 3106 726 3169 in
750 3105 818 3170 foro
842 3105 899 3170 tali
923 3105 1030 3170 taliter
1052 3115 1223 3192 acceptum
1246 3104 1382 3169 reddere
1407 3126 1472 3168 non
1496 3104 1623 3190 cogitur
1645 3106 1714 3169 iure
1739 3104 1889 3168 humano.
1927 3104 2036 3169 Iudex
2055 3128 2127 3170 vero
2145 3128 2167 3167 a

479 3212 628 3298 legaliter
651 3213 842 3277 constitutus
872 3235 978 3299 neque
1009 3212 1149 3276 humana
1178 3233 1284 3298 neque
1313 3211 1425 3275 divina
1452 3210 1524 3297 lege
1548 3211 1665 3275 sinitur
1687 3233 1757 3276 esse
1781 3213 1960 3298 impunitus
1984 3212 2128 3276 vendens

304 3317 636 3392 rrov.1o‚s.aiudieium
667 3318 902 3406 quantumlibet
935 3320 1069 3400 iustum,
1105 3319 1188 3383 sicut
1219 3340 1281 3382 nec
1310 3319 1401 3382 testis
1432 3319 1492 3381 erit
1526 3318 1703 3405 impunitus
1733 3317 1879 3382 vendens
1909 3319 2128 3383 testimonium

481 3424 716 3511 quantumlibet
738 3449 861 3508 verum,
886 3427 963 3512 quia
986 3437 1018 3490 et
1048 3425 1109 3490 hoc
1140 3425 1201 3488 erit
1230 3426 1277 3490 eis
1307 3447 1428 3510 magna
1456 3447 1551 3511 pena,
1581 3424 1669 3511 quod
1697 3425 1732 3488 in
1758 3424 1820 3489 hac
1843 3426 1912 3489 vita
1935 3437 2128 3512 receperunt

480 3531 675 3608 mercedem
693 3555 793 3596 suam.
839 3533 912 3596 Hec
934 3543 1043 3596 tamen
1066 3531 1224 3596 venalitas
1248 3543 1280 3596 et
1302 3532 1488 3616 negotiatio,
1513 3553 1586 3595 cum
1611 3532 1653 3594 sit
1673 3553 1793 3617 magna
1823 3530 1981 3597 desolatio
2013 3534 2048 3596 in
2070 3531 2128 3596 hoc

391 3660 461 3702 ⁸ees.
482 3638 625 3720 mundo,
650 3638 727 3702 dum
750 3639 928 3703 admittitur
948 3649 980 3702 et
995 3639 1233 3703 intermiscetur
1254 3637 1375 3702 iudicio
1392 3636 1628 3724 quantumlibet
1650 3638 1735 3703 iusto
1750 3637 1803 3701 vel
1827 3639 2014 3704 testimonio
2031 3661 2127 3725 quan-
2143 3662 2184 3700 a·

481 3743 630 3808 tumlibet
652 3767 729 3809 vero
746 3745 798 3809 vel
822 3745 954 3810 consilio
974 3744 1209 3832 quantumlibet
1232 3754 1327 3809 cauto
1350 3745 1384 3808 in
1401 3745 1507 3809 causis
1530 3743 1714 3808 forensibus
1738 3746 1807 3808 sive
1832 3743 1996 3828 civilibus,
2022 3755 2126 3810 tamen

481 3861 655 3938 utcumque
671 3851 836 3933 toleratur,
852 3850 909 3915 ubi
925 3874 984 3937 per
999 3851 1076 3916 talia
1096 3851 1226 3934 iudicia,
1251 3853 1443 3932 testimonia,
1467 3852 1658 3937 patrocinia,
1683 3850 1818 3916 consilia
1833 3873 1898 3916 non
1921 3852 2127 3938 impugnatur

481 3957 625 4040 iusticia3
657 3980 740 4044 quae
765 3959 792 4021 si
815 3981 873 4044 per
896 3957 974 4021 talia
997 3959 1212 4044 impugnatur,
1236 3956 1347 4040 iudex,
1374 3959 1476 4039 testis,
1500 3958 1713 4044 iurisperitus,
1745 3968 1899 4044 patronus
1923 3957 2125 4044 dampnatur,

304 4089 462 4140 carnaea
481 4064 544 4127 nisi
565 4065 710 4150 peniteat
733 4074 765 4128 et
787 4063 839 4128 vel
863 4086 937 4128 cum
960 4065 1090 4128 Matheo
1115 4062 1279 4128 Christum
1302 4063 1467 4151 sequendo
1491 4063 1575 4128 male
1600 4065 1760 4151 acquisita
1783 4063 1866 4128 bene
1890 4064 2056 4150 relinquat
2077 4065 2125 4130 vel

303 4197 332 4236 er.
341 4196 462 4246 nunnae.
482 4192 556 4234 cum
571 4170 701 4234 Zaeheo
725 4170 808 4235 male
833 4170 983 4234 fraudata
1005 4173 1162 4252 restituat,
1187 4172 1247 4234 etsi
1270 4193 1335 4235 non
1358 4171 1392 4234 in
1408 4169 1633 4257 quadruplum,
1659 4169 1773 4234 saltem
1796 4170 1831 4233 in
1845 4170 1990 4256 triplum,
2016 4172 2125 4236 saltem
2141 4191 2160 4231 u

480 4278 515 4340 in
539 4276 681 4363 duplum,
713 4276 824 4341 saltem
854 4279 888 4340 in
912 4277 1072 4363 simplum,
1104 4277 1217 4341 saltem
1241 4299 1298 4363 pro
1322 4299 1417 4363 posse
1441 4299 1509 4358 suo,
1542 4277 1569 4340 si
1592 4287 1701 4340 tamen
1724 4277 1758 4341 id
1781 4276 1923 4342 faciendi
1947 4289 1997 4342 est
2022 4278 2125 4364 aliqua

481 4381 687 4469 possibilitas,
712 4406 775 4470 que
800 4385 826 4447 si
849 4383 938 4448 nulla
967 4395 1024 4466 est,
1053 4395 1089 4448 ut
1118 4382 1233 4448 latroni
1264 4405 1335 4448 sero
1366 4384 1533 4469 penitenti,
1565 4383 1715 4470 suppleat
1744 4383 1851 4448 cordis
1882 4385 2014 4448 contriti
2044 4383 2125 4448 bona

482 4488 630 4553 voluntas
653 4501 685 4553 et
708 4512 787 4554 vera
809 4490 885 4554 lieet
909 4513 981 4554 sera
1005 4490 1164 4554 confessio
1181 4489 1342 4554 facultatis
1360 4489 1533 4572 defectum,
1551 4513 1615 4577 quo
1632 4512 1696 4554 non
1719 4500 1825 4576 potest
1848 4490 2002 4576 impediri
2024 4489 2123 4556 bonus

482 4595 627 4678 affectus,
657 4595 734 4660 licet
760 4596 957 4683 impediatur
979 4597 1122 4661 effectus.
1170 4595 1267 4676 Quod
1290 4598 1317 4659 si
1340 4596 1400 4661 hec
1424 4597 1602 4661 satisfactio
1632 4597 1806 4684 requiritur
1835 4596 1876 4661 ab
1901 4599 2011 4661 avaris
2034 4597 2123 4662 huius

482 4701 593 4765 mundi
615 4701 798 4767 volentibus
821 4702 863 4767 ad
878 4703 987 4767 Deum
1003 4704 1148 4767 converti
1172 4704 1311 4767 maxime
1336 4702 1644 4788 recognoscentibus
1668 4704 1809 4788 ipsorum
1834 4702 1941 4768 studio
1961 4704 2015 4768 vel
2038 4706 2123 4768 inno·
2138 4724 2159 4762 e

483 4819 593 4870 centes
617 4830 787 4894 oppressos
806 4809 860 4872 vel
882 4820 1036 4874 nocentes
1058 4811 1176 4874 iniuste
1200 4808 1364 4892 liberatos,
1388 4820 1508 4896 quanto
1532 4811 1637 4894 magis
1661 4810 1693 4872 in
1718 4809 1856 4874 ecclesia
1871 4808 1948 4892 Dei,
1972 4812 2123 4897 precipue

482 4914 515 4976 in
540 4912 678 4977 ecclesia
700 4915 846 4978 Romana
869 4915 1017 4980 cavenda
1040 4927 1089 4980 est
1118 4914 1340 4979 huiuscemodi
1371 4917 1524 4997 avaricia,
1555 4915 1589 4978 in
1613 4937 1677 5001 qua
1700 4914 1954 5002 deprehenditur
1976 4919 2122 5004 paganis-

482 5041 563 5100 mus,
588 5020 717 5105 quando
740 5020 863 5085 nullum
893 5020 990 5086 habet
1020 5021 1159 5086 colorem
1190 5022 1338 5086 iusticias
1362 5023 1445 5086 sicut
1467 5023 1605 5086 servitus
1629 5022 1804 5104 idolorum3
1835 5022 2015 5087 iudaismus
2038 5046 2122 5104 vero,

304 5153 463 5202 aesomnes.
483 5125 612 5211 quando
636 5125 735 5191 babet
758 5128 993 5214 qualecumque
1016 5128 1164 5192 velamen
1194 5129 1352 5210 iusticias,
1383 5129 1467 5192 sicut
1496 5127 1630 5193 literalis
1659 5128 1763 5193 cultus
1785 5128 1960 5193 Iudeorum
1989 5131 2123 5194 creatori

482 5255 540 5317 pro
565 5242 712 5297 creatura
736 5235 953 5316 servientium,
979 5257 1059 5321 quos
1082 5236 1248 5299 imitantur
1264 5234 1431 5299 christiani
1453 5232 1723 5318 benefacientes,
1748 5245 1782 5299 ut
1806 5235 1925 5300 exinde
1942 5235 1996 5300 vel
2015 5235 2122 5300 huma·
2138 5257 2159 5294 o

482 5362 557 5402 nam
586 5340 724 5424 gratiam
753 5339 806 5404 vel
835 5364 1001 5404 nummum
1031 5341 1150 5405 favoris
1182 5351 1236 5404 aut
1265 5339 1347 5405 lucri
1378 5340 1513 5405 alieuius
1543 5342 1730 5428 temporalis
1761 5343 1942 5429 optineant,
1974 5344 2123 5429 quoniam

482 5444 597 5528 taliter,
623 5445 709 5531 quod
732 5447 809 5510 foris
834 5445 1012 5511 ostenditur
1034 5448 1119 5511 intus
1144 5446 1336 5512 a'mereede
1360 5458 1528 5513 vacuatur.
1575 5448 1642 5514 Sed
1672 5449 1732 5514 hec
1756 5459 1806 5513 est
1832 5449 1997 5513 avariciae
2025 5448 2121 5535 lepra,

591 5702 620 5776 l)
643 5701 678 5758 In
701 5701 770 5759 libro
794 5703 828 5758 de
850 5701 1059 5779 inveetpatione
1081 5703 1247 5760 Antichristi
1268 5724 1295 5760 α.
1317 5704 1409 5760 1162.
1435 5705 1591 5779 coraposito.
