4418 6412
415 401 480 466 398
709 408 889 464 GERHOHI
912 407 1146 464 PRAEPOSITI
1168 406 1576 464 Ratcnaessancnusts
1600 407 1765 462 LIBELLI.

521 598 660 663 Domino
685 593 872 684 G[erbobo]
889 597 1064 684 preposito,
1096 597 1165 660 nim
1193 595 1342 684 religioso
1366 610 1394 660 et
1416 595 1549 674 erudita,
1573 592 1728 683 B[runo]
1745 610 1896 682 peccator
1920 593 2016 659 edere
2041 593 2080 658 de

255 726 395 777 nassau.
414 729 530 768 manna
560 703 751 769 abscondito.
805 701 892 768 Inter
914 727 1087 790 pressuras
1114 725 1228 790 praees
1258 716 1286 766 et
1315 704 1422 766 orarios
1452 703 1600 766 tumuitus
1632 701 1747 766 mandi
1780 703 1914 766 micatis
1945 715 1974 766 et
2004 725 2080 765 suos

414 810 579 876 dilectores
601 835 704 875 secum
727 811 888 890 colocmis,
919 823 1067 896 qnantum
1099 809 1200 888 b'cuit,
1231 811 1352 896 scripta
1375 821 1477 873 vestm
1500 810 1630 895 aspeai,·
1658 808 1756 874 zelam
1787 823 1935 890 oestrum,
1966 807 2080 873 stadia

235 941 394 991 ansatur.
414 931 526 998 vmtra,
550 941 679 1006 aponern
703 931 732 982 et
753 916 965 982 eradicionem
989 916 1117 981 adverti
1121 939 1132 996 ,·
1161 930 1190 980 et
1212 915 1429 1003 quadragina
1452 918 1558 980 ammi
1578 915 1616 980 de
1638 939 1709 1002 repe
1734 913 1901 980 Salomone
1927 915 2018 980 dixit
2041 915 2080 980 dc

414 1026 501 1090 cobis
524 1026 678 1089 ueraciter
700 1037 729 1088 et
743 1023 945 1111 fiducialiter
962 1022 1244 1110 pronunciandam
1274 1021 1428 1087 iudicavi.
1477 1022 1628 1087 Videlicet
1657 1021 1743 1107 qnod
1771 1024 1875 1087 minor
1898 1037 1946 1087 est
1960 1023 2110 1110 faremo

414 1155 472 1218 qne
496 1131 534 1196 de
556 1132 667 1196 cestris
688 1131 837 1195 laudibus
853 1131 1003 1218 loquitar,
1027 1155 1122 1216 qaam
1138 1129 1302 1194 thesartrns
1316 1130 1476 1216 sapiencie
1499 1131 1559 1214 qui
1575 1131 1711 1215 propias
1734 1129 1897 1194 accedenti
1918 1143 1949 1194 et
1969 1129 2080 1194 alcius

237 1261 394 1310 ronanam.
406 1238 556 1326 fodienti
575 1239 809 1326 manifestatur.
849 1237 1005 1302 Iohannes
1027 1237 1164 1322 baptista
1186 1261 1301 1324 apuam
1325 1235 1392 1301 Dei
1411 1235 1581 1301 secandum
1603 1235 1734 1321 aliquid
1753 1238 1872 1302 sciebat
1892 1251 1924 1301 et
1947 1236 2078 1301 demon-

412 1346 543 1425 strabat,
566 1359 594 1409 et
614 1343 784 1409 secundum
803 1343 934 1429 attqatd
948 1345 1113 1422 nesciebat,
1137 1342 1293 1429 quodper
1308 1343 1482 1407 columbam
1498 1341 1727 1407 descendentem
1744 1358 1773 1407 et
1787 1358 1961 1408 nannentem
1977 1367 2080 1430 super

413 1476 483 1516 eam
506 1453 686 1538 copnimrus
708 1465 784 1515 erat.
838 1450 950 1536 Utique
973 1450 1057 1514 mihi
1077 1449 1138 1514 tale
1160 1449 1291 1535 aliquid
1313 1450 1399 1513 circa
1423 1473 1477 1512 cos
1499 1448 1627 1528 accidit,
1656 1451 1733 1534 quia
1761 1474 1816 1514 eos
1838 1451 2077 1538 capnosoebam,

413 1557 471 1622 sed
492 1581 547 1622 nec
570 1558 662 1623 talem
686 1582 740 1622 nec
763 1571 866 1622 totum.
915 1556 1053 1644 Scriptis
1075 1559 1174 1642 iqitnr
1197 1559 1308 1620 cmtris
1331 1558 1476 1641 quartanis
1499 1557 1617 1642 raptim
1641 1570 1669 1620 et
1690 1559 1724 1620 in
1747 1559 1916 1644 superficie
1937 1558 2078 1645 perstatis
2096 1580 2122 1619 rs

413 1665 509 1728 merito
532 1679 561 1728 et
582 1663 711 1728 ardenti
727 1663 885 1728 desiderio
909 1678 1018 1751 exopto
1040 1665 1229 1749 scriptorum
1253 1677 1423 1727 antrorum
1448 1663 1549 1727 rnichi
1565 1664 1715 1750 pratia-m,
1735 1666 1861 1749 pariter
1884 1678 1914 1729 et
1936 1679 2076 1728 vest-ram

411 1773 608 1858 presenciam
625 1771 842 1836 dulcissimam
859 1771 1019 1836 exhiberi:
1041 1784 1075 1834 nt
1096 1793 1154 1856 qne
1173 1770 1282 1834 clausa
1298 1783 1370 1833 sum
1392 1771 1442 1834 vel
1463 1771 1650 1856 questionem
1667 1771 1784 1856 afferre
1800 1771 1949 1835 videntur
1964 1785 2076 1834 mutua

323 1901 394 1942 aas.
414 1879 585 1943 collacione
616 1892 644 1942 et
672 1879 776 1941 amica
801 1877 1024 1942 ‘coiiocucione
1054 1879 1151 1962 qnasi
1178 1875 1366 1962 quibasdam
1398 1877 1540 1940 clunibus
1569 1879 1764 1963 aper-icatur.
1818 1875 2074 1942 Incolumitatem

414 1998 547 2050 omnam
571 1999 599 2048 et
621 1986 758 2049 omnium
783 1985 940 2048 coisacam
963 1985 998 2048 in
1014 1983 1138 2048 Christo
1155 1983 1335 2071 depencimn
1351 2007 1514 2048 memorem
1535 1985 1638 2048 nostri
1658 1986 1851 2071 omnipotens
1867 1984 1957 2048 Decea
1979 1985 2075 2072 lareyo

413 2105 535 2156 tueamr
556 2115 621 2156 eoo.
2093 2112 2119 2154 ss

520 2197 616 2262 Hanc
640 2196 809 2284 epistolam
825 2205 959 2284 propter
974 2195 1035 2260 hoc
1051 2196 1184 2276 inserui,
1200 2206 1235 2262 ut
1251 2195 1370 2261 exinde
1387 2208 1497 2262 notum
1519 2198 1560 2261 sit
1582 2197 1617 2260 in
1632 2195 1772 2262 ecclesia
1787 2195 2072 2284 Babenbergensi,

413 2301 471 2368 ubi
493 2326 580 2368 nunc
603 2302 771 2390 pulsamur
793 2301 1016 2390 questionibus
1028 2307 1048 2385 ¹,
1073 2302 1248 2389 aliquando
1272 2325 1331 2368 nos
1355 2301 1507 2368 hahuisse
1531 2303 1638 2368 locum
1661 2304 1695 2367 in
1716 2303 1896 2369 diversorio
1921 2302 1965 2368 ad
1981 2305 2072 2391 quie-

413 2409 570 2476 scendum
593 2409 682 2497 apud
704 2409 929 2476 fidelissimum
959 2419 1036 2474 tune
1061 2408 1226 2474 dominum
1250 2422 1282 2476 et
1305 2411 1456 2490 amicum,
1481 2411 1573 2475 emus
1597 2411 1752 2475 memoria
1779 2411 1815 2474 in
1836 2408 2072 2476 benedictione

413 2517 511 2582 michi
535 2526 600 2582 cst:
625 2526 660 2581 ut
684 2539 701 2581 e
725 2518 859 2602 regione
882 2515 967 2580 illins
991 2517 1147 2582 memoria
1162 2515 1309 2602 pluribus
1326 2526 1375 2581 est
1397 2518 1431 2580 in
1447 2515 1686 2597 maledictione,
1703 2519 1759 2604 qui
1774 2540 1880 2605 nuper
1902 2519 1937 2582 in
1953 2517 2070 2583 eadem

414 2623 554 2688 ecclesia
577 2625 700 2711 scripta
722 2622 900 2689 mendaciis
925 2633 957 2688 et
980 2622 1191 2709 blasphemiis
1214 2624 1311 2710 plena
1334 2633 1447 2688 eontra
1469 2646 1528 2688 nos
1552 2624 1726 2688 evomunt
1775 2623 1847 2705 Que
1876 2636 1988 2690 tamen
2017 2625 2072 2690 illa
2089 2648 2116 2688 so

413 2729 530 2794 nobilis
554 2730 695 2796 ecclesia
719 2731 851 2817 sprevit,
877 2731 961 2795 sicut
977 2732 1074 2794 etiam
1091 2731 1297 2795 Pataviensis
1314 2733 1506 2818 episcopus³
1522 2729 1637 2796 eadem
1654 2728 1716 2795 sihi
1739 2732 1839 2795 missa
1863 2733 2070 2818 contempsit.

414 2835 571 2903 Similiter
593 2859 667 2902 cum
690 2838 724 2901 in
741 2836 914 2902 ecclesiam
931 2835 1205 2922 salzburgensem
1225 2860 1300 2902 suas
1316 2838 1456 2903 misisset
1478 2835 1699 2924 blasphemias
1723 2837 1766 2902 ad
1781 2837 1949 2902 dominum
1965 2838 2070 2903 archi·

414 2945 603 3032 episcopum
612 2948 634 3025 ⁴,
659 2943 703 3008 ad
724 2942 880 3010 nichilum
900 2943 1060 3008 deductus
1081 2954 1131 3008 est
1152 2945 1187 3008 in
1203 2954 1381 3033 conspectu
1403 2944 1489 3009 illius
1512 2943 1565 3009 ille
1589 2944 1751 3030 malignus
1776 2967 1848 3008 cum
1866 2945 1934 3009 suis
1953 2945 2069 3010 litteris

412 3051 510 3116 litura
533 3049 650 3136 dignis,
674 3060 785 3138 utpote
809 3050 981 3115 mendacia
1005 3061 1118 3115 contra
1147 3073 1206 3114 nos
1235 3050 1338 3116 multa
1364 3049 1604 3116 continentibus
1629 3061 1661 3114 et
1684 3053 1781 3116 etiam
1805 3051 2069 3139 pervertentibus

413 3157 558 3244 regulam
581 3156 669 3240 fidei,
689 3179 754 3244 qua
774 3155 930 3222 docemur
952 3156 1115 3221 hominem
1132 3157 1241 3222 Deum
1264 3157 1466 3224 adorandum
1482 3179 1606 3222 summe
1623 3159 1847 3223 veneracionis
1871 3158 2068 3224 adoracione
2087 3180 2113 3221 a

413 3287 479 3328 una
507 3287 580 3329 cum
604 3286 664 3328 sua
687 3273 718 3328 et
748 3264 781 3328 in
806 3287 864 3328 sua
892 3262 1162 3351 divinitateque
1189 3264 1285 3330 homo
1313 3263 1366 3328 ille
1397 3287 1462 3328 non
1491 3266 1576 3329 inter
1599 3265 1717 3346 omnia,
1749 3263 1808 3329 sed
1837 3267 2069 3352 superomnia

414 3369 601 3458 predicatur
623 3369 665 3435 ab
689 3370 834 3458 apostolo
858 3371 950 3436 Deus
973 3369 1166 3435 benedictus
1190 3372 1224 3434 in
1247 3370 1366 3435 secula.

336 3592 393 3633 aaa
519 3567 573 3631 Ex
596 3567 646 3632 his
671 3566 842 3652 colligitur,
871 3567 959 3654 quod
988 3568 1022 3630 in
1047 3566 1187 3631 ecclesia
1215 3565 1285 3631 sola
1311 3589 1429 3654 corpus
1453 3565 1574 3632 Christi
1598 3577 1812 3653 presentatur,
1836 3567 1894 3633 ubi
1916 3590 1937 3632 a
1961 3591 2067 3634 sacer·

413 3673 542 3738 dotibus
571 3673 739 3739 catholicis
769 3675 868 3737 missa
895 3675 960 3738 ritu
983 3672 1205 3738 ecclesiastico
1230 3671 1421 3738 celebratur.
1468 3673 1508 3738 In
1530 3697 1668 3761 quorum
1691 3675 1859 3740 consorcia
1883 3698 1948 3740 non
1973 3699 2066 3762 repu—
2085 3699 2111 3738 so

412 3789 522 3845 tantur
543 3781 724 3867 symoniaci
748 3791 780 3844 et
803 3779 863 3844 sub
887 3780 1222 3845 excommunicatione
1246 3779 1420 3863 interdicti,
1445 3780 1616 3868 Nycolaite
1640 3780 1794 3845 videlicet
1824 3781 2011 3846 sacerdotes
2036 3793 2068 3847 et

412 3885 530 3974 reliqui
560 3886 671 3951 altaris
701 3886 839 3951 ministri
869 3885 1041 3950 manifeste
1071 3886 1257 3951 incestuosi.
1305 3886 1436 3952 Dicitur
1457 3888 1578 3975 quippe
1608 3889 1752 3952 incestus
1776 3910 1840 3952 non
1864 3887 1969 3953 solum
1992 3911 2066 3954 cum

315 4017 393 4059 acar.
412 3994 664 4080 consanguinea,
693 3992 751 4057 sed
775 3993 872 4058 etiam
896 4015 970 4057 cum
994 4004 1123 4057 saerata
1145 4015 1284 4081 persona
1307 4005 1495 4080 perpetrata
1518 3993 1711 4058 'fomicatio
1758 3993 1882 4059 Taliter
1904 3995 2066 4060 incestuo-

412 4123 520 4165 sorum
551 4111 583 4164 et
613 4101 874 4187 symoniacorum
903 4100 1005 4164 nimia
1033 4101 1249 4165 numerositas
1279 4099 1359 4164 facit
1388 4099 1448 4166 hec
1478 4111 1625 4188 tempora
1654 4100 1851 4186 periculosa,
1882 4101 1916 4165 in
1947 4099 2066 4188 quihus

412 4217 527 4294 regnat
555 4206 762 4272 immunditia
792 4216 824 4271 et
854 4207 1011 4293 symonia,
1042 4216 1198 4293 tanquam
1228 4205 1359 4272 Iezabel
1388 4206 1544 4272 inmunda
1573 4207 1666 4271 iuxta
1695 4229 1813 4271 nomen
1844 4230 1948 4290 snum,
1978 4207 2067 4295 quod
2084 4231 2110 4272 sa

233 4338 391 4390 amenas.
411 4314 643 4401 interpretatur
673 4312 921 4400 sterquilinium,
952 4335 1010 4377 seu
1039 4311 1147 4377 fluxus
1176 4315 1375 4399 sanguinisl,
1405 4323 1437 4378 et
1458 4313 1526 4378 filia
1549 4315 1619 4378 eius
1642 4313 1774 4378 Athalia
1797 4315 2009 4401 tyrannizans
2031 4315 2065 4378 in

411 4419 523 4485 Indea.
560 4419 657 4503 Quia,
681 4421 766 4485 sicut
788 4419 845 4484 illa
867 4429 977 4506 preter
998 4441 1099 4484 unum
1118 4419 1221 4484 solum
1237 4419 1409 4507 parvulum
1432 4420 1542 4486 furtim
1567 4419 1767 4486 subtractum
1790 4421 1954 4486 interfecit
1970 4443 2065 4486 omne

411 4549 522 4590 semen
546 4529 681 4612 regimn,
706 4535 741 4590 ut
764 4536 916 4612 regnaret
939 4527 1013 4613 ipsa
1036 4525 1104 4590 sola
1127 4526 1161 4590 in
1184 4525 1297 4608 Iudae,
1328 4527 1375 4590 sic
1400 4538 1432 4591 et
1455 4550 1541 4591 nunc
1565 4529 1713 4614 symonia
1736 4529 1891 4592 interimit
1918 4529 2066 4614 regimen

410 4632 600 4720 legitimum,
625 4642 660 4697 ut
683 4633 752 4698 sola
775 4635 847 4720 ipsa
870 4643 984 4719 regnet
1007 4634 1041 4697 in
1065 4632 1214 4716 ecclesia,
1239 4632 1351 4697 divina
1370 4633 1479 4698 officia
1495 4634 1683 4721 symoniace
1699 4644 1731 4699 et
1747 4633 1869 4699 ambita
1884 4647 1917 4699 et
1932 4633 2067 4699 obtenta

411 4738 651 4805 celebrantibus
670 4739 853 4804 interdictis
877 4750 918 4804 et·
933 4737 1292 4822 anathematizantibus,
1309 4763 1446 4826 quorum
1463 4740 1624 4806 sacrificia
1640 4741 1731 4805 Deus
1747 4763 1812 4804 non
1828 4741 1972 4828 respicit,
1990 4742 2067 4829 quia
2084 4765 2112 4804 so

240 4872 391 4923 numnam.
412 4845 453 4910 de
477 4844 595 4910 talibus
619 4847 751 4933 Moyses
775 4847 848 4910 Deo
873 4846 972 4911 dixit:
1003 4847 1054 4912 Ne
1083 4849 1238 4934 respicias
1267 4850 1430 4935 socrs'yicia
1460 4873 1575 4914 eornm.
1623 4847 1715 4912 Sicut
1738 4870 1815 4934 ergo
1838 4848 1943 4913 illiciti
1967 4849 2066 4913 sacri-

411 4953 560 5018 ficatores
590 4963 667 5018 tunc
697 4954 874 5040 perierunt,
906 4953 954 5017 sie
978 4963 1010 5018 et
1033 4951 1129 5018 modo
1153 4975 1265 5018 eorum
1288 4953 1409 5018 similes
1433 4953 1595 5040 peribunt,
1626 4955 1688 5018 nisi
1711 4956 1931 5040 penitenciam
1954 4966 2065 5042 agant.

330 5175 392 5219 tasi
517 5148 665 5234 Ignosce,
696 5148 808 5232 lector,
840 5149 959 5214 acriter
988 5148 1134 5235 loquenti
1157 5157 1189 5212 et
1212 5150 1305 5235 quasi
1333 5149 1434 5214 multo
1457 5149 1524 5214 sale
1551 5150 1681 5215 fetentis
1712 5151 1829 5215 erroris
1859 5151 2066 5237 putredinem

410 5255 557 5320 fricanti:
582 5277 688 5342 neque
712 5266 806 5342 putes
831 5253 975 5336 oblitum,
1001 5254 1088 5342 quod
1111 5255 1144 5318 in
1161 5254 1294 5320 exordio
1315 5255 1409 5320 huius
1434 5256 1581 5343 opusculi
1604 5257 1748 5344 promisi,
1773 5256 1845 5322 oleo
1868 5258 2064 5324 sacrificium
2084 5282 2111 5322 ss

411 5361 606 5449 scriptorum
628 5385 774 5427 meorum
798 5360 1110 5450 superfundendmn.
1157 5359 1239 5426 Cum
1263 5362 1349 5426 enim
1374 5363 1415 5427 sit
1438 5363 1544 5428 oleum
1567 5385 1646 5427 vera
1669 5364 1815 5428 veritatis
1843 5365 1972 5446 caritas,
2004 5365 2065 5429 hcc

523 5547 551 5618 1)
570 5547 619 5621 Of.
637 5549 715 5624 epist.
732 5549 781 5605 13.
802 5549 844 5606 ad
858 5547 1058 5605 Eberhardam
1080 5547 1163 5624 episc.
1180 5547 1450 5626 Babmberpeasan.
1520 5548 1550 5620 2)
1569 5549 1635 5608 sat.
1655 5550 1807 5608 Folmarus
1827 5552 1861 5608 de
1880 5549 2064 5623 lhisenstein.

414 5649 444 5731 3)
471 5653 630 5725 Conradns,
661 5655 709 5731 qui
731 5675 759 5711 a.
777 5653 871 5711 1164.
897 5653 1068 5712 Eberhardo
1091 5663 1198 5712 irrorato
1221 5654 1449 5730 archiepiscopus
1473 5655 1629 5734 Satbburp.
1652 5657 1755 5730 sactus
1777 5665 1825 5714 cst.
1918 5655 1949 5732 4)
1973 5657 2065 5716 Eber-

412 5761 542 5818 hardam.
636 5757 667 5835 4)
692 5759 741 5833 Cf.
766 5759 834 5818 leid.
861 5760 982 5834 Etymol.
1006 5759 1070 5830 VII,
1089 5761 1118 5830 6,
1133 5761 1184 5830 78,
1211 5761 1284 5836 (aar.
1309 5762 1353 5818 ed.
1377 5762 1516 5820 Arcualns
1539 5762 1596 5832 ΙΙΙ,
1614 5783 1648 5839 p.
1669 5763 1742 5822 325.
