4410 6406
471 376 535 440 320
763 381 944 438 GERHOHI
966 380 1200 437 PRAEPOSITI
1223 377 1631 436 REICHERSBERGENSIS
1656 378 1822 434 LIBELLI.

544 572 594 635 12.
629 570 690 634 De
715 567 1053 634 dimensionibus
1077 566 1391 654 recapitulatio
1416 575 1455 630 et
1477 565 1698 652 spirituali
1722 576 1873 630 ornatu
1896 566 2052 652 templi.

576 694 642 759 Iste
666 695 776 781 itaque
801 694 1031 759 dimensiones.
1073 693 1146 757 Hec
1170 691 1338 777 longitudo
1361 689 1467 756 fidelis
1491 691 1676 776 pacientiae
1699 713 1738 754 ac
1762 690 1839 756 fidei
1863 692 1973 755 omnia
1996 703 2116 777 propter

469 802 578 866 Deum
608 802 813 886 sustinentis3
844 800 905 865 hec
935 798 1115 886 amplitudo
1144 799 1289 863 caritatis
1312 821 1347 862 se
1371 793 1414 862 ad
1437 797 1622 884 proximum
1650 797 1685 860 in
1708 797 1782 862 Deo
1806 808 1839 862 et
1861 809 1998 884 propter
2020 797 2118 864 Deum

470 907 652 990 dilatantis3
683 906 745 971 hec
776 905 958 971 sublimitas
987 904 1115 971 celestis
1140 905 1396 970 conversationis
1420 914 1453 968 et
1476 904 1546 990 spei
1570 925 1605 968 se
1629 905 1663 967 in
1686 903 1795 968 Deum
1819 905 1976 990 erigentis
2001 917 2120 990 gramm

469 1014 542 1079 Deo
566 1013 733 1100 templum,
764 1022 911 1078 sanctam
935 1013 1005 1078 eius
1029 1011 1233 1094 aecclesiam,
1257 1011 1404 1076 efficiunt
1426 1009 1489 1074 LX
1516 1010 1550 1074 in
1573 1010 1715 1097 longum,
1740 1010 1808 1076 XX
1831 1012 1865 1075 in
1887 1010 2002 1092 laam,
2026 1011 2122 1076 XXX
2137 1037 2161 1076 a·

468 1121 521 1186 vel
545 1121 644 1185 etiam
669 1118 766 1188 CXX
788 1121 822 1184 in
846 1119 947 1184 altum
971 1117 1156 1206 spirituales
1180 1117 1307 1183 cubitos
1330 1116 1541 1182 obtinentem.
1588 1116 1695 1182 Huius
1726 1117 1838 1204 templi
1868 1141 1984 1182 amum
2013 1117 2123 1182 divini·

468 1229 542 1292 tatis
566 1227 697 1308 noticia,
722 1225 827 1291 cultus
851 1237 884 1290 et
907 1249 998 1290 amor
1021 1235 1087 1308 est3
1119 1235 1289 1312 argentum
1320 1225 1389 1289 eius
1420 1224 1454 1288 in
1478 1223 1597 1288 divinis
1628 1223 1725 1289 rebus
1753 1223 1956 1312 eloquentia,
1988 1227 2126 1312 preciosi

468 1333 594 1420 lapides
619 1335 688 1398 eius
712 1334 867 1397 virtutum
894 1333 1070 1418 margarite
1103 1343 1194 1416 sunt,
1226 1331 1394 1396 thimiama
1417 1331 1486 1395 eius
1510 1329 1616 1395 bonae
1641 1332 1802 1418 opinionis
1826 1330 2025 1418 fragrantia3
2055 1333 2125 1397 thus

468 1440 704 1506 lucidissimum
736 1441 806 1504 eius
837 1441 1058 1504 conscientiae
1088 1440 1213 1526 puritas
1237 1449 1270 1503 et
1292 1439 1474 1504 orationum
1504 1439 1639 1502 incensa
1663 1450 1753 1520 sunt3
1784 1439 1886 1504 altare
1917 1438 2127 1504 thimiamatis

469 1548 539 1612 eius
564 1546 714 1612 Christus
737 1546 829 1611 Iesus
854 1557 1040 1610 sanctorum
1064 1568 1179 1633 preces
1204 1557 1236 1610 et
1259 1547 1421 1611 orationes
1450 1546 1636 1632 excipiens3
1668 1545 1769 1610 altare
1793 1568 1922 1633 quoque
1946 1545 2128 1610 holocausti
2146 1571 2189 1610 ιο

469 1665 502 1720 et
532 1654 766 1719 sacrificiorum
797 1664 829 1718 et
858 1654 1065 1717 victimarum
1095 1652 1182 1718 idem
1207 1651 1354 1717 Christus
1386 1663 1435 1716 est
1465 1653 1699 1738 poenitentiam
1730 1675 1961 1717 conversorum
1994 1662 2028 1716 et
2055 1665 2130 1716 vota

470 1783 599 1848 quoque
623 1760 767 1825 fidelium
791 1783 857 1824 non
880 1759 1052 1846 repellens.
1100 1758 1228 1846 Singuli
1258 1758 1370 1844 templi
1400 1758 1496 1823 huius
1527 1758 1651 1846 lapides
1676 1760 1797 1846 quique
1819 1759 1951 1842 fideles;
1983 1758 2130 1824 tabulata

469 1890 548 1932 auro
573 1867 736 1954 affigendo
761 1877 937 1954 preparata
967 1867 1071 1953 pietas
1096 1865 1253 1947 cordium,
1278 1865 1409 1930 devotio
1433 1867 1589 1930 mentium
1614 1876 1672 1930 est.
1719 1865 1793 1931 Non
1822 1865 1917 1930 nobis
1941 1877 2041 1931 vacat
2070 1889 2129 1930 nec

469 1975 670 2061 propositum
695 1985 744 2038 est
766 1997 826 2060 per
849 1972 977 2058 singula
1001 1971 1184 2059 spirituales
1207 1971 1320 2058 templi
1343 1972 1439 2036 huius
1463 1981 1640 2037 structuras
1663 1971 1717 2037 vel
1740 1982 1872 2038 omatus
1895 1974 2129 2060 perstringere,

460 2080 529 2146 'sed
559 2079 601 2145 ad
632 2081 694 2144 ista
721 2079 867 2144 intulisse
892 2079 1042 2160 sufficiat,
1067 2089 1227 2166 quatenus
1252 2080 1393 2143 sciamus
1416 2078 1490 2143 Deo
1514 2077 1704 2144 fabricatori
1727 2080 1797 2144 eius
1820 2081 1978 2144 maiorem
2003 2079 2045 2144 de
2069 2080 2129 2145 hoc
2148 2107 2190 2149 ur

469 2187 590 2274 templo
619 2209 717 2274 quam
748 2185 789 2251 de
814 2185 961 2274 quolibet
990 2186 1177 2250 manufacto
1208 2184 1445 2272 quantumlibet
1475 2196 1588 2251 ornato
1611 2185 1665 2250 vel
1695 2186 1802 2273 amplo
1833 2209 1945 2251 curam
1975 2188 2129 2252 existere.

469 2294 553 2358 Nam
578 2303 688 2359 cetera
711 2294 820 2358 omnia
842 2292 1030 2358 manufacta
1053 2292 1118 2357 Dei
1148 2291 1270 2378 templa
1299 2303 1434 2379 propter
1455 2292 1543 2358 istud
1573 2293 1661 2357 facta
1684 2304 1758 2357 sunt
1780 2302 1813 2357 et
1835 2293 1933 2376 fiunt3
1963 2293 2030 2357 ista
2052 2316 2129 2358 vero

470 2399 585 2465 domus
615 2423 673 2487 pro
706 2401 927 2486 suimetipsius
957 2399 1068 2486 precio
1100 2423 1118 2463 a
1144 2399 1275 2464 domino
1299 2399 1376 2464 Iesu
1399 2398 1528 2464 Christo
1559 2401 1711 2486 propriae
1741 2399 1975 2486 predicationis
2007 2398 2128 2482 labore,

470 2509 567 2571 immo
592 2519 625 2572 et
648 2508 759 2572 mortis
784 2507 854 2571 eius
877 2505 1043 2594 impendio
1067 2505 1229 2571 fabricata
1246 2506 1433 2593 Spirituque
1458 2517 1569 2571 sancto
1594 2505 1635 2571 de
1659 2506 1729 2571 celo
1746 2508 1844 2571 misso
1861 2518 2056 2572 consecrata
2071 2519 2127 2572 est

470 2615 585 2701 Itaque
610 2624 767 2700 quantum
790 2613 851 2678 hec
876 2612 990 2678 domus
1015 2615 1101 2677 omni
1131 2612 1251 2700 templo
1275 2622 1400 2700 prestat
1427 2612 1613 2678 manufacto
1637 2622 1727 2678 tanto
1752 2615 1821 2678 eius
1844 2613 2030 2700 profanatio
2054 2613 2160 2680 abo-2

470 2719 657 2786 minabilior
679 2721 818 2808 Deoque
844 2731 876 2785 et
898 2719 1084 2785 hominibus
1108 2719 1333 2785 detestabilior
1355 2730 1405 2783 est
1429 2732 1461 2784 et
1484 2741 1556 2784 esse
1588 2719 1695 2784 debet.
1744 2720 1839 2801 Quod
1863 2742 1943 2785 vero
1974 2722 2009 2784 in
2033 2720 2127 2786 rebus

471 2827 694 2893 detestabilius
711 2826 906 2913 Christoque
930 2829 1034 2914 magis
1059 2828 1255 2892 contrarium
1279 2839 1328 2891 est
1351 2827 1413 2891 hoc
1437 2825 1500 2890 sibi
1524 2826 1701 2892 vendicare
1725 2826 1964 2892 Antichristum
1988 2827 2128 2892 dubitari

470 2957 534 2998 non
558 2943 675 3021 potest.

525 3150 575 3212 13.
610 3147 849 3234 Adaptacio
874 3147 923 3212 ad
947 3147 1173 3212 ecclesiam
1198 3169 1336 3211 eorum
1361 3169 1465 3233 quae
1489 3147 1709 3233 intemplo
1733 3147 1807 3212 illo
1831 3147 1946 3212 facta
1971 3159 2076 3212 sunt.

577 3272 628 3336 Ea
651 3283 784 3360 propter
807 3283 929 3359 quanta
952 3271 1147 3358 malignatus
1172 3283 1222 3336 est
1250 3273 1401 3336 inimicus
1430 3272 1465 3335 in
1494 3271 1555 3336 hoc
1588 3283 1700 3336 sancto
1723 3271 1790 3336 Dei
1813 3272 1944 3360 templo,
1970 3273 2058 3360 quod
2081 3283 2127 3337 est
2145 3301 2169 3339 a

471 3379 640 3461 aecclesia,
672 3380 806 3466 insuper
828 3402 906 3444 vero
931 3379 1020 3443 etin
1043 3378 1098 3444 illo
1122 3378 1319 3444 lerosolimis
1349 3379 1384 3441 in
1407 3377 1502 3443 huius
1529 3391 1643 3465 typum
1667 3379 1764 3461 facto,
1789 3390 1911 3466 quanta
1934 3381 2013 3444 item
2037 3382 2126 3444 nimi·

470 3510 542 3550 rum
563 3487 599 3550 in
622 3486 727 3572 ligura
749 3487 938 3573 passionum
962 3496 994 3550 et
1017 3508 1158 3572 agonum
1182 3484 1362 3550 aecclesiae
1379 3485 1521 3550 Domino
1546 3486 1753 3572 permittente
1776 3485 1864 3551 idem
1887 3487 2040 3551 inimicus
2062 3509 2126 3550 ma-

470 3592 611 3678 lignatus
635 3594 686 3674 sit,
711 3594 930 3679 perstringere
952 3601 1050 3678 atque
1067 3593 1208 3656 invicem
1224 3591 1287 3656 sibi
1302 3593 1474 3656 veritatem
1499 3604 1531 3656 et
1553 3591 1702 3657 umbram
1719 3593 1877 3674 conferre,
1894 3593 1969 3657 Deo
1984 3593 2126 3676 favente,

471 3699 603 3781 curabo,
627 3709 663 3764 ut
687 3699 728 3764 de
752 3697 992 3764 abominatione
1017 3721 1146 3784 quoque
1171 3697 1390 3780 desolationis,
1415 3699 1520 3785 qualis
1544 3710 1576 3762 et
1599 3700 1716 3785 inquo
1740 3699 1860 3786 templo
1885 3700 2054 3786 querenda
2077 3701 2126 3782 sit,

471 3805 599 3871 abono
630 3829 739 3870 rerum
762 3807 971 3870 estimatore²
995 3806 1071 3869 sciri
1095 3806 1206 3892 possit.
1253 3805 1337 3869 Illud
1367 3827 1509 3891 namque
1540 3806 1695 3892 templum
1720 3829 1739 3870 a
1762 3805 1874 3870 David
1898 3818 1931 3870 et
1954 3805 2126 3872 Salomone
2144 3834 2166 3871 a

471 3911 603 3998 regibus
628 3912 738 3977 divino
762 3914 917 3977 instinctu
940 3911 1136 3976 fabricatum
1166 3935 1225 3999 per
1246 3934 1359 3997 regern
1382 3911 1550 3976 Babilonie
1581 3913 1649 3997 igni
1674 3912 1878 3978 combustum
1902 3924 1934 3978 et
1958 3913 2001 3978 ad
2025 3914 2127 3978 solum

472 4019 615 4084 dirutum
639 4030 697 4084 est.
744 4019 927 4084 Ecclesiam
952 4041 1080 4106 quoque
1108 4041 1227 4083 avcro
1251 4018 1373 4100 Danu,
1402 4019 1532 4083 domino
1563 4030 1672 4084 nostro
1695 4019 1771 4083 Iesu
1795 4018 1934 4102 Christo,
1964 4031 2062 4107 atque
2086 4019 2127 4084 ab

375 4154 454 4205 aaa.
472 4128 542 4191 eius
567 4126 690 4213 Spiritu
717 4137 873 4213 tanquam
896 4124 1069 4191 Salomone
1093 4148 1172 4189 vero
1196 4136 1414 4189 constructam
1439 4135 1470 4190 et
1494 4124 1678 4189 dedicatam
1704 4127 1798 4190 *item
1822 4125 2033 4192 Babilonicus
2056 4150 2127 4207 rex,

296 4260 452 4312 aremare
471 4233 506 4298 id
529 4244 579 4298 est
600 4229 785 4320 imperator
800 4231 889 4297 urbis
909 4233 1041 4312 Romae,
1067 4255 1164 4318 quam
1188 4233 1311 4318 tropice
1327 4232 1444 4297 Petrus
1460 4231 1667 4297 Babiloniam
1690 4235 1844 4316 nominat,
1869 4235 1956 4300 Nero
1973 4235 2128 4300 videlicet

472 4351 504 4404 et
527 4339 664 4428 quilibet
687 4341 757 4404 eius
781 4341 924 4427 potentie
949 4338 1043 4403 simul
1067 4349 1099 4402 et
1122 4339 1298 4426 impietatis
1322 4361 1492 4403 successor
1515 4339 1806 4427 persecutionibus,
1834 4340 2127 4428 proscriptionibus
2145 4366 2170 4406 a

472 4458 504 4512 et
526 4448 631 4511 omnis
654 4449 783 4533 generis
807 4456 1039 4511 tormentorum
1063 4444 1261 4510 cruciatibus
1285 4456 1398 4510 contra
1422 4467 1494 4510 eam
1519 4446 1701 4528 deseviens,
1726 4458 1881 4534 quantum
1904 4449 2034 4535 inipso
2058 4459 2129 4513 erat

472 4553 633 4617 destruxit
657 4565 754 4640 atque
778 4552 933 4635 incendit,
958 4553 1037 4639 quin
1061 4561 1093 4616 et
1116 4561 1217 4616 totum
1240 4552 1396 4618 mundum
1412 4551 1581 4617 Babilonie
1606 4555 1769 4618 caminum
1794 4555 1910 4636 effecit,
1934 4557 1969 4620 in
1993 4579 2068 4642 quo,
2093 4567 2128 4619 ut

472 4661 620 4746 superius
651 4682 780 4746 quoque
811 4670 1024 4723 memoratum
1055 4671 1113 4740 est,
1145 4669 1277 4723 sanctae
1302 4659 1470 4722 Trinitatis
1502 4658 1650 4742 cultores,
1680 4662 1773 4746 quasi
1804 4671 1869 4724 tres
1896 4663 1991 4748 pueri
2014 4672 2127 4726 sancto

472 4767 648 4832 certamine
674 4765 884 4848 desudarunt,
909 4789 974 4852 qua
998 4767 1032 4830 in
1048 4775 1239 4852 tempestate
1263 4767 1433 4829 innumera
1457 4775 1643 4830 sanctorum
1667 4766 1757 4831 milia
1780 4766 1821 4832 ab
1838 4769 1933 4832 unius
1948 4768 2016 4833 Dei
2039 4768 2128 4832 cultu

472 4872 650 4938 nolentium
672 4873 810 4936 transire
834 4871 877 4936 ad
901 4871 1060 4936 culturam
1084 4883 1232 4937 creature
1255 4871 1378 4936 illustre
1402 4873 1581 4936 martirium
1605 4872 1777 4938 duxerunt.
1818 4873 1884 4939 Sed
1906 4874 2070 4940 Dominus
2094 4877 2128 4940 in
2146 4901 2172 4941 so

472 4980 588 5044 eadem
611 4981 823 5065 temptatione
848 4980 969 5043 sanctis
993 4979 1060 5042 suis
1084 4979 1176 5042 affuit
1199 5001 1319 5064 eosque
1344 4977 1397 5042 vel
1426 4979 1460 5042 in
1483 4980 1634 5064 passione
1659 4980 1844 5045 confortans
1868 4981 1920 5045 vel
1947 4985 2128 5068 passiones,

472 5097 507 5150 ut
530 5085 661 5150 tolerari
684 5097 827 5172 possent,
858 5087 1021 5171 mitigans,
1045 5083 1210 5148 flammam
1232 5086 1318 5170 ignis
1342 5084 1382 5148 de
1406 5086 1539 5149 fornace
1565 5088 1724 5170 excussit3
1756 5089 1890 5173 insuper
1910 5111 1989 5153 vero
2014 5112 2129 5154 conso-

472 5191 647 5257 lationibus
672 5215 727 5257 eos
752 5193 801 5255 sui
826 5193 958 5278 spiritus
982 5191 1133 5256 refovens
1164 5189 1306 5254 medium
1331 5192 1472 5256 fornacis
1495 5192 1574 5256 fecit
1598 5194 1643 5256 eis
1669 5195 1763 5279 quasi
1785 5207 1918 5258 ventum
1942 5197 2024 5260 roris
2049 5195 2128 5260 flan-

472 5309 548 5382 tem,
571 5298 657 5364 unde
683 5309 714 5363 et
737 5309 811 5385 post
833 5298 1001 5362 fornacem
1024 5298 1212 5384 passionum
1228 5299 1340 5361 vivere
1365 5320 1399 5362 se
1424 5299 1588 5363 miraculis
1613 5300 1834 5386 multipliciter
1849 5303 2019 5388 protestati
2043 5313 2127 5384 sunt,

473 5404 665 5470 demonibus
689 5428 732 5468 ex
756 5403 897 5469 obsessis
921 5402 1105 5468 hominibus
1130 5403 1172 5467 ad
1189 5426 1300 5468 eorum
1324 5405 1474 5492 sepidcra
1497 5405 1695 5492 fugientibus
1720 5417 1752 5470 et
1771 5406 1916 5493 qualibet
1939 5409 2128 5474 infirmitate
2146 5435 2171 5474 a

474 5512 612 5577 detentis
636 5511 890 5576 consolationem
914 5509 1157 5597 recipientibus.

580 5744 607 5810 a)
629 5751 755 5799 estimare
774 5767 794 5799 c.
