4478 6442
735 449 928 506 ADDENDA
950 450 1002 505 ET
1025 450 1285 507 EMENDANDA.
1771 447 1833 510 137

185 634 279 698 Hane
302 637 405 720 ipsam
430 636 593 721 epistolam
612 636 776 702 Gerlrolrus
799 663 838 702 es·
854 639 985 702 scriniis
1008 641 1116 704 curtae
1132 639 1294 706 Romanae
1317 644 1483 728 accepisse,
1507 643 1564 707 sed
1585 668 1645 707 non
1670 646 1833 732 intepronr,

184 765 281 826 neque
304 743 382 806 sotis
406 756 549 808 accurate
573 747 826 830 aarrsecrrpsrsse
850 745 982 809 videtur.
1030 745 1139 832 Neque
1167 749 1248 811 enirn
1273 747 1372 812 aliane
1397 749 1534 814 eiusdem
1558 751 1707 836 epistolae
1730 775 1832 816 reeen-

184 851 301 912 sionem
333 851 366 912 ia
389 851 520 914 scrinias
549 852 657 914 euriae
681 853 735 915 eui
755 850 932 916 Matthaeus
962 854 1119 938 ascriptus
1149 868 1225 932 erat,
1256 869 1448 920 asservatam
1464 856 1575 942 juisse
1593 871 1679 944 puto.
1725 857 1831 924 Varie·

184 968 275 1019 tatem
306 956 446 1020 lectionis
477 956 596 1020 codicis
624 955 775 1022 Parisini
803 958 962 1023 adnotavi.
1016 958 1209 1046 Plerumque
1239 985 1307 1024 erran
1338 962 1394 1025 loc
1424 966 1580 1048 cortpruit,
1610 963 1755 1028 Arnoldo
1786 990 1832 1030 nte

152 1061 318 1141 edocente,
349 1062 415 1126 cod.
439 1062 534 1127 Vatia.
557 1062 735 1128 Christiane
765 1089 827 1152 rep.
852 1066 916 1129 288
949 1066 1076 1151 (quoad.
1098 1067 1206 1149 1547),
1236 1092 1316 1132 saec.
1334 1067 1415 1148 XII,
1443 1071 1500 1133 ndi
1524 1069 1670 1157 Hisponis
1701 1073 1832 1156 ept'stoia

177 1169 243 1255 fot.
263 1170 428 1232 52—53¹.
454 1171 552 1235 libros
573 1170 624 1233 VI.
650 1174 798 1256 seqnitur.
1416 1194 1458 1258 H,
1485 1193 1725 1258 BOEHMER,

291 1314 322 1366 P.
336 1317 395 1377 285,
416 1317 432 1366 l.
447 1317 471 1366 6.
502 1316 627 1382 Epistola
646 1319 772 1383 Hugonis
791 1319 973 1384 Radiugensis
993 1320 1109 1369 abbatis.
1146 1320 1296 1371 Karissimo
1316 1338 1365 1373 suo
1386 1322 1496 1373 domino
1515 1323 1626 1375 Matheo
1646 1324 1730 1375 irater
1748 1325 1831 1389 Hugo

185 1405 269 1454 abbas
287 1404 468 1470 Radiugeneis
487 1408 645 1458 monasterii
664 1408 791 1473 indignus
834 1410 852 1460 t.
867 1410 907 1458 10.
928 1410 1012 1470 Quem
1033 1409 1125 1472 itaque
1145 1433 1179 1443 -
1198 1408 1257 1460 fieri
1276 1410 1293 1459 l.
1309 1413 1349 1460 13.
1369 1427 1398 1460 er
1416 1411 1533 1476 Hisponis
1552 1412 1665 1478 Dialopis
1684 1414 1701 1463 Ι.
1718 1413 1744 1475 V,
1764 1431 1784 1464 c.
1800 1417 1830 1464 ll

183 1491 232 1556 (ed.
252 1493 365 1544 diarriae
384 1495 431 1545 l.l.
451 1495 478 1556 V,
502 1496 546 1545 eol.
567 1497 618 1546 958
629 1493 666 1550 0).
722 1497 866 1548 eeclesiam
891 1495 996 1562 (semper
1014 1515 1069 1547 cum
1089 1493 1115 1558 el
1169 1499 1186 1548 Ι.
1202 1501 1242 1549 11.
1269 1499 1355 1550 offitio
1382 1497 1558 1564 (pressiniaco
1578 1497 1599 1562 t)
1654 1505 1831 1553 sacramentis

140 1593 165 1632 ιο
184 1584 314 1647 presumit
369 1584 385 1634 Ι.
401 1585 441 1634 12.
461 1592 491 1634 ut
509 1585 617 1635 nonnisi
633 1603 683 1650 pro
702 1586 773 1636 unde
793 1587 846 1635 uisi
899 1587 917 1636 l.
932 1589 972 1636 13.
991 1595 1051 1652 post
1068 1587 1126 1638 fieri
1145 1604 1174 1637 ee
1192 1587 1274 1637 eodem
1292 1587 1447 1654 dialopontm
1466 1590 1517 1640 loco
1534 1590 1654 1640 additur:
1675 1591 1765 1652 Quare
1786 1593 1831 1656 qui

183 1672 305 1722 minister
324 1688 379 1722 uon
398 1679 447 1731 est,
466 1675 494 1722 in
513 1683 683 1725 sacramento
704 1673 797 1724 altaris
817 1674 900 1725 nichil
919 1675 994 1725 facit.
1040 1685 1098 1740 post
1116 1675 1219 1726 dictum
1237 1678 1369 1742 suppletur
1387 1695 1441 1728 uon
1488 1680 1703 1744 quibuscumque
1758 1681 1774 1731 Ι.
1790 1682 1831 1730 14.

183 1761 228 1824 qui
244 1778 294 1825 pro
313 1763 377 1827 quia
425 1762 442 1812 l.
458 1763 499 1812 15.
519 1779 535 1811 a
554 1763 676 1828 patribus
696 1779 791 1828 nempe
811 1765 940 1814 traditum
988 1765 1005 1814 Ι.
1021 1764 1061 1813 17.
1082 1764 1222 1815 ordinatus
1241 1766 1332 1825 fuerit,
1352 1773 1382 1816 ut
1401 1767 1516 1817 ministri
1566 1769 1638 1818 118.
1659 1769 1832 1834 Quapropter

178 1867 228 1914 pro
247 1851 338 1911 Quare
359 1851 423 1914 quia
471 1851 487 1901 l.
503 1852 544 1900 19.
564 1849 682 1901 eeclesia
709 1859 777 1902 teste
805 1851 941 1902 catholica
967 1860 1075 1904 constat
1092 1856 1210 1919 positum
1259 1855 1275 1904 l.
1289 1856 1331 1905 21.
1352 1854 1470 1920 aliquem
1492 1874 1541 1921 pro
1561 1856 1708 1923 aliquando
1758 1859 1830 1908 122.

182 1948 301 2003 nequeat
328 1955 408 2004 agere
446 1940 488 1990 Ad
515 1941 564 1990 hec
602 1941 680 1991 rivus
706 1951 733 1991 et
758 1949 903 2007 prepotens
931 1951 972 1992 est
1020 1943 1037 1992 l.
1052 1943 1093 1993 23.
1114 1942 1230 1994 ecclesie
1267 1945 1400 1994 sanccivit
1415 1962 1464 2009 pro
1483 1945 1665 1997 sanctificarit
1702 1947 1768 1996 dicit
1785 1963 1832 2011 pro

137 2037 163 2076 rt
182 2029 250 2078 dixit
298 2030 370 2078 124.
391 2027 457 2079 celis
506 2031 523 2079 Ι.
537 2031 578 2080 25.
599 2032 711 2094 antiqua
726 2048 775 2096 pro
795 2033 969 2095 antiquorum
1016 2033 1080 2096 quia
1095 2049 1145 2097 pro
1165 2033 1238 2097 quod
1286 2033 1302 2082 Ι.
1317 2034 1358 2082 21.
1379 2034 1444 2098 quia
1463 2035 1510 2098 qui
1529 2035 1556 2084 in
1571 2051 1621 2098 pro
1640 2035 1662 2083 si
1681 2035 1709 2084 in
1758 2035 1830 2085 128.

181 2135 228 2167 ora.
255 2119 283 2167 in
307 2127 365 2167 ante
391 2124 621 2169 sacramentorum
676 2120 692 2169 l.
713 2121 755 2170 30.
781 2120 819 2170 nil
846 2122 935 2186 potuit
989 2121 1006 2170 Ι.
1027 2123 1068 2171 33.
1096 2121 1246 2171 ministrum
1274 2128 1522 2187 quantumcumque
1578 2123 1594 2172 l.
1615 2125 1657 2172 35.
1683 2140 1730 2172 orn.
1757 2123 1830 2188 ioqui

181 2207 255 2256 136.
276 2206 392 2257 ecclesie
431 2224 478 2259 sos
496 2207 556 2257 odd.
571 2217 677 2273 postut
732 2209 748 2258 l.
763 2211 805 2258 38.
825 2211 889 2274 quia
904 2227 954 2274 pro
973 2210 1038 2274 quid
1076 2217 1321 2274 quantumcumque
1377 2211 1393 2260 l.
1408 2213 1450 2260 41.
1470 2209 1591 2276 quelibet
1646 2212 1718 2262 tit.
1739 2212 1831 2263 Babti·

181 2297 235 2345 zati
250 2297 474 2361 proBaptizaudi
511 2297 584 2347 143.
604 2299 772 2348 aberraverit
790 2297 881 2348 multis
901 2299 987 2349 modis
1025 2299 1042 2349 l.
1056 2300 1098 2348 44.
1118 2297 1241 2365 plurimis
1255 2314 1336 2363 quam
1355 2315 1420 2364 sepe
1440 2315 1488 2364 pro
1503 2298 1585 2366 culpa
1622 2301 1695 2350 145.
1712 2299 1831 2351 ecclesia

176 2386 292 2435 iubente
330 2386 346 2434 l.
360 2387 403 2434 46.
423 2385 540 2436 ecclesie
559 2387 661 2437 donum
681 2387 789 2437 edificat
828 2395 854 2438 et
868 2405 918 2452 pro
937 2404 992 2438 non
1029 2387 1102 2438 ten
1122 2403 1171 2453 per
1190 2386 1334 2438 ecclesiam
1349 2405 1399 2453 pro
1418 2389 1453 2438 ab
1473 2387 1609 2439 aecclesia
1646 2390 1662 2438 l.
1676 2390 1719 2439 48.
1738 2407 1785 2440 ora.
1806 2392 1831 2440 ei

134 2484 162 2522 ro
181 2475 228 2524 sed
243 2492 293 2539 pro
312 2491 377 2540 ergo

287 2559 317 2612 P.
332 2565 391 2616 286,
411 2565 427 2614 Ι.
442 2565 466 2614 2.
486 2565 759 2630 condempnationem
774 2583 823 2630 pro
842 2565 1071 2632 dampnationem.
1109 2564 1227 2615 ‘Manet'
1248 2565 1311 2616 ideo
1331 2566 1444 2616 dicimus
1463 2583 1510 2616 ons.
1530 2567 1647 2617 dominis
1703 2567 1719 2616 Ι.
1734 2568 1758 2618 5.
1773 2576 1832 2633 post

180 2653 272 2716 itaque
291 2653 351 2702 odd.
371 2654 499 2704 ministris
561 2655 578 2704 l.
593 2656 617 2704 0.
638 2655 763 2720 exigente
783 2653 864 2719 culpa
884 2656 922 2705 eis
968 2662 1060 2706 autem
1074 2671 1124 2720 pro
1144 2670 1253 2719 quoque
1282 2647 1376 2705 ¹aliud
1395 2653 1476 2720 louge
1497 2663 1537 2706 est
1597 2657 1613 2706 Ι.
1629 2657 1653 2707 8.
1671 2655 1739 2708 illud
1759 2659 1830 2708 euim

180 2742 290 2791 assidue
327 2743 344 2791 l.
359 2743 382 2791 9.
402 2742 528 2794 Ministro
541 2744 565 2793 si
601 2743 618 2793 t.
634 2745 674 2793 13.
694 2761 740 2792 om.
755 2750 796 2793 est
833 2745 849 2794 Ι.
865 2746 905 2793 14.
920 2759 988 2810 opus
1002 2745 1111 2794 bonnam.
1148 2759 1203 2794 non
1223 2751 1265 2794 est
1284 2759 1318 2794 ex
1336 2743 1389 2793 fide
1426 2745 1443 2794 l.
1459 2745 1499 2794 15.
1520 2743 1624 2796 nullum
1644 2745 1710 2796 iacit
1729 2746 1830 2796 bonum

180 2831 197 2879 l.
214 2832 252 2878 18.
273 2839 301 2880 et
319 2831 382 2880 dum
403 2833 534 2896 presumit
589 2832 661 2882 l.2l.
681 2839 824 2898 acceptum
843 2834 870 2882 in
890 2839 1048 2898 susceptore
1104 2833 1176 2882 122.
1197 2831 1313 2882 ecclesie
1333 2841 1454 2898 potestas
1495 2835 1567 2883 'iure
1588 2834 1702 2900 deponit
1756 2835 1773 2885 Ι.
1787 2836 1829 2885 23.

133 2928 161 2966 2⁶
181 2917 296 2969 ecclesie
323 2919 457 2970 catholice
521 2921 538 2970 Ι.
559 2922 601 2971 25.
627 2919 704 2970 locus
724 2923 781 2971 veri
800 2921 923 2971 sacrifitii
986 2922 1002 2972 l.
1024 2923 1066 2972 26.
1091 2939 1138 2971 ont.
1158 2923 1191 2972 de
1212 2938 1283 2987 agno
1339 2922 1488 2973 comedetis
1509 2939 1570 2974 eum
1590 2931 1617 2973 et
1635 2940 1690 2974 uon
1710 2923 1829 2974 offeretis

180 3009 253 3058 128.
276 3006 432 3074 alienigena
486 3011 503 3059 Ι.
518 3011 560 3060 29.
586 3009 747 3074 adquiescas
767 3009 883 3060 ecclesie
902 3013 995 3060 matris
1051 3011 1067 3061 Ι.
1081 3013 1123 3062 31.
1149 3011 1312 3076 iraterpnrnpos
1330 3010 1366 3060 itu
1392 3010 1475 3061 saliit
1494 3018 1521 3061 et
1541 3011 1616 3076 ligat,
1637 3011 1782 3062 efficatiam
1801 3014 1829 3062 in

180 3099 357 3148 sacramentis
384 3098 509 3149 ordinat-o
529 3106 572 3148 etc.
610 3100 626 3150 Ι.
640 3101 681 3150 32.
703 3100 785 3149 etiam
803 3117 854 3164 pro
873 3106 900 3150 et
936 3101 998 3150 Non
1018 3101 1069 3150 erit
1084 3117 1133 3164 pro
1153 3101 1265 3150 Noverit
1312 3100 1327 3150 l.
1342 3102 1384 3150 33.
1405 3116 1460 3150 una
1478 3101 1624 3166 prudentia
1643 3099 1685 3151 vel
1706 3102 1830 3166 potentia

175 3204 225 3251 pro
244 3192 293 3236 tua
310 3188 456 3252 prudentia
493 3204 543 3257 que
564 3205 580 3237 a
599 3189 760 3238 scismaticis
774 3187 818 3238 vel
839 3204 855 3238 a
874 3189 1007 3253 depositis
1025 3189 1093 3239 fiunt
1136 3189 1153 3238 Ι.
1167 3190 1210 3239 35.
1229 3205 1347 3240 sunnuos
1368 3189 1510 3254 pontifices
1552 3190 1625 3240 1:36.
1645 3190 1829 3255 proferrentur

180 3276 196 3326 Ι.
211 3277 252 3326 31.
271 3292 364 3325 veram
383 3277 471 3327 fatear
518 3277 534 3327 Ι.
549 3278 591 3326 38.
612 3277 783 3326 rescribimus
832 3277 905 3327 iio.
920 3285 978 3341 post
996 3275 1139 3328 maluimus
1157 3277 1277 3327 additu-r:
1297 3280 1344 3342 qui
1364 3294 1411 3328 ros
1430 3279 1458 3327 in
1478 3276 1586 3328 Christo
1607 3277 1746 3342 diligimus
1766 3284 1794 3328 et
1813 3295 1829 3327 a

133 3373 161 3412 to
179 3365 258 3415 vobis
279 3366 363 3414 arnari
382 3364 517 3415 valramus.
548 3366 626 3416 Unde
647 3373 673 3415 et
692 3367 794 3430 scripta
813 3373 903 3416 restra
922 3364 970 3416 leti
989 3367 1151 3433 suscipimus
1171 3372 1198 3416 ct
1216 3367 1294 3416 vobis
1321 3375 1413 3416 nostra
1439 3367 1580 3431 dirigimus
1605 3373 1633 3417 et
1659 3367 1829 3418 emendanda

181 3455 382 3504 committimus.
420 3455 515 3504 Amen.

289 3556 432 3622 Gerholri
451 3557 583 3643 epistola
607 3557 652 3621 ad
676 3557 893 3643 (iodefridum
916 3559 1056 3622 abbatem
1078 3556 1317 3622 Adrnontensern
1350 3557 1424 3621 data
1452 3582 1489 3622 ao
1514 3559 1593 3622 liber
1616 3573 1723 3622 contra
1748 3557 1828 3622 duas

179 3664 321 3728 liuerems
350 3677 455 3728 entant
484 3666 576 3728 etiarn
607 3666 641 3728 in
672 3663 777 3728 codice
804 3663 912 3728 Musei
933 3663 1121 3728 Britannici
1140 3663 1361 3729 Londoniensi
1381 3664 1492 3728 Addit.
1518 3665 1678 3728 Manrrser.
1706 3665 1827 3746 22634,

178 3794 257 3833 saec.
276 3768 361 3850 XII,
386 3771 452 3858 foi
470 3772 605 3852 4-12,
639 3771 683 3856 cf.
710 3769 893 3857 ‘Oataiopue
924 3772 966 3858 of
991 3769 1171 3834 additions’
1203 3770 1246 3852 (a.
1267 3772 1518 3854 1854-1860),
1550 3771 1664 3836 ίΝοιιεθ
1687 3771 1826 3836 Archio'

132 3896 160 3936 as
178 3875 240 3955 IV,
266 3901 301 3962 p.
327 3877 402 3956 366,
433 3877 565 3941 ‘Histoe
597 3877 708 3941 Jahrb.
742 3877 799 3942 der
831 3876 1120 3965 Giirrespeseilscia’
1152 3876 1206 3957 VI,
1227 3902 1263 3964 p.
1287 3879 1482 3940 256-251.
1529 3877 1675 3965 Huponis
1707 3879 1826 3943 litterae

179 3983 321 4070 lepnntur
350 3983 479 4064 ididem,
508 3983 716 4070 Thorapsonio
741 3999 821 4064 teste,
838 3985 905 4071 fol.
923 3986 964 4047 8‘.
990 3984 1106 4049 eisdem
1122 3984 1200 4071 fere
1224 3985 1327 4048 uerbis
1350 3999 1383 4048 ut
1404 3984 1494 4070 apud
1515 3984 1650 4048 Pezium.

284 4090 320 4152 P
339 4092 415 4170 285,
440 4091 460 4154 Ι.
479 4091 530 4154 29.
563 4090 663 4155 Intnro
686 4090 831 4156 Undarum
853 4091 901 4154 II.
926 4094 960 4156 in
984 4091 1116 4176 epistola
1139 4091 1185 4156 od
1206 4090 1331 4156 Petrurn
1351 4091 1571 4155 Pistoriensem
1597 4093 1774 4178 episcopum
1800 4106 1827 4155 et

177 4195 340 4262 Buaticum
365 4198 505 4262 abbatem
526 4197 627 4262 Vattis
650 4200 812 4263 nrrrdrosoe
828 4223 910 4263 anno
927 4223 951 4263 c.
969 4200 1062 4261 1088.
1089 4197 1174 4277 dato,
1198 4200 1230 4262 in
1255 4222 1318 4284 qua
1334 4197 1533 4280 Innocentius
1553 4221 1643 4284 papa
1659 4197 1826 4278 laudatum

179 4304 222 4390 cf.
248 4303 315 4384 Ino,
340 4304 487 4368 Panorm.
513 4303 585 4384 ΙΙΙ,
610 4307 668 4386 81,·
697 4305 795 4392 JaffI,
826 4305 913 4371 Bitt.
945 4331 1006 4370 rer.
1033 4304 1138 4369 Germ.
1171 4302 1242 4384 ΙΙΙ,
1266 4329 1302 4391 p.
1329 4306 1403 4385 313,
1434 4303 1511 4392 Rep.
1536 4319 1624 4392 pont.
1658 4329 1704 4366 nr.
1728 4305 1822 4367 5383.

130 4432 159 4471 ao
178 4409 313 4475 Nezelon
336 4426 380 4476 est
398 4411 512 4476 Wezilo
534 4411 738 4499 Mopuntinns
760 4413 1026 4499 archiepiscopus,
1050 4414 1110 4497 qui
1129 4411 1314 4476 Doibertunr
1340 4411 1507 4476 diaconum
1531 4425 1773 4475 ceraseoraoerat.

283 4516 319 4581 P.
339 4519 414 4598 322,
440 4518 460 4582 Ι.
478 4519 530 4581 24.
571 4517 623 4606 Of.
650 4517 812 4583 LeonisI.
838 4521 926 4605 epist.
947 4520 998 4599 10,
1022 4543 1046 4583 e.
1064 4520 1096 4598 4,
1123 4516 1203 4604 Opp.
1229 4517 1298 4583 edd.
1325 4517 1491 4583 Balieriui
1511 4516 1540 4598 Ι,
1564 4517 1621 4582 eol.
1640 4519 1715 4598 631,
1741 4517 1824 4582 Gro—

178 4626 263 4688 tioni
283 4625 392 4689 decret.
419 4625 490 4690 dist.
517 4626 569 4706 63,
594 4650 618 4690 c.
637 4626 687 4688 27.

283 4730 319 4795 P.
339 4732 414 4811 362,
439 4732 459 4795 Ι.
480 4733 530 4794 12.
570 4730 623 4819 Of.
648 4731 808 4819 Encyciio.
834 4733 967 4798 concilii
986 4731 1134 4819 Pupiens.
1160 4757 1211 4818 op.
1229 4731 1391 4796 Itale-aia.
1415 4731 1510 4796 Gesta
1535 4731 1703 4796 Friderici
1724 4731 1743 4794 Ι.
1763 4729 1786 4794 I
1790 4731 1824 4810 V,

178 4862 202 4902 o.
221 4839 275 4918 60,
299 4838 346 4903 ed.
367 4837 467 4902 Waitz
483 4862 520 4925 p.
539 4838 602 4902 266
611 4862 622 4919 ,·
649 4837 776 4904 Constit.
801 4840 877 4926 irrep.
902 4838 931 4920 I,
949 4863 985 4926 p.
1004 4841 1080 4919 268,
1103 4863 1129 4903 c.
1148 4841 1175 4902 ’1.

130 4967 159 5006 ss
283 4944 320 5008 P.
345 4946 420 5025 389,
452 4945 472 5008 Ι.
493 4946 542 5008 10.
568 4946 619 5008 28.
667 4943 720 5032 Of.
748 4945 904 5010 Gratiani
931 4946 1040 5010 decret.
1073 4944 1144 5010 dist.
1171 4947 1228 5025 63,
1259 4970 1283 5009 e.
1309 4945 1360 5008 22.
1387 4945 1438 5008 23.
1490 4945 1575 5022 Quae
1605 4959 1775 5030 sequuntur
1804 4971 1824 5008 o

178 5052 262 5116 linea
286 5052 337 5115 28.
370 5052 444 5117 inde
474 5076 569 5138 usqne
599 5051 722 5144 odilia.
741 5053 792 5115 38.
820 5051 984 5117 dertonae
1004 5054 1120 5139 paucis
1140 5054 1267 5116 mutetis
1290 5053 1458 5136 exscripsit
1480 5075 1518 5115 en
1543 5051 1699 5116 Gratiano
1723 5051 1821 5116 eiusd.

97 5204 100 5211 -
178 5156 314 5223 dutinct.
332 5172 420 5245 part.
437 5157 496 5221 IV
515 5157 575 5240 (ed.
602 5158 779 5246 Friedberp
801 5157 830 5240 Ι,
854 5160 1018 5242 001244).

282 5264 319 5328 P.
338 5266 413 5346 389,
437 5265 458 5330 Ι.
476 5266 654 5346 40-390,
679 5266 698 5329 Ι.
717 5268 746 5328 4.
771 5267 906 5353 sumpsit
929 5265 1093 5331 Gordohns
1116 5264 1257 5330 indidem
1282 5290 1306 5329 c.
1326 5266 1376 5328 34.

282 5371 319 5436 Ρ.
338 5373 412 5452 390,
437 5373 457 5436 Ι.
475 5373 607 5436 5-22.
644 5372 792 5437 indidem
816 5373 959 5454 (111163,
982 5397 1007 5437 e.
1025 5374 1076 5437 30.

129 5501 158 5541 so
305 5478 393 5543 Ibid.
420 5480 439 5543 Ι.
458 5479 611 5542 22-26.
652 5477 705 5567 Of.
732 5479 849 5544 dictum
875 5480 1030 5545 Gratiani
1050 5479 1128 5544 ibid.
1148 5494 1223 5566 post
1245 5503 1269 5543 c.
1289 5481 1339 5542 34.

281 5586 317 5648 P.
342 5587 416 5664 439,
442 5586 461 5649 Ι.
485 5587 535 5649 36.
579 5585 648 5650 Hos
678 5610 785 5650 rersus
815 5586 914 5651 tradit
941 5589 1113 5673 separatim
1143 5586 1241 5650 codes
1267 5584 1550 5650 Clieltenlrarnensis
1574 5585 1653 5664 402,
1684 5585 1822 5662 raanan,

175 5716 254 5756 saec.
273 5690 354 5771 XII,
375 5693 442 5780 foi.
463 5693 547 5756 160‘.
572 5717 639 5756 curn
664 5693 753 5756 titulo
777 5691 829 5755 De
854 5693 960 5774 emim
985 5693 1029 5780 cf.
1055 5693 1170 5758 ‘Neues
1186 5692 1317 5756 Arelir’
1334 5691 1448 5773 XXII,
1469 5717 1502 5778 p.
1522 5694 1594 5756 615.

281 5797 318 5862 P.
336 5801 413 5880 451,
437 5799 457 5864 Ι.
477 5799 505 5862 l.
546 5797 599 5886 Of.
625 5823 704 5885 qnae
726 5823 826 5886 supra
849 5799 894 5864 ad
910 5825 987 5888 pap.
1006 5801 1080 5863 322.
1106 5800 1334 5865 adnotavimus.

246 5927 348 5980 Libelll
367 5927 400 5980 de
421 5927 477 5980 lile.
508 5928 561 5978 III.
1575 5929 1608 5978 93
