4418 6412
1053 199 1058 230 l

586 364 639 418 DE
662 362 995 426 INVESTIGATIONE
1020 362 1369 421 samosateum.
1746 359 1810 423 385

146 560 194 612 ut
217 551 389 637 imperium
414 551 623 636 conqueritur
646 572 684 614 ac
708 548 840 636 publica
870 550 957 614 fama
986 550 1160 636 loquitur1,
1191 573 1289 636 super
1318 551 1447 616 iudiciis
1470 561 1502 615 et
1526 553 1633 616 causis
1657 551 1810 616 eeclesia-

120 658 249 740 ·sticis
273 679 346 720 cum
371 658 488 721 ceteris
519 657 683 742 acceperit
712 679 773 720 nec
803 657 1022 742 penitenciam
1046 656 1187 722 ostendit
1210 656 1250 721 de
1273 659 1437 743 preterito,
1468 680 1528 722 nec
1554 656 1714 723 cautelam
1737 681 1810 746 pro·

148 764 257 827 mittit
284 762 467 844 defuturo,
492 763 569 849 quin
593 764 709 849 potius,
733 771 769 826 ut
791 763 891 843 aiunt,
916 773 949 826 et
975 762 1144 828 thesauros
1174 762 1216 827 ab
1238 763 1522 850 Hospitalensihus
1552 787 1610 851 pra
1642 763 1810 851 dispensa-

149 869 257 952 tione,
281 871 377 934 immo
401 892 479 934 vcro
503 869 724 955 dissipatione,
750 869 962 934 ecclesiastici
986 871 1153 954 regiminis
1177 881 1330 957 acceptos
1353 873 1422 956 ipse
1446 869 1600 957 possedit,
1627 893 1689 935 nec
1713 893 1811 957 super

109 997 127 1036 s
151 975 210 1040 his
235 976 393 1063 capitulis,
418 975 458 1040 de
476 975 593 1062 quibus
610 977 679 1040 eius
699 984 868 1062 suspectus
884 974 1023 1040 habetur
1038 977 1198 1058 introitus,
1223 975 1264 1041 ab
1282 977 1422 1041 ecclesia
1437 977 1502 1041 Dei
1526 976 1681 1042 scandala
1696 976 1809 1042 tollere

152 1081 311 1168 dignatus
335 1095 393 1147 est.
430 1080 530 1147 Cuius
554 1094 663 1147 tamen
686 1104 785 1146 causa
808 1093 876 1146 tum
899 1092 1032 1168 propter
1054 1105 1223 1148 numerum
1240 1083 1452 1148 cardinalium
1476 1084 1666 1170 ampliorem
1689 1085 1723 1148 in
1739 1086 1809 1149 eius

153 1189 349 1254 electionem
374 1187 649 1269 concordantium,
679 1199 747 1252 tum
771 1189 869 1253 etiam
892 1199 1026 1275 propter
1048 1189 1250 1254 ordinatores
1280 1190 1441 1276 legitimos
1473 1190 1566 1254 simul
1590 1192 1688 1255 etiam
1715 1191 1808 1256 sedes

154 1296 364 1380 apostolicas,
381 1295 596 1360 Antiocenam
621 1295 694 1359 dico
719 1305 751 1358 et
773 1295 1074 1378 lerosolimitanam,
1099 1297 1133 1360 in
1149 1319 1221 1361 eum
1240 1298 1510 1378 consentientes2,
1535 1319 1653 1361 causae
1666 1297 1808 1362 Victoris

155 1402 415 1488 preponderaret
438 1403 471 1466 in
486 1402 579 1466 lance
603 1402 762 1480 iusticias,
787 1403 815 1465 si
839 1401 988 1488 exemplo
1004 1425 1082 1466 usus
1101 1402 1265 1468 dominico
1288 1403 1372 1467 latus
1396 1425 1435 1468 ac
1458 1425 1573 1467 manus
1596 1404 1808 1468 innocenciae
1828 1429 1986 1477 acroama.
2082 1481 2097 1498 Ι,

98 1534 133 1570 ro
157 1511 192 1572 in
217 1508 323 1573 medio
354 1508 490 1573 fratrum
521 1530 650 1572 suorum
675 1510 900 1594 episcoporum
932 1507 1120 1594 dignaretur
1143 1509 1313 1574 ostendere
1337 1510 1390 1574 vel
1414 1509 1541 1574 obiecta
1571 1510 1721 1595 negando
1744 1510 1807 1591 vel,
1827 1571 1880 1622 (⁸2)-

158 1638 224 1701 que
254 1616 368 1701 negari
397 1637 462 1680 non
491 1625 636 1702 possunt,
668 1616 751 1679 iuste
777 1615 865 1698 facta
888 1614 1130 1701 comprobando
1141 1621 1162 1679 ³.
1210 1615 1307 1696 Quod
1330 1617 1407 1701 quia
1432 1615 1576 1680 nondum
1600 1626 1649 1680 cst
1676 1616 1807 1700 factum,
1849 1631 1935 1680 Tres·
1955 1623 2038 1680 esse·

156 1744 224 1786 non
254 1722 357 1786 solum
387 1721 550 1803 bifariam,
585 1721 644 1785 sed
673 1733 705 1785 et
733 1721 892 1786 trifariam
923 1721 1081 1787 scinditur
1111 1721 1251 1786 ccclesia
1280 1723 1360 1804 Dei,
1392 1722 1478 1804 aliis,
1510 1733 1546 1786 ut
1575 1722 1696 1787 dictum
1727 1728 1807 1805 est⁴,
1827 1707 1918 1822 pgqpp
1933 1702 2041 1838 22⁸?

156 1827 358 1910 Alexandro,
390 1828 460 1892 aliis
478 1829 603 1892 Victori
633 1826 828 1910 faventibus,
859 1828 968 1892 terciis
992 1852 1069 1893 vero
1100 1840 1250 1893 neutrum
1281 1828 1517 1915 accipientibus
1540 1830 1593 1893 vel
1624 1839 1810 1893 constanter
1892 1845 1971 1894 senti.

156 1934 419 2021 reprobantibus,
451 1934 508 2000 sed
539 1934 716 2021 pleniorem
746 1935 852 1999 adhuc
884 1957 981 1999 cause
1009 1937 1175 2022 utriusque
1206 1935 1442 2000 discussionem
1470 1934 1686 2022 sperantibus,
1711 1958 1808 2022 quam

107 2067 138 2105 rs
157 2041 283 2128 absque
308 2042 445 2106 concilio
468 2042 612 2128 generali
640 2064 681 2106 ex
704 2065 818 2127 regum
842 2043 1049 2106 conniventia
1074 2052 1252 2107 convocato
1275 2042 1346 2106 fieri
1370 2065 1434 2106 non
1457 2064 1553 2129 posse
1577 2041 1776 2107 arbitrantur
1785 2047 1807 2107 ⁵.

266 2148 309 2212 Et
330 2159 413 2228 sunt,
437 2159 471 2213 ut
491 2148 570 2228 dixi,
594 2161 659 2212 tres
679 2161 788 2235 partes
808 2149 902 2212 unius
922 2148 1059 2212 ecclesie
1080 2150 1243 2213 conscisso
1263 2171 1301 2213 ac
1322 2148 1511 2230 dilacerate,
1536 2147 1808 2234 quemadmodum

157 2257 316 2341 scriptum
340 2267 388 2320 est
411 2257 443 2319 in
460 2256 638 2341 apocalipsi
654 2254 818 2334 Iohannis,
835 2255 988 2340 quoniam
1004 2255 1092 2320 facta
1115 2266 1165 2319 est
1188 2256 1302 2320 civitas
1325 2256 1359 2319 in
1382 2267 1448 2320 tres
1471 2266 1590 2342 partes.
1639 2255 1808 2342 Siquidem
1827 2247 1935 2343 Affil·
2014 2259 2031 2278 ”

157 2373 191 2424 et
215 2361 416 2446 Ungaricum
439 2384 574 2447 regnum
606 2363 638 2424 in
663 2383 703 2424 ea
726 2371 817 2447 parte
842 2371 891 2425 est
921 2361 1095 2442 hominum,
1121 2361 1342 2446 qainondam
1366 2361 1451 2426 hunc
1475 2360 1527 2426 vel
1557 2360 1647 2426 illum
1677 2385 1807 2450 recepe-

157 2481 242 2546 runt,
267 2469 344 2553 quia
367 2477 490 2531 mortuo
515 2489 592 2553 rege
617 2471 706 2548 su0⁶,
731 2469 787 2553 qui
811 2479 999 2553 susceperat
1017 2467 1242 2532 Alexandrum
1254 2472 1273 2550 ⁷,
1297 2491 1357 2555 per
1380 2467 1442 2533 hoc
1464 2467 1507 2532 ab
1530 2469 1600 2556 ipso
1617 2468 1807 2534 Alexandro

110 2600 138 2638 ro
157 2585 373 2656 recesserunt,
398 2573 486 2660 quod
498 2572 789 2661 archiepiscopum
812 2597 871 2660 per
887 2575 956 2638 eius
980 2573 1103 2659 legatos
1126 2574 1307 2638 finnatumb
1324 2573 1590 2661 reprohaverunt,
1616 2577 1713 2640 etiam
1729 2598 1807 2662 rege

157 2686 267 2745 novo8
289 2680 335 2744 ibi
359 2691 468 2745 creato
492 2703 579 2744 nova
601 2678 768 2745 molimina
792 2679 945 2744 dicuntur
966 2680 1045 2744 mihi
1067 2683 1148 2766 pari,
1174 2703 1236 2766 que
1253 2703 1406 2767 quorsum
1429 2679 1565 2746 tendant
1587 2681 1693 2746 adhuc
1717 2683 1807 2768 igno·

156 2799 257 2851 ratur.
303 2787 457 2851 Attamen
481 2789 557 2872 quia
587 2809 646 2852 rex
676 2786 729 2851 ille
753 2809 856 2851 novus
887 2809 946 2873 per
968 2809 1104 2850 uxorem
1129 2785 1292 2851 Grccam⁹
1316 2785 1423 2852 Greco
1453 2789 1641 2875 imperatori
1671 2788 1807 2875 aliisque

159 2893 276 2958 Grecis
301 2893 502 2980 principibus
526 2893 683 2959 affinitate
707 2895 834 2958 iunctus
859 2904 917 2976 est,
942 2893 1002 2958 hcc
1027 2893 1258 2979 suspicandum
1274 2894 1474 2981 relinquitur,
1498 2894 1586 2981 quod
1609 2896 1692 2960 sicut
1708 2893 1809 2960 Greci

158 3023 178 3064 a
201 3001 356 3064 Romanis
386 3010 519 3087 propter
548 3001 734 3080 avariciam,
763 3010 798 3064 ut
826 2998 947 3081 dicunt,
979 3023 1014 3064 se
1045 2999 1278 3083 alienavertmt,
1309 3002 1356 3066 sic
1388 3013 1420 3066 et
1443 3001 1568 3088 ngari
1591 3025 1626 3066 so
1650 3003 1809 3089 incipiunt

110 3131 139 3170 aa
158 3107 312 3188 alienare,
337 3119 371 3172 ut
394 3108 498 3192 magis
522 3108 689 3192 magisque
721 3116 880 3191 augeatur
908 3104 963 3171 illa
989 3105 1155 3188 discessio,
1184 3129 1281 3192 quam
1311 3107 1455 3193 predixit
1479 3108 1654 3195 apostolus,
1679 3131 1807 3196 queque
1826 3134 1986 3184 areatas.

158 3214 234 3278 olim
258 3214 456 3300 prefigurata
479 3223 528 3278 est
550 3213 669 3300 populo
693 3213 795 3276 Israel
819 3212 1006 3277 discedente
1030 3236 1050 3278 a
1073 3213 1167 3277 domo
1184 3213 1296 3278 David
1319 3223 1451 3300 propter
1473 3213 1692 3278 intolerabiles
1708 3237 1808 3278 vexa-

158 3323 273 3400 tiones,
297 3343 377 3406 quas
402 3320 508 3384 eidem
531 3319 650 3406 populo
674 3321 888 3384 comminatus
912 3332 961 3384 est
983 3319 1129 3384 Roboam
1153 3342 1212 3383 rex
1235 3319 1327 3400 Iuda,
1351 3320 1435 3385 filius
1461 3319 1652 3402 Salomonis,
1677 3321 1805 3386 dicens:
1826 3384 1838 3422 3
1862 3309 1866 3322 ¹

157 3429 315 3493 ilfiairaas
345 3429 463 3516 digitus
491 3453 577 3492 meas
603 3431 745 3516 pressior
772 3442 816 3492 est
846 3427 938 3492 dorso
963 3430 1079 3514 *patria
1106 3430 1176 3491 mei.
1223 3427 1318 3492 Pater
1341 3451 1425 3492 merra
1448 3428 1562 3492 cecidit
1583 3452 1637 3492 aas
1652 3429 1806 3516 flagellis,
1840 3383 1947 3478 'illidi'

1827 3488 1838 3514 .

158 3560 213 3621 epo
237 3559 309 3598 sero
332 3535 440 3600 cedam
464 3559 517 3598 aros
538 3536 765 3620 scorpionibus.
803 3532 890 3614 Quid
907 3535 994 3598 enim
1010 3543 1085 3597 sunt
1106 3555 1190 3596 nove
1206 3533 1424 3597 Romanorum
1439 3534 1640 3616 vexationes,
1665 3534 1807 3597 maxime
1841 3491 1905 3538 Μ’

111 3665 140 3704 so
158 3651 267 3704 autem
298 3639 459 3726 superflue
490 3639 723 3727 appellationes
752 3650 784 3704 et
811 3641 1063 3704 iuramentorum
1093 3641 1127 3703 in
1150 3638 1280 3704 datione
1305 3639 1475 3725 palliorum
1499 3661 1583 3704 nove
1608 3649 1640 3704 et
1662 3638 1806 3704 indebite

158 3749 412 3812 iuramentorum
443 3748 644 3827 exactiones,
676 3746 738 3810 nisi
769 3746 901 3832 quidam
932 3747 1132 3832 scorpiones,
1164 3744 1281 3832 quihus
1310 3769 1376 3810 non
1406 3755 1473 3810 tam
1504 3747 1678 3832 castigant,
1710 3769 1807 3832 quam

158 3865 330 3918 cruentant
359 3852 547 3918 subiectos?
593 3852 734 3939 Propter
762 3851 986 3917 huiuscemodi
1016 3853 1102 3916 mala
1132 3854 1229 3916 etiarn
1255 3875 1392 3938 regnum
1414 3853 1515 3916 Rome
1539 3854 1693 3935 vicinum,
1717 3851 1807 3916 vide·

158 3960 235 4025 licet
259 3959 442 4026 Siculorum
465 3970 498 4024 et
521 3959 657 4024 ducatus
681 3958 870 4044 Apulomm,
896 3981 978 4044 eque
1002 3969 1037 4022 ut
1060 3959 1266 4044 Ungarorum
1297 3981 1444 4045 regnum,
1475 3981 1509 4022 se
1540 3961 1574 4024 in
1604 3969 1728 4023 tantum
1758 3981 1806 4023 se-

158 4077 388 4152 gregaverunt,
417 4076 452 4131 ut
482 4067 586 4130 ineis
614 4088 679 4130 non
706 4065 906 4151 recipiantur
935 4064 1119 4130 huiusmodi
1149 4065 1382 4151 appellationes
1405 4065 1458 4129 vel
1482 4065 1692 4129 admittantur
1720 4065 1807 4152 lega-

112 4197 140 4238 ao
159 4175 264 4238 tiones
297 4172 434 4238 cenobia
468 4184 502 4237 et
536 4172 599 4237 alia
634 4173 844 4237 servientium
873 4171 947 4236 Deo
982 4170 1167 4236 habitacula
1201 4183 1385 4257 gravantes.
1439 4171 1608 4236 'limentur
1637 4194 1715 4236 vero
1745 4173 1808 4237 ista

159 4281 351 4366 gravamina
374 4303 416 4344 ex
439 4289 531 4367 parte
555 4289 692 4364 utraque
717 4279 763 4342 sic
786 4277 973 4342 intendente
996 4278 1122 4364 papari.
1169 4276 1225 4343 Sic
1250 4301 1284 4342 se
1307 4276 1406 4342 habet
1428 4276 1514 4344 mala
1537 4278 1736 4342 consuetudo
1760 4279 1807 4342 in-

159 4387 238 4451 olita
259 4387 325 4450 iam
348 4385 444 4472 longo
467 4397 612 4472 tempore
636 4386 781 4448 avaricia
803 4386 921 4471 potius,
946 4407 1042 4471 quam
1065 4385 1196 4448 iusticia
1219 4383 1404 4448 dominante
1428 4386 1512 4449 inter
1529 4386 1617 4472 ipsos
1632 4385 1806 4467 Romanos,

160 4493 216 4579 qui
244 4515 355 4557 omnes
386 4491 525 4579 diligunt
553 4513 698 4573 munera,
730 4501 883 4556 secuntur
913 4489 1141 4556 retributiones
1171 4501 1237 4555 tam
1267 4493 1300 4554 in
1323 4500 1416 4577 parte
1440 4514 1514 4574 una,
1538 4514 1636 4578 quam
1659 4492 1693 4554 in
1716 4501 1807 4578 parte

160 4599 272 4664 altera.
318 4598 414 4663 Unde
446 4597 546 4685 aliqui
576 4598 722 4684 episcopi
752 4596 907 4683 multique
938 4597 1081 4683 religiosi
1104 4619 1142 4662 ac
1166 4595 1278 4662 fideles
1302 4597 1460 4662 ecclesiae
1483 4598 1549 4662 Dei
1573 4619 1670 4685 super
1692 4599 1808 4663 utrius-

113 4729 143 4769 ιο
161 4727 223 4791 que
247 4706 349 4792 partis
372 4704 628 4791 imperfectione,
653 4726 751 4790 super
766 4703 928 4768 scandalis
945 4725 1074 4790 quoque
1098 4713 1131 4767 et
1154 4702 1364 4768 abusionibus
1389 4704 1464 4768 hinc
1483 4704 1558 4769 inde
1576 4706 1808 4770 succrescenti-

160 4810 221 4875 bus
244 4834 371 4876 necnon
390 4810 652 4876 abhominatione
669 4809 876 4875 desolationis
899 4811 934 4873 in
948 4810 1019 4874 loco
1037 4821 1149 4875 sancto
1166 4821 1270 4875 stante
1295 4821 1471 4897 gementes,
1497 4810 1641 4876 dolentes
1664 4810 1808 4898 publice-

161 4940 224 5005 que
255 4940 295 4983 ac
323 4919 476 5004 privatim
510 4917 676 5000 meliorem
711 4939 809 5004 super
837 4916 887 4981 his
917 4917 1015 4981 finem
1045 4916 1167 4981 orando
1199 4927 1426 5004 exspectantes
1457 4927 1488 4981 et
1519 4927 1667 5003 optantes
1702 4918 1808 4983 adhuc

205 5106 207 5108 .
268 5115 294 5181 a)
315 5117 438 5168 minicia
456 5135 536 5184 mary.
554 5135 600 5168 scr.
619 5134 639 5168 c.
712 5115 739 5179 b)
761 5116 876 5168 firmavit
894 5134 929 5176 c.,·
947 5134 992 5166 era.
1012 5115 1212 5183 Scheibelherper.

270 5277 300 5354 1)
325 5279 374 5353 Of·
397 5300 487 5356 supra
512 5299 535 5336 c.
553 5280 604 5336 53.
720 5277 750 5352 2)
776 5277 824 5352 Of.
847 5299 937 5355 supra
962 5299 984 5336 c.
1003 5279 1054 5336 55.
1169 5279 1199 5350 3)
1224 5281 1300 5338 Idem
1319 5283 1446 5356 postulat
1469 5279 1586 5338 Gerlach
1615 5282 1644 5338 in
1668 5282 1746 5358 epist.
1770 5283 1812 5339 ad

114 5404 144 5444 as
161 5387 323 5446 cardinales
346 5388 424 5458 data,
449 5386 533 5458 infra
550 5407 584 5463 p.
602 5385 675 5442 402.
774 5385 806 5459 4)
829 5385 927 5461 Sapra
944 5406 977 5461 p.
997 5385 1069 5441 384.
1169 5386 1198 5456 5)
1224 5387 1322 5462 Supra
1346 5407 1368 5444 c.
1387 5386 1438 5443 56.
1531 5385 1561 5457 6)
1587 5385 1675 5446 Geisa
1698 5389 1738 5460 II,
1762 5389 1810 5465 qui

160 5503 286 5552 morasus
308 5501 348 5552 est
369 5513 397 5550 α,
418 5493 512 5563 1161,
538 5493 611 5550 Mai.
630 5493 680 5580 61.
773 5493 803 5562 ’1)
830 5490 878 5564 Of.
903 5491 1000 5562 Prata,
1026 5492 1188 5550 ‘Friedrich
1211 5493 1247 5549 Ι]
1272 5493 1296 5563 I,
1315 5514 1348 5569 p.
1367 5492 1440 5549 270.
1533 5492 1564 5564 8)
1589 5493 1734 5569 Stepham
1753 5493 1807 5565 IV,

161 5601 210 5678 qai
226 5601 362 5658 Ladislao
371 5599 471 5672 fratri
492 5620 520 5656 a.
537 5599 631 5670 1162,
649 5598 713 5656 lan.
731 5599 779 5655 14.
804 5607 911 5655 mortuo
933 5599 1078 5668 mereari&
1102 5599 1142 5670 cs.
1162 5597 1340 5657 Giesebreclaet
1358 5600 1388 5669 V,
1407 5621 1441 5676 p.
1460 5599 1532 5657 319.
1625 5597 1656 5674 9)
1681 5600 1809 5657 Mariam

163 5705 343 5776 Comamam,
371 5705 467 5764 Isauri
482 5705 585 5784 filiam.
1067 5716 1070 5722 '

233 5826 333 5878 Libelli
353 5827 386 5878 de
406 5827 463 5878 lite.
495 5827 548 5876 111.
1562 5830 1594 5877 49
