4396 6390
393 374 457 436 432
690 377 870 432 GERHOHI
893 376 1126 432 PRAEPOSITI
1149 375 1557 432 REICHERSBERGENSIS
1581 376 1746 431 LIBELLI.

395 576 487 632 erant
515 566 549 629 in
573 564 687 650 etdpis,
712 586 793 649 quas
817 565 914 627 etiam
939 563 1052 650 culpas
1075 563 1285 628 vehementer
1315 561 1580 649 improperabant
1603 564 1644 644 ei,
1675 562 1775 627 nichil
1807 562 1898 626 aliud
1929 562 2046 627 dicenti

393 675 455 738 nisi
479 671 608 758 ‘phuch,
633 670 761 757 phach',
787 693 849 756 quo
874 692 953 733 sono
984 670 1017 733 in
1044 670 1157 755 lingua
1180 669 1361 734 Teutoniea
1390 668 1604 734 exsufflantur
1627 679 1659 733 et
1681 669 1898 755 repudiantur
1921 692 2046 756 queque

394 781 528 844 fetentia
544 789 576 842 et
591 777 731 864 putrida,
755 777 891 840 molesta
910 787 943 840 et
964 776 1145 841 inhonesta.
1181 775 1318 862 Ouaque
1335 776 1420 840 hunc
1437 800 1552 841 sonum
1568 776 1770 841 horrisonum
1786 775 2047 863 frequentissime

394 909 432 950 ae
457 886 636 950 diutissime
660 885 830 948 reiteraret
852 883 1037 948 nullomodo
1062 882 1210 946 indicans
1235 895 1290 946 aut
1313 882 1458 947 indicare
1482 883 1604 964 valens,
1630 905 1730 969 quare
1754 883 1789 947 id
1812 883 1949 964 faceret,
1980 885 2047 968 ipse

393 994 503 1074 frater,
529 993 584 1078 qui
608 1015 682 1055 eum
706 990 889 1072 custodivit,
914 1013 1000 1054 rtune
1025 989 1067 1053 ad
1091 1000 1190 1075 caput
1212 989 1331 1071 lectuli,
1355 1013 1440 1054 nune
1464 989 1506 1054 ad
1529 990 1630 1076 pedes
1654 989 1844 1055 trahebatur
1867 989 1911 1054 ab
1936 990 2048 1054 eodem

393 1099 519 1164 infirme
543 1121 603 1184 per
619 1096 789 1178 cucullam,
807 1119 904 1183 quam
921 1097 963 1161 ad
979 1096 1110 1161 modum
1126 1098 1209 1160 scuti
1225 1096 1322 1161 faciei
1338 1119 1415 1161 suae
1439 1095 1562 1160 studuit
1585 1095 1773 1178 obtendere,
1798 1098 1894 1182 quasi
1918 1096 2048 1160 nitendo

395 1229 429 1270 se
453 1204 495 1270 ab
519 1205 628 1291 aliquo
652 1203 796 1291 periculo
821 1203 1007 1268 defendere.
1055 1201 1199 1288 Contigit
1222 1213 1345 1288 postea,
1370 1213 1406 1267 ut
1429 1202 1471 1267 ad
1494 1226 1699 1268 communem
1727 1226 1860 1268 sensum
1892 1203 1980 1267 idem
2004 1205 2048 1266 in·

393 1313 504 1377 firmus
534 1321 752 1376 reverteretur
775 1321 807 1375 et
830 1333 850 1374 a
873 1310 1019 1397 predicto
1050 1309 1209 1374 monacho
1236 1311 1501 1395 interrogaretur,
1526 1309 1605 1396 quid
1635 1310 1749 1374 fuisset
1778 1333 1897 1397 passus
1928 1311 1962 1374 in
1986 1311 2048 1375 suis

395 1420 561 1484 nocturnis
578 1428 610 1482 ct
626 1417 838 1504 phantasticis
856 1417 1085 1482 anxietatibus.
1124 1417 1183 1481 Ille
1199 1439 1269 1481 rem
1285 1439 1344 1502 per
1359 1417 1504 1481 ordinem
1528 1419 1674 1481 narrarit
1696 1427 1794 1504 atque
1817 1419 1906 1482 inter
1922 1427 2049 1481 caetera

395 1525 563 1612 culparum
580 1548 711 1589 suarum
728 1524 789 1588 sihi
805 1524 893 1589 facta
916 1524 1129 1610 improperia:
1155 1523 1307 1606 ‘Nullum,
1323 1525 1438 1610 inquit,
1454 1534 1626 1610 peccatum
1640 1547 1748 1589 meum
1765 1526 1811 1588 sie
1833 1526 1943 1604 timeo,
1969 1525 2059 1588 sicut
2111 1577 2132 1616 ,⁰

395 1632 475 1696 illud
499 1632 586 1719 quod
602 1633 747 1696 commisi
771 1633 805 1695 ia
822 1631 977 1717 Spiritum
1001 1631 1169 1695 sanetum'.
1204 1631 1426 1714 Interrogatus
1451 1653 1527 1716 ergo
1551 1631 1738 1717 diligentius
1762 1631 1802 1696 de
1826 1643 1966 1717 peceato
1990 1631 2054 1694 hoe

395 1740 494 1804 dixit:
528 1739 703 1803 ‘Domuum
734 1735 923 1802 Gerhohum
947 1738 1289 1824 Richerispergensem
1320 1739 1531 1824 prepositum,
1558 1761 1635 1802 vere
1667 1749 1862 1821 assertorem
1893 1739 2054 1818 veritatis,

396 1857 528 1933 propter
550 1847 656 1931 ipsam
678 1846 849 1910 veritatem
874 1845 963 1908 odivi
988 1855 1019 1908 et
1041 1843 1150 1908 verbis
1175 1846 1244 1908 eius
1267 1843 1364 1908 valde
1388 1845 1501 1926 restiti,
1525 1867 1590 1909 non
1614 1845 1797 1931 decipiente
1822 1868 1874 1908 me
1899 1846 2051 1930 ignoran-

395 1954 450 2034 tia,
482 1952 539 2016 sed
570 1950 754 2016 stimulante
781 1951 944 2038 superbia,
976 1951 1101 2015 invidia
1124 1962 1156 2015 et
1179 1951 1323 2015 avaricia
1350 1973 1499 2037 nevoque
1523 1952 1782 2034 inimiciciarum,
1807 1974 1888 2039 quas
1920 1952 1955 2015 in
1979 1973 2049 2016 eum

396 2071 528 2147 propter
551 2059 612 2122 hoe
637 2060 781 2138 exercui,
806 2060 883 2145 quia
906 2081 980 2124 eum
1004 2059 1243 2123 conversationi
1274 2079 1365 2122 ureae
1389 2058 1532 2144 mihique
1557 2058 1709 2122 similium
1733 2059 1956 2123 eontrarium*
1979 2081 2090 2144 per-1⁵

396 2167 508 2231 sensi'.
555 2167 616 2230 His
643 2165 739 2229 dietis
763 2165 904 2230 eundem
931 2166 1125 2230 monachum
1148 2165 1358 2228 vehementer
1381 2163 1553 2248 adiuravit,
1577 2177 1733 2251 utquam
1757 2166 1820 2230 cito
1848 2187 1901 2229 me
1926 2164 2045 2230 videret

396 2275 430 2336 in
460 2283 579 2338 terram
609 2282 794 2358 prostratus,
811 2274 942 2336 veniam
973 2270 1036 2335 sibi
1064 2295 1083 2335 a
1110 2295 1162 2335 me
1193 2282 1327 2358 peteret.
1375 2271 1447 2356 Ego
1477 2282 1591 2358 postea
1620 2271 1674 2335 illo
1706 2272 1859 2336 defuneto
1892 2271 1936 2335 ad
1964 2270 2043 2336 idem

396 2381 626 2445 monasterium
643 2380 719 2442 veni
743 2389 775 2442 et
798 2377 851 2442 ille
874 2379 985 2461 frater,
1010 2380 1093 2443 sicut
1116 2378 1222 2442 fuerat
1240 2378 1415 2459 adiuratus,
1440 2390 1513 2443 ante
1537 2379 1639 2464 pedes
1662 2401 1752 2443 meos
1775 2380 1809 2442 in
1833 2390 1955 2443 terram
1978 2400 2044 2463 pro-

397 2497 514 2550 stratus
538 2487 669 2549 veniam
700 2484 852 2550 defuneto
883 2485 1059 2571 postulavit
1088 2507 1220 2571 remque
1251 2486 1330 2549 mihi
1360 2485 1589 2571 perordinem
1619 2486 1785 2551 indicavit.
1834 2485 1896 2551 Cui
1921 2507 1982 2570 ego
2005 2486 2044 2549 ita

396 2603 529 2680 paratus
552 2593 599 2656 fui
623 2591 702 2656 dare
726 2604 823 2678 atque
848 2615 867 2656 a
891 2591 1002 2656 divina
1033 2591 1205 2656 elementia
1235 2614 1350 2677 rogare
1375 2593 1515 2676 veniam,
1540 2605 1574 2656 ut
1601 2593 1754 2657 lacrimae
1778 2593 1819 2657 de
1844 2591 1947 2657 oeulis
1970 2593 2045 2656 meis
2060 2621 2080 2658 n

397 2722 455 2786 pro
475 2700 779 2764 commemoratione
804 2697 888 2762 illius
912 2711 1119 2784 erumpentes
1143 2721 1201 2784 pro
1226 2701 1408 2764 testimonie
1433 2699 1614 2764 indubitato
1638 2701 1717 2764 mihi
1741 2702 1814 2781 sint,
1840 2699 1929 2786 quod
1945 2699 2045 2784 culpa,

398 2829 495 2892 quam
519 2816 594 2870 autc
618 2815 753 2870 mortem
777 2807 967 2890 recognovit
991 2817 1022 2868 et
1046 2807 1138 2870 cuius
1162 2805 1395 2891 indulgentiam
1419 2828 1477 2892 per
1501 2829 1535 2870 se
1559 2829 1717 2893 suumque
1741 2808 1901 2871 vicarium
1925 2806 2046 2892 petivit,

325 2975 335 3008 r
399 2911 521 2977 abolita
544 2913 594 2976 sit.
628 2912 755 2998 ‘Neque
779 2935 857 2976 vero
881 2912 956 2976 huie
980 2911 1055 2976 fidei
1080 2935 1118 2975 ac
1143 2913 1212 2998 spei
1242 2935 1334 2977 aneae
1358 2913 1419 2976 hoe
1443 2923 1613 2998 repugnat,
1638 2912 1726 2999 quod
1748 2913 1802 2977 ille
1827 2913 1996 2977 confessus
2020 2923 2048 2975 et

287 3007 378 3083 ultor.
400 3029 597 3105 conquestus
622 3031 670 3083 est
695 3020 746 3082 'in
771 3017 927 3105 Spiritum
952 3029 1099 3083 sanetum
1123 3041 1158 3082 se
1182 3041 1349 3105 peccasse,
1374 3020 1514 3083 scienter
1537 3019 1742 3084 adversando
1766 3020 1908 3084 veritati.

960 3197 1018 3260 IN
1035 3197 1266 3260 Psatare'ar
1284 3197 1387 3260 XXX
1393 3197 1483 3261 VIII.

271 3380 379 3483 mg?
509 3393 675 3458 Concalar't
697 3417 750 3456 cor
772 3419 871 3456 aeterna
896 3391 972 3455 hine
996 3402 1109 3455 urente
1134 3415 1185 3456 me
1213 3393 1288 3477 igne
1311 3391 1377 3456 Dei
1402 3403 1434 3456 et
1457 3392 1620 3458 desiderio
1644 3394 1843 3476 caelestium,
1868 3394 1924 3458 uhi
1948 3404 2051 3458 tutum

399 3500 460 3564 erit
483 3498 655 3580 silentium,
680 3499 756 3585 quie
779 3521 873 3562 nemo
898 3497 943 3562 ibi
974 3498 1124 3584 loquetur
1146 3509 1219 3585 post
1242 3498 1426 3563 universale
1451 3499 1530 3564 illud
1555 3499 1808 3587 completorium,
1839 3501 1938 3565 finale
1963 3501 2051 3565 vide-

398 3606 475 3670 licet
504 3606 659 3670 iudicium
691 3605 921 3690 completivum
951 3616 1140 3669 cunctorum
1172 3605 1354 3671 divinorum
1379 3630 1524 3693 operum,
1556 3608 1590 3670 in
1614 3631 1677 3694 quo
1702 3607 1844 3672 dimittes
1875 3607 2053 3694 quemlibet

255 3737 380 3785 ausam
398 3739 520 3778 sererent
544 3729 639 3792 taam,
663 3713 810 3792 Domine,
833 3713 1002 3776 secundani
1027 3715 1151 3777 cendant
1176 3728 1259 3777 terrra
1285 3717 1319 3778 in
1336 3739 1429 3800 paee,
1453 3737 1491 3778 ae
1517 3714 1644 3778 silentio
1670 3715 1869 3800 quietissimo
1895 3714 1984 3779 nulla
2008 3714 2053 3778 ibi
2070 3741 2093 3778 aa

260 3843 380 3892 roasa
400 3821 558 3883 existente
582 3819 768 3882 necessaria
792 3817 933 3882 docendi
955 3818 1007 3881 vel
1032 3819 1179 3883 discendi
1203 3821 1427 3905 occupatione,
1452 3821 1529 3906 quia
1549 3831 1643 3885 erunt
1666 3843 1776 3885 omnes
1800 3820 1960 3885 docibiles
1977 3821 2051 3902 Dei,

264 3933 382 4026 bnfiggffi
399 3925 529 4012 quando
545 3924 703 3990 videbunt
718 3947 830 3989 omnes
854 3925 949 3988 electi
968 3925 1108 3989 salutare
1125 3935 1226 4007 tuum,
1251 3926 1338 4012 quod
1353 3928 1476 4013 parasti
1499 3937 1575 3992 tunc
1601 3926 1823 3992 exhibendum
1846 3944 1917 3994 nate
1925 3931 2053 4017 faciem

399 4036 537 4098 omreianr
558 4035 747 4119 pepulerant
766 4034 868 4097 lame-n
884 4032 949 4096 edb
966 4031 1226 4120 [revelationem]
1240 4036 1388 4120 gentiam,
1413 4049 1441 4099 et
1452 4036 1590 4122 gloriata
1610 4036 1714 4120 plebis
1730 4050 1799 4099 tuae
1816 4035 1928 4101 Israel.
1967 4034 2054 4114 Quia

400 4161 477 4225 ergo
499 4138 644 4203 nondum
668 4149 717 4202 est
738 4138 817 4202 mihi
844 4138 924 4202 hera
948 4138 999 4202 vel
1023 4139 1110 4203 vitae
1134 4139 1188 4202 vel
1211 4138 1312 4203 seculi
1336 4149 1491 4222 extrema,
1523 4141 1556 4204 in
1580 4163 1644 4227 qua
1669 4141 1809 4205 dimittes
1840 4165 1892 4206 me
1921 4165 2052 4206 servum

399 4255 490 4309 tunm
513 4247 547 4308 in
563 4267 654 4330 paee,
672 4256 708 4309 ut
724 4267 835 4330 spero:
859 4268 945 4309 nunc
961 4246 1091 4309 interim
1107 4249 1265 4311 concalait
1279 4271 1332 4310 cor
1348 4273 1458 4329 recreat,
1483 4247 1560 4311 dum
1583 4270 1690 4334 neque
1714 4248 1802 4334 loqui
1825 4271 1932 4334 neque
1957 4248 2052 4312 silere
2071 4273 2094 4314 n

399 4353 530 4416 invenio
554 4352 633 4416 mihi
656 4363 770 4417 tutum.
817 4353 894 4416 Fuit
916 4351 1101 4438 aliquando,
1125 4363 1161 4416 ut
1184 4375 1242 4439 pro
1262 4375 1335 4416 mea
1351 4353 1448 4439 paulo
1472 4354 1610 4441 amplius
1633 4377 1773 4441 persona
1789 4357 1961 4420 veritatem
1979 4378 2052 4420 con·

223 4483 381 4532 uersatam.
400 4457 521 4522 fitendo
546 4458 675 4544 loquar3
700 4458 770 4540 fuit,
794 4460 937 4544 inquam,
961 4460 1098 4544 ignitum
1115 4458 1278 4545 cloquium
1301 4483 1409 4523 meum
1425 4460 1651 4525 vehementer:
1677 4462 1906 4548 sedquoniam
1929 4461 2053 4526 habun-

401 4563 492 4628 davit
514 4566 668 4650 iniquitas
691 4565 923 4650 refrigescente
948 4565 1082 4629 caritate
1106 4564 1287 4646 multorum,
1312 4566 1487 4651 frigescere
1508 4591 1636 4654 quoque
1659 4569 1724 4632 iarn
1749 4570 1836 4655 cepit
1858 4591 1932 4633 mea
1957 4569 2053 4656 culpa

401 4670 564 4756 eloquium
593 4693 716 4753 meum,
746 4672 792 4735 ita
820 4681 857 4735 ut
886 4671 1079 4757 premortuis
1109 4693 1193 4757 pene
1224 4674 1348 4736 eunetis
1378 4671 1533 4738 membris
1563 4675 1644 4739 meis
1673 4676 1731 4738 vix
1762 4676 1850 4740 calor
1880 4676 1990 4740 vitalis
2020 4677 2053 4740 in

273 4804 381 4854 rasse.
401 4787 532 4863 pectore
562 4800 635 4842 mco
667 4779 707 4841 sit
736 4777 878 4842 relictus.
926 4778 998 4857 Quo
1029 4789 1138 4842 tamen
1169 4777 1275 4842 adhuc
1306 4779 1510 4864 aliquatenus
1534 4783 1666 4866 vigente
1696 4785 1854 4848 concaluit
1875 4809 1929 4848 cor
1951 4809 2053 4848 meran
2070 4805 2094 4844 a

402 4888 487 4960 intra
517 4909 563 4950 rae
594 4900 622 4950 et
650 4889 684 4950 in
714 4886 913 4949 meditatione
942 4910 1010 4949 rnea
1041 4885 1219 4950 exardescet
1248 4889 1342 4972 ignis,
1370 4888 1417 4949 uti
1448 4887 1527 4950 mihi
1557 4888 1618 4952 hee
1647 4887 1803 4952 scribenti
1833 4890 2052 4954 testimonium

401 4989 574 5077 perhibent
596 4991 721 5055 litterae
746 4991 832 5055 sedis
856 4991 1054 5077 apostalicae
1079 4990 1121 5054 ad
1144 5014 1195 5055 me
1221 4990 1374 5074 directae,
1400 5016 1536 5078 quarum
1559 5005 1668 5059 textus
1691 4995 1738 5059 ita
1761 5017 1795 5058 se
1819 4993 1955 5060 hebetl:

507 5099 671 5186 Ergenias
694 5101 867 5185 episcop-as,
890 5123 998 5162 serens
1021 5123 1181 5162 servarein
1197 5099 1271 5180 Dei,
1296 5100 1407 5164 dilecte
1424 5102 1500 5187 filio
1519 5101 1663 5166 Gerbodo
1678 5103 1963 5189 Riclrersperpensi
1977 5127 2052 5190 pre-

397 5209 503 5292 posito
529 5208 658 5271 salntem
683 5221 712 5270 et
733 5207 937 5292 apostolicare
961 5207 1211 5270 benedictionem.
1260 5205 1388 5293 Scripta
1419 5207 1592 5272 desectionis
1621 5223 1691 5273 taae
1722 5211 1849 5297 benigne
1879 5213 2054 5296 recepimus

318 5337 383 5378 ue.
403 5327 431 5376 et
450 5314 609 5402 feruorem
634 5328 703 5376 tuae
727 5315 893 5400 religionis
917 5315 975 5377 'ee
996 5337 1101 5376 eoram
1126 5315 1314 5399 inspectione
1337 5316 1506 5402 nrant'feste
1529 5318 1736 5402 cognovimns.
1784 5315 1950 5381 Concalait
1972 5320 2053 5382 eninr
2072 5339 2096 5378 rs

403 5444 456 5483 eor
490 5434 574 5484 taam
610 5423 694 5484 t'ntre
725 5434 751 5483 te
782 5434 810 5484 et
838 5422 873 5483 in
907 5420 1107 5484 meditatione
1138 5433 1190 5484 tna
1227 5420 1403 5485 exardescit
1437 5423 1529 5508 agnis
1578 5421 1714 5508 lerinam
1746 5447 1866 5508 qaoque
1896 5423 2054 5509 eloquium

403 5541 487 5590 taam
510 5528 707 5590 cohaerenter.
745 5525 848 5612 Srqrer
871 5526 927 5589 doe
950 5528 1065 5611 itaque,
1089 5526 1175 5612 qaod
1196 5540 1303 5590 contra
1312 5529 1472 5612 pessimas
1494 5530 1655 5608 novitates,
1679 5531 1901 5594 commeeiones
1924 5555 2054 5617 qaoque,

511 5687 536 5750 a)
558 5690 586 5739 in
604 5707 683 5755 marg.
702 5707 722 5740 c.
795 5687 824 5752 b)
846 5707 870 5740 a.
889 5705 916 5755 g.
936 5695 963 5740 et
981 5706 1007 5756 g.
1027 5707 1053 5755 p.
1072 5690 1167 5740 abbrev.
1186 5708 1206 5741 e.

514 5831 543 5908 1)
566 5833 652 5908 Jeffe'
671 5855 716 5892 nr.
734 5833 838 5904 8922,·
862 5836 902 5907 cf.
926 5855 1017 5910 supra
1034 5857 1067 5912 p.
1087 5835 1160 5892 396.
