4478 6442
1098 1681 1535 1812 HUNALDI
1572 1621 1576 1628 ’

558 1941 950 2075 assuas
996 1942 1122 2074 os
1165 1941 1485 2074 suaso
1528 1941 1649 2074 ET
1695 1942 2070 2075 sucoso,

1236 2257 1398 2321 EDIDIT

1094 2455 1157 2550 H.
1194 2453 1533 2550 BOEHMER.

605 2755 686 2834 Hoc
716 2793 837 2854 quoquc
867 2793 1003 2847 carasca,
1034 2768 1121 2854 quod
1149 2771 1213 2832 rara
1244 2795 1273 2832 c.
1295 2770 1388 2833 1839.
1421 2771 1673 2833 commemoravit
1702 2769 1739 2833 F.
1766 2769 1870 2849 Maus,
1894 2767 2061 2856 ‘Ausciper
2076 2771 2163 2856 fitrs

488 2876 606 2940 Iiuode
622 2876 679 2940 der
696 2875 863 2939 Teutsclseo
883 2875 1018 2940 Vorzcit'
1043 2874 1136 2954 VIII,
1154 2899 1191 2960 p.
1209 2876 1284 2954 597,
1308 2878 1499 2940 serraturis
1517 2877 1678 2940 codicibus
1692 2878 1820 2961 saepius
1837 2875 1980 2940 Iassdats's
1996 2876 2136 2940 Bmsaell.

491 2984 613 3063 10672,
641 2983 676 3068 f.
701 2979 855 3061 tls-b,
887 2981 968 3046 uode
998 3008 1019 3046 a
1045 2981 1084 3046 G.
1111 2982 1152 3044 H.
1177 2981 1267 3046 Pertz
1296 2985 1485 3068 asscriptum
1516 2997 1573 3062 est,
1605 2997 1633 3046 et
1662 2984 1759 3063 9799,
1787 2984 1822 3069 f.
1851 2980 2136 3045 122‘b-12311.

488 3091 607 3152 Auctor
638 3089 675 3153 de
705 3113 737 3152 se
761 3091 830 3174 ipso
861 3088 946 3152 nillil
970 3101 1097 3173 praeter
1127 3111 1236 3152 aomea
1266 3089 1369 3152 edicit.
1418 3087 1484 3152 Sed
1512 3114 1579 3152 cum
1611 3089 1709 3152 codsa
1738 3092 1772 3152 ia
1796 3088 1935 3152 dioecesi
1960 3088 2141 3154 Treoirensi

487 3196 648 3283 confectus
678 3219 742 3260 esse
776 3195 933 3275 videatur,
963 3209 991 3259 et
1020 3197 1054 3259 ia
1086 3197 1297 3259 anterioribus
1324 3196 1422 3282 foliis
1453 3195 1683 3260 altercationem
1717 3195 1862 3279 Hupoms
1894 3195 2021 3260 Metelli
2052 3195 2139 3258 modo

487 3303 606 3366 editam
636 3302 787 3382 exhibeat,
817 3304 932 3381 nescio,
960 3327 1001 3364 aa
1031 3301 1114 3366 idem
1138 3300 1310 3366 Hrmaldus
1333 3304 1383 3380 sit,
1414 3304 1473 3386 qai
1493 3328 1522 3366 a.
1543 3303 1637 3364 1118.
1663 3301 1724 3366 Iul.
1746 3303 1794 3364 16.
1826 3301 1986 3366 Tulleasis
2010 3304 2140 3365 maioris
2157 3327 2177 3363 ιο

487 3409 636 3473 ccclesiae
671 3410 852 3494 mapisterio
875 3409 1012 3496 functus
1046 3409 1171 3472 chartac
1205 3409 1332 3472 cuidam
1363 3407 1528 3473 Btctaim·
1555 3410 1698 3494 episcopi
1731 3407 1889 3472 Tulleasis
1922 3409 2112 3495 subscripsit
2120 3414 2140 3482 ²,

488 3542 517 3580 a.
539 3516 633 3578 1119.
659 3540 726 3578 cura
746 3514 880 3579 Gaberto
904 3529 1028 3579 cantore
1051 3513 1197 3578 Pistasos
1220 3515 1266 3578 ad
1290 3515 1449 3579 Caliattum
1473 3513 1518 3576 II.
1537 3539 1663 3601 papam
1680 3515 1847 3603 profectus
1870 3529 1914 3579 est
1937 3528 1967 3578 ct
1989 3515 2072 3601 day.
2091 3516 2138 3577 27.

488 3622 615 3685 chartas
638 3620 792 3706 quosdam
809 3645 875 3707 pro
899 3622 1029 3685 ecclesia
1051 3620 1196 3684 Tulleusi
1216 3636 1245 3684 et
1265 3624 1454 3686 monasterio
1477 3647 1501 3685 s.
1519 3621 1609 3707 Apri
1629 3623 1841 3707 impetraciffl,
1865 3620 2052 3685 HeariciI.
2079 3624 2141 3706 epi·

487 3729 580 3813 scopi
606 3727 763 3792 Tulleusis
783 3742 969 3814 praeceptor
984 3729 1106 3814 faisse,
1135 3741 1163 3792 et
1192 3730 1226 3792 ia
1250 3728 1357 3792 eadem
1381 3729 1511 3792 ecclesio
1535 3728 1827 3792 archidiaconatum
1850 3729 2039 3792 sustinuisse
2064 3728 2141 3792 dioi-

489 3848 540 3898 tur
548 3837 569 3896 ⁴.
609 3834 695 3911 Quae
717 3836 750 3899 si
770 3849 849 3898 recte
872 3837 1070 3914 coniecissem,
1094 3836 1279 3898 carissimus
1302 3835 1357 3899 ille
1376 3833 1522 3899 domiuus
1545 3837 1585 3916 (o.
1603 3835 1856 3918 conclusionem),
1880 3836 1935 3898 cui
1956 3834 2013 3899 hos
2038 3859 2143 3898 uersus
2160 3856 2182 3896 ss

489 3940 619 4020 dicauit,
643 3941 791 4028 forsitan
814 3940 999 4006 Richwiaus
1029 3944 1194 4026 episcopas
1216 3941 1299 4029 fuit,
1330 3943 1390 4026 qui
1410 3966 1479 4004 cum
1502 3943 1535 4006 ci
1555 3955 1617 4004 mm
1638 3943 1754 4028 provio
1784 3942 1907 4027 nepotis
1930 3943 2143 4018 coramitteret,

488 4047 702 4132 familiariter
725 4072 759 4112 eo
784 4072 857 4110 ussa
880 4071 944 4112 esse
968 4047 1101 4112 videtur.
1148 4047 1229 4112 Ante
1252 4048 1452 4112 concordiam
1476 4047 1729 4112 Wormatieasem
1753 4048 1809 4110 hoc
1832 4071 1958 4111 carme-a
1983 4047 2141 4112 conditum

488 4176 553 4217 esse
574 4155 654 4216 sotis
677 4167 803 4233 consuat,
835 4153 909 4217 iude
939 4167 1051 4232 aretem,
1082 4153 1169 4238 quod
1182 4167 1279 4239 poeta
1307 4168 1389 4218 tuoto
1416 4152 1520 4218 studio
1541 4177 1651 4240 pacem
1675 4155 1746 4239 cepi
1766 4167 1794 4217 et
1810 4177 1919 4239 papae
1944 4154 2144 4240 tietgaudus

487 4259 599 4323 suadet
622 4273 649 4322 ct
672 4273 754 4323 tauto
779 4261 904 4346 imperiii
928 4262 1072 4324 acssmiae
1103 4259 1141 4324 de
1166 4262 1234 4324 iure
1260 4263 1344 4347 repis
1368 4275 1395 4324 ct
1417 4261 1565 4324 ecelesias
1589 4259 1726 4339 disserit,
1750 4283 1819 4324 eum
1839 4261 1953 4346 paullo
1977 4275 2050 4324 onte
2074 4285 2143 4324 con-

488 4365 631 4429 cordiam
662 4366 784 4430 taasdia
814 4366 1026 4430 desideratam
1045 4391 1184 4452 peaaam
1211 4369 1388 4453 arripuisse
1412 4369 1542 4430 conicio.
1590 4366 1738 4431 Fortasse
1768 4366 1873 4430 eodem
1903 4380 2053 4452 tempore,
2085 4392 2144 4452 quo
2162 4391 2186 4428 so

489 4472 644 4552 Metellus,
674 4486 809 4558 tempore
840 4473 973 4537 coucilii
992 4472 1166 4554 Romanus,
1191 4499 1206 4537 e
1232 4473 1344 4538 Gallia
1374 4497 1517 4537 resersus
1546 4487 1601 4536 aut
1629 4473 1800 4552 rediturus,
1828 4472 2008 4537 dilucidam
2034 4488 2064 4537 et
2086 4475 2144 4537 ele-

485 4602 566 4664 qoos
590 4578 645 4642 lzoc
669 4579 851 4665 opusculum
877 4583 1057 4666 composuit.
1096 4581 1134 4644 G.
1154 4579 1194 4642 Η.
1212 4578 1302 4642 Pertz
1318 4580 1412 4667 falso
1436 4581 1469 4643 ei
1488 4581 1620 4643 satiram
1645 4576 1736 4642 Gens
1759 4579 1978 4642 Romanorum
2004 4577 2145 4643 subdola

487 4687 666 4770 assipaasse
689 4688 755 4750 iam
778 4710 877 4772 supra
901 4686 1003 4750 dici5.
1052 4684 1131 4750 Alia
1158 4688 1251 4765 cosin,
1281 4688 1314 4749 si
1341 4710 1420 4771 quae
1442 4687 1582 4771 scripsit,
1606 4699 1660 4749 aut
1678 4688 1844 4770 perierunt
1864 4699 1920 4750 out
1942 4687 2039 4750 etiam
2064 4711 2145 4749 nuuc

488 4791 593 4871 lateat,
624 4793 692 4855 uisi
705 4793 796 4878 forte
827 4792 952 4856 chartac
983 4793 1130 4856 ecclcsiae
1150 4791 1308 4856 Tulleusis
1338 4806 1409 4856 tuae
1439 4791 1530 4856 datae
1553 4793 1586 4855 ei
1606 4791 1790 4856 trs'lueadoe
1818 4806 1900 4870 sunt,
1929 4793 2089 4874 simodo,
2115 4807 2147 4855 ut

487 4899 586 4961 moris
609 4911 688 4976 erat,
711 4898 903 4963 cancellarii
923 4913 951 4963 et
972 4899 1155 4962 scholastici
1176 4900 1298 4986 officiis
1320 4899 1417 4962 simol
1432 4899 1638 4985 fungebatur.
2161 4921 2185 4961 ss

620 5038 818 5103 Beroliui
845 5065 875 5102 a.
897 5040 991 5103 1897.
1017 5064 1117 5104 meuse
1141 5038 1210 5103 Iao.
1721 5039 1764 5102 H.
1791 5037 2034 5103 BOEHMER.

599 5293 628 5363 1)
655 5293 752 5369 Supra
773 5313 803 5369 p.
823 5293 1073 5350 622.705.712.
1167 5293 1197 5363 2)
1223 5292 1323 5352 Gallia
1346 5295 1502 5352 christiana
1519 5295 1605 5365 XIII,
1630 5296 1710 5352 instr.
1729 5297 1779 5352 cat.
1797 5294 1860 5351 484
1873 5296 1911 5352 B.
2005 5297 2037 5366 3)
2062 5297 2149 5370 Jaffi

489 5420 534 5457 ar.
553 5399 649 5456 6730.
668 5400 763 5456 6731.
878 5399 909 5470 4)
935 5400 1034 5458 Gauio
1058 5401 1117 5458 cler.
1143 5401 1229 5471 XIII,
1254 5403 1304 5458 col.
1322 5400 1383 5457 997
1401 5401 1438 5456 Ε.
1485 5401 1569 5459 Anno
1588 5401 1682 5458 1131.
1706 5401 1762 5458 iam
1786 5410 1911 5459 mortuus
1933 5421 1993 5460 esse
2024 5403 2143 5461 videam.

489 5507 587 5582 Neque
616 5506 687 5562 cuim
717 5506 747 5563 ia
777 5507 878 5563 charta
902 5506 1023 5563 Hearici
1045 5507 1068 5562 I.
1100 5515 1165 5564 asae
1194 5509 1263 5564 data
1293 5501 1325 5582 (l.
1343 5509 1362 5564 l.
1386 5508 1467 5564 instr.
1493 5509 1543 5564 cot.
1562 5502 1648 5583 494),
1680 5508 1732 5578 cui,
1762 5508 1788 5565 si
1816 5507 1939 5578 vixisset,
1970 5509 2033 5566 sinc
2063 5510 2145 5566 dstbio

489 5612 669 5670 testimonium
691 5612 884 5688 perhibuisset,
910 5613 967 5671 eius
990 5632 1088 5670 namon
1112 5613 1235 5670 occssrrit
1257 5634 1346 5690 sieque
1368 5633 1491 5689 summm
1509 5621 1610 5689 postea
1638 5613 1667 5670 in
1691 5613 1797 5670 chortis
1820 5613 1992 5672 Iulluwibus
2016 5615 2143 5672 habeam.
2161 5632 2186 5671 so

489 5719 521 5786 5)
547 5718 644 5795 Supra
662 5739 695 5794 p.
715 5718 787 5774 705.
