4544 6420
513 369 686 426 assum
711 368 909 425 SAGIENSlS
934 368 1222 424 ,sncfflnlxconl
1246 368 1469 424 lxvsexlvx.
1775 362 1816 424 93

161 557 234 641 ipse
257 578 321 620 non
347 555 452 620 solum
476 557 644 620 materiam
666 559 783 636 carnis,
809 557 867 621 sed
884 559 980 620 etiam
998 555 1156 642 quasdam
1172 555 1331 641 primitias
1355 555 1491 639 ingeniti
1509 555 1672 618 contraxit
1688 557 1817 618 erroris.

161 661 239 748 Ipse
263 665 350 726 enim
376 662 542 726 sufficiens
566 675 670 726 estet
695 664 826 748 copiosa
850 664 995 743 materia,
1027 684 1133 748 neque
1165 663 1340 748 quicquam
1371 661 1480 725 domui
1505 662 1574 724 eius
1597 662 1668 746 ipso
1692 663 1818 747 turpius

162 769 217 832 vel
236 791 308 833 esse
325 769 379 833 vel
402 769 503 834 fuisse
528 771 685 834 coniecto.
722 767 823 834 Cuius
848 793 938 850 avus,
964 793 1037 834 cum
1061 765 1333 832 inestimabilem·
1358 769 1530 853 pecuniam
1554 767 1724 853 multiplici
1749 791 1817 832 cor-

165 887 311 962 rogasset
341 899 440 940 usura
451 881 472 959 ¹,
508 887 692 962 susceptam
723 877 1004 940 circumcisionem
1035 875 1238 962 baptismatis
1274 873 1362 939 unda
1393 875 1583 960 dampnavit
1593 880 1614 937 ².
1668 873 1818 939 Pudebat

128 1005 237 1046 scum
261 984 474 1069 impotentiae
499 1006 577 1048 suae
601 984 707 1068 potius
732 1005 829 1068 quam
853 984 982 1062 erroris,
1011 1005 1051 1046 ne
1076 1005 1178 1068 genus
1203 984 1272 1046 eius
1296 980 1496 1045 infidelitatis
1521 979 1718 1066 opprobriob
1743 1004 1817 1046 con-

163 1089 272 1154 fusum
295 1101 455 1176 perpetua
474 1089 668 1176 dampnaret
683 1089 875 1154 obscuritas.
923 1089 1091 1174 Susceptis
1115 1091 1225 1175 itaque
1249 1088 1326 1152 fidei
1350 1089 1574 1169 sacramentis,
1598 1087 1693 1152 urbie
1714 1111 1817 1152 novus

165 1197 246 1260 civis
270 1197 386 1260 insitus
410 1208 460 1260 est
482 1197 587 1260 factus
612 1195 768 1282 dignitate
785 1196 960 1260 Romanus.
997 1195 1144 1282 Cumque
1168 1197 1231 1282 ipsi
1255 1217 1461 1260 numerosam
1481 1196 1693 1280 progeniem³
1717 1197 1816 1259 series

165 1305 381 1367 successionis
406 1303 545 1383 afferret,
570 1304 645 1368 (lerna
664 1309 772 1390 ‘perros
795 1319 823 1367 et
838 1307 984 1390 formam
1009 1306 1118 1390 rapina
1138 1306 1276 1389 pecrrrtfo
1301 1303 1428 1382 dormffl,
1452 1300 1584 1365 alternis
1604 1304 1817 1366 matrimoniis
1836 1320 1865 1358 ··
1914 1347 1920 1358 ·

164 1433 276 1475 omncs
308 1409 371 1474 sibi
399 1409 524 1474 nobiles
556 1411 696 1474 civitatis
725 1411 851 1488 ascivit,
883 1409 1088 1473 machinante
1119 1410 1184 1472 iam
1215 1408 1347 1472 humani
1378 1410 1507 1494 generis
1531 1408 1634 1489 hoste,
1664 1420 1700 1472 ut
1724 1410 1817 1495 quasi

114 1539 143 1576 ιο
164 1516 306 1602 quodam
330 1519 433 1581 veteri
458 1517 617 1580 fermento
641 1527 709 1580 tota
730 1516 897 1580 Romanae
929 1516 1124 1580 sinceritatis
1149 1516 1337 1601 conspersio
1362 1527 1631 1600 corrumperetur.
1678 1515 1732 1579 Ex
1756 1515 1817 1580 hae

163 1625 275 1710 itaque
292 1623 493 1688 diversorum
510 1615 665 1709 generum
681 1625 834 1705 mixtura,
852 1621 1001 1702 Girarde,
1025 1623 1142 1688 Petrus
1166 1623 1226 1686 iste
1250 1633 1323 1686 tuus
1348 1633 1480 1686 exortus
1504 1633 1563 1702 est,
1588 1623 1644 1708 qui
1660 1635 1692 1686 et
1708 1623 1816 1686 Iudai-

163 1753 238 1794 cam
261 1731 344 1795 facie
369 1741 571 1817 representet
594 1731 770 1815 imaginem
795 1742 826 1793 et
849 1728 1019 1816 perfidiam
1043 1741 1119 1792 voto
1143 1729 1265 1792 referat
1288 1741 1320 1792 et
1344 1728 1495 1792 affected.

271 1838 372 1901 Porro
396 1839 502 1923 ipsum
525 1859 545 1900 a
569 1835 749 1918 cunabulis,
781 1836 822 1900 ab
852 1837 953 1922 ipsius
977 1837 1111 1900 nutricis
1136 1834 1291 1900 uberibus
1321 1834 1515 1921 apostolatui
1539 1859 1678 1922 presaga
1701 1835 1815 1922 paren-

163 1957 232 2009 tum
261 1945 436 2008 destinavit
463 1943 619 2008 ambitio⁵
649 1955 747 2030 atque
778 1955 851 2030 post
880 1944 986 2029 prima
1015 1942 1195 2006 litterarum
1225 1942 1409 2006 rudimenta
1440 1941 1621 2006 docendum
1652 1941 1817 2028 delegavit

117 2053 198 2114 min
223 2050 374 2128 Galliam,
403 2063 438 2115 ut
469 2051 553 2115 illius
578 2052 670 2136 regni
700 2049 961 2115 benevolentiam
992 2051 1054 2135 ipsi
1085 2073 1209 2113 morum
1239 2048 1435 2135 linguaeque
1467 2049 1679 2113 confonnatio
1703 2049 1815 2114 vendi·

164 2163 287 2222 caretf.
334 2158 426 2222 Totis
457 2159 555 2243 igitur
584 2159 677 2221 annis
707 2159 867 2244 pueritiae
898 2179 986 2238 suae,
1017 2169 1053 2219 nt
1079 2155 1246 2220 honestius
1269 2155 1440 2220 inhonesta
1463 2155 1623 2239 dicantur,
1655 2156 1697 2220 ad
1721 2179 1815 2220 onrne

164 2289 210 2338 se,
236 2264 323 2351 quod
339 2265 432 2328 alteri
448 2263 657 2346 collibuisset,
675 2265 836 2350 exposuit,
853 2275 1006 2349 metuque
1023 2263 1161 2328 Romani
1176 2263 1316 2327 nominis
1332 2264 1534 2348 importunus
1552 2275 1686 2326 exactor
1701 2262 1815 2326 alienis

163 2371 352 2436 adolescere
376 2395 441 2436 non
464 2373 584 2458 refugit
607 2373 770 2457 expensis.
817 2371 861 2434 Et
890 2381 999 2434 tamen
1023 2370 1104 2434 baec
1129 2369 1364 2456 aliquantulum
1387 2369 1565 2450 modestius
1590 2381 1707 2433 exacta
1731 2381 1814 2452 sunt,

164 2479 242 2544 dum
266 2478 561 2566 ipsum-disciplina
585 2478 718 2543 scolaris
743 2477 867 2542 inhibet
891 2490 923 2542 et
946 2477 1131 2541 cotidianae
1148 2475 1298 2563 prepedit
1320 2478 1476 2562 instantia
1498 2475 1657 2558 lectionis,
1682 2487 1714 2540 ct
1738 2499 1814 2563 que-

117 2607 145 2646 ro
165 2585 241 2650 darn
271 2587 408 2650 crimina
438 2584 594 2649 naturalis
625 2586 815 2670 impotentia
844 2595 990 2648 removet
1020 2583 1062 2648 ab
1087 2595 1182 2648 etate.
1230 2583 1274 2646 At
1296 2606 1375 2647 vcro
1399 2594 1571 2670 postquam
1597 2582 1816 2647 adolescentia

165 2705 197 2756 et
220 2693 380 2778 peccandi
407 2691 594 2757 facultatem
619 2703 651 2756 et
674 2691 838 2755 licentiam
869 2692 947 2754 fecit
977 2690 1110 2754 liberius
1141 2689 1314 2776 evagandi,
1346 2691 1374 2766 si
1404 2713 1468 2776 qua
1499 2687 1662 2775 superbia,
1694 2691 1721 2752 si
1752 2713 1817 2777 qua

165 2799 344 2885 petulantia
367 2810 426 2882 est,
451 2811 519 2863 tum
535 2821 612 2862 vere
637 2800 707 2884 ipse
732 2797 892 2884 superbus
917 2811 948 2862 et
971 2796 1121 2883 petulans
1140 2797 1241 2861 ‘omni
1265 2797 1535 2882 intemperantiae
1560 2819 1631 2860 sese
1656 2798 1734 2860 satis
1759 2798 1816 2860 im·
1836 2815 1864 2855 ⁶.
1912 2819 1926 2854 ¹.

166 2907 325 2991 pudenter
355 2906 490 2971 addixit.
548 2906 699 2970 Profecto
731 2928 804 2969 cum
838 2906 870 2968 in
900 2904 951 2968 his
983 2903 1135 2990 operibus
1166 2927 1227 2968 nec
1257 2904 1365 2968 Deum
1397 2903 1550 2989 dignatur
1580 2905 1724 2967 revereri
1755 2926 1815 2968 nec

165 3014 338 3094 hominem,
362 3025 485 3077 tantam
510 3011 571 3076 sibi
596 3014 765 3076 suscitavit
787 3012 965 3094 infamiam,
989 3023 1033 3094 ut,
1059 3013 1128 3076 eins
1153 3023 1234 3092 ortu,
1258 3009 1435 3075 ambitione
1450 3012 1583 3096 vitaque
1607 3011 1815 3096 precognitis,

120 3142 147 3180 aa
165 3122 272 3206 ipsum
302 3143 372 3184 esse
404 3118 628 3184 antichristum
658 3120 853 3183 universitas
884 3120 1030 3204 gentium
1060 3119 1183 3204 passim
1214 3117 1362 3182 crederet
1393 3128 1425 3182 θῖ
1454 3117 1584 3204 publice
1612 3129 1785 3182 testaretur
1796 3122 1815 3182 ⁷.

165 3225 318 3312 Augebat
347 3226 455 3308 fidem,
488 3225 575 3313 quod
606 3249 648 3290 cx
671 3225 781 3290 Iudeis
813 3235 910 3306 ortua,
942 3225 1029 3312 quod
1060 3227 1157 3290 totius
1188 3225 1301 3290 mundi
1329 3224 1507 3289 dominium
1530 3225 1696 3288 Romanae
1728 3223 1815 3288 sedis

167 3333 396 3421 auspicabatur
419 3332 564 3414 obtentu,
588 3332 677 3419 quod
700 3334 789 3396 vitiis
812 3331 941 3396 deditus
964 3333 1132 3396 infamiam
1156 3331 1244 3396 nulla
1261 3333 1379 3396 virtute
1403 3331 1579 3394 redimeret
1602 3343 1634 3394 ct
1657 3331 1745 3417 quod
1768 3333 1814 3395 in-

166 3441 288 3505 finitam
319 3443 418 3527 patris
450 3453 482 3504 et
512 3440 565 3503 avi
596 3441 769 3526 pecuniam
801 3439 956 3525 deinceps
987 3462 1195 3526 possessurus
1220 3449 1315 3502 esset.
1363 3438 1437 3524 Ipse
1469 3449 1577 3501 autem
1608 3437 1689 3501 adeo
1720 3438 1816 3501 huius

166 3549 304 3612 nominis
328 3547 528 3633 gloriabatur
552 3546 736 3633 opprobrio,
761 3559 795 3610 ut
818 3548 917 3610 etiam
939 3548 1034 3610 ruina
1058 3545 1167 3611 orbise
1191 3568 1255 3609 non
1272 3543 1480 3608 erubesceret
1504 3543 1672 3630 appellari.
1708 3543 1815 3607 Testis

124 3676 149 3714 ro
168 3669 216 3718 est
238 3655 470 3718 Vizeliacensis
502 3653 655 3734 ecclesia,
688 3653 775 3739 apud
807 3675 919 3739 quam,
951 3653 1026 3717 dum
1051 3665 1178 3716 veteres
1210 3652 1252 3716 ad
1282 3650 1518 3734 innovandum,
1549 3651 1620 3736 ipso
1652 3649 1814 3728 audiente,

168 3761 331 3826 diruerent
353 3761 502 3825 officinas
512 3766 533 3842 ⁸,
563 3760 606 3824 ad
629 3759 895 3846 contemplandas
918 3760 1079 3845 parietum
1103 3760 1213 3822 ruinas
1237 3781 1308 3822 sese
1333 3757 1408 3822 (luci
1432 3758 1625 3844 propensius
1650 3754 1814 3841 exigebat.

167 3869 475 3955 Percunctatusque,
500 3891 558 3932 cur
574 3866 607 3932 id
622 3867 736 3931 videre
760 3881 826 3930 tam
843 3865 974 3930 sedulus
998 3877 1164 3930 exoraret:
1190 3864 1363 3946 ‘Quoniam
1387 3887 1577 3950 magnarum
1602 3863 1675 3945 mc’,
1700 3864 1814 3949 inquit,

169 3981 283 4039 ‘renam
306 3976 400 4039 ruina
423 3973 573 4057 delectat,
598 3996 636 4038 eo
662 3973 749 4060 quod
774 3972 860 4038 orbis
885 3974 979 4036 ruina
1001 3973 1128 4036 futurus
1153 3995 1225 4036 esse
1248 3971 1422 4058 predicar’.
1459 3971 1539 4062 ¹Post
1562 3969 1643 4034 haec
1667 3968 1813 4034 habitum

271 4173 297 4230 al
320 4177 440 4226 inextim.
459 4193 479 4224 c.
552 4171 580 4236 b)
603 4175 729 4240 obprobr.
748 4173 788 4223 hie
806 4183 828 4224 et
843 4174 939 4238 praesim
957 4191 977 4223 c.
1051 4175 1077 4232 c)
1100 4175 1147 4224 ubi
1167 4169 1200 4222 D.
1275 4174 1302 4232 d)
1325 4174 1424 4223 effectu
1443 4191 1463 4221 e.
1537 4171 1563 4234 e)
1585 4171 1659 4222 ordis
1679 4171 1713 4221 D.

124 4351 149 4390 at
275 4339 303 4408 1)
327 4339 531 4414 Nequissimum
549 4339 764 4409 foeneratorem
790 4337 869 4392 Petri
886 4347 1001 4412 patrem
1026 4335 1096 4394 Ord.
1116 4337 1224 4404 Visalta,
1250 4337 1323 4392 Has.
1350 4338 1414 4392 eccl.
1440 4335 1495 4393 88.
1516 4335 1584 4405 XX,
1603 4335 1654 4404 73,
1679 4335 1815 4392 rsontinat.

169 4446 198 4516 2)
224 4445 272 4518 Cf.
299 4443 366 4503 Cor.
393 4446 493 4502 Μαῖιν.
519 4445 573 4503 88.
599 4445 713 4512 XXVI,
746 4445 803 4498 39:
836 4446 903 4499 Fuit
932 4445 979 4500 hio
1010 4445 1113 4500 Petrus
1144 4445 1221 4500 Petri
1252 4443 1336 4509 filius,
1368 4444 1418 4498 filii
1449 4445 1563 4499 Leonis.
1610 4444 1671 4497 Leo
1701 4461 1769 4498 vero
1799 4461 1816 4498 a

165 4554 302 4608 Iudaismo
325 4553 431 4625 pascha
454 4554 560 4610 faciens
584 4555 621 4608 ad
637 4551 789 4618 Christum,
813 4571 830 4606 a
846 4553 943 4608 Leone
969 4546 1035 4625 (IX.
1048 4571 1132 4626 papa
1152 4547 1387 4625 lota-1054)
1411 4551 1547 4622 baptizari
1573 4559 1603 4606 et
1627 4551 1687 4606 eius
1703 4551 1814 4604 nomine

165 4662 265 4716 memit
294 4661 430 4732 insigniri.
561 4659 591 4719 3l
625 4657 675 4731 Cf.
699 4659 736 4714 Β.
763 4659 882 4732 Zopfell
903 4660 920 4714 l.
936 4679 959 4714 c.
980 4679 1012 4733 p.
1039 4657 1097 4714 291
1110 4679 1119 4728 ,·
1156 4656 1347 4734 Gregorooisas
1371 4660 1388 4713 l.
1407 4678 1429 4714 r.
1450 4678 1483 4732 p.
1510 4657 1592 4726 396,·
1629 4656 1816 4712 Mttlrlhaclter

162 4787 192 4842 p.
211 4767 261 4823 68.
354 4767 384 4834 4)
408 4766 483 4822 Hor.
510 4766 567 4841 Ep.
593 4764 664 4835 I,6,
684 4765 735 4820 37.
821 4764 851 4834 5)
878 4765 994 4840 Zo'prffel
1016 4767 1034 4821 l.
1052 4787 1076 4822 c.
1095 4786 1127 4841 p.
1147 4765 1209 4820 282
1219 4787 1228 4834 ,·
1254 4763 1440 4820 allillrlbacher
1458 4785 1491 4839 p.
1510 4764 1605 4833 72,1.
1688 4761 1719 4832 6)
1746 4761 1814 4820 Otr.

122 4887 148 4926 to
167 4873 264 4930 Maur.
283 4894 317 4949 p.
336 4873 393 4928 40:
425 4874 484 4930 lste
509 4867 623 4946 (Petrus
648 4869 763 4945 Leonis)
794 4873 881 4927 studii
904 4875 997 4944 gratia
1020 4873 1127 4928 Gallias
1151 4879 1237 4942 atque
1262 4871 1385 4926 Parisius
1410 4873 1480 4926 adiit
1505 4879 1572 4939 etc.,·
1603 4871 1637 4926 dc
1654 4867 1815 4940 smailiari·

165 4989 229 5050 late,
260 5001 318 5056 prta
342 5000 401 5036 mant
424 4979 535 5056 rapidus
560 4979 706 5035 Francius
729 4978 890 5034 corrioactrrs
914 4988 985 5048 erat,
1018 4979 1059 5050 rs.
1085 4979 1144 5035 ab
1170 4978 1208 5034 in.
1317 4977 1346 5044 7)
1373 4976 1441 5035 Gor.
1469 4977 1566 5034 ruore.
1592 4978 1610 5033 l.
1628 4997 1671 5033 c..·
1701 4977 1728 5031 A
1752 4978 1813 5047 qui-

164 5089 280 5144 busdam
310 5089 466 5143 antichristi
497 5088 695 5159 praeambulus
723 5087 936 5157 appellabatur3
969 5085 1119 5142 Bernardi
1143 5083 1316 5142 Claraecall.
1343 5084 1400 5159 Ep.
1422 5084 1482 5139 124
1515 5079 1602 5159 (opp.
1636 5084 1678 5140 ed.
1705 5083 1813 5138 Bened.

165 5188 300 5268 Ι,129).·
325 5193 380 5258 Qui
403 5203 498 5250 autern
522 5213 558 5250 ex
580 5195 699 5249 adverso
723 5201 790 5260 stat,
816 5193 972 5247 antichristi
998 5201 1043 5248 eat
1066 5201 1115 5246 aut
1139 5193 1331 5246 antichristus.
1444 5189 1475 5260 8)
1506 5190 1695 5247 Vizeliacensc
1717 5209 1817 5274 mona-¹

163 5300 276 5357 sterium
293 5294 332 5376 (lt.
352 5299 471 5370 stelai,
489 5300 568 5357 distr.
584 5299 691 5369 Yonae,
711 5299 814 5374 praes.
832 5295 965 5374 Aeolion)
990 5319 1067 5356 anno
1083 5297 1177 5353 1104.
1195 5298 1352 5354 dedicatum
1370 5292 1422 5372 (cs.
1443 5295 1547 5355 Ultron.
1563 5295 1659 5368 Vizel,
1678 5297 1814 5372 Boaquet,

121 5421 147 5460 aa
164 5407 233 5464 Res.
259 5406 328 5476 XII,
354 5401 429 5481 344)
454 5426 531 5464 anno
550 5405 644 5462 1120.
673 5406 738 5481 ipae
765 5405 930 5462 corroboraret
955 5414 995 5462 est
1021 5424 1083 5460 cum
1106 5406 1181 5460 mille
1206 5413 1321 5460 centnm
1343 5406 1444 5476 viginti
1469 5411 1499 5460 et
1522 5411 1634 5474 septem
1657 5405 1815 5459 hominibus

165 5523 195 5571 et
218 5515 328 5571 feminis
353 5509 412 5588 (De
433 5513 522 5569 libert.
546 5521 665 5570 mearet.
685 5513 769 5568 Vizel.
794 5514 813 5568 I.
831 5533 854 5567 r.
874 5533 907 5586 p.
926 5511 1000 5580 291,
1025 5510 1099 5568 brea.
1125 5511 1223 5568 chron.
1247 5511 1371 5568 Altissid.
1398 5509 1461 5566 ibid.
1489 5509 1561 5578 299,
1589 5507 1694 5567 Claros.
1716 5511 1814 5566 Maur.

165 5619 228 5676 ibid.
254 5619 327 5689 407,
352 5619 469 5676 Roberti
490 5619 614 5676 Altissid.
640 5619 764 5675 chronol.
791 5619 844 5675 88.
871 5619 984 5686 xxvl,
1011 5613 1097 5692 231).
1146 5617 1265 5673 Farnrm
1288 5617 1373 5693 ipitor
1397 5616 1432 5673 ab
1455 5617 1583 5687 Arnalso
1611 5617 1654 5673 bic
1677 5635 1814 5674 alternare-

165 5735 220 5782 turn
244 5728 286 5784 acl
307 5727 387 5782 Petri
409 5727 513 5783 Leonis
535 5726 699 5802 legationem
723 5746 800 5782 aiano
819 5724 914 5780 1123.
939 5725 968 5781 in
993 5722 1108 5781 Gallias
1130 5734 1285 5798 susceptam
1309 5724 1493 5795 reserandam
1512 5724 1622 5798 putavi.
