<?xml version="1.0" encoding="UTF-8"?>
<!DOCTYPE html PUBLIC "-//W3C//DTD XHTML 1.0 Transitional//EN"
    "http://www.w3.org/TR/xhtml1/DTD/xhtml1-transitional.dtd">
<html xmlns="http://www.w3.org/1999/xhtml" xml:lang="en" lang="en">
 <head>
  <title>
</title>
<meta http-equiv="Content-Type" content="text/html;charset=utf-8" />
  <meta name='ocr-system' content='tesseract 3.04.00' />
  <meta name='ocr-capabilities' content='ocr_page ocr_carea ocr_par ocr_line ocrx_word'/>
</head>
<body>
  <div class='ocr_page' id='page_1' title='image "./monumentagerman00unkngoog_0380.png"; bbox 0 0 4418 6412; ppageno 0'>
   <div class='ocr_carea' id='block_1_1' title="bbox 468 393 1814 456">
    <p class='ocr_par' dir='ltr' id='par_1_1' title="bbox 468 393 1814 456">
     <span class='ocr_line' id='line_1_1' title="bbox 468 393 1814 456; baseline -0.004 0"><span class='ocrx_word' id='word_1_1' title='bbox 468 393 533 456; x_wconf 80' lang='lat'>392</span> <span class='ocrx_word' id='word_1_2' title='bbox 759 398 939 455; x_wconf 82' lang='lat' dir='ltr'><strong>GERHOHI</strong></span> <span class='ocrx_word' id='word_1_3' title='bbox 962 397 1195 454; x_wconf 84' lang='lat' dir='ltr'>PRAEPOSITI</span> <span class='ocrx_word' id='word_1_4' title='bbox 1217 397 1624 454; x_wconf 83' lang='lat' dir='ltr'>REICHERSBERGENSIS</span> <span class='ocrx_word' id='word_1_5' title='bbox 1648 397 1814 452; x_wconf 87' lang='lat' dir='ltr'>LIBELLI.</span> 
     </span>
    </p>
   </div>
   <div class='ocr_carea' id='block_1_2' title="bbox 313 581 2154 3121">
    <p class='ocr_par' dir='ltr' id='par_1_2' title="bbox 463 581 2148 2055">
     <span class='ocr_line' id='line_1_2' title="bbox 572 581 2107 671; baseline 0 -21"><span class='ocrx_word' id='word_1_6' title='bbox 572 585 647 651; x_wconf 90' lang='lat' dir='ltr'>Non</span> <span class='ocrx_word' id='word_1_7' title='bbox 663 607 724 671; x_wconf 87' lang='lat' dir='ltr'>ego</span> <span class='ocrx_word' id='word_1_8' title='bbox 740 607 826 649; x_wconf 89' lang='lat' dir='ltr'>nunc</span> <span class='ocrx_word' id='word_1_9' title='bbox 844 595 957 649; x_wconf 89' lang='lat' dir='ltr'>contra</span> <span class='ocrx_word' id='word_1_10' title='bbox 972 607 1075 648; x_wconf 88' lang='lat' dir='ltr'>novas</span> <span class='ocrx_word' id='word_1_11' title='bbox 1092 584 1249 671; x_wconf 88' lang='lat' dir='ltr'>quasdam</span> <span class='ocrx_word' id='word_1_12' title='bbox 1266 584 1485 649; x_wconf 83' lang='lat' dir='ltr'>ordinationes</span> <span class='ocrx_word' id='word_1_13' title='bbox 1506 583 1629 670; x_wconf 92' lang='lat' dir='ltr'>loquor,</span> <span class='ocrx_word' id='word_1_14' title='bbox 1650 583 1767 669; x_wconf 89' lang='lat' dir='ltr'>quibus</span> <span class='ocrx_word' id='word_1_15' title='bbox 1784 583 1827 648; x_wconf 88' lang='lat' dir='ltr'>ab</span> <span class='ocrx_word' id='word_1_16' title='bbox 1843 585 1925 671; x_wconf 90' lang='lat' dir='ltr'>ipsis</span> <span class='ocrx_word' id='word_1_17' title='bbox 1941 581 2107 650; x_wconf 77' lang='lat' dir='ltr'>frmdatori·</span> 
     </span>
     <span class='ocr_line' id='line_1_3' title="bbox 465 689 2108 779; baseline -0.001 -21"><span class='ocrx_word' id='word_1_18' title='bbox 465 692 526 758; x_wconf 89' lang='lat' dir='ltr'>bus</span> <span class='ocrx_word' id='word_1_19' title='bbox 539 691 680 779; x_wconf 91' lang='lat' dir='ltr'>quedam</span> <span class='ocrx_word' id='word_1_20' title='bbox 696 690 834 756; x_wconf 90' lang='lat' dir='ltr'>cenobia</span> <span class='ocrx_word' id='word_1_21' title='bbox 847 691 981 777; x_wconf 89' lang='lat' dir='ltr'>speciali</span> <span class='ocrx_word' id='word_1_22' title='bbox 996 691 1136 755; x_wconf 87' lang='lat' dir='ltr'>Romani</span> <span class='ocrx_word' id='word_1_23' title='bbox 1150 691 1311 777; x_wconf 90' lang='lat' dir='ltr'>pontificis</span> <span class='ocrx_word' id='word_1_24' title='bbox 1324 689 1530 755; x_wconf 81' lang='lat' dir='ltr'>obedientiae</span> <span class='ocrx_word' id='word_1_25' title='bbox 1544 691 1759 777; x_wconf 80' lang='lat' dir='ltr'>assignantur,</span> <span class='ocrx_word' id='word_1_26' title='bbox 1773 692 1925 777; x_wconf 89' lang='lat' dir='ltr'>quamvis</span> <span class='ocrx_word' id='word_1_27' title='bbox 1938 691 2003 754; x_wconf 91' lang='lat' dir='ltr'>hoc</span> <span class='ocrx_word' id='word_1_28' title='bbox 2014 691 2108 776; x_wconf 91' lang='lat' dir='ltr'>ipsum</span> 
     </span>
     <span class='ocr_line' id='line_1_4' title="bbox 466 795 2109 885; baseline -0.001 -22"><span class='ocrx_word' id='word_1_29' title='bbox 466 821 530 864; x_wconf 92' lang='lat' dir='ltr'>non</span> <span class='ocrx_word' id='word_1_30' title='bbox 549 797 685 885; x_wconf 83' lang='lat' dir='ltr'>probem</span> <span class='ocrx_word' id='word_1_31' title='bbox 709 808 742 862; x_wconf 92' lang='lat' dir='ltr'>et</span> <span class='ocrx_word' id='word_1_32' title='bbox 764 798 982 862; x_wconf 87' lang='lat' dir='ltr'>inordinatum</span> <span class='ocrx_word' id='word_1_33' title='bbox 1002 799 1160 880; x_wconf 80' lang='lat' dir='ltr'>estimem,</span> <span class='ocrx_word' id='word_1_34' title='bbox 1184 796 1457 884; x_wconf 84' lang='lat' dir='ltr'><strong>quemadmodum</strong></span> <span class='ocrx_word' id='word_1_35' title='bbox 1481 798 1508 860; x_wconf 93' lang='lat' dir='ltr'>si</span> <span class='ocrx_word' id='word_1_36' title='bbox 1532 820 1645 861; x_wconf 86' lang='lat' dir='ltr'>nranus</span> <span class='ocrx_word' id='word_1_37' title='bbox 1670 795 1711 860; x_wconf 90' lang='lat' dir='ltr'>ab</span> <span class='ocrx_word' id='word_1_38' title='bbox 1735 820 1813 861; x_wconf 89' lang='lat' dir='ltr'>aure</span> <span class='ocrx_word' id='word_1_39' title='bbox 1838 821 1904 861; x_wconf 92' lang='lat' dir='ltr'>non</span> <span class='ocrx_word' id='word_1_40' title='bbox 1928 799 2109 883; x_wconf 91' lang='lat' dir='ltr'>interposito</span> 
     </span>
     <span class='ocr_line' id='line_1_5' title="bbox 466 903 2110 991; baseline -0.001 -21"><span class='ocrx_word' id='word_1_41' title='bbox 466 905 599 970; x_wconf 89' lang='lat' dir='ltr'>brachio</span> <span class='ocrx_word' id='word_1_42' title='bbox 612 904 666 969; x_wconf 89' lang='lat' dir='ltr'>vel</span> <span class='ocrx_word' id='word_1_43' title='bbox 682 927 739 991; x_wconf 88' lang='lat' dir='ltr'>pes</span> <span class='ocrx_word' id='word_1_44' title='bbox 752 903 906 969; x_wconf 85' lang='lat' dir='ltr'>afemore</span> <span class='ocrx_word' id='word_1_45' title='bbox 923 905 992 968; x_wconf 86' lang='lat' dir='ltr'>sine</span> <span class='ocrx_word' id='word_1_46' title='bbox 1004 905 1249 991; x_wconf 83' lang='lat' dir='ltr'>interpositione</span> <span class='ocrx_word' id='word_1_47' title='bbox 1267 905 1370 968; x_wconf 84' lang='lat' dir='ltr'>cruris</span> <span class='ocrx_word' id='word_1_48' title='bbox 1383 903 1576 990; x_wconf 89' lang='lat' dir='ltr'>dependeat,</span> <span class='ocrx_word' id='word_1_49' title='bbox 1593 927 1657 968; x_wconf 94' lang='lat' dir='ltr'>non</span> <span class='ocrx_word' id='word_1_50' title='bbox 1672 905 1805 990; x_wconf 89' lang='lat' dir='ltr'>inquam</span> <span class='ocrx_word' id='word_1_51' title='bbox 1819 915 1934 968; x_wconf 89' lang='lat' dir='ltr'>contra</span> <span class='ocrx_word' id='word_1_52' title='bbox 1946 904 2007 967; x_wconf 86' lang='lat' dir='ltr'>has</span> <span class='ocrx_word' id='word_1_53' title='bbox 2018 926 2110 968; x_wconf 87' lang='lat' dir='ltr'>novas</span> 
     </span>
     <span class='ocr_line' id='line_1_6' title="bbox 465 1009 2133 1098; baseline -0.001 -22"><span class='ocrx_word' id='word_1_54' title='bbox 465 1013 692 1094; x_wconf 84' lang='lat' dir='ltr'>institutiones,</span> <span class='ocrx_word' id='word_1_55' title='bbox 708 1013 778 1074; x_wconf 88' lang='lat' dir='ltr'>sive</span> <span class='ocrx_word' id='word_1_56' title='bbox 791 1033 892 1098; x_wconf 91' lang='lat' dir='ltr'>equas</span> <span class='ocrx_word' id='word_1_57' title='bbox 908 1013 977 1075; x_wconf 91' lang='lat' dir='ltr'>sive</span> <span class='ocrx_word' id='word_1_58' title='bbox 993 1012 1122 1098; x_wconf 89' lang='lat' dir='ltr'>iniquas</span> <span class='ocrx_word' id='word_1_59' title='bbox 1134 1011 1258 1097; x_wconf 90' lang='lat' dir='ltr'>loquor,</span> <span class='ocrx_word' id='word_1_60' title='bbox 1275 1010 1334 1074; x_wconf 92' lang='lat' dir='ltr'>sed</span> <span class='ocrx_word' id='word_1_61' title='bbox 1345 1009 1429 1074; x_wconf 92' lang='lat' dir='ltr'>bene</span> <span class='ocrx_word' id='word_1_62' title='bbox 1442 1011 1619 1096; x_wconf 90' lang='lat' dir='ltr'>antiquitus</span> <span class='ocrx_word' id='word_1_63' title='bbox 1631 1011 1779 1076; x_wconf 89' lang='lat' dir='ltr'>ordinata</span> <span class='ocrx_word' id='word_1_64' title='bbox 1792 1010 1932 1076; x_wconf 91' lang='lat' dir='ltr'>convelli</span> <span class='ocrx_word' id='word_1_65' title='bbox 1945 1033 2009 1096; x_wconf 90' lang='lat' dir='ltr'>per</span> <span class='ocrx_word' id='word_1_66' title='bbox 2022 1033 2110 1096; x_wconf 90' lang='lat' dir='ltr'>pecu·</span> <span class='ocrx_word' id='word_1_67' title='bbox 2124 1036 2133 1074; x_wconf 77' lang='lat' dir='ltr'>i</span> 
     </span>
     <span class='ocr_line' id='line_1_7' title="bbox 464 1114 2112 1205; baseline -0.001 -23"><span class='ocrx_word' id='word_1_68' title='bbox 464 1120 536 1182; x_wconf 86' lang='lat' dir='ltr'>nias</span> <span class='ocrx_word' id='word_1_69' title='bbox 549 1129 582 1183; x_wconf 90' lang='lat' dir='ltr'>ct</span> <span class='ocrx_word' id='word_1_70' title='bbox 594 1118 637 1182; x_wconf 90' lang='lat' dir='ltr'>ad</span> <span class='ocrx_word' id='word_1_71' title='bbox 651 1117 868 1205; x_wconf 86' lang='lat' dir='ltr'>perditionem</span> <span class='ocrx_word' id='word_1_72' title='bbox 880 1119 1061 1182; x_wconf 91' lang='lat' dir='ltr'>animarum</span> <span class='ocrx_word' id='word_1_73' title='bbox 1074 1117 1225 1200; x_wconf 88' lang='lat' dir='ltr'>fovendo,</span> <span class='ocrx_word' id='word_1_74' title='bbox 1238 1115 1393 1182; x_wconf 89' lang='lat' dir='ltr'>videlicet</span> <span class='ocrx_word' id='word_1_75' title='bbox 1408 1114 1594 1202; x_wconf 90' lang='lat' dir='ltr'>superbiam</span> <span class='ocrx_word' id='word_1_76' title='bbox 1607 1115 1774 1180; x_wconf 82' lang='lat' dir='ltr'>rebellium</span> <span class='ocrx_word' id='word_1_77' title='bbox 1787 1118 1820 1180; x_wconf 91' lang='lat' dir='ltr'>in</span> <span class='ocrx_word' id='word_1_78' title='bbox 1833 1116 1993 1182; x_wconf 87' lang='lat' dir='ltr'>deteriusi</span> <span class='ocrx_word' id='word_1_79' title='bbox 2009 1118 2112 1180; x_wconf 78' lang='lat' dir='ltr'>nstimi</span> 
     </span>
     <span class='ocr_line' id='line_1_8' title="bbox 465 1223 2113 1311; baseline -0.002 -22"><span class='ocrx_word' id='word_1_80' title='bbox 465 1225 506 1290; x_wconf 88' lang='lat' dir='ltr'>ab</span> <span class='ocrx_word' id='word_1_81' title='bbox 522 1225 572 1288; x_wconf 89' lang='lat' dir='ltr'>his</span> <span class='ocrx_word' id='word_1_82' title='bbox 588 1225 768 1311; x_wconf 85' lang='lat' dir='ltr'>presertim,</span> <span class='ocrx_word' id='word_1_83' title='bbox 787 1247 923 1310; x_wconf 89' lang='lat' dir='ltr'>quorum</span> <span class='ocrx_word' id='word_1_84' title='bbox 940 1225 1094 1288; x_wconf 82' lang='lat' dir='ltr'>intererat</span> <span class='ocrx_word' id='word_1_85' title='bbox 1112 1224 1247 1288; x_wconf 89' lang='lat' dir='ltr'>alierum</span> <span class='ocrx_word' id='word_1_86' title='bbox 1264 1245 1434 1310; x_wconf 81' lang='lat' dir='ltr'>perperam</span> <span class='ocrx_word' id='word_1_87' title='bbox 1456 1234 1530 1287; x_wconf 87' lang='lat' dir='ltr'>acta</span> <span class='ocrx_word' id='word_1_88' title='bbox 1549 1224 1710 1308; x_wconf 86' lang='lat' dir='ltr'>corrigere</span> <span class='ocrx_word' id='word_1_89' title='bbox 1733 1233 1765 1287; x_wconf 90' lang='lat' dir='ltr'>et</span> <span class='ocrx_word' id='word_1_90' title='bbox 1781 1223 2000 1309; x_wconf 90' lang='lat' dir='ltr'>superborum</span> <span class='ocrx_word' id='word_1_91' title='bbox 2016 1223 2113 1286; x_wconf 84' lang='lat' dir='ltr'>inten-</span> 
     </span>
     <span class='ocr_line' id='line_1_9' title="bbox 465 1328 2113 1416; baseline -0.002 -20"><span class='ocrx_word' id='word_1_92' title='bbox 465 1333 544 1396; x_wconf 91' lang='lat' dir='ltr'>tioni</span> <span class='ocrx_word' id='word_1_93' title='bbox 561 1331 705 1412; x_wconf 86' lang='lat' dir='ltr'>obviare,</span> <span class='ocrx_word' id='word_1_94' title='bbox 730 1353 790 1416; x_wconf 91' lang='lat' dir='ltr'>ego</span> <span class='ocrx_word' id='word_1_95' title='bbox 806 1328 1059 1395; x_wconf 82' lang='lat' dir='ltr'>abominandam</span> <span class='ocrx_word' id='word_1_96' title='bbox 1075 1330 1308 1394; x_wconf 87' lang='lat' dir='ltr'>desolationem</span> <span class='ocrx_word' id='word_1_97' title='bbox 1325 1329 1433 1394; x_wconf 89' lang='lat' dir='ltr'>dicere</span> <span class='ocrx_word' id='word_1_98' title='bbox 1458 1353 1523 1394; x_wconf 91' lang='lat' dir='ltr'>non</span> <span class='ocrx_word' id='word_1_99' title='bbox 1539 1328 1755 1394; x_wconf 81' lang='lat' dir='ltr'>dubitaverim</span> <span class='ocrx_word' id='word_1_100' title='bbox 1781 1341 1813 1394; x_wconf 88' lang='lat' dir='ltr'>et</span> <span class='ocrx_word' id='word_1_101' title='bbox 1829 1353 1903 1395; x_wconf 89' lang='lat' dir='ltr'>eam</span> <span class='ocrx_word' id='word_1_102' title='bbox 1920 1338 2060 1393; x_wconf 88' lang='lat' dir='ltr'>stantem</span> <span class='ocrx_word' id='word_1_103' title='bbox 2082 1331 2113 1393; x_wconf 93' lang='lat' dir='ltr'>in</span> 
     </span>
     <span class='ocr_line' id='line_1_10' title="bbox 464 1435 2113 1523; baseline -0.002 -21"><span class='ocrx_word' id='word_1_104' title='bbox 464 1437 675 1520; x_wconf 87' lang='lat' dir='ltr'>locosancto,</span> <span class='ocrx_word' id='word_1_105' title='bbox 700 1439 827 1502; x_wconf 90' lang='lat' dir='ltr'>etiamsi</span> <span class='ocrx_word' id='word_1_106' title='bbox 848 1435 972 1523; x_wconf 89' lang='lat' dir='ltr'>absque</span> <span class='ocrx_word' id='word_1_107' title='bbox 992 1438 1177 1502; x_wconf 87' lang='lat' dir='ltr'>interventu</span> <span class='ocrx_word' id='word_1_108' title='bbox 1196 1437 1383 1523; x_wconf 81' lang='lat' dir='ltr'>symoniace</span> <span class='ocrx_word' id='word_1_109' title='bbox 1402 1438 1571 1522; x_wconf 88' lang='lat' dir='ltr'>pravitatis</span> <span class='ocrx_word' id='word_1_110' title='bbox 1592 1435 1652 1500; x_wconf 89' lang='lat' dir='ltr'>hoc</span> <span class='ocrx_word' id='word_1_111' title='bbox 1670 1437 1773 1517; x_wconf 88' lang='lat' dir='ltr'>fieret,</span> <span class='ocrx_word' id='word_1_112' title='bbox 1793 1438 1827 1500; x_wconf 94' lang='lat' dir='ltr'>in</span> <span class='ocrx_word' id='word_1_113' title='bbox 1843 1436 2000 1501; x_wconf 90' lang='lat' dir='ltr'>deterius.</span> <span class='ocrx_word' id='word_1_114' title='bbox 2037 1435 2113 1516; x_wconf 80' lang='lat' dir='ltr'>Quis</span> 
     </span>
     <span class='ocr_line' id='line_1_11' title="bbox 465 1542 2148 1629; baseline -0.001 -21"><span class='ocrx_word' id='word_1_115' title='bbox 465 1546 551 1608; x_wconf 91' lang='lat' dir='ltr'>enim</span> <span class='ocrx_word' id='word_1_116' title='bbox 580 1544 670 1609; x_wconf 92' lang='lat' dir='ltr'>locus</span> <span class='ocrx_word' id='word_1_117' title='bbox 700 1545 734 1607; x_wconf 84' lang='lat' dir='ltr'>i‘n</span> <span class='ocrx_word' id='word_1_118' title='bbox 757 1545 852 1608; x_wconf 90' lang='lat' dir='ltr'>terris</span> <span class='ocrx_word' id='word_1_119' title='bbox 883 1542 960 1608; x_wconf 89' lang='lat' dir='ltr'>sede</span> <span class='ocrx_word' id='word_1_120' title='bbox 990 1543 1079 1608; x_wconf 89' lang='lat' dir='ltr'>beati</span> <span class='ocrx_word' id='word_1_121' title='bbox 1102 1544 1191 1608; x_wconf 90' lang='lat' dir='ltr'>Petri</span> <span class='ocrx_word' id='word_1_122' title='bbox 1215 1543 1353 1629; x_wconf 90' lang='lat' dir='ltr'>apostoli</span> <span class='ocrx_word' id='word_1_123' title='bbox 1383 1544 1536 1624; x_wconf 85' lang='lat' dir='ltr'>sanctior,</span> <span class='ocrx_word' id='word_1_124' title='bbox 1566 1544 1600 1606; x_wconf 92' lang='lat' dir='ltr'>in</span> <span class='ocrx_word' id='word_1_125' title='bbox 1624 1565 1687 1629; x_wconf 91' lang='lat' dir='ltr'>quo</span> <span class='ocrx_word' id='word_1_126' title='bbox 1711 1542 1865 1607; x_wconf 90' lang='lat' dir='ltr'>videlicet</span> <span class='ocrx_word' id='word_1_127' title='bbox 1890 1543 2002 1607; x_wconf 86' lang='lat' dir='ltr'>claves</span> <span class='ocrx_word' id='word_1_128' title='bbox 2026 1545 2113 1628; x_wconf 88' lang='lat' dir='ltr'>regni</span> <span class='ocrx_word' id='word_1_129' title='bbox 2129 1568 2148 1606; x_wconf 86' lang='lat' dir='ltr'>u</span> 
     </span>
     <span class='ocr_line' id='line_1_12' title="bbox 465 1648 2114 1737; baseline -0.001 -23"><span class='ocrx_word' id='word_1_130' title='bbox 465 1651 607 1714; x_wconf 89' lang='lat' dir='ltr'>celorum</span> <span class='ocrx_word' id='word_1_131' title='bbox 631 1651 765 1737; x_wconf 88' lang='lat' dir='ltr'>repositi</span> <span class='ocrx_word' id='word_1_132' title='bbox 789 1649 887 1714; x_wconf 82' lang='lat' dir='ltr'>sunt?</span> <span class='ocrx_word' id='word_1_133' title='bbox 933 1650 978 1714; x_wconf 88' lang='lat' dir='ltr'>At</span> <span class='ocrx_word' id='word_1_134' title='bbox 1007 1651 1072 1714; x_wconf 87' lang='lat' dir='ltr'>iarn</span> <span class='ocrx_word' id='word_1_135' title='bbox 1097 1650 1193 1731; x_wconf 88' lang='lat' dir='ltr'>dicte,</span> <span class='ocrx_word' id='word_1_136' title='bbox 1224 1651 1373 1736; x_wconf 89' lang='lat' dir='ltr'>superius</span> <span class='ocrx_word' id='word_1_137' title='bbox 1397 1671 1526 1735; x_wconf 91' lang='lat' dir='ltr'>quoque</span> <span class='ocrx_word' id='word_1_138' title='bbox 1556 1659 1665 1714; x_wconf 89' lang='lat' dir='ltr'>notate</span> <span class='ocrx_word' id='word_1_139' title='bbox 1696 1649 1913 1714; x_wconf 88' lang='lat' dir='ltr'>desolationes</span> <span class='ocrx_word' id='word_1_140' title='bbox 1944 1650 1979 1712; x_wconf 94' lang='lat' dir='ltr'>in</span> <span class='ocrx_word' id='word_1_141' title='bbox 2004 1648 2114 1712; x_wconf 89' lang='lat' dir='ltr'>eodem</span> 
     </span>
     <span class='ocr_line' id='line_1_13' title="bbox 464 1753 2114 1842; baseline -0.001 -22"><span class='ocrx_word' id='word_1_142' title='bbox 464 1767 577 1821; x_wconf 88' lang='lat' dir='ltr'>sancto</span> <span class='ocrx_word' id='word_1_143' title='bbox 607 1757 678 1821; x_wconf 89' lang='lat' dir='ltr'>loco</span> <span class='ocrx_word' id='word_1_144' title='bbox 708 1758 773 1820; x_wconf 89' lang='lat' dir='ltr'>iam</span> <span class='ocrx_word' id='word_1_145' title='bbox 802 1779 844 1820; x_wconf 85' lang='lat' dir='ltr'>ex</span> <span class='ocrx_word' id='word_1_146' title='bbox 868 1756 1032 1842; x_wconf 90' lang='lat' dir='ltr'>aliquanto</span> <span class='ocrx_word' id='word_1_147' title='bbox 1056 1766 1201 1842; x_wconf 91' lang='lat' dir='ltr'>tempore</span> <span class='ocrx_word' id='word_1_148' title='bbox 1225 1766 1392 1820; x_wconf 90' lang='lat' dir='ltr'>steterunt.</span> <span class='ocrx_word' id='word_1_149' title='bbox 1439 1755 1482 1818; x_wconf 88' lang='lat' dir='ltr'>Et</span> <span class='ocrx_word' id='word_1_150' title='bbox 1506 1753 1724 1820; x_wconf 89' lang='lat' dir='ltr'>abominanda</span> <span class='ocrx_word' id='word_1_151' title='bbox 1748 1755 1878 1842; x_wconf 90' lang='lat' dir='ltr'>quidem</span> <span class='ocrx_word' id='word_1_152' title='bbox 1903 1756 2003 1819; x_wconf 89' lang='lat' dir='ltr'>fuerit</span> <span class='ocrx_word' id='word_1_153' title='bbox 2024 1755 2114 1818; x_wconf 71' lang='lat' dir='ltr'>&#39;deso-</span> 
     </span>
     <span class='ocr_line' id='line_1_14' title="bbox 463 1860 2114 1949; baseline -0.002 -21"><span class='ocrx_word' id='word_1_154' title='bbox 463 1863 541 1928; x_wconf 89' lang='lat' dir='ltr'>latio</span> <span class='ocrx_word' id='word_1_155' title='bbox 571 1865 605 1926; x_wconf 92' lang='lat' dir='ltr'>in</span> <span class='ocrx_word' id='word_1_156' title='bbox 629 1862 699 1927; x_wconf 92' lang='lat' dir='ltr'>loco</span> <span class='ocrx_word' id='word_1_157' title='bbox 724 1873 836 1926; x_wconf 91' lang='lat' dir='ltr'>sancto</span> <span class='ocrx_word' id='word_1_158' title='bbox 867 1863 901 1926; x_wconf 94' lang='lat' dir='ltr'>in</span> <span class='ocrx_word' id='word_1_159' title='bbox 923 1862 1045 1949; x_wconf 89' lang='lat' dir='ltr'>templo</span> <span class='ocrx_word' id='word_1_160' title='bbox 1067 1861 1264 1927; x_wconf 88' lang='lat' dir='ltr'>lerosolimis</span> <span class='ocrx_word' id='word_1_161' title='bbox 1294 1863 1470 1948; x_wconf 86' lang='lat' dir='ltr'>imaginem</span> <span class='ocrx_word' id='word_1_162' title='bbox 1495 1863 1616 1926; x_wconf 90' lang='lat' dir='ltr'>cesaris</span> <span class='ocrx_word' id='word_1_163' title='bbox 1639 1861 1693 1926; x_wconf 92' lang='lat' dir='ltr'>vel</span> <span class='ocrx_word' id='word_1_164' title='bbox 1715 1861 1838 1948; x_wconf 87' lang='lat' dir='ltr'>aliquid</span> <span class='ocrx_word' id='word_1_165' title='bbox 1868 1861 1960 1926; x_wconf 91' lang='lat' dir='ltr'>aliud</span> <span class='ocrx_word' id='word_1_166' title='bbox 1989 1860 2114 1925; x_wconf 91' lang='lat' dir='ltr'>simula-</span> 
     </span>
     <span class='ocr_line' id='line_1_15' title="bbox 465 1966 2115 2055; baseline -0.002 -21"><span class='ocrx_word' id='word_1_167' title='bbox 465 1969 577 2034; x_wconf 90' lang='lat' dir='ltr'>chrum</span> <span class='ocrx_word' id='word_1_168' title='bbox 601 1969 824 2033; x_wconf 88' lang='lat' dir='ltr'>manufactum</span> <span class='ocrx_word' id='word_1_169' title='bbox 848 1969 974 2033; x_wconf 90' lang='lat' dir='ltr'>stetisse</span> <span class='ocrx_word' id='word_1_170' title='bbox 985 1972 1006 2050; x_wconf 89' lang='lat'>¹,</span> <span class='ocrx_word' id='word_1_171' title='bbox 1031 1991 1091 2054; x_wconf 90' lang='lat' dir='ltr'>ego</span> <span class='ocrx_word' id='word_1_172' title='bbox 1108 1991 1185 2032; x_wconf 90' lang='lat' dir='ltr'>vero</span> <span class='ocrx_word' id='word_1_173' title='bbox 1202 1971 1306 2055; x_wconf 89' lang='lat' dir='ltr'>magis</span> <span class='ocrx_word' id='word_1_174' title='bbox 1330 1967 1548 2033; x_wconf 87' lang='lat' dir='ltr'>abominabile</span> <span class='ocrx_word' id='word_1_175' title='bbox 1572 1969 1743 2032; x_wconf 82' lang='lat' dir='ltr'>existiman</span> <span class='ocrx_word' id='word_1_176' title='bbox 1767 1969 1800 2031; x_wconf 93' lang='lat' dir='ltr'>in</span> <span class='ocrx_word' id='word_1_177' title='bbox 1820 1968 1898 2033; x_wconf 90' lang='lat' dir='ltr'>sede</span> <span class='ocrx_word' id='word_1_178' title='bbox 1921 1966 2012 2032; x_wconf 89' lang='lat' dir='ltr'>beati</span> <span class='ocrx_word' id='word_1_179' title='bbox 2028 1968 2115 2032; x_wconf 91' lang='lat' dir='ltr'>Petri</span> 
     </span>
    </p>

    <p class='ocr_par' dir='ltr' id='par_1_3' title="bbox 340 2073 2154 2908">
     <span class='ocr_line' id='line_1_16' title="bbox 340 2073 2153 2162; baseline -0.002 -22"><span class='ocrx_word' id='word_1_180' title='bbox 340 2099 444 2151; x_wconf 75' lang='lat' dir='ltr'>coras</span> <span class='ocrx_word' id='word_1_181' title='bbox 464 2077 651 2158; x_wconf 87' lang='lat' dir='ltr'>avariciam,</span> <span class='ocrx_word' id='word_1_182' title='bbox 676 2097 740 2162; x_wconf 90' lang='lat' dir='ltr'>que</span> <span class='ocrx_word' id='word_1_183' title='bbox 764 2086 814 2139; x_wconf 91' lang='lat' dir='ltr'>est</span> <span class='ocrx_word' id='word_1_184' title='bbox 837 2075 1081 2140; x_wconf 86' lang='lat' dir='ltr'>simulacrorum</span> <span class='ocrx_word' id='word_1_185' title='bbox 1105 2077 1253 2158; x_wconf 89' lang='lat' dir='ltr'>servitus,</span> <span class='ocrx_word' id='word_1_186' title='bbox 1277 2076 1382 2140; x_wconf 87' lang='lat' dir='ltr'>fronte</span> <span class='ocrx_word' id='word_1_187' title='bbox 1400 2085 1513 2161; x_wconf 88' lang='lat' dir='ltr'>aperta</span> <span class='ocrx_word' id='word_1_188' title='bbox 1531 2073 1685 2156; x_wconf 89' lang='lat' dir='ltr'>residere,</span> <span class='ocrx_word' id='word_1_189' title='bbox 1710 2076 1744 2138; x_wconf 93' lang='lat' dir='ltr'>in</span> <span class='ocrx_word' id='word_1_190' title='bbox 1767 2074 1838 2139; x_wconf 91' lang='lat' dir='ltr'>loco</span> <span class='ocrx_word' id='word_1_191' title='bbox 1861 2074 1978 2139; x_wconf 92' lang='lat' dir='ltr'>iudicii</span> <span class='ocrx_word' id='word_1_192' title='bbox 2000 2075 2115 2160; x_wconf 91' lang='lat' dir='ltr'>iniqui·</span> <span class='ocrx_word' id='word_1_193' title='bbox 2132 2099 2153 2136; x_wconf 83' lang='lat' dir='ltr'>n</span> 
     </span>
     <span class='ocr_line' id='line_1_17' title="bbox 464 2180 2116 2269; baseline -0.001 -22"><span class='ocrx_word' id='word_1_194' title='bbox 464 2192 563 2247; x_wconf 89' lang='lat' dir='ltr'>tatem</span> <span class='ocrx_word' id='word_1_195' title='bbox 587 2192 671 2246; x_wconf 90' lang='lat' dir='ltr'>stare</span> <span class='ocrx_word' id='word_1_196' title='bbox 696 2205 734 2246; x_wconf 91' lang='lat' dir='ltr'>ac</span> <span class='ocrx_word' id='word_1_197' title='bbox 758 2191 951 2269; x_wconf 87' lang='lat' dir='ltr'>potestatem</span> <span class='ocrx_word' id='word_1_198' title='bbox 974 2183 1007 2245; x_wconf 93' lang='lat' dir='ltr'>in</span> <span class='ocrx_word' id='word_1_199' title='bbox 1031 2181 1212 2246; x_wconf 88' lang='lat' dir='ltr'>sacerdotio</span> <span class='ocrx_word' id='word_1_200' title='bbox 1237 2192 1428 2246; x_wconf 85' lang='lat' dir='ltr'>exercentes</span> <span class='ocrx_word' id='word_1_201' title='bbox 1452 2181 1615 2246; x_wconf 87' lang='lat' dir='ltr'>beneficos</span> <span class='ocrx_word' id='word_1_202' title='bbox 1639 2182 1773 2268; x_wconf 90' lang='lat' dir='ltr'>insuper</span> <span class='ocrx_word' id='word_1_203' title='bbox 1796 2180 1860 2245; x_wconf 88' lang='lat' dir='ltr'>dici</span> <span class='ocrx_word' id='word_1_204' title='bbox 1884 2180 1981 2245; x_wconf 91' lang='lat' dir='ltr'>velle.</span> <span class='ocrx_word' id='word_1_205' title='bbox 2029 2181 2116 2262; x_wconf 81' lang='lat' dir='ltr'>Quin</span> 
     </span>
     <span class='ocr_line' id='line_1_18' title="bbox 464 2286 2115 2375; baseline -0.002 -21"><span class='ocrx_word' id='word_1_206' title='bbox 464 2291 571 2370; x_wconf 89' lang='lat' dir='ltr'>etiam,</span> <span class='ocrx_word' id='word_1_207' title='bbox 597 2290 681 2354; x_wconf 91' lang='lat' dir='ltr'>sicut</span> <span class='ocrx_word' id='word_1_208' title='bbox 703 2287 877 2374; x_wconf 90' lang='lat' dir='ltr'>aliquando</span> <span class='ocrx_word' id='word_1_209' title='bbox 895 2311 1024 2352; x_wconf 89' lang='lat' dir='ltr'>cesares</span> <span class='ocrx_word' id='word_1_210' title='bbox 1041 2288 1183 2374; x_wconf 88' lang='lat' dir='ltr'>quedam</span> <span class='ocrx_word' id='word_1_211' title='bbox 1206 2287 1405 2375; x_wconf 87' lang='lat' dir='ltr'>pontificalia</span> <span class='ocrx_word' id='word_1_212' title='bbox 1428 2299 1460 2352; x_wconf 91' lang='lat' dir='ltr'>et</span> <span class='ocrx_word' id='word_1_213' title='bbox 1484 2287 1705 2352; x_wconf 86' lang='lat' dir='ltr'>ecclesiastica</span> <span class='ocrx_word' id='word_1_214' title='bbox 1728 2286 1969 2374; x_wconf 86' lang='lat' dir='ltr'>presumebant,</span> <span class='ocrx_word' id='word_1_215' title='bbox 1995 2289 2042 2352; x_wconf 92' lang='lat' dir='ltr'>ita</span> <span class='ocrx_word' id='word_1_216' title='bbox 2064 2289 2115 2351; x_wconf 87' lang='lat' dir='ltr'>isti</span> 
     </span>
     <span class='ocr_line' id='line_1_19' title="bbox 464 2393 2114 2482; baseline -0.001 -22"><span class='ocrx_word' id='word_1_217' title='bbox 464 2394 505 2460; x_wconf 91' lang='lat' dir='ltr'>de</span> <span class='ocrx_word' id='word_1_218' title='bbox 536 2406 648 2460; x_wconf 91' lang='lat' dir='ltr'>contra</span> <span class='ocrx_word' id='word_1_219' title='bbox 679 2418 753 2460; x_wconf 91' lang='lat' dir='ltr'>cum</span> <span class='ocrx_word' id='word_1_220' title='bbox 783 2395 965 2460; x_wconf 89' lang='lat' dir='ltr'>sacerdotio</span> <span class='ocrx_word' id='word_1_221' title='bbox 996 2393 1160 2482; x_wconf 88' lang='lat' dir='ltr'>quoddam</span> <span class='ocrx_word' id='word_1_222' title='bbox 1190 2395 1224 2458; x_wconf 92' lang='lat' dir='ltr'>in</span> <span class='ocrx_word' id='word_1_223' title='bbox 1254 2417 1289 2460; x_wconf 90' lang='lat' dir='ltr'>se</span> <span class='ocrx_word' id='word_1_224' title='bbox 1320 2417 1487 2460; x_wconf 88' lang='lat' dir='ltr'>cesareum</span> <span class='ocrx_word' id='word_1_225' title='bbox 1519 2417 1557 2459; x_wconf 90' lang='lat' dir='ltr'>ac</span> <span class='ocrx_word' id='word_1_226' title='bbox 1588 2417 1854 2480; x_wconf 88' lang='lat' dir='ltr'>supercesareurn</span> <span class='ocrx_word' id='word_1_227' title='bbox 1884 2397 2114 2480; x_wconf 84' lang='lat' dir='ltr'>imaginantur.</span> 
     </span>
     <span class='ocr_line' id='line_1_20' title="bbox 463 2500 2114 2587; baseline -0.002 -21"><span class='ocrx_word' id='word_1_228' title='bbox 463 2502 547 2566; x_wconf 85' lang='lat' dir='ltr'>Nam</span> <span class='ocrx_word' id='word_1_229' title='bbox 571 2501 648 2566; x_wconf 92' lang='lat' dir='ltr'>dum</span> <span class='ocrx_word' id='word_1_230' title='bbox 672 2523 800 2567; x_wconf 87' lang='lat' dir='ltr'>cesares</span> <span class='ocrx_word' id='word_1_231' title='bbox 824 2501 966 2566; x_wconf 92' lang='lat' dir='ltr'>hominio</span> <span class='ocrx_word' id='word_1_232' title='bbox 990 2500 1054 2565; x_wconf 92' lang='lat' dir='ltr'>sibi</span> <span class='ocrx_word' id='word_1_233' title='bbox 1076 2500 1214 2587; x_wconf 87' lang='lat' dir='ltr'>obligari</span> <span class='ocrx_word' id='word_1_234' title='bbox 1236 2502 1384 2587; x_wconf 90' lang='lat' dir='ltr'>pingunt,</span> <span class='ocrx_word' id='word_1_235' title='bbox 1407 2501 1558 2566; x_wconf 88' lang='lat' dir='ltr'>locuntur</span> <span class='ocrx_word' id='word_1_236' title='bbox 1581 2511 1613 2565; x_wconf 93' lang='lat' dir='ltr'>et</span> <span class='ocrx_word' id='word_1_237' title='bbox 1636 2500 1791 2582; x_wconf 92' lang='lat' dir='ltr'>scribunt,</span> <span class='ocrx_word' id='word_1_238' title='bbox 1816 2500 1893 2566; x_wconf 93' lang='lat' dir='ltr'>dum</span> <span class='ocrx_word' id='word_1_239' title='bbox 1910 2524 2023 2566; x_wconf 90' lang='lat' dir='ltr'>eorum</span> <span class='ocrx_word' id='word_1_240' title='bbox 2044 2524 2114 2586; x_wconf 93' lang='lat' dir='ltr'>pro-</span> 
     </span>
     <span class='ocr_line' id='line_1_21' title="bbox 464 2607 2154 2695; baseline -0.001 -23"><span class='ocrx_word' id='word_1_241' title='bbox 464 2630 574 2672; x_wconf 85' lang='lat' dir='ltr'>cessus</span> <span class='ocrx_word' id='word_1_242' title='bbox 591 2631 759 2695; x_wconf 89' lang='lat' dir='ltr'>quousque</span> <span class='ocrx_word' id='word_1_243' title='bbox 776 2609 909 2672; x_wconf 88' lang='lat' dir='ltr'>veniant</span> <span class='ocrx_word' id='word_1_244' title='bbox 933 2617 965 2672; x_wconf 92' lang='lat' dir='ltr'>et</span> <span class='ocrx_word' id='word_1_245' title='bbox 988 2607 1044 2672; x_wconf 92' lang='lat' dir='ltr'>ubi</span> <span class='ocrx_word' id='word_1_246' title='bbox 1068 2607 1255 2689; x_wconf 89' lang='lat' dir='ltr'>subsistant,</span> <span class='ocrx_word' id='word_1_247' title='bbox 1280 2629 1361 2694; x_wconf 88' lang='lat' dir='ltr'>quas</span> <span class='ocrx_word' id='word_1_248' title='bbox 1385 2618 1497 2672; x_wconf 89' lang='lat' dir='ltr'>contra</span> <span class='ocrx_word' id='word_1_249' title='bbox 1514 2608 1662 2672; x_wconf 87' lang='lat' dir='ltr'>civitates</span> <span class='ocrx_word' id='word_1_250' title='bbox 1678 2609 1820 2689; x_wconf 89' lang='lat' dir='ltr'>veniant,</span> <span class='ocrx_word' id='word_1_251' title='bbox 1845 2607 2000 2694; x_wconf 89' lang='lat' dir='ltr'>aquibus</span> <span class='ocrx_word' id='word_1_252' title='bbox 2018 2610 2115 2672; x_wconf 89' lang='lat' dir='ltr'>etiam</span> <span class='ocrx_word' id='word_1_253' title='bbox 2132 2631 2154 2670; x_wconf 83' lang='lat' dir='ltr'>n</span> 
     </span>
     <span class='ocr_line' id='line_1_22' title="bbox 463 2712 2116 2801; baseline 0 -23"><span class='ocrx_word' id='word_1_254' title='bbox 463 2715 600 2801; x_wconf 90' lang='lat' dir='ltr'>imperio</span> <span class='ocrx_word' id='word_1_255' title='bbox 630 2713 806 2779; x_wconf 90' lang='lat' dir='ltr'>rebellibus</span> <span class='ocrx_word' id='word_1_256' title='bbox 841 2713 1026 2778; x_wconf 85' lang='lat' dir='ltr'>abstineant</span> <span class='ocrx_word' id='word_1_257' title='bbox 1059 2713 1280 2800; x_wconf 84' lang='lat' dir='ltr'>prescribant,</span> <span class='ocrx_word' id='word_1_258' title='bbox 1311 2712 1391 2800; x_wconf 90' lang='lat' dir='ltr'>quid</span> <span class='ocrx_word' id='word_1_259' title='bbox 1420 2715 1483 2778; x_wconf 89' lang='lat' dir='ltr'>nisi</span> <span class='ocrx_word' id='word_1_260' title='bbox 1513 2737 1547 2778; x_wconf 89' lang='lat' dir='ltr'>se</span> <span class='ocrx_word' id='word_1_261' title='bbox 1578 2715 1788 2801; x_wconf 86' lang='lat' dir='ltr'>imperatores</span> <span class='ocrx_word' id='word_1_262' title='bbox 1820 2725 1853 2778; x_wconf 90' lang='lat' dir='ltr'>et</span> <span class='ocrx_word' id='word_1_263' title='bbox 1881 2714 2116 2800; x_wconf 88' lang='lat' dir='ltr'>imperatorum</span> 
     </span>
     <span class='ocr_line' id='line_1_23' title="bbox 464 2819 2114 2908; baseline -0.001 -23"><span class='ocrx_word' id='word_1_264' title='bbox 464 2820 620 2903; x_wconf 90' lang='lat' dir='ltr'>dominos,</span> <span class='ocrx_word' id='word_1_265' title='bbox 651 2844 747 2907; x_wconf 90' lang='lat' dir='ltr'>porro</span> <span class='ocrx_word' id='word_1_266' title='bbox 777 2822 988 2908; x_wconf 86' lang='lat' dir='ltr'>imperatores</span> <span class='ocrx_word' id='word_1_267' title='bbox 1020 2843 1094 2884; x_wconf 87' lang='lat' dir='ltr'>suos</span> <span class='ocrx_word' id='word_1_268' title='bbox 1118 2819 1286 2885; x_wconf 88' lang='lat' dir='ltr'>vassaldos</span> <span class='ocrx_word' id='word_1_269' title='bbox 1317 2821 1542 2885; x_wconf 81' lang='lat' dir='ltr'>constituunt?</span> <span class='ocrx_word' id='word_1_270' title='bbox 1588 2821 1661 2885; x_wconf 90' lang='lat' dir='ltr'>Hoc</span> <span class='ocrx_word' id='word_1_271' title='bbox 1692 2831 1800 2884; x_wconf 89' lang='lat' dir='ltr'>autem</span> <span class='ocrx_word' id='word_1_272' title='bbox 1829 2819 1907 2907; x_wconf 90' lang='lat' dir='ltr'>quid</span> <span class='ocrx_word' id='word_1_273' title='bbox 1936 2832 1987 2885; x_wconf 90' lang='lat' dir='ltr'>est</span> <span class='ocrx_word' id='word_1_274' title='bbox 2017 2820 2114 2902; x_wconf 91' lang='lat' dir='ltr'>aliud,</span> 
     </span>
    </p>

    <p class='ocr_par' dir='ltr' id='par_1_4' title="bbox 313 2926 2115 3121">
     <span class='ocr_line' id='line_1_24' title="bbox 313 2926 2115 3014; baseline -0.001 -22"><span class='ocrx_word' id='word_1_275' title='bbox 313 2951 444 3002; x_wconf 53' lang='lat' dir='ltr'>aoniam.</span> <span class='ocrx_word' id='word_1_276' title='bbox 464 2949 561 3014; x_wconf 91' lang='lat' dir='ltr'>quam</span> <span class='ocrx_word' id='word_1_277' title='bbox 584 2936 778 3014; x_wconf 87' lang='lat' dir='ltr'>potestatem</span> <span class='ocrx_word' id='word_1_278' title='bbox 802 2949 822 2990; x_wconf 90' lang='lat' dir='ltr'>a</span> <span class='ocrx_word' id='word_1_279' title='bbox 844 2927 917 2992; x_wconf 92' lang='lat' dir='ltr'>Deo</span> <span class='ocrx_word' id='word_1_280' title='bbox 942 2927 1148 2991; x_wconf 89' lang='lat' dir='ltr'>constitutam</span> <span class='ocrx_word' id='word_1_281' title='bbox 1173 2927 1339 2992; x_wconf 89' lang='lat' dir='ltr'>destruere</span> <span class='ocrx_word' id='word_1_282' title='bbox 1363 2939 1396 2991; x_wconf 90' lang='lat' dir='ltr'>et</span> <span class='ocrx_word' id='word_1_283' title='bbox 1419 2926 1613 2991; x_wconf 89' lang='lat' dir='ltr'>ordinationi</span> <span class='ocrx_word' id='word_1_284' title='bbox 1636 2927 1701 2992; x_wconf 90' lang='lat' dir='ltr'>Dei</span> <span class='ocrx_word' id='word_1_285' title='bbox 1724 2927 1902 2992; x_wconf 80' lang='lat' dir='ltr'>resistere?</span> <span class='ocrx_word' id='word_1_286' title='bbox 1942 2926 2115 3008; x_wconf 80' lang='lat' dir='ltr'>Quomodo</span> 
     </span>
     <span class='ocr_line' id='line_1_25' title="bbox 463 3032 2114 3121; baseline -0.001 -22"><span class='ocrx_word' id='word_1_287' title='bbox 463 3057 541 3099; x_wconf 90' lang='lat' dir='ltr'>vero</span> <span class='ocrx_word' id='word_1_288' title='bbox 572 3035 742 3121; x_wconf 90' lang='lat' dir='ltr'>imperium</span> <span class='ocrx_word' id='word_1_289' title='bbox 774 3034 974 3099; x_wconf 87' lang='lat' dir='ltr'>destructum</span> <span class='ocrx_word' id='word_1_290' title='bbox 1003 3057 1068 3098; x_wconf 90' lang='lat' dir='ltr'>non</span> <span class='ocrx_word' id='word_1_291' title='bbox 1099 3035 1169 3114; x_wconf 85' lang='lat' dir='ltr'>erit,</span> <span class='ocrx_word' id='word_1_292' title='bbox 1201 3035 1227 3097; x_wconf 91' lang='lat' dir='ltr'>si</span> <span class='ocrx_word' id='word_1_293' title='bbox 1259 3034 1396 3098; x_wconf 77' lang='lat' dir='ltr'>civitas2</span> <span class='ocrx_word' id='word_1_294' title='bbox 1419 3032 1563 3120; x_wconf 90' lang='lat' dir='ltr'>quelibet</span> <span class='ocrx_word' id='word_1_295' title='bbox 1592 3033 1728 3098; x_wconf 87' lang='lat' dir='ltr'>aliarum</span> <span class='ocrx_word' id='word_1_296' title='bbox 1752 3034 1920 3098; x_wconf 86' lang='lat' dir='ltr'>civitatum</span> <span class='ocrx_word' id='word_1_297' title='bbox 1943 3035 2114 3110; x_wconf 85' lang='lat' dir='ltr'>vastatrix,</span> 
     </span>
    </p>
   </div>
   <div class='ocr_carea' id='block_1_3' title="bbox 232 3118 2155 3255">
    <p class='ocr_par' dir='ltr' id='par_1_5' title="bbox 232 3118 2155 3255">
     <span class='ocr_line' id='line_1_26' title="bbox 232 3118 2155 3255; baseline -0.004 -45"><span class='ocrx_word' id='word_1_298' title='bbox 232 3118 444 3255; x_wconf 50' lang='lat' dir='ltr'>fssp&#39;isoffl</span> <span class='ocrx_word' id='word_1_299' title='bbox 462 3142 590 3206; x_wconf 90' lang='lat' dir='ltr'>iusticie</span> <span class='ocrx_word' id='word_1_300' title='bbox 621 3151 719 3227; x_wconf 90' lang='lat' dir='ltr'>atque</span> <span class='ocrx_word' id='word_1_301' title='bbox 747 3141 883 3227; x_wconf 87' lang='lat' dir='ltr'>imperio</span> <span class='ocrx_word' id='word_1_302' title='bbox 915 3139 1054 3222; x_wconf 91' lang='lat' dir='ltr'>rebellis,</span> <span class='ocrx_word' id='word_1_303' title='bbox 1086 3140 1222 3204; x_wconf 90' lang='lat' dir='ltr'>tuitione</span> <span class='ocrx_word' id='word_1_304' title='bbox 1253 3139 1362 3204; x_wconf 92' lang='lat' dir='ltr'>domni</span> <span class='ocrx_word' id='word_1_305' title='bbox 1392 3162 1487 3226; x_wconf 89' lang='lat' dir='ltr'>pape,</span> <span class='ocrx_word' id='word_1_306' title='bbox 1518 3141 1634 3204; x_wconf 91' lang='lat' dir='ltr'>mirum</span> <span class='ocrx_word' id='word_1_307' title='bbox 1663 3141 1691 3203; x_wconf 90' lang='lat' dir='ltr'>si</span> <span class='ocrx_word' id='word_1_308' title='bbox 1719 3150 1751 3204; x_wconf 90' lang='lat' dir='ltr'>et</span> <span class='ocrx_word' id='word_1_309' title='bbox 1774 3139 1897 3226; x_wconf 91' lang='lat' dir='ltr'>absque</span> <span class='ocrx_word' id='word_1_310' title='bbox 1928 3141 2115 3204; x_wconf 90' lang='lat' dir='ltr'>interventu</span> <span class='ocrx_word' id='word_1_311' title='bbox 2132 3163 2155 3202; x_wconf 79' lang='lat' dir='ltr'>a</span> 
     </span>
    </p>
   </div>
   <div class='ocr_carea' id='block_1_4' title="bbox 232 3245 2114 3334">
    <p class='ocr_par' dir='ltr' id='par_1_6' title="bbox 232 3245 2114 3334">
     <span class='ocr_line' id='line_1_27' title="bbox 232 3245 2114 3334; baseline 0 -24"><span class='ocrx_word' id='word_1_312' title='bbox 232 3266 298 3320; x_wconf 84' lang='lat' dir='ltr'>tum,</span> <span class='ocrx_word' id='word_1_313' title='bbox 317 3261 444 3326; x_wconf 61' lang='lat' dir='ltr'>amima-</span> <span class='ocrx_word' id='word_1_314' title='bbox 462 3249 612 3334; x_wconf 90' lang='lat' dir='ltr'>pecunie,</span> <span class='ocrx_word' id='word_1_315' title='bbox 643 3269 757 3312; x_wconf 87' lang='lat' dir='ltr'>manus</span> <span class='ocrx_word' id='word_1_316' title='bbox 785 3247 991 3333; x_wconf 86' lang='lat' dir='ltr'>imperatoris</span> <span class='ocrx_word' id='word_1_317' title='bbox 1015 3257 1048 3311; x_wconf 89' lang='lat' dir='ltr'>et</span> <span class='ocrx_word' id='word_1_318' title='bbox 1070 3269 1199 3310; x_wconf 92' lang='lat' dir='ltr'>omnem</span> <span class='ocrx_word' id='word_1_319' title='bbox 1222 3247 1350 3310; x_wconf 90' lang='lat' dir='ltr'>iusticie</span> <span class='ocrx_word' id='word_1_320' title='bbox 1374 3246 1628 3310; x_wconf 87' lang='lat' dir='ltr'>satisfactionem</span> <span class='ocrx_word' id='word_1_321' title='bbox 1652 3246 1795 3310; x_wconf 84' lang='lat' dir='ltr'>evadet?</span> <span class='ocrx_word' id='word_1_322' title='bbox 1841 3245 1907 3310; x_wconf 90' lang='lat' dir='ltr'>Ubi</span> <span class='ocrx_word' id='word_1_323' title='bbox 1931 3259 2028 3311; x_wconf 89' lang='lat' dir='ltr'>erunt</span> <span class='ocrx_word' id='word_1_324' title='bbox 2052 3246 2114 3311; x_wconf 90' lang='lat' dir='ltr'>duo</span> 
     </span>
    </p>
   </div>
   <div class='ocr_carea' id='block_1_5' title="bbox 233 3331 2114 3440">
    <p class='ocr_par' dir='ltr' id='par_1_7' title="bbox 233 3331 2114 3440">
     <span class='ocr_line' id='line_1_28' title="bbox 233 3331 2114 3440; baseline 0.004 -28"><span class='ocrx_word' id='word_1_325' title='bbox 233 3331 267 3382; x_wconf 55' lang='grc' dir='ltr'>ΗΕ</span> <span class='ocrx_word' id='word_1_326' title='bbox 281 3348 313 3382; x_wconf 74' lang='lat'>⁸⁰</span> <span class='ocrx_word' id='word_1_327' title='bbox 327 3337 443 3382; x_wconf 78' lang='lat' dir='ltr'>terrene.</span> <span class='ocrx_word' id='word_1_328' title='bbox 462 3353 509 3418; x_wconf 93' lang='lat' dir='ltr'>illi</span> <span class='ocrx_word' id='word_1_329' title='bbox 532 3352 713 3440; x_wconf 85' lang='lat' dir='ltr'>euangelici</span> <span class='ocrx_word' id='word_1_330' title='bbox 737 3353 849 3440; x_wconf 89' lang='lat' dir='ltr'>gladii,</span> <span class='ocrx_word' id='word_1_331' title='bbox 873 3355 901 3417; x_wconf 91' lang='lat' dir='ltr'>si</span> <span class='ocrx_word' id='word_1_332' title='bbox 923 3353 977 3417; x_wconf 92' lang='lat' dir='ltr'>vel</span> <span class='ocrx_word' id='word_1_333' title='bbox 1000 3355 1109 3418; x_wconf 90' lang='lat' dir='ltr'>omnia</span> <span class='ocrx_word' id='word_1_334' title='bbox 1132 3353 1327 3439; x_wconf 89' lang='lat' dir='ltr'>apostolicus</span> <span class='ocrx_word' id='word_1_335' title='bbox 1342 3351 1395 3416; x_wconf 89' lang='lat' dir='ltr'>vel</span> <span class='ocrx_word' id='word_1_336' title='bbox 1412 3354 1520 3416; x_wconf 91' lang='lat' dir='ltr'>omnia</span> <span class='ocrx_word' id='word_1_337' title='bbox 1536 3375 1629 3418; x_wconf 89' lang='lat' dir='ltr'>cesar</span> <span class='ocrx_word' id='word_1_338' title='bbox 1645 3353 1730 3417; x_wconf 78' lang='lat' dir='ltr'>erit?</span> <span class='ocrx_word' id='word_1_339' title='bbox 1778 3353 1880 3434; x_wconf 78' lang='lat' dir='ltr'>Quasi</span> <span class='ocrx_word' id='word_1_340' title='bbox 1904 3355 1992 3418; x_wconf 91' lang='lat' dir='ltr'>enim</span> <span class='ocrx_word' id='word_1_341' title='bbox 2015 3377 2114 3418; x_wconf 91' lang='lat' dir='ltr'>unum</span> 
     </span>
    </p>
   </div>
   <div class='ocr_carea' id='block_1_6' title="bbox 281 3458 2156 5462">
    <p class='ocr_par' dir='ltr' id='par_1_8' title="bbox 281 3458 2156 5462">
     <span class='ocr_line' id='line_1_29' title="bbox 462 3458 2113 3545; baseline -0.001 -20"><span class='ocrx_word' id='word_1_342' title='bbox 462 3460 504 3526; x_wconf 92' lang='lat' dir='ltr'>de</span> <span class='ocrx_word' id='word_1_343' title='bbox 527 3462 653 3545; x_wconf 90' lang='lat' dir='ltr'>magnis</span> <span class='ocrx_word' id='word_1_344' title='bbox 678 3459 804 3525; x_wconf 92' lang='lat' dir='ltr'>duobus</span> <span class='ocrx_word' id='word_1_345' title='bbox 834 3458 1047 3524; x_wconf 90' lang='lat' dir='ltr'>luminaribus</span> <span class='ocrx_word' id='word_1_346' title='bbox 1071 3483 1089 3524; x_wconf 91' lang='lat' dir='ltr'>e</span> <span class='ocrx_word' id='word_1_347' title='bbox 1113 3459 1233 3524; x_wconf 91' lang='lat' dir='ltr'>mundo</span> <span class='ocrx_word' id='word_1_348' title='bbox 1263 3459 1385 3541; x_wconf 90' lang='lat' dir='ltr'>tuleris,</span> <span class='ocrx_word' id='word_1_349' title='bbox 1417 3461 1444 3522; x_wconf 93' lang='lat' dir='ltr'>si</span> <span class='ocrx_word' id='word_1_350' title='bbox 1467 3459 1520 3523; x_wconf 86' lang='lat' dir='ltr'>vel</span> <span class='ocrx_word' id='word_1_351' title='bbox 1542 3460 1715 3545; x_wconf 89' lang='lat' dir='ltr'>imperium</span> <span class='ocrx_word' id='word_1_352' title='bbox 1738 3482 1795 3524; x_wconf 92' lang='lat' dir='ltr'>suo</span> <span class='ocrx_word' id='word_1_353' title='bbox 1819 3459 1872 3524; x_wconf 85' lang='lat' dir='ltr'>vel</span> <span class='ocrx_word' id='word_1_354' title='bbox 1896 3461 2113 3524; x_wconf 88' lang='lat' dir='ltr'>sacerdotium</span> 
     </span>
     <span class='ocr_line' id='line_1_30' title="bbox 285 3565 2112 3653; baseline -0.002 -20"><span class='ocrx_word' id='word_1_355' title='bbox 285 3593 444 3642; x_wconf 51' lang='lat' dir='ltr'>asarenam.</span> <span class='ocrx_word' id='word_1_356' title='bbox 463 3589 520 3632; x_wconf 89' lang='lat' dir='ltr'>suo</span> <span class='ocrx_word' id='word_1_357' title='bbox 548 3568 662 3653; x_wconf 92' lang='lat' dir='ltr'>vigore</span> <span class='ocrx_word' id='word_1_358' title='bbox 692 3590 731 3631; x_wconf 87' lang='lat' dir='ltr'>ac</span> <span class='ocrx_word' id='word_1_359' title='bbox 761 3566 879 3631; x_wconf 91' lang='lat' dir='ltr'>decore</span> <span class='ocrx_word' id='word_1_360' title='bbox 910 3568 1059 3632; x_wconf 86' lang='lat' dir='ltr'>caruerit.</span> <span class='ocrx_word' id='word_1_361' title='bbox 1106 3566 1214 3630; x_wconf 89' lang='lat' dir='ltr'>Unam</span> <span class='ocrx_word' id='word_1_362' title='bbox 1245 3587 1373 3652; x_wconf 90' lang='lat' dir='ltr'>quoque</span> <span class='ocrx_word' id='word_1_363' title='bbox 1404 3565 1445 3629; x_wconf 92' lang='lat' dir='ltr'>de</span> <span class='ocrx_word' id='word_1_364' title='bbox 1476 3567 1602 3652; x_wconf 88' lang='lat' dir='ltr'>magnis</span> <span class='ocrx_word' id='word_1_365' title='bbox 1633 3565 1760 3631; x_wconf 89' lang='lat' dir='ltr'>duabus</span> <span class='ocrx_word' id='word_1_366' title='bbox 1791 3565 1948 3631; x_wconf 91' lang='lat' dir='ltr'>columnis</span> <span class='ocrx_word' id='word_1_367' title='bbox 1980 3589 1999 3630; x_wconf 90' lang='lat' dir='ltr'>a</span> <span class='ocrx_word' id='word_1_368' title='bbox 2028 3567 2112 3630; x_wconf 84' lang='lat' dir='ltr'>facie</span> 
     </span>
     <span class='ocr_line' id='line_1_31' title="bbox 462 3670 2154 3760; baseline -0.002 -22"><span class='ocrx_word' id='word_1_369' title='bbox 462 3672 574 3760; x_wconf 86' lang='lat' dir='ltr'>templi</span> <span class='ocrx_word' id='word_1_370' title='bbox 596 3673 707 3756; x_wconf 89' lang='lat' dir='ltr'>tulisti,</span> <span class='ocrx_word' id='word_1_371' title='bbox 736 3674 763 3738; x_wconf 91' lang='lat' dir='ltr'>si</span> <span class='ocrx_word' id='word_1_372' title='bbox 786 3672 840 3736; x_wconf 90' lang='lat' dir='ltr'>vel</span> <span class='ocrx_word' id='word_1_373' title='bbox 863 3672 1043 3737; x_wconf 90' lang='lat' dir='ltr'>sacerdotio</span> <span class='ocrx_word' id='word_1_374' title='bbox 1067 3674 1101 3736; x_wconf 95' lang='lat' dir='ltr'>in</span> <span class='ocrx_word' id='word_1_375' title='bbox 1125 3670 1345 3759; x_wconf 88' lang='lat' dir='ltr'>spiritualibus</span> <span class='ocrx_word' id='word_1_376' title='bbox 1369 3672 1422 3736; x_wconf 88' lang='lat' dir='ltr'>vel</span> <span class='ocrx_word' id='word_1_377' title='bbox 1445 3694 1546 3757; x_wconf 90' lang='lat' dir='ltr'>regno</span> <span class='ocrx_word' id='word_1_378' title='bbox 1569 3673 1603 3737; x_wconf 94' lang='lat' dir='ltr'>in</span> <span class='ocrx_word' id='word_1_379' title='bbox 1626 3671 1858 3759; x_wconf 88' lang='lat' dir='ltr'>temporalibus</span> <span class='ocrx_word' id='word_1_380' title='bbox 1882 3695 1940 3737; x_wconf 90' lang='lat' dir='ltr'>sua</span> <span class='ocrx_word' id='word_1_381' title='bbox 1963 3675 2036 3738; x_wconf 89' lang='lat' dir='ltr'>iura</span> <span class='ocrx_word' id='word_1_382' title='bbox 2059 3695 2113 3736; x_wconf 92' lang='lat' dir='ltr'>ne·</span> <span class='ocrx_word' id='word_1_383' title='bbox 2130 3695 2154 3735; x_wconf 83' lang='lat' dir='ltr'>so</span> 
     </span>
     <span class='ocr_line' id='line_1_32' title="bbox 351 3779 2112 3866; baseline -0.002 -20"><span class='ocrx_word' id='word_1_384' title='bbox 351 3781 602 3866; x_wconf 75' lang='lat' dir='ltr'>⁶p.1oa.gaveris.</span> <span class='ocrx_word' id='word_1_385' title='bbox 648 3779 765 3844; x_wconf 88' lang='lat' dir='ltr'>Melius</span> <span class='ocrx_word' id='word_1_386' title='bbox 790 3790 926 3865; x_wconf 89' lang='lat' dir='ltr'>utraque</span> <span class='ocrx_word' id='word_1_387' title='bbox 950 3789 1093 3865; x_wconf 88' lang='lat' dir='ltr'>potestas</span> <span class='ocrx_word' id='word_1_388' title='bbox 1118 3780 1184 3843; x_wconf 89' lang='lat' dir='ltr'>suis</span> <span class='ocrx_word' id='word_1_389' title='bbox 1208 3779 1270 3842; x_wconf 91' lang='lat' dir='ltr'>erit</span> <span class='ocrx_word' id='word_1_390' title='bbox 1292 3780 1437 3842; x_wconf 89' lang='lat' dir='ltr'>terminis</span> <span class='ocrx_word' id='word_1_391' title='bbox 1463 3783 1638 3860; x_wconf 66' lang='lat' dir='ltr'>*contenta</span> <span class='ocrx_word' id='word_1_392' title='bbox 1662 3802 1703 3844; x_wconf 93' lang='lat' dir='ltr'>ne</span> <span class='ocrx_word' id='word_1_393' title='bbox 1722 3779 1834 3844; x_wconf 82' lang='lat' dir='ltr'>aliena</span> <span class='ocrx_word' id='word_1_394' title='bbox 1855 3802 2049 3866; x_wconf 86' lang='lat' dir='ltr'>presumens</span> <span class='ocrx_word' id='word_1_395' title='bbox 2073 3779 2112 3843; x_wconf 91' lang='lat' dir='ltr'>de</span> 
     </span>
     <span class='ocr_line' id='line_1_33' title="bbox 462 3884 2112 3973; baseline 0 -23"><span class='ocrx_word' id='word_1_396' title='bbox 462 3909 520 3952; x_wconf 90' lang='lat' dir='ltr'>suo</span> <span class='ocrx_word' id='word_1_397' title='bbox 543 3884 680 3973; x_wconf 87' lang='lat' dir='ltr'>perdere</span> <span class='ocrx_word' id='word_1_398' title='bbox 704 3896 877 3950; x_wconf 88' lang='lat' dir='ltr'>mereatur.</span> <span class='ocrx_word' id='word_1_399' title='bbox 923 3885 1053 3950; x_wconf 82' lang='lat' dir='ltr'>Timent</span> <span class='ocrx_word' id='word_1_400' title='bbox 1076 3884 1227 3950; x_wconf 90' lang='lat' dir='ltr'>sacerdos</span> <span class='ocrx_word' id='word_1_401' title='bbox 1250 3908 1397 3972; x_wconf 89' lang='lat' dir='ltr'>pugnare</span> <span class='ocrx_word' id='word_1_402' title='bbox 1420 3888 1454 3949; x_wconf 94' lang='lat' dir='ltr'>in</span> <span class='ocrx_word' id='word_1_403' title='bbox 1477 3885 1585 3972; x_wconf 89' lang='lat' dir='ltr'>gladio</span> <span class='ocrx_word' id='word_1_404' title='bbox 1610 3886 1770 3952; x_wconf 88' lang='lat' dir='ltr'>materiali</span> <span class='ocrx_word' id='word_1_405' title='bbox 1793 3886 1845 3951; x_wconf 91' lang='lat' dir='ltr'>vel</span> <span class='ocrx_word' id='word_1_406' title='bbox 1868 3887 1902 3949; x_wconf 90' lang='lat' dir='ltr'>in</span> <span class='ocrx_word' id='word_1_407' title='bbox 1925 3887 1998 3972; x_wconf 91' lang='lat' dir='ltr'>ipso</span> <span class='ocrx_word' id='word_1_408' title='bbox 2022 3909 2112 3950; x_wconf 89' lang='lat' dir='ltr'>secu-</span> 
     </span>
     <span class='ocr_line' id='line_1_34' title="bbox 285 3992 2112 4081; baseline -0.002 -21"><span class='ocrx_word' id='word_1_409' title='bbox 285 4019 442 4069; x_wconf 68' lang='lat' dir='ltr'>mnuacaa</span> <span class='ocrx_word' id='word_1_410' title='bbox 461 3992 546 4057; x_wconf 88' lang='lat' dir='ltr'>lares</span> <span class='ocrx_word' id='word_1_411' title='bbox 569 3993 731 4057; x_wconf 88' lang='lat' dir='ltr'>vindictas</span> <span class='ocrx_word' id='word_1_412' title='bbox 754 3993 874 4076; x_wconf 85' lang='lat' dir='ltr'>facere,</span> <span class='ocrx_word' id='word_1_413' title='bbox 904 4013 946 4056; x_wconf 92' lang='lat' dir='ltr'>ne</span> <span class='ocrx_word' id='word_1_414' title='bbox 970 3993 1063 4077; x_wconf 91' lang='lat' dir='ltr'>argui</span> <span class='ocrx_word' id='word_1_415' title='bbox 1087 4015 1161 4056; x_wconf 89' lang='lat' dir='ltr'>cum</span> <span class='ocrx_word' id='word_1_416' title='bbox 1184 3992 1281 4056; x_wconf 86' lang='lat' dir='ltr'>Petro</span> <span class='ocrx_word' id='word_1_417' title='bbox 1305 4003 1469 4057; x_wconf 89' lang='lat' dir='ltr'>mereatur</span> <span class='ocrx_word' id='word_1_418' title='bbox 1491 4015 1511 4057; x_wconf 92' lang='lat' dir='ltr'>a</span> <span class='ocrx_word' id='word_1_419' title='bbox 1533 3992 1675 4058; x_wconf 93' lang='lat' dir='ltr'>Domino</span> <span class='ocrx_word' id='word_1_420' title='bbox 1700 3992 1844 4058; x_wconf 89' lang='lat' dir='ltr'>dicente:</span> <span class='ocrx_word' id='word_1_421' title='bbox 1874 3993 2023 4058; x_wconf 79' lang='lat' dir='ltr'>Converte</span> <span class='ocrx_word' id='word_1_422' title='bbox 2044 3995 2112 4081; x_wconf 74' lang='lat' dir='ltr'>pla·</span> 
     </span>
     <span class='ocr_line' id='line_1_35' title="bbox 461 4097 2112 4186; baseline -0.002 -21"><span class='ocrx_word' id='word_1_423' title='bbox 461 4102 551 4166; x_wconf 81' lang='lat' dir='ltr'>dium</span> <span class='ocrx_word' id='word_1_424' title='bbox 574 4115 658 4165; x_wconf 83' lang='lat' dir='ltr'>tunm</span> <span class='ocrx_word' id='word_1_425' title='bbox 686 4103 722 4165; x_wconf 79' lang='lat' dir='ltr'>in</span> <span class='ocrx_word' id='word_1_426' title='bbox 745 4101 845 4165; x_wconf 83' lang='lat' dir='ltr'>locum</span> <span class='ocrx_word' id='word_1_427' title='bbox 868 4125 976 4182; x_wconf 62' lang='lat' dir='ltr'>suarm·</span> <span class='ocrx_word' id='word_1_428' title='bbox 1005 4108 1105 4181; x_wconf 90' lang='lat' dir='ltr'>tuum,</span> <span class='ocrx_word' id='word_1_429' title='bbox 1137 4099 1251 4186; x_wconf 89' lang='lat' dir='ltr'>inquit,</span> <span class='ocrx_word' id='word_1_430' title='bbox 1281 4121 1346 4162; x_wconf 92' lang='lat' dir='ltr'>non</span> <span class='ocrx_word' id='word_1_431' title='bbox 1376 4121 1493 4163; x_wconf 91' lang='lat' dir='ltr'>meum.</span> <span class='ocrx_word' id='word_1_432' title='bbox 1542 4097 1679 4184; x_wconf 81' lang='lat' dir='ltr'>Gladius</span> <span class='ocrx_word' id='word_1_433' title='bbox 1703 4100 1789 4163; x_wconf 91' lang='lat' dir='ltr'>enim</span> <span class='ocrx_word' id='word_1_434' title='bbox 1811 4097 1865 4163; x_wconf 91' lang='lat' dir='ltr'>ille</span> <span class='ocrx_word' id='word_1_435' title='bbox 1888 4099 1954 4163; x_wconf 86' lang='lat' dir='ltr'>iam</span> <span class='ocrx_word' id='word_1_436' title='bbox 1978 4098 2112 4164; x_wconf 92' lang='lat' dir='ltr'>Domini</span> 
     </span>
     <span class='ocr_line' id='line_1_36' title="bbox 462 4203 2154 4292; baseline -0.001 -22"><span class='ocrx_word' id='word_1_437' title='bbox 462 4228 533 4270; x_wconf 92' lang='lat' dir='ltr'>esse</span> <span class='ocrx_word' id='word_1_438' title='bbox 557 4205 686 4288; x_wconf 89' lang='lat' dir='ltr'>desinit,</span> <span class='ocrx_word' id='word_1_439' title='bbox 712 4207 767 4292; x_wconf 89' lang='lat' dir='ltr'>qui</span> <span class='ocrx_word' id='word_1_440' title='bbox 791 4205 914 4292; x_wconf 89' lang='lat' dir='ltr'>absque</span> <span class='ocrx_word' id='word_1_441' title='bbox 938 4205 1005 4270; x_wconf 91' lang='lat' dir='ltr'>Dei</span> <span class='ocrx_word' id='word_1_442' title='bbox 1028 4204 1230 4270; x_wconf 87' lang='lat' dir='ltr'>ordinatione</span> <span class='ocrx_word' id='word_1_443' title='bbox 1255 4228 1274 4268; x_wconf 90' lang='lat' dir='ltr'>a</span> <span class='ocrx_word' id='word_1_444' title='bbox 1298 4205 1466 4270; x_wconf 88' lang='lat' dir='ltr'>sacerdote</span> <span class='ocrx_word' id='word_1_445' title='bbox 1489 4203 1646 4270; x_wconf 77' lang='lat' dir='ltr'>vibratur.</span> <span class='ocrx_word' id='word_1_446' title='bbox 1693 4205 1778 4270; x_wconf 89' lang='lat' dir='ltr'>Nam</span> <span class='ocrx_word' id='word_1_447' title='bbox 1801 4207 1884 4270; x_wconf 89' lang='lat' dir='ltr'>sieut</span> <span class='ocrx_word' id='word_1_448' title='bbox 1907 4227 1971 4292; x_wconf 91' lang='lat' dir='ltr'>que</span> <span class='ocrx_word' id='word_1_449' title='bbox 1996 4228 2016 4269; x_wconf 88' lang='lat' dir='ltr'>a</span> <span class='ocrx_word' id='word_1_450' title='bbox 2039 4205 2112 4269; x_wconf 90' lang='lat' dir='ltr'>Deo</span> <span class='ocrx_word' id='word_1_451' title='bbox 2130 4228 2154 4268; x_wconf 77' lang='lat' dir='ltr'>u</span> 
     </span>
     <span class='ocr_line' id='line_1_37' title="bbox 461 4311 2112 4398; baseline 0 -22"><span class='ocrx_word' id='word_1_452' title='bbox 461 4322 536 4377; x_wconf 89' lang='lat' dir='ltr'>sunt</span> <span class='ocrx_word' id='word_1_453' title='bbox 558 4312 708 4377; x_wconf 86' lang='lat' dir='ltr'>ordinata</span> <span class='ocrx_word' id='word_1_454' title='bbox 731 4321 814 4394; x_wconf 88' lang='lat' dir='ltr'>sunt,</span> <span class='ocrx_word' id='word_1_455' title='bbox 838 4313 884 4376; x_wconf 87' lang='lat' dir='ltr'>ita</span> <span class='ocrx_word' id='word_1_456' title='bbox 907 4334 924 4375; x_wconf 91' lang='lat' dir='ltr'>e</span> <span class='ocrx_word' id='word_1_457' title='bbox 949 4311 1078 4376; x_wconf 91' lang='lat' dir='ltr'>diverso</span> <span class='ocrx_word' id='word_1_458' title='bbox 1102 4333 1165 4398; x_wconf 91' lang='lat' dir='ltr'>que</span> <span class='ocrx_word' id='word_1_459' title='bbox 1190 4311 1340 4376; x_wconf 85' lang='lat' dir='ltr'>ordinata</span> <span class='ocrx_word' id='word_1_460' title='bbox 1366 4335 1432 4376; x_wconf 93' lang='lat' dir='ltr'>non</span> <span class='ocrx_word' id='word_1_461' title='bbox 1456 4323 1529 4377; x_wconf 90' lang='lat' dir='ltr'>sunt</span> <span class='ocrx_word' id='word_1_462' title='bbox 1553 4335 1573 4376; x_wconf 87' lang='lat' dir='ltr'>a</span> <span class='ocrx_word' id='word_1_463' title='bbox 1595 4312 1668 4377; x_wconf 92' lang='lat' dir='ltr'>Deo</span> <span class='ocrx_word' id='word_1_464' title='bbox 1692 4335 1757 4378; x_wconf 91' lang='lat' dir='ltr'>non</span> <span class='ocrx_word' id='word_1_465' title='bbox 1780 4322 1864 4378; x_wconf 91' lang='lat' dir='ltr'>sunt.</span> <span class='ocrx_word' id='word_1_466' title='bbox 1912 4311 2043 4376; x_wconf 83' lang='lat' dir='ltr'>Timeat</span> <span class='ocrx_word' id='word_1_467' title='bbox 2066 4314 2112 4376; x_wconf 93' lang='lat' dir='ltr'>in-</span> 
     </span>
     <span class='ocr_line' id='line_1_38' title="bbox 281 4417 2113 4507; baseline 0.001 -25"><span class='ocrx_word' id='word_1_468' title='bbox 281 4417 443 4492; x_wconf 68' lang='lat' dir='ltr'>&#39;rruaaa</span> <span class='ocrx_word' id='word_1_469' title='bbox 462 4441 559 4505; x_wconf 91' lang='lat' dir='ltr'>super</span> <span class='ocrx_word' id='word_1_470' title='bbox 578 4419 676 4482; x_wconf 91' lang='lat' dir='ltr'>etiam</span> <span class='ocrx_word' id='word_1_471' title='bbox 698 4417 814 4503; x_wconf 91' lang='lat' dir='ltr'>repelli</span> <span class='ocrx_word' id='word_1_472' title='bbox 837 4441 857 4482; x_wconf 92' lang='lat' dir='ltr'>a</span> <span class='ocrx_word' id='word_1_473' title='bbox 880 4418 1062 4483; x_wconf 90' lang='lat' dir='ltr'>sacerdotio</span> <span class='ocrx_word' id='word_1_474' title='bbox 1086 4417 1214 4482; x_wconf 91' lang='lat' dir='ltr'>dicente</span> <span class='ocrx_word' id='word_1_475' title='bbox 1230 4417 1389 4483; x_wconf 92' lang='lat' dir='ltr'>Domino:</span> <span class='ocrx_word' id='word_1_476' title='bbox 1414 4419 1488 4484; x_wconf 88' lang='lat' dir='ltr'>Non</span> <span class='ocrx_word' id='word_1_477' title='bbox 1511 4420 1676 4507; x_wconf 78' lang='lat' dir='ltr'>edificabis</span> <span class='ocrx_word' id='word_1_478' title='bbox 1698 4421 1781 4485; x_wconf 81' lang='lat' dir='ltr'>milri</span> <span class='ocrx_word' id='word_1_479' title='bbox 1801 4420 1936 4500; x_wconf 85' lang='lat' dir='ltr'>domum,</span> <span class='ocrx_word' id='word_1_480' title='bbox 1960 4423 2037 4506; x_wconf 78' lang='lat' dir='ltr'>qnia</span> <span class='ocrx_word' id='word_1_481' title='bbox 2063 4423 2113 4484; x_wconf 81' lang='lat' dir='ltr'>cir</span> 
     </span>
     <span class='ocr_line' id='line_1_39' title="bbox 461 4524 2112 4613; baseline -0.001 -23"><span class='ocrx_word' id='word_1_482' title='bbox 461 4529 649 4613; x_wconf 69' lang='lat' dir='ltr'>sceptrinum</span> <span class='ocrx_word' id='word_1_483' title='bbox 672 4549 712 4590; x_wconf 86' lang='lat' dir='ltr'>es.</span> <span class='ocrx_word' id='word_1_484' title='bbox 759 4524 885 4588; x_wconf 88' lang='lat' dir='ltr'>Metuat</span> <span class='ocrx_word' id='word_1_485' title='bbox 907 4547 1036 4611; x_wconf 89' lang='lat' dir='ltr'>quoque</span> <span class='ocrx_word' id='word_1_486' title='bbox 1059 4525 1236 4611; x_wconf 90' lang='lat' dir='ltr'>imperator</span> <span class='ocrx_word' id='word_1_487' title='bbox 1259 4535 1315 4589; x_wconf 90' lang='lat' dir='ltr'>aut</span> <span class='ocrx_word' id='word_1_488' title='bbox 1337 4548 1397 4589; x_wconf 85' lang='lat' dir='ltr'>rex</span> <span class='ocrx_word' id='word_1_489' title='bbox 1422 4525 1638 4591; x_wconf 89' lang='lat' dir='ltr'>sacerdotalia</span> <span class='ocrx_word' id='word_1_490' title='bbox 1661 4525 1723 4590; x_wconf 92' lang='lat' dir='ltr'>sibi</span> <span class='ocrx_word' id='word_1_491' title='bbox 1746 4525 1932 4607; x_wconf 87' lang='lat' dir='ltr'>vendicare,</span> <span class='ocrx_word' id='word_1_492' title='bbox 1955 4547 1998 4589; x_wconf 90' lang='lat' dir='ltr'>ne</span> <span class='ocrx_word' id='word_1_493' title='bbox 2022 4525 2112 4612; x_wconf 90' lang='lat' dir='ltr'>lepra</span> 
     </span>
     <span class='ocr_line' id='line_1_40' title="bbox 283 4630 2111 4718; baseline -0.001 -22"><span class='ocrx_word' id='word_1_494' title='bbox 283 4656 443 4707; x_wconf 62' lang='lat' dir='ltr'>annnam.</span> <span class='ocrx_word' id='word_1_495' title='bbox 462 4631 542 4696; x_wconf 85' lang='lat' dir='ltr'>Ozie</span> <span class='ocrx_word' id='word_1_496' title='bbox 566 4632 766 4718; x_wconf 88' lang='lat' dir='ltr'>percutiatur</span> <span class='ocrx_word' id='word_1_497' title='bbox 788 4632 823 4694; x_wconf 95' lang='lat' dir='ltr'>in</span> <span class='ocrx_word' id='word_1_498' title='bbox 845 4631 950 4696; x_wconf 83' lang='lat' dir='ltr'>fronte</span> <span class='ocrx_word' id='word_1_499' title='bbox 975 4641 1008 4696; x_wconf 91' lang='lat' dir='ltr'>et</span> <span class='ocrx_word' id='word_1_500' title='bbox 1031 4632 1169 4696; x_wconf 88' lang='lat' dir='ltr'>extorris</span> <span class='ocrx_word' id='word_1_501' title='bbox 1191 4654 1257 4696; x_wconf 92' lang='lat' dir='ltr'>non</span> <span class='ocrx_word' id='word_1_502' title='bbox 1280 4630 1383 4696; x_wconf 89' lang='lat' dir='ltr'>solum</span> <span class='ocrx_word' id='word_1_503' title='bbox 1408 4655 1427 4696; x_wconf 92' lang='lat' dir='ltr'>a</span> <span class='ocrx_word' id='word_1_504' title='bbox 1450 4632 1641 4716; x_wconf 90' lang='lat' dir='ltr'>sacerdotio,</span> <span class='ocrx_word' id='word_1_505' title='bbox 1673 4631 1731 4696; x_wconf 92' lang='lat' dir='ltr'>sed</span> <span class='ocrx_word' id='word_1_506' title='bbox 1756 4634 1853 4696; x_wconf 89' lang='lat' dir='ltr'>etiam</span> <span class='ocrx_word' id='word_1_507' title='bbox 1878 4655 1897 4696; x_wconf 90' lang='lat' dir='ltr'>a</span> <span class='ocrx_word' id='word_1_508' title='bbox 1920 4654 2020 4717; x_wconf 92' lang='lat' dir='ltr'>regno</span> <span class='ocrx_word' id='word_1_509' title='bbox 2045 4633 2111 4696; x_wconf 87' lang='lat' dir='ltr'>fiat.</span> 
     </span>
     <span class='ocr_line' id='line_1_41' title="bbox 284 4735 2155 4828; baseline 0 -26"><span class='ocrx_word' id='word_1_510' title='bbox 284 4762 443 4813; x_wconf 63' lang='lat' dir='ltr'>raanan.</span> <span class='ocrx_word' id='word_1_511' title='bbox 460 4735 586 4802; x_wconf 77' lang='lat' dir='ltr'>Caveat</span> <span class='ocrx_word' id='word_1_512' title='bbox 609 4737 756 4802; x_wconf 91' lang='lat' dir='ltr'>scindere</span> <span class='ocrx_word' id='word_1_513' title='bbox 786 4737 920 4824; x_wconf 92' lang='lat' dir='ltr'>pallium</span> <span class='ocrx_word' id='word_1_514' title='bbox 944 4737 1113 4820; x_wconf 87' lang='lat' dir='ltr'>Samuelis,</span> <span class='ocrx_word' id='word_1_515' title='bbox 1137 4760 1179 4801; x_wconf 91' lang='lat' dir='ltr'>ne</span> <span class='ocrx_word' id='word_1_516' title='bbox 1204 4737 1330 4802; x_wconf 88' lang='lat' dir='ltr'>dicatur</span> <span class='ocrx_word' id='word_1_517' title='bbox 1353 4739 1383 4802; x_wconf 91' lang='lat' dir='ltr'>ei</span> <span class='ocrx_word' id='word_1_518' title='bbox 1407 4761 1427 4801; x_wconf 90' lang='lat' dir='ltr'>a</span> <span class='ocrx_word' id='word_1_519' title='bbox 1450 4738 1624 4824; x_wconf 90' lang='lat' dir='ltr'>propheta:</span> <span class='ocrx_word' id='word_1_520' title='bbox 1650 4739 1780 4804; x_wconf 82' lang='lat' dir='ltr'>Scindet</span> <span class='ocrx_word' id='word_1_521' title='bbox 1802 4739 1959 4804; x_wconf 83' lang='lat' dir='ltr'>Dominus</span> <span class='ocrx_word' id='word_1_522' title='bbox 1983 4764 2111 4828; x_wconf 67' lang='lat' dir='ltr'>requam</span> <span class='ocrx_word' id='word_1_523' title='bbox 2130 4763 2155 4801; x_wconf 79' lang='lat' dir='ltr'>a</span> 
     </span>
     <span class='ocr_line' id='line_1_42' title="bbox 292 4843 2113 4932; baseline 0.001 -23"><span class='ocrx_word' id='word_1_524' title='bbox 292 4869 360 4912; x_wconf 68' lang='lat' dir='ltr'>une.</span> <span class='ocrx_word' id='word_1_525' title='bbox 368 4869 401 4918; x_wconf 79' lang='lat' dir='ltr'>ir,</span> <span class='ocrx_word' id='word_1_526' title='bbox 410 4869 442 4912; x_wconf 83' lang='lat' dir='ltr'>rr.</span> <span class='ocrx_word' id='word_1_527' title='bbox 460 4859 546 4910; x_wconf 80' lang='lat' dir='ltr'>tuum</span> <span class='ocrx_word' id='word_1_528' title='bbox 568 4871 588 4909; x_wconf 86' lang='lat' dir='ltr'>u</span> <span class='ocrx_word' id='word_1_529' title='bbox 612 4859 647 4910; x_wconf 86' lang='lat' dir='ltr'>te.</span> <span class='ocrx_word' id='word_1_530' title='bbox 695 4843 841 4908; x_wconf 88' lang='lat' dir='ltr'>Audiant</span> <span class='ocrx_word' id='word_1_531' title='bbox 870 4843 1040 4930; x_wconf 89' lang='lat' dir='ltr'>pontifices</span> <span class='ocrx_word' id='word_1_532' title='bbox 1070 4844 1304 4931; x_wconf 89' lang='lat' dir='ltr'>precipientem</span> <span class='ocrx_word' id='word_1_533' title='bbox 1336 4843 1398 4908; x_wconf 89' lang='lat' dir='ltr'>sibi</span> <span class='ocrx_word' id='word_1_534' title='bbox 1421 4844 1614 4909; x_wconf 91' lang='lat' dir='ltr'>Dominum:</span> <span class='ocrx_word' id='word_1_535' title='bbox 1646 4845 1782 4911; x_wconf 78' lang='lat' dir='ltr'>Reddite</span> <span class='ocrx_word' id='word_1_536' title='bbox 1812 4871 1870 4932; x_wconf 84' lang='lat' dir='ltr'>que</span> <span class='ocrx_word' id='word_1_537' title='bbox 1899 4859 1971 4911; x_wconf 83' lang='lat' dir='ltr'>sunt</span> <span class='ocrx_word' id='word_1_538' title='bbox 1994 4849 2113 4912; x_wconf 79' lang='lat' dir='ltr'>cesarr&#39;s</span> 
     </span>
     <span class='ocr_line' id='line_1_43' title="bbox 460 4950 2111 5037; baseline 0 -21"><span class='ocrx_word' id='word_1_539' title='bbox 460 4954 566 5016; x_wconf 81' lang='lat' dir='ltr'>cesari</span> <span class='ocrx_word' id='word_1_540' title='bbox 593 4966 621 5016; x_wconf 87' lang='lat' dir='ltr'>et</span> <span class='ocrx_word' id='word_1_541' title='bbox 649 4977 707 5037; x_wconf 83' lang='lat' dir='ltr'>qne</span> <span class='ocrx_word' id='word_1_542' title='bbox 736 4965 809 5016; x_wconf 83' lang='lat' dir='ltr'>sunt</span> <span class='ocrx_word' id='word_1_543' title='bbox 830 4951 897 5016; x_wconf 81' lang='lat' dir='ltr'>Dei</span> <span class='ocrx_word' id='word_1_544' title='bbox 917 4951 996 5032; x_wconf 85' lang='lat' dir='ltr'>Deo,</span> <span class='ocrx_word' id='word_1_545' title='bbox 1023 4960 1072 5032; x_wconf 94' lang='lat' dir='ltr'>ut,</span> <span class='ocrx_word' id='word_1_546' title='bbox 1104 4951 1131 5014; x_wconf 93' lang='lat' dir='ltr'>si</span> <span class='ocrx_word' id='word_1_547' title='bbox 1162 4950 1286 5036; x_wconf 88' lang='lat' dir='ltr'>regalia</span> <span class='ocrx_word' id='word_1_548' title='bbox 1314 4950 1473 5015; x_wconf 86' lang='lat' dir='ltr'>aecclesie</span> <span class='ocrx_word' id='word_1_549' title='bbox 1501 4973 1521 5014; x_wconf 93' lang='lat' dir='ltr'>a</span> <span class='ocrx_word' id='word_1_550' title='bbox 1543 4950 1674 5037; x_wconf 87' lang='lat' dir='ltr'>regibus</span> <span class='ocrx_word' id='word_1_551' title='bbox 1703 4951 1824 5016; x_wconf 89' lang='lat' dir='ltr'>tradita</span> <span class='ocrx_word' id='word_1_552' title='bbox 1852 4960 1963 5016; x_wconf 90' lang='lat' dir='ltr'>tenere</span> <span class='ocrx_word' id='word_1_553' title='bbox 1987 4951 2111 5035; x_wconf 91' lang='lat' dir='ltr'>volunt,</span> 
     </span>
     <span class='ocr_line' id='line_1_44' title="bbox 283 5055 2113 5144; baseline 0.001 -24"><span class='ocrx_word' id='word_1_554' title='bbox 283 5083 301 5124; x_wconf 89' lang='lat'>1.</span> <span class='ocrx_word' id='word_1_555' title='bbox 309 5081 370 5124; x_wconf 67' lang='lat' dir='ltr'>rau.</span> <span class='ocrx_word' id='word_1_556' title='bbox 379 5081 400 5131; x_wconf 79' lang='lat' dir='ltr'>a,</span> <span class='ocrx_word' id='word_1_557' title='bbox 409 5083 442 5124; x_wconf 77' lang='grc' dir='ltr'>ιτ.</span> <span class='ocrx_word' id='word_1_558' title='bbox 460 5055 593 5143; x_wconf 90' lang='lat' dir='ltr'>regibus</span> <span class='ocrx_word' id='word_1_559' title='bbox 616 5057 691 5121; x_wconf 92' lang='lat' dir='ltr'>inde</span> <span class='ocrx_word' id='word_1_560' title='bbox 715 5058 835 5122; x_wconf 91' lang='lat' dir='ltr'>iustum</span> <span class='ocrx_word' id='word_1_561' title='bbox 859 5079 898 5121; x_wconf 89' lang='lat' dir='ltr'>ac</span> <span class='ocrx_word' id='word_1_562' title='bbox 922 5056 1093 5121; x_wconf 90' lang='lat' dir='ltr'>decentem</span> <span class='ocrx_word' id='word_1_563' title='bbox 1116 5057 1271 5122; x_wconf 91' lang='lat' dir='ltr'>honorem</span> <span class='ocrx_word' id='word_1_564' title='bbox 1295 5056 1480 5122; x_wconf 88' lang='lat' dir='ltr'>exhibeant.</span> <span class='ocrx_word' id='word_1_565' title='bbox 1517 5056 1661 5122; x_wconf 89' lang='lat' dir='ltr'>Audiant</span> <span class='ocrx_word' id='word_1_566' title='bbox 1684 5058 1761 5122; x_wconf 91' lang='lat' dir='ltr'>item</span> <span class='ocrx_word' id='word_1_567' title='bbox 1786 5057 1983 5144; x_wconf 90' lang='lat' dir='ltr'>apostolum:</span> <span class='ocrx_word' id='word_1_568' title='bbox 2009 5059 2113 5124; x_wconf 82' lang='lat' dir='ltr'>Deum</span> 
     </span>
     <span class='ocr_line' id='line_1_45' title="bbox 460 5163 2111 5252; baseline 0.001 -24"><span class='ocrx_word' id='word_1_569' title='bbox 460 5166 571 5244; x_wconf 79' lang='lat' dir='ltr'>timete,</span> <span class='ocrx_word' id='word_1_570' title='bbox 594 5189 695 5252; x_wconf 72' lang='lat' dir='ltr'>repam</span> <span class='ocrx_word' id='word_1_571' title='bbox 712 5165 922 5252; x_wconf 75' lang='lat' dir='ltr'>honorificate.</span> <span class='ocrx_word' id='word_1_572' title='bbox 959 5163 1045 5228; x_wconf 87' lang='lat' dir='ltr'>Sane</span> <span class='ocrx_word' id='word_1_573' title='bbox 1062 5163 1139 5227; x_wconf 92' lang='lat' dir='ltr'>dum</span> <span class='ocrx_word' id='word_1_574' title='bbox 1161 5164 1281 5228; x_wconf 91' lang='lat' dir='ltr'>iustum</span> <span class='ocrx_word' id='word_1_575' title='bbox 1305 5186 1343 5228; x_wconf 89' lang='lat' dir='ltr'>ac</span> <span class='ocrx_word' id='word_1_576' title='bbox 1361 5163 1530 5228; x_wconf 89' lang='lat' dir='ltr'>decentem</span> <span class='ocrx_word' id='word_1_577' title='bbox 1553 5163 1709 5228; x_wconf 91' lang='lat' dir='ltr'>honorem</span> <span class='ocrx_word' id='word_1_578' title='bbox 1732 5163 1864 5249; x_wconf 88' lang='lat' dir='ltr'>regibus</span> <span class='ocrx_word' id='word_1_579' title='bbox 1889 5163 2111 5229; x_wconf 87' lang='lat' dir='ltr'>exhibendum</span> 
     </span>
     <span class='ocr_line' id='line_1_46' title="bbox 461 5257 2156 5355; baseline 0.001 -22"><span class='ocrx_word' id='word_1_580' title='bbox 461 5292 481 5333; x_wconf 90' lang='lat' dir='ltr'>a</span> <span class='ocrx_word' id='word_1_581' title='bbox 504 5257 727 5334; x_wconf 88' lang='lat' dir='ltr'>sacerdotibus</span> <span class='ocrx_word' id='word_1_582' title='bbox 749 5269 874 5355; x_wconf 86' lang='lat' dir='ltr'>regalia</span> <span class='ocrx_word' id='word_1_583' title='bbox 895 5268 1080 5334; x_wconf 91' lang='lat' dir='ltr'>tenentibus</span> <span class='ocrx_word' id='word_1_584' title='bbox 1104 5291 1284 5352; x_wconf 86' lang='lat' dir='ltr'>censemus,</span> <span class='ocrx_word' id='word_1_585' title='bbox 1307 5269 1442 5334; x_wconf 91' lang='lat' dir='ltr'>hominii</span> <span class='ocrx_word' id='word_1_586' title='bbox 1458 5268 1688 5355; x_wconf 90' lang='lat' dir='ltr'>obligationem</span> <span class='ocrx_word' id='word_1_587' title='bbox 1712 5271 1746 5333; x_wconf 93' lang='lat' dir='ltr'>in</span> <span class='ocrx_word' id='word_1_588' title='bbox 1767 5269 1823 5334; x_wconf 91' lang='lat' dir='ltr'>illa</span> <span class='ocrx_word' id='word_1_589' title='bbox 1837 5270 1969 5335; x_wconf 89' lang='lat' dir='ltr'>honoris</span> <span class='ocrx_word' id='word_1_590' title='bbox 1986 5270 2112 5336; x_wconf 87' lang='lat' dir='ltr'>exhibi·</span> <span class='ocrx_word' id='word_1_591' title='bbox 2130 5295 2156 5334; x_wconf 80' lang='lat' dir='ltr'>u</span> 
     </span>
     <span class='ocr_line' id='line_1_47' title="bbox 303 5375 2112 5462; baseline 0.002 -22"><span class='ocrx_word' id='word_1_592' title='bbox 303 5401 443 5451; x_wconf 72' lang='lat' dir='ltr'>armas</span> <span class='ocrx_word' id='word_1_593' title='bbox 461 5376 547 5440; x_wconf 89' lang='lat' dir='ltr'>tione</span> <span class='ocrx_word' id='word_1_594' title='bbox 564 5376 798 5441; x_wconf 90' lang='lat' dir='ltr'>numerandam</span> <span class='ocrx_word' id='word_1_595' title='bbox 814 5399 879 5441; x_wconf 91' lang='lat' dir='ltr'>non</span> <span class='ocrx_word' id='word_1_596' title='bbox 894 5385 1056 5462; x_wconf 88' lang='lat' dir='ltr'>putamus,</span> <span class='ocrx_word' id='word_1_597' title='bbox 1077 5375 1230 5440; x_wconf 87' lang='lat' dir='ltr'>videlicet</span> <span class='ocrx_word' id='word_1_598' title='bbox 1248 5397 1290 5440; x_wconf 91' lang='lat' dir='ltr'>ne</span> <span class='ocrx_word' id='word_1_599' title='bbox 1309 5375 1453 5462; x_wconf 89' lang='lat' dir='ltr'>apostolo</span> <span class='ocrx_word' id='word_1_600' title='bbox 1470 5377 1633 5441; x_wconf 85' lang='lat' dir='ltr'>contraria</span> <span class='ocrx_word' id='word_1_601' title='bbox 1656 5377 1832 5441; x_wconf 88' lang='lat' dir='ltr'>sentiamus</span> <span class='ocrx_word' id='word_1_602' title='bbox 1849 5376 1987 5442; x_wconf 87' lang='lat' dir='ltr'>dicenti:</span> <span class='ocrx_word' id='word_1_603' title='bbox 2012 5378 2112 5444; x_wconf 83' lang='lat' dir='ltr'>Nemo</span> 
     </span>
    </p>
   </div>
   <div class='ocr_carea' id='block_1_7' title="bbox 568 5572 939 5642">
    <p class='ocr_par' dir='ltr' id='par_1_9' title="bbox 568 5572 939 5642">
     <span class='ocr_line' id='line_1_48' title="bbox 568 5572 939 5642; baseline -0.003 -15"><span class='ocrx_word' id='word_1_604' title='bbox 568 5572 594 5637; x_wconf 76' lang='lat' dir='ltr'>a)</span> <span class='ocrx_word' id='word_1_605' title='bbox 615 5576 692 5626; x_wconf 78' lang='lat' dir='ltr'>minio</span> <span class='ocrx_word' id='word_1_606' title='bbox 710 5577 738 5626; x_wconf 86' lang='lat' dir='ltr'>in</span> <span class='ocrx_word' id='word_1_607' title='bbox 756 5593 835 5642; x_wconf 77' lang='lat' dir='ltr'>mcrp.</span> <span class='ocrx_word' id='word_1_608' title='bbox 853 5592 900 5626; x_wconf 83' lang='lat' dir='ltr'>aer.</span> <span class='ocrx_word' id='word_1_609' title='bbox 919 5593 939 5626; x_wconf 87' lang='lat' dir='ltr'>c.</span> 
     </span>
    </p>
   </div>
   <div class='ocr_carea' id='block_1_8' title="bbox 571 5736 1974 5818">
    <p class='ocr_par' dir='ltr' id='par_1_10' title="bbox 571 5736 1974 5818">
     <span class='ocr_line' id='line_1_49' title="bbox 571 5736 1974 5818; baseline 0.004 -25"><span class='ocrx_word' id='word_1_610' title='bbox 571 5737 600 5808; x_wconf 90' lang='lat'>1)</span> <span class='ocrx_word' id='word_1_611' title='bbox 627 5736 675 5810; x_wconf 80' lang='lat' dir='ltr'>Os.</span> <span class='ocrx_word' id='word_1_612' title='bbox 693 5757 783 5814; x_wconf 82' lang='lat' dir='ltr'>supro</span> <span class='ocrx_word' id='word_1_613' title='bbox 800 5757 834 5813; x_wconf 86' lang='lat' dir='ltr'>p.</span> <span class='ocrx_word' id='word_1_614' title='bbox 852 5738 925 5795; x_wconf 85' lang='lat'><strong>313.</strong></span> <span class='ocrx_word' id='word_1_615' title='bbox 1018 5738 1048 5808; x_wconf 81' lang='grc'>2)</span> <span class='ocrx_word' id='word_1_616' title='bbox 1075 5739 1266 5796; x_wconf 83' lang='lat' dir='ltr'>Mediolanum</span> <span class='ocrx_word' id='word_1_617' title='bbox 1291 5740 1401 5809; x_wconf 82' lang='lat' dir='ltr'>dicitnr,</span> <span class='ocrx_word' id='word_1_618' title='bbox 1425 5740 1496 5798; x_wconf 81' lang='lat' dir='ltr'>sicut</span> <span class='ocrx_word' id='word_1_619' title='bbox 1520 5739 1742 5818; x_wconf 73' lang='lat' dir='ltr'>Scheibelberper</span> <span class='ocrx_word' id='word_1_620' title='bbox 1765 5749 1839 5798; x_wconf 86' lang='lat' dir='ltr'>recte</span> <span class='ocrx_word' id='word_1_621' title='bbox 1861 5741 1974 5798; x_wconf 78' lang='lat' dir='ltr'>rnonuit.</span> 
     </span>
    </p>
   </div>
   <div class='ocr_carea' id='block_1_9' title="bbox 0 0 2214 6407">
    <p class='ocr_par' dir='ltr' id='par_1_11' title="bbox 0 0 2214 6407">
     <span class='ocr_line' id='line_1_50' title="bbox 0 0 2214 6407; baseline 0 0"><span class='ocrx_word' id='word_1_622' title='bbox 0 0 2214 6407; x_wconf 95' lang='lat' dir='ltr'> </span> 
     </span>
    </p>
   </div>
  </div>
 </body>
</html>
