4478 6396
452 371 515 434 232
744 375 928 434 GERHOHl.
948 375 1180 432 PRAEPOSITI
1205 373 1612 430 RElCHERSBERGENSlS
1637 373 1802 430 LIBELLI.

450 588 547 652 quam
582 586 665 651 quae
702 565 743 627 sit
775 585 853 627 vera
886 563 1065 649 penitentia
1100 560 1307 642 clericorum,
1343 561 1384 625 (16
1420 559 1538 646 quibus
1572 570 1681 624 tamen
1717 560 1905 646 specialiter
1938 559 1999 623 fuit
2034 581 2106 645 pro-

346 727 348 730 .
450 673 601 759 positum.
712 701 715 710 ³

355 1443 384 1485 *t
392 1443 432 1484 θ’.

312 2653 361 2693 leh.
369 2655 389 2700 8,
397 2654 432 2693 tt.

361 3195 390 3234 ‘f-
398 3194 431 3234 ss.

312 3247 348 3287 Ps.
357 3247 390 3296 28,
399 3247 433 3287 1².

557 777 594 842 R.
636 777 752 842 Nonne
783 775 843 842 tibi
874 777 1062 840 satisfacere
1093 785 1245 862 poterunt
1275 773 1377 838 verba
1407 773 1495 839 beati
1526 773 1703 860 Augustini
1738 797 1836 860 supra
1870 795 1932 838 nec
1963 783 2109 837 secretas

450 884 601 949 mortales
626 882 739 970 culpas
764 881 973 970 expiantibus
998 883 1128 947 veniam
1153 881 1373 961 concedentis,
1404 883 1467 945 nisi
1491 892 1614 945 mutato
1638 881 1728 967 prius
1753 880 1913 945 saeculari
1937 879 2052 944 habitu
2076 891 2110 942 et

450 991 596 1079 professo
620 990 787 1076 religionis
812 989 945 1054 studio?
992 989 1049 1053 lsti
1074 1011 1151 1052 vero
1176 987 1297 1068 clerici,
1322 989 1362 1054 de
1387 1011 1524 1075 quorum
1547 988 1630 1052 falsa
1652 988 1833 1074 penitentia
1857 1009 2051 1074 conqueror,
2077 996 2143 1050 ets

450 1109 524 1184 post
546 1107 660 1184 666116
676 1098 813 1161 61161166
835 1095 1063 1181 ingrediuntur·
1079 1095 1209 1160 domurn
1226 1095 1301 1176 Dei,
1325 1095 1446 1160 nullum
1469 1094 1611 1159 studium
1627 1093 1793 1180 religionis
1809 1094 1957 1182 professi,
1982 1093 2111 1157 nullum

451 1205 630 1269 sanctitatis
647 1204 847 1290 propositum
864 1203 1021 1289 aggressi,
1047 1202 1105 1266 sed
1128 1203 1173 1266 116
1197 1201 1388 1267 seculariter
1402 1203 1522 1284 vestiti,
1546 1211 1591 1282 61,
1616 1203 1644 1265 61
1667 1200 1821 1266 clericum
1837 1201 1961 1282 videas,
1985 1200 2112 1264 laicum

451 1335 521 1376 esse
546 1311 672 1390 credas,
697 1333 771 1374 cum
796 1309 945 1374 omnibus
969 1309 1096 1374 clericis
1124 1310 1209 1374 sacri
1233 1325 1375 1374 canones
1399 1309 1592 1395 6166161661,
1616 1319 1740 1373 utnon
1764 1307 1935 1373 laicalibus
1959 1306 2112 1371 vestibus

452 1423 606 1496 'utantun
638 1417 673 1481 id
696 1427 746 1481 est
769 1415 921 1480 mantello
946 1417 1014 1480 sive
1039 1415 1111 1480 aliis
1135 1417 1205 1480 sine
1230 1439 1345 1504 eappa,
1375 1415 1433 1479 sed
1456 1415 1608 1500 religioso
1632 1414 1744 1480 habitu
1768 1426 1801 1479 et
1824 1414 1954 1480 decenti
1978 1436 2114 1500 semper

450 1524 613 1589 incedant.
667 1523 817 1610 Amplius
850 1535 958 1588 autem
991 1522 1105 1587 beatus
1137 1521 1330 1608 Gregorius,
1361 1534 1397 1586 ut
1427 1545 1526 1608 supra
1557 1523 1821 1608 perstrinximus,
1853 1521 1894 1586 de
1924 1522 2112 1607 penitentia
2134 1545 2159 1584 ro

451 1630 578 1696 clericis
601 1630 714 1695 debita
737 1629 882 1695 scribens
907 1629 949 1694 ad
973 1630 1105 1694 Petnrm
1130 1629 1387 1694 subdiaconum1
1418 1629 1500 1693 adeo
1524 1629 1712 1694 intercludit
1735 1628 1890 1709 seculum,
1914 1639 1950 1692 ut
1973 1627 2112 1692 mandet

451 1761 579 1826 quoque
603 1737 644 1801 de
669 1737 766 1801 rebus
791 1759 902 1801 eorum
923 1737 975 1800 vel
999 1738 1195 1801 monasterio
1220 1736 1428 1800 conferendis
1448 1736 1500 1800 vel
1524 1747 1695 1822 parentum
1719 1737 1792 1800 usui
1815 1735 2049 1822 relinquendis
2074 1745 2112 1798 61

451 1845 526 1910 hinc
550 1845 720 1908 evidenter
744 1854 864 1930 pateat,
889 1845 966 1930 quia
990 1842 1126 1907 clericus
1151 1841 1232 1907 tirlse
1264 1843 1397 1929 penitet,
1427 1844 1491 1907 nisi
1522 1841 1630 1924 rebus,
1658 1865 1740 1929 quas
1771 1843 1893 1922 habuit,
1925 1843 2110 1922 renunciet,

451 1950 538 2038 quod
563 1963 594 2014 et
618 1964 693 2015 ante
718 1950 845 2038 lapsum
868 1951 940 2014 lieri
964 1950 1105 2028 deceret,
1131 1961 1165 2014 ut
1189 1949 1282 2014 altari
1308 1950 1454 2013 serviens
1478 1973 1542 2015 non
1566 1950 1629 2013 nisi
1651 1949 1693 2013 de
1717 1949 1810 2014 altari
1834 1950 1970 2014 viveret.

558 2076 591 2139 S.
627 2075 697 2140 Nec
724 2075 809 2157 volo,
839 2099 901 2139 nec
932 2099 1063 2161 possum
1095 2087 1141 2140 tot
1172 2073 1419 2139 auctoritatibus
1451 2073 1685 2156 contradicere,
1717 2074 1775 2138 sed
1805 2085 1914 2138 tamen
1944 2072 2026 2137 libet
2056 2096 2109 2138 me
2131 2098 2156 2139 rs

450 2205 605 2268 meosque
637 2182 812 2268 complices
835 2193 867 2245 te
891 2183 1059 2262 infamare,
1089 2184 1166 2268 quia
1197 2193 1230 2246 tu
1262 2182 1400 2268 derogas
1432 2181 1538 2245 famae
1569 2182 1720 2245 aevitas
1750 2192 1879 2245 nostrae
1904 2203 1999 2267 quae,
2032 2181 2110 2244 licet

451 2288 637 2368 saecularis,
662 2299 796 2353 actenus
820 2298 929 2352 tamen
954 2289 1015 2352 fuit
1038 2290 1071 2352 in
1096 2289 1227 2353 1166616.
1267 2289 1339 2352 Tua
1362 2311 1441 2353 vero
1465 2289 1552 2352 fama
1576 2289 1654 2352 satis
1679 2299 1727 2352 est
1750 2287 1894 2374 undique
1919 2287 2110 2352 decolorata

451 2417 509 2483 per
532 2418 581 2476 ea,
607 2418 690 2482 quae
715 2395 755 2459 (16
781 2407 812 2458 16
837 2405 911 2458 6661
935 2395 1003 2458 sive
1028 2417 1086 2481 661
1111 2396 1279 2458 veritatem
1305 2397 1373 2458 sive
1398 2417 1457 2482 per
1481 2395 1687 2460 occasionem
1711 2395 1879 2458 seminata.

476 2519 478 2524 ’
559 2521 595 2584 R.
632 2519 788 2606 Quisquis
812 2518 853 2583 de
877 2543 928 2583 mc
960 2521 1098 2584 seminat
1128 2533 1159 2583 et
1190 2520 1331 2606 loquitur·
1361 2519 1577 2600 mendacium,
1610 2543 1652 2583 ex
1681 2521 1822 2607 propriis
1852 2520 2004 2606 loquitur,
2031 2521 2110 2606 quia

451 2627 593 2692 mendax
618 2637 666 2690 est
690 2636 722 2690 et
745 2637 838 2712 pater
862 2626 1035 2690 mendacii.
1076 2627 1255 2691 Veritatem
1272 2649 1349 2689 vero
1375 2625 1415 2690 (16
1440 2649 1491 2690 me
1516 2627 1661 2690 dicentes
1685 2650 1750 2691 norr
1774 2627 1854 2691 milri
1878 2637 1952 2691 sunt
1967 2627 2108 2708 molesti,
2129 2653 2155 2691 66

451 2735 529 2820 quia
551 2733 631 2798 libet
655 2756 706 2797 me
730 2733 834 2819 ipsum
861 2733 1031 2797 veritatem
1056 2735 1213 2797 confiteri.

560 2858 593 2924 S.
630 2858 716 2938 Quia
740 2857 821 2922 dicis
847 2858 1015 2922 veritatem
1041 2858 1188 2922 confiteri
1212 2873 1372 2945 paratum,
1398 2857 1461 2938 die,
1486 2857 1633 2940 obsecro,
1657 2881 1699 2922 arr
1715 2881 1829 2923 verum
1846 2860 1896 2938 sit,
1917 2859 2004 2944 quod
2021 2858 2109 2923 affir-

451 2976 541 3030 mant
571 2964 662 3029 multi
694 2964 734 3028 (16
766 2975 796 3028 16
828 2964 950 3028 dictum
982 2963 1021 3027 de
1053 2965 1245 3050 inpregnata
1273 2964 1408 3029 muliere
1433 2977 1465 3028 et
1490 2966 1558 3028 cius
1582 2966 1664 3046 viro,
1689 2967 1744 3051 qui
1769 2965 1811 3029 ad
1835 2989 1907 3029 eam
1931 2967 2109 3030 accesserit

453 3083 597 3159 tempore
621 3070 701 3136 illo?

559 3187 596 3251 R.
632 3187 705 3252 Non
729 3199 778 3252 est
804 3195 936 3273 'equum
960 3186 1002 3250 ad
1027 3187 1107 3250 haec
1132 3210 1183 3250 me
1208 3187 1416 3274 respondere,
1442 3211 1525 3274 quae
1555 3189 1689 3252 mentita
1720 3199 1769 3252 est
1799 3189 1953 3274 iniquitas
1978 3187 2040 3252 sibi
2066 3188 2154 3253 (1661

451 3317 513 3358 me.
562 3293 1502 3380 861116116ιί1ιί66161661616,66666616166111111666.
1537 3296 1713 3360 Inhonesta
1728 3319 1807 3360 vero
1832 3308 1863 3360 61
1886 3297 2004 3382 161616,
2022 3317 2107 3382 quae

452 3411 562 3487 turpes
593 3402 792 3465 mentiuntur
816 3400 856 3464 dc
880 3423 931 3464 me
956 3400 1113 3482 (11666166,
1145 3401 1226 3465 haec
1251 3414 1283 3464 61
1306 3401 1387 3466 haec
1411 3427 1431 3466 a
1454 3425 1505 3466 me
1536 3402 1706 3489 predicate
1737 3426 1818 3482 esse,
1848 3426 1931 3490 quae
1955 3426 2016 3467 666
2041 3403 2107 3467 (1161

452 3531 512 3572 666
537 3507 635 3572 scribi
652 3507 748 3572 decet
766 3532 824 3594 pre
840 3507 941 3571 nimia
957 3507 1167 3594 turpitudine,
1193 3506 1337 3572 breviter
1353 3532 1486 3590 excuso,
1503 3509 1632 3574 dicens:
1659 3510 1762 3574 ‘Haec
1787 3522 1819 3573 et
1843 3508 1923 3574 haee
1947 3532 2009 3574 nec
2025 3509 2105 3590 dixi,

450 3638 513 3680 nec
537 3614 632 3679 dico’.
681 3614 736 3679 Sic
766 3615 855 3701 loqui
886 3614 984 3694 soleo,
1012 3614 1141 3700 quando
1172 3616 1389 3700 interrogatus
1420 3617 1521 3696 firero,
1554 3639 1595 3680 an
1627 3616 1766 3680 dixerim
1796 3615 1852 3680 illa
1876 3627 1909 3680 et
1931 3616 1996 3698 illa,
2021 3639 2106 3703 quae

452 3733 542 3809 patet
566 3745 637 3786 esse
663 3720 876 3808 repudianda,
901 3745 965 3784 non
990 3721 1092 3784 solum
1118 3744 1175 3808 616
1200 3721 1350 3795 falsitate,
1376 3723 1433 3786 6611
1458 3724 1556 3786 611661
1580 3747 1637 3808 616
1662 3725 1763 3788 611616
1786 3723 1999 3788 inhonestate.
2126 3748 2151 3786 aa

560 3846 593 3910 S.
629 3847 741 3911 Potest
765 3869 845 3924 esse,
871 3857 906 3910 111
930 3845 1075 3910 odientes
1100 3858 1131 3908 te
1156 3845 1265 3932 aliqua
1289 3847 1485 3910 mentiantur
1509 3847 1548 3912 dc
1573 3861 1614 3928 te,
1647 3847 1793 3911 dicentes
1817 3861 1848 3912 16
1873 3848 1996 3912 dixisse
2021 3871 2105 3935 quae

452 3976 517 4018 non
541 3953 662 4017 dixisti.
711 3952 777 4016 Sed
801 3976 859 4016 666
883 3951 1022 4016 libenter
1045 3951 1219 4038 prebemus
1250 3965 1360 4016 aurern
1392 3955 1478 4018 omni
1506 3953 1546 4018 (16
1571 3964 1603 4018 16
1628 3953 1713 4018 mala
1736 3954 1891 4040 loquenti,
1915 3965 1951 4018 ut
1975 3978 2105 4042 quoquo

452 4059 548 4124 modo
577 4059 749 4124 eradamus
774 4070 1091 4123 6166616161611616
1117 4059 1156 4122 de
1182 4070 1269 4122 16116
1291 4061 1482 4140 viventium,
1508 4062 1661 4146 quoniam
1688 4063 1798 4146 gravis
1823 4084 1858 4124 es
1881 4060 1975 4126 nobis
2007 4062 2105 4127 etiam

453 4165 695 4246 adsidendum
719 4164 761 4229 ob
785 4165 819 4229 id
843 4166 995 4246 maxime,
1021 4166 1098 4251 quia
1120 4177 1154 4229 tu
1179 4166 1264 4231 solus
1282 4167 1403 4230 videris
1427 4190 1486 4230 nos
1510 4169 1701 4254 inpugnare.
1749 4169 1821 4233 Hoc
1839 4179 1888 4232 est
1903 4170 2000 4250 enim,
2018 4170 2106 4256 quod

453 4272 688 4359 aliquantulum
712 4296 770 4337 nos
795 4271 914 4353 turbat,
939 4273 1016 4358 quia
1041 4273 1072 4334 in
1097 4273 1167 4356 1666
1192 4273 1343 4354 claustro,
1368 4274 1401 4335 in
1426 4285 1489 4359 quo
1513 4276 1652 4338 nutritus
1677 4298 1722 4354 es,
1746 4275 1851 4339 nullus
1876 4275 2012 4340 fratrum
2036 4288 2105 4340 tuo·
2121 4299 2150 4340 61

452 4402 522 4443 nrm
547 4378 606 4443 tibi
631 4379 817 4444 concordat.

560 4495 597 4558 11.
634 4495 723 4581 Lege
748 4495 867 4560 librum
891 4519 910 4559 6
933 4497 1034 4559 666111
1060 4495 1191 4560 claustri
1216 4495 1380 4580 quondam
1405 4497 1529 4561 decano
1554 4497 1772 4583 tranegold02
1795 4509 1908 4562 contra
1926 4497 2105 4562 11111116-

453 4602 536 4688 gorii
560 4600 755 4666 laceratores
780 4603 1005 4688 compositum,
1030 4615 1062 4666 61
1085 4603 1232 4665 invenies
1248 4603 1282 4664 in
1299 4625 1337 4664 66
1354 4603 1537 4667 fortissimis
1554 4602 1801 4668 auctoritatibus
1818 4603 2000 4690 probatum,
2018 4604 2106 4691 quod

453 4719 485 4772 et
514 4731 573 4772 nos
603 4707 743 4795 probare
775 4708 1014 4788 contendimus,
1047 4710 1123 4795 quia
1150 4707 1303 4773 videlicet
1337 4710 1534 4774 senricantes
1566 4723 1598 4774 et
1627 4713 1761 4796 insuper
1792 4710 1966 4775 interdieta
1997 4711 2106 4776 officia

355 4843 382 4881 ·.
418 4842 432 4881 ¹.
452 4826 646 4901 usurpantes
670 4814 781 4880 clerici
804 4815 984 4880 Nicolaitae
1009 4827 1084 4880 sunt
1107 4828 1139 4880 61
1162 4816 1274 4879 6161161
1305 4839 1368 4879 666
1401 4816 1501 4880 6611116
1531 4841 1604 4880 61116
1629 4817 1774 4900 Nicolao,
1805 4817 1863 4880 sed
1894 4819 1990 4882 etiam
2017 4823 2105 4882 ‘cum
2124 4843 2151 4882 so

451 4920 603 4986 Hebione
638 4945 676 4986 66
712 4921 814 4986 Paulo
850 4921 1061 4987 Samosateno
1097 4921 1263 5008 dampnati
1274 4929 1294 4985 ³.
1350 4922 1484 4987 Talibus
1520 4925 1605 4987 enim
1641 4947 1683 4986 ex
1718 4923 1898 4988 rationibus
1934 4925 2107 4989 excusavit

453 5029 557 5092 VIIum
574 5027 780 5115 Gregorium,
805 5052 824 5092 a
848 5038 976 5094 nostrae
992 5039 1098 5093 terrae
1116 5029 1242 5093 clericis
1267 5027 1308 5092 ob
1333 5030 1394 5093 hoc
1418 5029 1605 5110 laceratum,
1630 5031 1718 5116 quod
1741 5030 1977 5095 fornicantibus
1994 5031 2105 5095 altaris

453 5137 607 5200 ministris
631 5135 801 5199 interdixit
824 5158 888 5199 non
914 5135 1016 5199 solum
1041 5135 1193 5214 6111611116,
1218 5135 1275 5199 sed
1300 5137 1397 5200 etiam
1422 5137 1600 5201 aecclesiae
1624 5138 1799 5202 introitum.

559 5261 592 5325 S.
628 5260 687 5323 Ille
713 5258 928 5345 Manegoldus
960 5259 1057 5323 611616
1087 5260 1148 5323 fuit
1177 5259 1272 5324 homo
1303 5261 1507 5347 inportunus,
1540 5273 1572 5324 et
1603 5275 1651 5325 est
1681 5264 1745 5324 iarn
1778 5262 1959 5326 defunctus.
2008 5263 2104 5328 Unde

453 5379 611 5453 optamus,
636 5379 671 5431 ut
695 5366 778 5430 liber
801 5368 902 5453 ipsius
927 5390 999 5429 curn
1024 5367 1093 5451 ipso
1119 5367 1159 5428 sit
1184 5366 1338 5452 sepultus,
1364 5391 1460 5452 quem
1485 5368 1646 5431 credimus
1676 5368 1801 5454 despici
1830 5371 1926 5433 etiem
1959 5369 2000 5433 ab
2025 5371 2104 5456 ipsis
2124 5395 2150 5434 rs

563 5623 590 5694 r)
616 5624 985 5701 6616666616,
1013 5624 1079 5680 ss.
1106 5625 1128 5694 1,
1149 5645 1181 5700 p.
1200 5625 1251 5680 61.
1345 5623 1449 5698 2161.
1477 5625 1575 5682 666
1598 5627 1621 5696 1,
1642 5647 1674 5701 p.
1694 5627 1766 5682 eoo.
1815 5662 1821 5674 .
1860 5627 1890 5698 6)
1917 5628 2106 5705 66161161
2145 5593 2148 5600 ’

453 5751 475 5786 s.
495 5732 546 5800 76,
571 5733 588 5787 1.
607 5733 624 5787 l.
645 5752 677 5807 p.
698 5731 779 5800 429,-
804 5751 828 5787 v.
852 5751 942 5807 66616
963 5751 994 5806 6.
1014 5731 1085 5786 221.
