4410 6406
590 393 707 448 LIBER
729 393 782 448 DE
807 389 1072 448 NOVITATIBUS
1096 391 1215 448 HUIUS
1239 392 1445 448 TEMPORIS.

810 581 860 644 16.
895 579 955 642 De
978 579 1226 643 Parasceue.

140 1113 158 1152 ⁵
297 1093 435 1160 Actores
459 1096 545 1159 enim
569 1107 652 1176 sunt,
681 1117 755 1159 cum
779 1095 840 1181 ipsi
870 1095 932 1159 hoc
962 1094 1085 1160 faciant
1114 1105 1273 1176 auctores,
1305 1117 1379 1158 cum
1410 1117 1484 1158 suos
1516 1094 1651 1160 clericos
1682 1094 1723 1160 ad
1754 1095 1841 1160 idem

183 1202 305 1265 iuvant
327 1201 501 1288 prestando
525 1201 588 1266 illis
612 1200 836 1266 ecclesiastica
858 1200 1028 1283 beneficia,
1053 1223 1115 1287 que
1140 1223 1266 1264 rursum
1288 1201 1352 1286 ipsi
1377 1200 1487 1265 clerici
1510 1211 1657 1287 prestant
1685 1201 1841 1268 militibus

185 1319 247 1372 aut
269 1309 459 1394 expendunt
488 1309 522 1372 in
544 1308 681 1372 luxuriis
705 1319 738 1372 et
760 1307 934 1394 inpudiciis
959 1309 1121 1394 episcopis
1152 1330 1263 1372 corum
1293 1307 1355 1371 hoc
1383 1307 1570 1372 scientibus,
1617 1308 1731 1394 Neque
1755 1311 1840 1373 enim

185 1415 220 1478 in
248 1415 375 1480 occulto
397 1416 479 1479 fiunt
501 1416 564 1479 ista
587 1425 619 1479 et
642 1415 774 1479 minime
794 1413 1050 1500 prohibentibus,
1075 1415 1172 1478 immo
1189 1436 1244 1478 eos
1261 1415 1316 1500 qui
1341 1413 1437 1478 *talia
1459 1414 1633 1500 inprobant
1656 1414 1840 1480 odientibus
1860 1437 1895 1478 ⁸.
1931 1401 1951 1479 Ἴ.

186 1532 221 1584 et
245 1520 526 1607 persequentibus.
572 1521 647 1586 Huc
671 1521 807 1603 accedit,
837 1521 924 1608 quod
947 1544 1005 1607 pro
1030 1531 1120 1584 scuto
1152 1543 1230 1584 suae
1261 1520 1459 1584 defensionis
1487 1534 1645 1607 usurpant
1675 1520 1739 1586 sibi
1768 1544 1840 1608 pre-

135 1651 166 1688 ιο
186 1638 335 1692 notatum
360 1627 538 1714 capitulum
559 1628 729 1692 Remensis
758 1628 886 1692 concilii
918 1626 1113 1692 arbitrantes
1136 1627 1198 1691 hoc
1222 1626 1284 1691 sibi
1308 1628 1511 1713 permissum,
1536 1627 1710 1692 dummodo
1735 1651 1840 1693 sacer·

186 1733 247 1798 dos
272 1733 451 1799 aecclesiae
476 1733 520 1798 ad
541 1734 697 1820 placitum
714 1757 835 1816 eorum,
860 1757 924 1798 non
948 1733 1128 1798 secundum
1144 1732 1353 1798 diffinitiones
1378 1756 1548 1815 canonum,
1573 1735 1722 1820 accipiat,
1742 1735 1839 1817 unde,

186 1842 274 1906 sicut
297 1840 363 1905 illic
387 1841 583 1922 dictumest,
606 1841 840 1905 convenienter
856 1840 1030 1904 sustentari
1046 1840 1163 1922 valeat,
1186 1849 1223 1904 ut
1245 1839 1332 1927 quod
1355 1840 1401 1904 illi
1425 1851 1582 1927 superest,
1607 1852 1702 1927 prout
1716 1842 1839 1925 volunt,

186 1947 378 2033 expendant
401 1947 453 2011 vel
477 1946 631 2012 militibus
659 1947 856 2012 infeodando
880 1946 933 2011 vel
957 1946 1083 2011 clericis
1115 1945 1355 2012 cathedralibus
1379 1947 1564 2033 prestando,
1589 1949 1645 2033 qui
1672 1949 1751 2034 ipsis
1774 1971 1840 2013 non

186 2053 434 2140 prohibentibus
460 2055 573 2120 eadem
596 2065 742 2140 prestant
765 2053 919 2118 militibus
942 2053 995 2118 vel
1019 2053 1207 2140 expendant
1234 2054 1268 2116 in
1291 2054 1358 2117 suis
1381 2052 1581 2118 mulieribus.

142 2273 165 2311 ιι
601 2253 650 2314 18.
685 2248 745 2313 De
770 2247 1113 2313 abhominatione
1137 2247 1429 2313 desolationis.

295 2375 404 2460 Atque
420 2375 466 2438 ita
482 2375 551 2438 sive
566 2396 626 2459 per
642 2375 812 2460 episcopos
829 2374 897 2438 sive
914 2397 973 2459 per
989 2373 1125 2438 clericos
1147 2370 1427 2455 inbeneficiantes,
1453 2372 1529 2438 dum
1553 2374 1652 2440 semel
1676 2376 1709 2438 in
1725 2397 1839 2439 manus

186 2480 344 2545 laicorum
368 2481 519 2544 venerint
541 2503 593 2544 res
618 2479 786 2562 ecclesiae,
816 2479 871 2544 ille
895 2502 1034 2567 quoque,
1059 2479 1100 2544 de
1125 2478 1242 2566 quibus
1266 2490 1400 2544 actenus
1427 2481 1566 2544 ministri
1596 2480 1705 2546 altaris
1730 2480 1839 2567 quale·

187 2609 328 2674 cumque
352 2586 618 2651 sustentabantur
641 2597 673 2651 et
696 2586 810 2650 altaria
825 2585 1058 2669 vestiebantur,
1083 2586 1243 2651 ecclesiae
1267 2585 1475 2668 amabantur,
1499 2597 1572 2673 post
1594 2589 1759 2674 antiquam
1784 2586 1839 2652 de·

188 2693 379 2758 solationem
409 2696 527 2758 nostris
557 2695 590 2758 in
615 2693 730 2757 diebus
761 2703 971 2778 augmentata
1000 2692 1199 2758 desolatione
1230 2703 1338 2779 potest
1364 2695 1517 2779 cognosci
1540 2693 1761 2759 abhominatio
1784 2693 1839 2758 de-

140 2798 365 2883 resolutionis,
396 2802 430 2864 in
454 2800 598 2887 quolibet
627 2800 699 2865 loco
730 2811 841 2864 sancto
866 2801 932 2864 suis
957 2801 1159 2886 pertinentiis
1184 2801 1313 2864 omnino
1338 2799 1474 2886 spoliato
1499 2811 1531 2865 et
1554 2800 1718 2865 denudato
1742 2811 1839 2886 atque

188 2909 221 2971 in
245 2907 346 2971 laicas
370 2907 543 2972 abusiones
568 2906 716 2972 alienatis
740 2905 847 2988 rebus,
872 2929 935 2992 quc
959 2909 987 2970 si
1010 2907 1165 2971 ministris
1189 2907 1298 2972 altaris
1327 2905 1447 2971 alicubi
1477 2906 1666 2972 habundare
1689 2906 1839 2971 videren-

188 3025 249 3090 tur,
281 3037 345 3078 non
372 3012 527 3078 militibus
558 3025 614 3078 aut
642 3013 805 3100 inpudicis
829 3012 1029 3095 mulieribus,
1061 3012 1119 3077 sed
1143 3012 1265 3078 Christi
1288 3012 1487 3099 pauperibus
1511 3023 1567 3079 aut
1590 3036 1663 3078 cum
1686 3013 1784 3078 Petro
1808 3023 1840 3078 et

187 3119 372 3207 Augustino
403 3119 615 3185 militantibus
646 3132 701 3185 aut
731 3143 806 3185 cum
829 3120 974 3184 Iohanne
1005 3141 1044 3184 ac
1075 3130 1187 3184 sancto
1211 3119 1391 3184 Benedicta
1422 3121 1469 3184 sic
1499 3119 1714 3202 manentibus,
1739 3130 1775 3183 ut
1798 3119 1838 3184 de

188 3229 259 3314 ipso
283 3207 429 3292 Iohanne
453 3227 591 3292 dictum:
617 3227 672 3292 Sic
695 3253 764 3293 eum
788 3229 856 3293 volo
880 3253 1015 3309 monere,
1047 3237 1103 3290 aut
1126 3237 1214 3291 certe
1239 3249 1313 3290 cum
1336 3226 1461 3290 Lazaro
1485 3225 1747 3292 mendicantibus
1771 3235 1840 3290 erat
1857 3249 1989 3299 ronnas.

145 3359 171 3398 a
190 3333 333 3398 dandum
357 3333 444 3420 quod
472 3345 656 3421 superesset
685 3334 778 3398 iuxta
807 3332 886 3397 illud
910 3333 1151 3419 euangelicum:
1180 3334 1272 3411 Quod
1292 3349 1433 3420 superest
1455 3334 1525 3398 dote
1548 3348 1576 3398 et
1598 3337 1705 3398 omnic
1727 3335 1842 3398 muudi
1859 3358 1995 3406 unsrun.

189 3456 279 3506 eraut
302 3443 412 3506 ‘achia
460 3439 557 3506 Certe
580 3450 616 3504 ut
638 3441 774 3504 multum
798 3439 1079 3504 condescendatur
1108 3440 1142 3503 in
1165 3440 1228 3503 ista
1252 3461 1362 3522 causa,
1393 3441 1421 3503 si
1444 3440 1590 3526 episcopi
1612 3438 1733 3504 vellent
1764 3461 1838 3504 suos
1858 3462 1948 3513 uass.

189 3547 393 3612 cathedrales
416 3547 551 3612 clericos
575 3548 681 3611 iuvari
705 3547 746 3611 de
770 3544 1070 3633 superabundantia
1085 3545 1298 3632 plebanorum
1321 3546 1537 3628 sacerdotum,
1562 3547 1682 3611 rectius
1706 3557 1739 3610 et
1760 3545 1838 3611 tole·

189 3652 323 3718 rabilius
347 3653 403 3717 illa
425 3653 725 3740 superabundantia
748 3651 897 3740 plebanis
921 3652 1067 3717 detracta
1089 3651 1212 3716 firmari
1235 3663 1363 3738 poterat
1390 3655 1424 3716 in
1448 3675 1618 3718 commune
1642 3652 1839 3739 stipendium

188 3759 342 3825 fratribus
365 3763 397 3824 in
415 3762 668 3846 congregatione
683 3758 870 3824 viventibus
894 3781 914 3823 a
937 3760 1101 3845 preposito
1125 3757 1360 3840 distribuenda,
1384 3769 1480 3845 prout
1496 3760 1613 3845 cuique
1638 3781 1719 3846 opus
1743 3768 1838 3841 esset,

145 3891 172 3931 so
190 3889 286 3953 quam
311 3866 397 3954 quod
421 3866 529 3954 aliquo
552 3867 688 3932 fratrum
712 3866 753 3931 de
777 3866 950 3932 multarum
978 3865 1190 3930 ecclesiarum
1220 3864 1388 3930 beneficiis
1412 3865 1513 3930 ditato
1538 3865 1693 3931 etaltera
1723 3867 1757 3930 in
1781 3888 1840 3930 sua

190 3984 381 4060 paupertate
411 3973 561 4060 neglecto
591 3973 674 4038 alius
705 3973 837 4059 quidem
867 3973 976 4055 esurit,
1008 3971 1090 4036 alius
1121 3981 1229 4036 autern
1260 3971 1369 4036 ebrius
1400 3984 1463 4054 est,
1494 3971 1582 4058 quod
1612 3971 1776 4059 apostolus
1806 3973 1840 4037 in

191 4079 367 4144 Corinthiis
390 4079 552 4167 inprobat,
577 4080 653 4145 dum
677 4079 835 4144 habentes
859 4078 1061 4144 confundunt
1084 4100 1140 4142 eos
1164 4079 1220 4164 qui
1243 4101 1308 4143 non
1324 4077 1454 4160 habent,
1479 4101 1518 4142 ac
1533 4078 1670 4165 proinde
1694 4078 1839 4165 apostolo
1860 4101 2016 4153 reosrrm.

190 4187 297 4251 iudice
329 4188 375 4251 sic
405 4186 468 4251 illis
498 4185 767 4252 convenientibus
796 4187 830 4250 in
859 4208 959 4249 unum
989 4186 1054 4248 iam
1084 4208 1149 4249 nou
1180 4196 1230 4249 est
1259 4185 1455 4249 dominicam
1486 4207 1600 4250 cenam
1631 4185 1839 4250 manducare.

190 4293 293 4358 Multo
323 4303 431 4357 autem
462 4294 707 4359 convenientius
738 4302 837 4374 esset,
869 4301 905 4356 ut
933 4291 996 4377 ipsi
1026 4289 1158 4377 plebani
1188 4301 1387 4356 retentantes
1417 4293 1535 4375 omnia,
1567 4314 1630 4377 que
1662 4291 1839 4356 secundum

147 4425 173 4465 ιι
190 4422 332 4465 canones
363 4399 406 4464 ad
436 4423 470 4464 se
501 4401 675 4487 pertinent,
706 4409 900 4485 cogerentur
930 4397 970 4461 de
995 4396 1058 4461 sibi
1088 4396 1225 4462 conditis
1256 4396 1354 4462 rebus
1384 4409 1472 4462 recte
1501 4420 1610 4484 agere,
1642 4393 1840 4462 sufficientes

190 4507 354 4572 ministros
386 4507 543 4595 canonice
574 4505 636 4571 sibi
666 4515 861 4592 aggregatos
885 4527 950 4569 una
973 4526 1084 4568 secum
1108 4503 1250 4568 fraterne
1275 4504 1495 4570 sustentando.
1541 4504 1586 4569 Et
1615 4504 1676 4569 hoc
1703 4505 1839 4569 fortasse

191 4613 329 4678 intendit
352 4636 439 4700 papa
461 4613 630 4700 Eugenius
655 4612 843 4694 decernens,
874 4621 1000 4675 tantum
1030 4610 1192 4674 sacerdoti
1215 4610 1474 4697 relinquendum,
1498 4611 1584 4676 unde
1608 4612 1840 4676 convenienter

191 4721 365 4784 sustentari
381 4720 521 4785 valeatl.
560 4719 619 4784 Ille
637 4719 721 4783 dixit
737 4717 1004 4798 ‘convenienter',
1029 4717 1086 4781 sed
1110 4739 1196 4781 nunc
1219 4719 1327 4802 agitur
1341 4717 1438 4782 valde
1460 4719 1738 4800 inconvenienter,
1763 4717 1839 4782 dum

191 4837 224 4890 ct
246 4826 399 4891 sacerdos
422 4826 508 4891 ultra
530 4825 661 4891 modum
684 4826 870 4912 pariterque
895 4822 957 4888 sibi
982 4826 1154 4888 commissa
1177 4823 1337 4888 aecclesia
1359 4823 1611 4911 depauperatur,
1636 4834 1669 4888 et
1694 4824 1728 4888 id
1752 4823 1840 4909 quod

146 4958 174 4997 ιο
191 4935 223 4998 ei
245 4933 426 4998 detrahitur
448 4933 628 4998 aecclesiae
659 4932 819 4998 alienatur
842 4942 875 4995 et
897 4930 1017 4994 mundo
1041 4929 1206 5012 inmundo,
1231 4930 1343 5016 quiin
1366 4930 1508 5017 maligno
1532 4932 1655 5017 positus
1680 4941 1738 5014 cst,
1763 4952 1838 4997 con·
1858 4957 2003 5006 ranan.

191 5040 302 5121 fertur,
326 5049 361 5103 ut
384 5040 440 5104 fiat
464 5061 563 5126 supra
584 5039 717 5104 modum
739 5038 829 5103 nuda
851 5037 1022 5118 aecclesia,
1053 5059 1118 5101 non
1147 5035 1271 5100 habens
1295 5037 1346 5100 vel
1371 5037 1562 5123 panniculos
1585 5038 1753 5125 hucusque
1777 5036 1839 5101 sibi

191 5146 320 5211 relictos
350 5146 392 5211 ad
416 5145 603 5211 verecunda
633 5145 748 5210 saltem
779 5167 838 5208 sua
867 5143 1018 5229 tegenda.
1065 5142 1179 5229 Neque
1204 5165 1282 5208 vero
1312 5166 1371 5208 nos
1400 5144 1483 5208 haec
1507 5142 1669 5210 dicendo·
1692 5145 1840 5208 favemus

191 5254 334 5340 ipsorum
358 5250 571 5339 plebanorum
594 5251 837 5338 irreligiositati,
868 5249 925 5314 sed
949 5248 1105 5313 vellemus
1133 5260 1271 5335 peccata
1293 5272 1504 5336 personarum
1527 5273 1593 5316 non
1615 5252 1707 5314 verti·
1727 5251 1762 5314 in
1785 5249 1840 5314 de-

191 5361 376 5424 trimentum
401 5359 622 5442 ecclesiarum,
653 5359 750 5425 immo
774 5357 930 5422 vellemus
961 5357 1049 5442 ipsas
1079 5377 1235 5442 personas
1263 5355 1431 5420 emendari
1453 5357 1507 5422 vel
1529 5357 1658 5439 mutari,
1688 5367 1839 5422 manente

146 5569 174 5611 tt
299 5557 327 5624 a)
346 5560 556 5611 ialcooraroc.

301 5741 331 5810 1)
357 5739 463 5799 Condi.
488 5741 568 5798 Han.
593 5761 621 5798 a,
642 5739 735 5812 1148,
761 5739 854 5810 c.10,
881 5738 980 5795 Monsi
1003 5738 1087 5810 XXI,
1112 5741 1163 5796 col.
1182 5739 1253 5794 716.
