4568 6428
469 391 511 451 40
600 395 756 448 LIBELLI
779 392 946 448 HON'ORII
969 359 1351 448 AUGUSTODUNENSIS
1378 383 1620 443 PRESBYTERI
1644 389 1693 442 ET
1717 387 1978 446 SCHOLASTICI.

362 609 446 651 ·ι.ιοι.
466 582 612 646 tudinem
643 603 756 644 sacrae
781 581 961 665 scripturae
983 577 1142 664 ‘neglegit
1172 590 1203 642 et
1233 571 1436 640 secularibus
1467 575 1593 654 litteris,
1626 598 1709 661 quae
1734 599 1819 640 vana
1842 587 1873 640 et
1896 576 2034 642 obscena
2063 578 2111 640 in-

466 699 606 768 struunt,
639 687 780 752 sttrdium
811 686 980 772 impendit.
1033 686 1158 771 Lippus
1188 705 1266 748 vere
1299 693 1382 764 estc,
1414 685 1470 770 qni
1503 705 1639 746 exosum
1669 681 1768 746 habet
1799 682 2018 769 splendoremb
2046 683 2111 747 Dei

467 807 694 881 preceptorum
718 805 750 858 et
773 803 861 858 amat
884 795 919 856 in
943 815 1047 879 opaco
1073 815 1144 856 esse
1168 793 1331 855 vitiorum.
1379 791 1466 855 Huic
1492 791 1568 876 quia
1592 791 1682 854 visus
1707 789 1943 872 dehonestatur,
1967 813 2039 854 eum
2062 813 2111 854 re-

465 903 542 988 gina
566 924 660 966 suum
684 902 865 964 ministrum
889 899 1029 963 habere⁰
1060 898 1265 984 dedignatur.

1052 1098 1082 1158 4.
1125 1095 1184 1158 De
1216 1095 1336 1179 gravi
1367 1093 1524 1158 auditu.
2131 1117 2144 1155 s

573 1223 607 1287 Si
638 1223 747 1306 gravis
779 1221 892 1285 auditu
923 1221 992 1296 fuit,
1025 1219 1110 1284 lumc
1143 1219 1205 1282 sibi
1237 1220 1359 1282 servire
1391 1217 1576 1284 concubina
1599 1218 1733 1281 noluitl.
1782 1217 1899 1280 Gravis
1923 1217 2033 1281 auditu
2055 1219 2113 1281 vix

467 1330 644 1393 clamantes
669 1328 760 1392 audit
785 1339 816 1392 et
840 1351 917 1414 sepe
942 1329 999 1390 vix
1023 1327 1134 1390 audita
1157 1349 1312 1413 perverse
1337 1326 1498 1411 intelligit.
1547 1323 1674 1388 Graves
1703 1347 1780 1410 ergo
1805 1323 1916 1388 auditu
1945 1335 2026 1406 stult,
2058 1325 2114 1410 qui

466 1438 643 1522 scripturas
675 1434 736 1498 sibi
767 1435 980 1498 inclamantes
1013 1433 1126 1498 audire
1158 1445 1402 1519 contempnunt,
1435 1443 1466 1496 et
1491 1434 1517 1496 si
1542 1432 1718 1518 aliquando
1748 1431 1910 1518 quaedam
1933 1433 1989 1495 vix
2012 1443 2114 1495 atten-

466 1543 556 1624 dunt,
588 1565 628 1606 ea
658 1544 691 1605 iu
724 1541 968 1606 defensionemd
997 1564 1075 1604 strae
1100 1541 1323 1626 perversitatis
1355 1549 1554 1626 pervertunt.
1602 1539 1672 1603 Hes
1704 1540 1780 1625 quia
1804 1539 1931 1603 auditus
1955 1538 2112 1624 deturpat,

467 1651 580 1736 regina
605 1673 659 1712 eos
684 1647 765 1712 sibie
796 1649 918 1711 servire
942 1659 1082 1712 recusat.
2134 1669 2159 1706 ιι

1059 1848 1089 1908 5.
1133 1843 1192 1906 Ile
1223 1843 1375 1929 grandi
1407 1867 1518 1908 naso.

573 1969 607 2034 si
632 1969 749 2055 grandi
772 1969 825 2032 vel
849 1991 951 2054 parvo
976 1969 1027 2032 vol
1052 1969 1186 2033 distorto
1211 1991 1290 2032 naso
1315 1969 1432 2050 extitit,
1458 1967 1643 2032 concubina
1667 1991 1739 2032 eum
1765 1991 1784 2030 a
1808 1989 1865 2030 suo
1889 1965 2042 2053 (obsequie
2066 1988 2114 2030 re-

465 2077 547 2164 pulit
558 2080 577 2140 ¹.
626 2075 712 2156 Quia
742 2075 861 2162 fetores
894 2073 1097 2160 odoresques
1125 2097 1184 2160 per
1207 2098 1303 2138 nares
1328 2073 1566 2157 discernuntur,
1598 2085 1686 2138 recte
1711 2074 1915 2138 diversitates
1939 2073 2115 2136 studiorum

465 2207 524 2270 per
547 2206 662 2246 nasum
685 2182 925 2268 intelleguntur.
966 2181 1133 2246 Grandem
1159 2205 1236 2266 erge
1260 2205 1375 2246 nasum
1401 2181 1533 2264 habete,
1558 2183 1615 2268 qui
1639 2183 1775 2270 iptorem
1791 2180 1958 2266 gentilium
1982 2181 2115 2265 scriptu·

465 2313 584 2371 rarum,
616 2289 742 2353 scilicet
772 2285 1018 2375 philosophicah
1047 2299 1249 2374 argumenta,
1280 2290 1378 2354 imme
1404 2289 1618 2353 deliramenta
1643 2302 1675 2352 et
1698 2289 1826 2376 poetica
1850 2289 2002 2374 figmenta
2023 2287 2057 2350 iu
2081 2309 2115 2351 se
2135 2310 2159 2349 n

466 2396 592 2460 trahere
625 2396 756 2460 anhelat
787 2407 818 2459 et
850 2395 982 2460 oderem
1013 2395 1145 2459 divinae
1177 2396 1316 2481 paginae
1348 2396 1478 2460 haurire
1509 2394 1672 2461 nausiat¹.
1719 2397 1827 2459 Parvo
1850 2416 1928 2458 vero
1954 2417 2032 2458 naso
2056 2405 2115 2474 est,

466 2505 521 2589 qui
551 2525 612 2566 nec
642 2503 762 2567 divinis
792 2525 854 2566 nec
887 2502 1088 2566 secularibus
1113 2501 1298 2566 discendisk
1328 2504 1456 2580 insistit,
1488 2503 1556 2584 sed,
1581 2505 1680 2566 variis
1704 2503 1843 2588 negotiis
1867 2511 2052 2587 occupatus,
2083 2500 2117 2562 in

354 2619 594 2696 ·t.1oo¹.torpore
624 2607 868 2694 neglegentiae¹
900 2608 1090 2672 hebetescit.
1137 2610 1284 2673 Distento
1308 2623 1415 2674 autem
1441 2633 1520 2674 naso
1545 2622 1603 2692 est,
1636 2611 1691 2695 qui
1716 2633 1764 2692 ea,
1797 2619 1911 2695 quae¹¹¹
1935 2607 1987 2671 vel
2010 2605 2115 2670 in‘di-

467 2717 551 2780 vinis
575 2716 627 2780 vel
651 2717 686 2779 in
710 2716 912 2781 secularibus
937 2716 1062 2801 legerit,
1088 2739 1241 2802 perverse
1266 2717 1435 2802 intellegit,
1460 2719 1553 2803 peius
1578 2719 1655 2802 agit.
1695 2717 1750 2798 Hi,
1776 2717 1852 2802 quia
1875 2714 2017 2779 membro
2041 2712 2116 2776 ode-

467 2833 554 2887 ratus
580 2823 812 2904 deformantur,
837 2822 879 2887 ab
904 2822 1061 2909 obsequio
1085 2826 1238 2910 reginae¹¹
1268 2824 1491 2910 reprobantur.
2135 2843 2161 2882 ae

1016 3023 1046 3083 6.
1089 3020 1148 3082 De
1179 3019 1384 3106 impedita
1416 3021 1570 3106 lingua.

575 3142 610 3207 Si
641 3141 752 3227 lingua
784 3154 854 3207 erat
883 3143 1073 3228 impeditus,
1106 3144 1308 3208 concubinae
1340 3147 1556 3210 ministerium
1590 3145 1745 3210 exhibere
1776 3167 1841 3208 non
1872 3153 1941 3207 erat
1970 3141 2085 3227 dignus
2096 3145 2116 3203 ¹.

469 3249 629 3313 Sacerdos
665 3248 840 3334 impeditus
872 3261 920 3312 est
951 3249 1076 3335 lingua,
1112 3251 1168 3336 qui
1204 3253 1319 3314 missas
1350 3252 1403 3316 vel
1434 3254 1530 3318 horas
1562 3255 1737 3318 canonicas
1772 3262 1827 3315 aut
1857 3249 2036 3336 sepulturas
2066 3245 2118 3310 vel

469 3355 665 3442 baptismum
689 3377 755 3418 nen
779 3355 847 3420 vult
871 3379 969 3442 agere
994 3359 1056 3420 nisi
1080 3381 1138 3444 pro
1164 3360 1313 3444 pecunia.
1361 3360 1499 3424 Multrun
1527 3363 1561 3424 in
1586 3361 1697 3446 lingua
1728 3357 1926 3445 prepeditus,
1957 3357 2012 3442 qni
2035 3355 2117 3418 veri-

468 3471 567 3526 tatem
591 3463 733 3525 reticens
757 3462 937 3526 mendaciis
963 3473 1013 3528 et⁰
1036 3463 1292 3529 detractionibus
1316 3468 1468 3530 irretitur.
1516 3468 1635 3532 Hunct'
1663 3466 1770 3546 talem,
1804 3487 1878 3529 cum
1908 3487 1972 3528 non
2002 3460 2118 3526 habeat
2136 3483 2161 3522 a

470 3570 534 3632 eris
558 3568 690 3654 placens
715 3568 867 3652 efficium,
893 3572 1019 3634 renuitq
1047 3574 1161 3657 regina
1184 3572 1305 3637 habere
1329 3575 1546 3638 ministrum'.

889 3769 917 3829 7.
959 3767 1017 3830 De
1050 3769 1190 3853 aegris
1222 3768 1413 3834 manibus
1445 3781 1483 3834 et
1514 3769 1703 3856 pedibus.

578 3888 724 3969 Quorum
755 3913 869 3953 manus
901 3891 1080 3976 chyragra⁸
1110 3893 1162 3956 vel
1194 3894 1295 3980 pedes
1326 3894 1472 3981 podagra
1503 3907 1726 3976 contraxerat,
1758 3893 1816 3958 hes
1848 3890 2029 3956 concubina
2058 3886 2119 3951 sibi

471 3993 607 4080 obsequi
633 4007 881 4082 contempserat.
925 3998 1031 4061 Huius
1055 4022 1170 4063 manus
1196 4000 1376 4087 chyragra⁸
1399 4004 1572 4084 contraxit,
1598 4025 1682 4088 quae
1707 4025 1836 4087 semper
1858 3998 1949 4062 suntt
1971 3996 2014 4060 ad
2037 3995 2118 4060 acei-

471 4100 592 4185 pienda
616 4123 752 4164 munera
775 4115 944 4187 porrectae
969 4115 1001 4167 et
1025 4105 1067 4168 ad
1083 4105 1226 4171 dandam
1242 4107 1473 4172 elemosinamu
1495 4109 1662 4174 collectae.
1698 4107 1804 4172 Pedes
1821 4106 1966 4193 podagra
1983 4104 2118 4182 strinxit,
2138 4125 2163 4164 ao

473 4207 528 4291 qui
552 4207 586 4268 in
610 4207 674 4269 Dei
700 4210 832 4272 servitio
857 4221 942 4273 stare
967 4221 1062 4274 suntl
1090 4211 1215 4277 debiles
1247 4226 1279 4278 et
1309 4215 1350 4278 ad
1382 4215 1518 4280 choreas
1542 4217 1595 4279 vel
1620 4215 1663 4280 ad
1686 4215 1750 4279 alia
1773 4213 1915 4278 nefanda
1938 4209 2120 4297 spectacula

473 4322 567 4375 suntv
602 4311 744 4376 stabiles
792 4315 888 4379 Tales
919 4318 1033 4403 regina
1064 4341 1083 4380 a
1108 4342 1165 4382 sue
1197 4323 1329 4384 servitio
1361 4333 1520 4404 removet,
1554 4325 1631 4408 quia
1662 4345 1717 4386 eos
1748 4332 1854 4385 tactus
1885 4332 1917 4384 et
1946 4321 2118 4383 incessusw

474 4419 576 4504 turpis
600 4418 737 4503 languor
760 4431 858 4485 tenet.

983 4552 1013 4612 8.
1056 4550 1115 4612 De
1147 4550 1376 4615 infamibus
1407 4555 1609 4639 nuptiis¹.

581 4667 616 4733 Si
641 4671 858 4752 meretricem,
883 4673 910 4734 si
936 4673 1149 4759 repudiatam,
1175 4677 1201 4737 si
1225 4675 1359 4740 viduam
1384 4678 1444 4740 ins·
1472 4702 1608 4742 uxorem
1633 4689 1816 4766 acceperat,
1847 4679 1932 4741 hunc
1957 4695 2121 4762 synagoga
2140 4694 2165 4735 se

474 4774 657 4838 concubina
688 4799 708 4839 a
739 4777 921 4841 sacerdotio
952 4779 1190 4845 refellebat²·².
1244 4783 1294 4846 Ita
1327 4783 1423 4848 hodie
1454 4785 1616 4849 aecclesia
1646 4788 1760 4872 regina
1791 4808 1919 4851 omnem
1949 4781 2074 4868 repellit
2103 4801 2122 4842 a

581 5009 608 5072 a)
640 5008 753 5078 [liplpus
780 5031 845 5064 vero
873 5023 914 5064 est
939 5015 966 5064 ιἰι
992 5017 1042 5065 leco
1067 5035 1123 5066 raso
1145 5018 1171 5067 Ο.
1281 5017 1308 5078 1))
1337 5022 1425 5070 visum
1446 5023 1479 5082 Α,
1505 5021 1553 5070 del.
1573 5039 1641 5071 matt.
1660 5023 1741 5072 altera
1759 5030 1783 5071 et
1800 5037 1920 5086 superae.
1944 5017 2121 5085 splendorem.

475 5096 501 5162 c)
520 5099 569 5151 bre
590 5103 623 5150 A.
697 5101 725 5162 d)
748 5103 906 5153 defensione
928 5104 955 5154 0.
1029 5102 1054 5164 e)
1077 5107 1129 5156 sihi
1150 5123 1196 5157 eos
1216 5107 1248 5157 Β.
1321 5109 1342 5168 f)
1366 5110 1464 5161 odores
1483 5111 1659 5175 foetoresque
1678 5111 1713 5160 D.
1787 5108 1815 5176 g)
1837 5111 1919 5160 habet
1939 5123 2033 5158 nasum
2051 5103 2122 5154 BC.

475 5185 503 5250 h)
525 5190 725 5256 physosophica
744 5193 778 5240 Α.
851 5191 872 5252 i)
895 5201 1010 5243 nauseat
1029 5195 1063 5244 D.
1136 5193 1164 5250 k)
1187 5195 1339 5262 disciplinis
1355 5199 1457 5262 pateretis
1475 5201 1523 5249 del.
1542 5208 1566 5249 et
1583 5217 1704 5264 superaer.
1725 5201 1863 5251 discendis
1882 5199 1915 5248 B.
1984 5193 2003 5258 Ι)
2024 5193 2122 5259 neglig·

473 5278 514 5328 hie
531 5287 554 5328 et
568 5279 665 5342 passim
684 5279 722 5341 B;
742 5280 862 5346 negglig.
879 5283 905 5331 U.
970 5280 1006 5342 ιιι)
1027 5301 1148 5347 mperscr.
1162 5285 1194 5334 B.
1259 5282 1287 5346 n)
1309 5303 1366 5352 rag.
1385 5305 1448 5337 cerr.
1463 5305 1519 5354 reg.
1535 5289 1562 5340 G.
1631 5286 1658 5350 ο)
1680 5291 1745 5340 decet
1764 5289 2029 5353 aaempersa.
2048 5290 2167 5332 arenata

473 5367 554 5417 altera
572 5367 606 5416 Α.
704 5366 732 5434 p)
755 5369 817 5418 hinc
837 5388 900 5419 corr.
920 5388 987 5420 mart.
1006 5373 1086 5421 altero
1105 5372 1175 5422 hunc
1196 5375 1229 5423 A.
1322 5372 1349 5440 q)
1372 5379 1482 5427 rennuit
1502 5379 1534 5427 Α.
1633 5375 1655 5440 ι)
1678 5381 1821 5430 minstnnn
1840 5397 1902 5429 cerr.
1922 5377 2071 5428 ministrnm
2090 5371 2122 5421 ,4.

474 5453 498 5516 s)
520 5473 575 5520 cyr.
596 5454 669 5506 Ajc.
749 5455 771 5518 t)
793 5437 805 5507 si
825 5458 858 5507 B.
940 5459 967 5518 ιι)
991 5458 1169 5511 elemosinam
1189 5463 1228 5524 A;
1256 5463 1451 5516 eleemosinam
1467 5469 1493 5516 C.
1566 5469 1595 5528 vl
1617 5447 1630 5518 s'
1649 5468 1682 5518 B.
1755 5465 1790 5530 vv)
1811 5471 1851 5519 ita
1870 5482 1999 5517 necessus
2017 5480 2078 5513 cerr.
2098 5467 2124 5511 et

475 5561 605 5595 necessus
621 5545 648 5595 0.
722 5543 749 5606 x)
772 5547 805 5596 de
826 5548 938 5597 inlamib
958 5548 997 5608 B;
1016 5549 1113 5614 reliqua
1130 5551 1235 5601 nescim
1253 5563 1319 5602 autre.
1393 5553 1421 5620 y)
1442 5556 1509 5606 deest
1527 5557 1560 5606 B.
1634 5559 1659 5618 z)
1682 5556 1836 5624 repellebat
1857 5557 1883 5607 U.

585 5744 613 5814 1)
642 5743 729 5801 Leeit.
756 5744 862 5814 21,28
879 5766 921 5821 sq.
1015 5746 1044 5816 2)
1072 5748 1160 5805 Leeil.
1187 5750 1370 5829 21,13sq.,·
1397 5755 1500 5813 Ezech.
1527 5757 1650 5828 44,22;
1675 5761 1715 5831 es.
1740 5779 1830 5836 supra
1849 5780 1881 5835 p.
1901 5756 1952 5826 39,
1976 5775 2004 5812 n.
2023 5752 2051 5809 6.
