4426 6398
444 367 511 430 646.
967 370 1202 428 TRACTA'I'US
1226 369 1516 428 EBORAUENSES.
1551 373 1575 428 I.

444 561 541 626 corde
574 561 712 626 hominis
744 561 776 624 et
805 582 871 624 non
902 582 943 624 ex
975 582 1030 623 ore
1062 559 1126 623 Dei
1157 559 1230 623 talis
1262 581 1397 644 egressa
1426 570 1475 623 cst
1500 559 1646 642 traditio,
1683 561 1824 647 ideoque
1855 559 1919 624 ricc
1950 583 2012 646 per
2034 583 2105 643 eam.

443 668 530 731 solus
565 667 757 754 adquiritur,
794 667 821 731 si
855 665 1055 748 observetur,
1091 689 1153 730 nec
1187 667 1377 748 amittitur²,
1413 667 1440 730 si
1475 689 1539 732 non
1575 665 1776 732 observetur.
1831 668 1908 732 Non
1939 668 2028 731 enim
2056 683 2100 732 est

444 774 582 838 hominis
618 772 745 838 salvare
780 772 833 838 vel
867 773 1005 860 perdere
1041 771 1184 860 aliquem
1218 795 1276 858 pro
1311 772 1449 855 inentis,
1487 772 1546 837 sed
1579 772 1645 838 Dei
1680 775 1848 861 proprium
1885 775 2010 838 uniusb
2045 789 2099 838 est.

445 879 511 946 Sed
542 879 630 967 quod
659 880 751 944 Deus
782 880 843 944 hoc
874 880 1062 962 instituerit,
1097 901 1159 944 nec
1194 879 1227 942 in
1257 879 1361 942 veteri
1391 889 1583 944 testamento
1614 903 1676 945 nec
1705 882 1740 944 in
1770 879 1947 966 euangelio
1978 882 2099 944 necin

444 987 663 1073 apostolorum
694 985 839 1073 epistolis
870 987 1027 1072 scriptum
1059 987 1251 1072 repperitur,
1287 985 1321 1049 in
1351 984 1469 1072 quibus
1500 986 1655 1073 quicquid
1686 987 1777 1051 Deus
1809 986 2002 1052 hominibus
2033 1011 2128 1074 pre-s

445 1095 531 1180 cepit
561 1094 716 1157 insertum
748 1090 953 1156 describitur.
1005 1091 1152 1156 Traditio
1175 1092 1283 1176 igitur
1312 1091 1450 1156 hominis
1482 1103 1544 1174 est,
1575 1116 1641 1158 non
1670 1094 1751 1176 Dei,
1782 1117 1848 1158 non
1880 1093 2099 1180 apestolorum

281 1225 423 1276 inmas.
444 1201 612 1264 institutio.
669 1198 832 1280 Quoniam
868 1209 900 1262 et
934 1198 1099 1285 apostolus
1134 1198 1287 1280 instituit,
1322 1209 1358 1262 ut
1393 1205 1511 1286 oportet
1544 1203 1724 1288 episcopum
1759 1226 1823 1266 esse
1858 1205 1958 1266 unius
1994 1206 2101 1265 iccoris

443 1311 556 1372 aarum.
594 1305 690 1387 Quod
714 1306 846 1370 minime
872 1306 1073 1386 instituisset,
1098 1305 1125 1368 si
1149 1305 1342 1370 adulterium
1360 1315 1455 1388 esset,
1480 1306 1567 1392 quod
1590 1307 1763 1393 episcopus
1788 1305 1926 1372 haberet
1950 1306 2048 1370 simul
2071 1321 2100 1370 et

441 1435 578 1477 uxorem
602 1423 634 1476 ct
658 1413 842 1500 ecclesiam,
867 1413 960 1498 quasi
985 1412 1065 1476 duas
1082 1435 1212 1492 uxoreS,
1237 1421 1272 1475 ut
1296 1411 1428 1498 quidam
1452 1423 1611 1477 asserunt.
1649 1413 1745 1494 Quod
1761 1415 1839 1500 quia
1863 1414 1905 1478 de
1931 1415 2100 1499 scripturis

442 1521 562 1584 sanctis
593 1542 657 1583 non
689 1517 787 1584 habet
817 1519 1058 1601 auctoritatem,
1089 1517 1204 1582 cadem
1234 1518 1392 1582 facilitate
1422 1520 1673 1606 contempnitur,
1704 1543 1769 1606 qua
1800 1520 1930 1584 dicitur.
1980 1520 2141 1584 Sanctam

442 1627 527 1690 onim
553 1625 692 1714 ccclesia
715 1649 780 1689 non
804 1625 982 1690 sacerdotis
1005 1649 1099 1706 uxor,
1129 1647 1193 1688 non
1225 1631 1355 1711 sponsa,
1387 1624 1444 1690 sed
1469 1625 1591 1690 Christi
1614 1637 1673 1708 est,
1705 1628 1788 1691 sicut
1813 1627 1980 1690 lohannes
1997 1627 2099 1707 dicit:

304 1759 422 1808 ronnas.
444 1735 510 1812 Qui
530 1735 620 1798 dedet
641 1757 799 1820 sponsam,
829 1757 962 1819 sponsus
985 1747 1036 1796 cst.
1084 1731 1201 1812 Huius,
1232 1733 1375 1818 inquam,
1406 1733 1517 1818 sponsi
1541 1733 1681 1822 ecclesia
1704 1755 1824 1819 sponsa
1848 1745 1908 1814 est,
1934 1745 1968 1797 et
1992 1745 2099 1796 maren

331 1865 421 1914 *aaa
441 1840 516 1903 huic
540 1863 658 1926 sponse
683 1839 760 1903 licet
783 1839 816 1902 in
841 1849 931 1925 parte
955 1839 1037 1902 inire
1061 1838 1266 1902 matrimonia
1291 1843 1347 1902 'ex
1371 1838 1550 1924 apostolica
1573 1839 1756 1904 traditione.
1792 1839 1886 1903 Dicit
1910 1841 1999 1903 enirn
2025 1863 2099 1925 ape-

286 1973 420 2022 1.cor.r‚a.
441 1946 539 2010 stolus
565 1945 606 2010 ad
632 1945 833 2009 Corinthios:
864 1945 1000 2032 Propter
1015 1947 1262 2034 fornicationes,
1289 1945 1404 2031 inquit,
1430 1949 1641 2032 artusquisqnc
1664 1936 1791 2011 exorent
1815 1972 1907 2011 ettam
1932 1949 2099 2011 tabescet

361 2079 420 2118 mr.
440 2063 550 2138 cetera
572 2075 693 2139 usquc:
720 2053 793 2116 Volo
818 2077 922 2116 ornnes
945 2053 1084 2117 honeiriea
1107 2077 1171 2117 esse
1193 2055 1274 2116 sicut
1297 2055 1460 2138 meipsum,
1484 2053 1541 2117 sed
1558 2056 1770 2140 rtanarirque
1787 2057 1965 2140 propriu-m
1983 2054 2097 2117 donum
2118 2079 2139 2116 u

440 2161 529 2225 lohet
552 2187 571 2224 o
596 2161 674 2240 Deo,
698 2161 783 2224 <aliero
807 2160 933 2246 quidem
956 2161 1014 2239 sic,
1037 2159 1123 2223 olias
1146 2183 1218 2223 uero
1240 2162 1296 2223 aio.
1343 2159 1417 2222 Non
1445 2160 1531 2222 enim
1559 2182 1671 2223 omnes
1694 2157 1815 2224 habent
1838 2183 1940 2224 unum
1965 2159 2097 2240 doniam,
2143 2241 2146 2248 y

440 2267 644 2351 virginitatis
660 2266 785 2330 scilicet
809 2275 841 2328 ct
865 2265 1072 2346 continentie,
1097 2263 1157 2328 sed
1172 2264 1305 2350 quidam
1322 2264 1465 2350 virgines
1482 2275 1556 2328 suut
1579 2273 1612 2329 et
1635 2267 1847 2346 continentes,
1865 2265 2003 2351 quidam
2020 2288 2097 2328 vcro

324 2398 419 2438 cums.
441 2373 688 2454 incontinentes,
709 2370 827 2458 quibus
849 2371 998 2435 concedit
1022 2372 1162 2457 nuptias,
1186 2393 1227 2434 ne
1251 2381 1388 2457 temptet
1412 2393 1466 2436 cos
1484 2370 1644 2436 sathanas
1668 2385 1801 2458 propter
1824 2373 2095 2454 incontinentiam

439 2501 541 2562 suam,
566 2488 598 2542 ct
622 2479 804 2542 inruinom
828 2477 1038 2563 turpitudinis
1062 2488 1223 2542 corruant.
1261 2477 1326 2542 Sed
1351 2488 1383 2542 et
1406 2477 1592 2542 sacerdotes
1617 2501 1756 2564 quoque,
1781 2478 1835 2542 alii
1860 2478 1997 2565 quidem
2022 2501 2096 2542 con-

440 2587 579 2649 tinentes
604 2595 686 2666 sunt,
712 2585 767 2648 alii
790 2607 868 2648 vero
892 2585 1140 2648 incontinentes.
1186 2583 1230 2648 Et
1253 2585 1309 2672 qui
1333 2587 1535 2649 continentes
1559 2597 1643 2666 sunt,
1669 2585 1866 2672 continentie
1891 2609 1950 2673 sue
1975 2585 2095 2650 donum
2113 2613 2137 2649 so

439 2714 459 2755 a
475 2691 548 2756 Deo
572 2693 738 2756 consecuti
763 2701 846 2774 sunt,
871 2692 940 2754 sine
965 2692 1057 2755 cuius
1081 2690 1166 2754 dono
1186 2701 1219 2754 et
1234 2692 1340 2776 gratia
1363 2689 1565 2756 continentes
1589 2715 1660 2756 esse
1683 2715 1748 2756 non
1771 2703 1918 2779 possunt.
1953 2691 2095 2756 inconti-

439 2809 552 2862 nentes
576 2821 654 2862 vcro
685 2797 746 2862 hoc
778 2797 898 2862 donum
927 2798 1032 2886 gratie
1062 2799 1194 2862 minime
1224 2799 1418 2884 percipiunt,
1449 2799 1527 2884 quia
1557 2822 1630 2862 cum
1661 2799 1913 2886 intemperantia
1936 2823 1995 2887 sue
2021 2822 2094 2862 oon-

440 2905 626 2990 spcrsionis,
651 2915 718 2968 tum
743 2905 840 2968 etiarn
865 2905 964 2968 animi
987 2904 1172 2968 infirmitate
1197 2927 1256 2990 per
1271 2905 1379 2968 carnis
1396 2903 1559 2968 desideria
1575 2904 1734 2969 diffluunt.
1771 2905 1869 2986 Quod
1892 2905 2094 2970 nullomodo

439 3011 596 3093 facerent,
621 3013 648 3075 si
672 3013 912 3076 continentiac⁰
938 3011 1076 3097 gratiam
1096 3022 1128 3075 et
1143 3012 1296 3075 virtutem
1312 3033 1332 3074 a
1347 3011 1421 3075 Deo
1437 3013 1669 3098 percepissent.
1706 3011 1858 3077 Sentiunt
1874 3014 1960 3076 enim
1980 3023 2014 3076 et
2032 3014 2093 3098 ipsi

261 3143 420 3192 narraretur.
439 3121 538 3183 aliona
556 3121 651 3206 tepent
669 3121 703 3183 in
719 3121 866 3184 meandris
881 3121 948 3184 suis
964 3133 1184 3206 repupnontern
1199 3121 1264 3204 lepi
1276 3119 1406 3183 ne-aa'st
1421 3145 1475 3202 aare
1490 3134 1519 3184 et
1534 3123 1760 3206 ceptio-uateme
1777 3145 1828 3184 eos
1844 3123 1878 3183 in.
1892 3121 1957 3206 lepe
1966 3123 2097 3206 peccati
2110 3147 2134 3183 as

440 3235 472 3288 ct
495 3224 584 3312 quod
606 3225 719 3289 nolunt
745 3247 843 3310 agere
868 3234 1048 3310 cogentem.
1096 3223 1183 3304 Quis
1208 3225 1246 3289 de
1269 3249 1398 3312 corpore
1421 3229 1530 3291 mortis
1554 3227 1647 3291 huius
1677 3224 1857 3289 liberantur
1885 3228 1995 3311 gratia
2017 3226 2091 3289 Dei.

328 3355 419 3406 aare.
545 3331 619 3396 Hac
643 3332 753 3418 itaque
778 3353 833 3395 cos
857 3330 928 3416 lege
949 3331 1145 3416 captivante,
1171 3341 1203 3394 et
1226 3331 1332 3394 carnis
1349 3333 1615 3418 concupiscentia
1630 3332 1825 3414 stimulante,
1844 3336 1916 3396 ‘aut
1939 3333 2092 3396 fornicari
2182 3327 2183 3330 ¹

407 3465 412 3476 ‘
440 3448 600 3524 coguntur
630 3449 685 3502 aut
714 3436 849 3500 nubere.
897 3437 1043 3518 Quorum
1067 3437 1146 3524 quid
1176 3437 1291 3501 melius
1321 3439 1373 3520 sit,
1404 3438 1583 3525 apostolica
1612 3437 1767 3502 docemur
1797 3439 2004 3520 auctoritate,
2030 3462 2092 3525 qua

284 3569 419 3620 1.co1·.v,e.
439 3545 573 3609 dicitur:
597 3546 716 3610 illelius
738 3547 863 3626 nubere,
887 3569 981 3630 qttoru
1006 3547 1066 3610 ori.

547 3651 644 3732 Quod
660 3650 774 3715 melius
792 3661 851 3733 est,
875 3650 910 3715 id
926 3661 1012 3715 certe
1030 3651 1214 3737 eligendum
1236 3662 1268 3715 et
1287 3651 1462 3716 tenendum
1479 3663 1538 3715 est.
1574 3651 1691 3715 lllelius
1708 3661 1765 3734 est,
1790 3653 1935 3737 inquam,
1955 3651 2090 3732 nubere,
2110 3680 2134 3716 ae

440 3760 517 3844 quia
540 3758 633 3844 peius
658 3768 707 3821 est
730 3758 790 3821 uri.
838 3757 925 3837 Quia
953 3758 1053 3844 igitur
1081 3757 1196 3822 melius
1220 3769 1269 3822 est
1294 3757 1429 3841 nubere,
1454 3781 1550 3844 quum
1574 3759 1634 3839 uri,
1659 3759 1857 3822 conveniens
1881 3769 1932 3822 est
1954 3759 2091 3822 inconti-

439 3863 600 3944 nentibus,
626 3874 660 3927 ut
683 3863 816 3946 nubant,
841 3887 916 3944 non,
940 3873 976 3927 ut
998 3874 1141 3929 urantur.
1177 3865 1269 3952 Bone
1293 3866 1412 3928 etenim
1432 3875 1506 3928 sunt
1530 3866 1652 3950 nuptie,
1677 3865 1762 3950 quia,
1787 3866 1871 3929 siout
1885 3865 2090 3950 Augustinus

439 3971 485 4034 ait
508 3972 541 4034 in
564 3968 646 4034 libro
671 3992 769 4056 supter
793 3968 948 4034 Genesim
972 3969 1014 4034 ad
1037 3970 1176 4034 litteram
1190 3975 1210 4052 ¹,
1234 3972 1268 4034 in
1291 3972 1370 4057 ipsis
1395 3971 1640 4036 commendatur
1662 3969 1781 4035 bonum
1805 3982 1931 4058 nature,
1956 3998 2018 4058 quo
2042 3976 2090 4037 in-

439 4081 623 4158 continentia
651 4081 770 4164 rapitur
788 4080 949 4164 pronitas,
973 4091 1133 4163 atrectare
1157 4079 1322 4143 deco-ratur
1337 4080 1524 4166 fecunditas
1532 4089 1555 4142 ⁸.
1602 4077 1709 4141 Na1u²
1732 4081 1893 4165 utriusque
1920 4105 2014 4144 aerim
2043 4083 2089 4143 in·

430 4187 584 4271 firmitus,
605 4183 806 4271 propendens
830 4187 862 4248 in
879 4187 1006 4248 retinent
1031 4185 1250 4271 turpitudinis,
1273 4201 1352 4249 reete
1376 4189 1532 4272 arripitur
1555 4187 1709 4250 donmmte
1732 4188 1926 4271 ratcptiorurn,
1951 4201 1986 4250 ut
2007 4187 2093 4272 quod
2111 4212 2135 4250 aa

437 4293 526 4354 sonsa
543 4293 733 4376 pensitasse
757 4292 914 4377 officia-m,
937 4293 979 4355 sit
1001 4293 1115 4378 spretas
1137 4292 1319 4356 retraedimn.
1367 4292 1475 4378 Neque
1500 4295 1592 4373 enim,
1622 4294 1700 4378 qnia
1726 4294 1949 4358 incontinentia
1973 4295 2090 4356 niolam

438 4412 490 4477 est,
522 4398 592 4461 idco
623 4399 799 4477 coner-biens,
831 4399 881 4461 rel
909 4422 969 4483 quo
1001 4400 1222 4462 incontinentes
1252 4399 1449 4484 copolentur,
1476 4423 1540 4462 ‘non
1564 4413 1608 4464 est
1633 4401 1753 4462 borenna
1802 4397 1901 4462 Imrno
1927 4423 2000 4463 vcro
2030 4425 2092 4464 non

435 4518 566 4589 propter
591 4504 676 4567 illud
696 4505 814 4568 molum
839 4504 997 4590 capabile
1021 4519 1064 4569 est
1086 4502 1205 4592 [toci]
1229 4507 1352 4586 bonetus,
1375 4489 1574 4592 sedpropter
1590 4507 1646 4572 doc
1662 4507 1774 4570 bonum
1796 4507 1916 4572 reniale
1939 4520 1984 4572 est
2007 4506 2095 4570 illud

437 4612 574 4674 anoloni:
605 4613 754 4695 qnoniam
779 4611 815 4674 id
837 4611 923 4696 quod
944 4613 1054 4674 hortum
1080 4611 1192 4675 irrident
1214 4614 1320 4698 nuptie
1343 4627 1371 4676 et
1393 4612 1479 4698 quod
1501 4613 1576 4699 bone
1597 4627 1669 4676 eunt
1692 4615 1812 4698 nuptie,
1835 4627 2001 4698 peucetiam
2027 4637 2091 4676 esse

436 4742 596 4801 nrtnquorn
614 4727 745 4802 potest.
775 4717 842 4780 Hoc
865 4732 966 4781 cirtem
990 4719 1183 4804 tripertitum
1208 4733 1269 4782 eet:
1290 4719 1387 4806 fides,
1414 4720 1531 4804 proles,
1558 4734 1795 4808 sacromentum.
1844 4718 1883 4780 In.
1899 4719 1970 4804 fide
1994 4733 2090 4783 aden-
2109 4746 2136 4782 ro

437 4823 533 4903 ditur,
564 4848 601 4886 nc
620 4838 728 4908 priter
751 4811 910 4887 en'nculunt
934 4825 1097 4910 ‹Joniupole
1120 4850 1189 4888 cum
1213 4826 1313 4888 altero
1342 4826 1392 4888 'cel
1413 4851 1479 4888 curn
1505 4827 1603 4889 alte-ro
1627 4825 1877 4890 concitaberunt.
1926 4825 1965 4888 In
1982 4827 2089 4911 prole,

324 4956 415 5004 *aare
436 4943 469 4993 nt
490 4944 632 4994 arcentor
656 4932 874 5015 *ariscipiotur,
898 4932 1027 5017 benique
1050 4930 1276 5018 sumce'piotnrl,
1300 4932 1446 5018 relipiose
1469 4932 1623 4996 educetur.
1671 4931 1710 4995 lu
1734 4946 1938 5012 concreante,
1963 4947 1996 4995 ut
2019 4957 2090 4996 cou-

436 5038 557 5120 t‘apiorn
581 5060 641 5098 non
664 5051 827 5122 separetur
851 5052 878 5100 et
893 5023 1052 5101 'deiniraus
1075 5052 1129 5101 out
1152 5039 1286 5102 dimisso
1309 5037 1382 5102 rtec¹
1410 5063 1505 5102 conso
1520 5040 1627 5124 prolis
1650 5039 1747 5102 alteri
1767 5042 1983 5124 coniunpotur.
2022 5039 2090 5124 Hpc

435 5157 479 5205 cst
501 5156 649 5226 nzrrqrrum
674 5144 782 5230 repnte
806 5146 999 5229 nuptiarum,
1024 5169 1086 5229 qna
1103 5145 1153 5208 vei
1166 5160 1276 5230 notzere
1292 5145 1457 5208 (laceratur
1465 5145 1674 5232 fecondz'nsss
1691 5145 1741 5208 ecl
1764 5147 1982 5232 incontinentia
2006 5148 2088 5232 repi-

543 5338 569 5402 n)
592 5342 782 5392 adorittiturc.
865 5339 894 5402 b)
915 5359 984 5392 uuus
1003 5361 1024 5392 c.
1107 5339 1133 5404 c)
1156 5345 1325 5394 continentia
1343 5361 1412 5420 corr.
1426 5343 1621 5394 continentiae.
1700 5341 1728 5404 d)
1751 5346 1833 5394 menti
1852 5361 1873 5393 e.
1953 5343 1979 5403 el
2002 5346 2132 5424 capti-'ta

434 5432 509 5480 venti
528 5448 548 5479 c.
612 5429 725 5492 OQuia
744 5449 765 5480 c.
829 5429 858 5496 g)
879 5431 913 5481 sic
931 5449 951 5481 c.
1015 5429 1044 5494 h)
1065 5432 1132 5482 deest
1149 5450 1169 5482 c.
1230 5430 1251 5494 i)
1273 5433 1443 5483 concubatur
1461 5449 1482 5482 c.
1544 5431 1915 5498 k)eiec.,·nutriatur21a9.
1971 5431 1990 5495 Ι)
2013 5450 2047 5484 ne
2066 5449 2087 5484 c.

544 5611 572 5680 1)
598 5614 633 5670 L.
651 5613 705 5683 IX,
729 5635 752 5669 c.
769 5614 797 5683 l,
821 5610 909 5686 512,
936 5612 1009 5688 opp.
1026 5613 1084 5685 III,
1109 5617 1158 5671 col.
1177 5614 1256 5684 ata·
1280 5616 1322 5672 ed.
1349 5616 1448 5688 Zyclta
1466 5636 1500 5691 p.
1519 5615 1592 5686 276,
1614 5615 1719 5690 paucae
1740 5615 1861 5686 mquam.
1955 5616 1986 5685 2)
2011 5616 2086 5673 Ibid.

430 5719 531 5792 purello
553 5739 652 5794 stupra.
