4426 6398
596 371 832 428 TRACTATUS
856 361 1146 428 EBORACENSE'S.
1178 370 1216 425 11.
1669 369 1733 432 655

79 581 209 624 movere
240 558 462 625 irrationabile
493 570 552 624 θεῖ.
598 559 668 625 Ηοε
692 561 813 647 quippe
838 568 925 622 amat
948 559 1040 622 Deus
1065 566 1097 622 et
1121 568 1215 622 ornat
1238 568 1270 621 et
1293 557 1375 622 stola
1398 558 1501 648 glorie
1532 559 1637 624 induit
1667 583 1895 643 coapostata.

79 664 197 753 quibus
227 667 261 730 in
284 666 462 731 lavachro·
485 666 577 731 dedit
600 667 713 731 stolam
737 668 876 753 primam
900 676 933 729 et
956 665 1098 747 anulum,
1126 663 1205 728 fidei
1229 665 1443 750 signaculum.
1491 666 1563 756 Qus
1588 668 1629 732 sit
1652 666 1734 732 stola
1753 695 1891 746 mersas.

79 774 194 860 prima,
222 772 386 859 apostolus
410 775 563 860 exposuit
585 773 714 838 dicens:
749 773 942 858 Quicumque
971 775 1125 859 baptizoti
1152 775 1226 837 estis
1255 776 1288 837 ia
1317 773 1441 838 Christo
1464 773 1547 852 Iesu,
1575 774 1734 840 Christum
1753 803 1875 852 auam.

81 881 239 944 induistus.
283 879 431 944 Christus
455 902 532 966 crgo
557 891 606 944 est
629 879 711 944 stola
734 881 849 966 prima,
874 880 951 965 quia
973 878 1094 943 totiusb
1118 877 1196 942 boni
1219 880 1416 964 principium
1440 891 1489 943 θεῖ
1509 878 1656 944 Christus
1680 893 1732 946 et⁰

48 985 188 1075 slqticiq
218 985 442 1052 indumentum
478 997 510 1050 et
537 987 764 1051 vestimentum
796 986 909 1049 salutis
940 998 972 1051 et
1002 985 1123 1050 totiusb
1154 987 1334 1050 sanctitatis
1365 987 1512 1051 amictus.
1560 987 1625 1068 Qui
1656 988 1734 1052 tali‘¹

80 1092 162 1158 stola
183 1093 316 1158 indutus
333 1103 392 1175 est,
416 1103 546 1158 nonest
568 1094 734 1176 iniustum,
754 1105 790 1157 ut
814 1093 1030 1157 sacerdotali⁰
1055 1093 1136 1157 stola
1159 1092 1322 1174 induatur,
1348 1116 1411 1181 que
1435 1093 1734 1180 incomparabiliter

80 1199 213 1264 inferior
229 1200 282 1264 et‘
298 1201 404 1265 minus
421 1211 535 1265 sancta
551 1211 609 1265 est.
644 1201 743 1266 Nulla
759 1203 879 1287 quippe
897 1199 1050 1282 conditio,
1075 1198 1164 1264 nulla
1186 1201 1350 1264 nationis8
1366 1199 1419 1264 vel
1444 1202 1563 1265 sexush
1581 1200 1732 1266 discretio

80 1307 113 1370 in
133 1305 252 1370 talibus
276 1305 515 1371 consideranda
537 1319 596 1372 cst.
632 1308 725 1373 Νοηἰ
752 1323 795 1372 est
818 1311 900 1372 caim
916 1307 1044 1389 ludens,
1069 1306 1148 1371 dicit
1172 1306 1348 1393 apostolus,
1372 1332 1434 1371 reon
1457 1322 1501 1372 est
1518 1307 1648 1388 Grecos,
1672 1334 1734 1374 aon
1753 1337 1825 1377 raes.

80 1427 125 1477 est
145 1439 263 1495 serora,
287 1439 385 1500 aeque
409 1415 499 1496 liber,
521 1440 583 1480 noa
607 1417 775 1496 masculus,
799 1440 896 1500 ireque
912 1416 1052 1503 femina.
1093 1413 1206 1479 Orsines
1229 1415 1312 1478 enim
1336 1417 1370 1478 ia
1386 1411 1510 1478 Chresto
1535 1439 1629 1478 acaum
1652 1431 1731 1480 sant.

38 1545 62 1582 ιο
81 1517 322 1606 Cuiuscumque
339 1521 479 1585 nationis
496 1521 568 1604 sint,
594 1521 839 1607 cuiuscunque*
863 1519 1068 1602 conditionis,
1092 1520 1125 1582 in
1142 1517 1272 1584 Christo
1288 1541 1387 1584 unum
1404 1529 1487 1602 sunt,
1513 1519 1546 1584 id
1563 1533 1611 1585 est
1634 1544 1732 1585 unum

81 1647 198 1712 corpus
215 1625 346 1710 Christi,
371 1637 404 1691 ct
426 1651 510 1692 unus
534 1651 608 1692 cum
631 1650 669 1692 eo
694 1629 836 1714 spiritus,
860 1650 899 1692 ao
924 1628 970 1690 sic
986 1650 1070 1691 unus
1087 1625 1245 1708 Christus,
1270 1636 1378 1712 caput,
1403 1649 1521 1713 corpus
1546 1638 1578 1691 et
1602 1629 1733 1714 spiritus
1753 1656 1903 1706 uuonan.

80 1744 163 1796 sunt.
200 1732 309 1814 Quare
335 1745 367 1798 et
390 1732 485 1799 simul
508 1757 652 1799 summus
676 1733 828 1799 sacerdos
853 1725 937 1816 sunt,
961 1735 995 1796 in
1019 1756 1082 1819 quo
1107 1733 1202 1797 simul
1224 1757 1326 1797 unum
1349 1743 1433 1797 sunt.
1475 1733 1591 1820 Neque
1615 1757 1732 1822 corpus

80 1862 100 1903 a
123 1840 259 1925 capitis¹
286 1841 336 1905 sui
366 1842 489 1905 unitate
520 1850 627 1927 potest
655 1841 771 1923 dividi,
795 1840 848 1905 vel
872 1841 1004 1927 spiritus
1028 1863 1047 1904 a
1071 1841 1207 1903 veritate
1232 1849 1265 1904 θῖ
1288 1841 1407 1903 virtute
1438 1839 1534 1922 illius,
1563 1841 1655 1904 cuius
1684 1853 1734 1906 est

81 1947 222 2032 spiritus,
254 1948 410 2033 separari,
442 1970 502 2012 nec
533 1946 575 2011 ab
606 1947 753 2011 eiusdem
783 1947 889 2012 officio
921 1969 955 2011 se
985 1947 1086 2032 iungi.
1133 1945 1245 2010 Habet
1274 1947 1374 2031 igitur
1404 1969 1521 2032 eorpus
1546 1959 1578 2010 et
1601 1949 1732 2033 spiritus

38 2079 62 2118 rs
81 2053 214 2139 capitis¹
242 2055 291 2117 sui
315 2055 496 2136 veritatem,
520 2054 663 2119 officium
688 2065 720 2118 et
742 2055 905 2118 virtutem.
953 2053 1063 2134 Quare
1094 2063 1126 2116 θῖ
1153 2052 1209 2117 filii
1240 2052 1456 2135 sacerdotum,
1481 2055 1537 2139 qui
1560 2077 1677 2140 corpus
1702 2066 1734 2119 et

80 2159 211 2245 spiritus
242 2161 337 2224 sunt‘
365 2160 459 2225 huius
490 2162 617 2247 capitis,
649 2161 736 2248 quod
760 2172 810 2225 cst
839 2183 982 2224 summus
1007 2159 1171 2240 sacerdos,
1196 2159 1249 2224 et‘
1273 2161 1445 2224 veritatem
1469 2171 1502 2224 et
1524 2162 1677 2225 virtutem
1702 2175 1733 2226 et

80 2265 232 2348 officium,
263 2265 299 2330 id
326 2279 376 2331 θεῖ
405 2267 624 2332 sacerdotium
653 2291 718 2332 non
748 2267 869 2332 habere
900 2289 964 2330 non
994 2276 1138 2352 possunt.
1187 2266 1298 2332 Suntm
1322 2289 1452 2353 nanque
1476 2266 1518 2331 de
1541 2290 1676 2332 numero
1702 2279 1734 2332 ct

81 2382 166 2436 sorte
190 2372 377 2456 electorum,
410 2375 465 2460 qui
492 2376 525 2437 in
548 2374 738 2461 Apocalipsi
769 2375 810 2438 de
834 2371 963 2438 Christo
987 2373 1153 2437 locuntur:
1181 2373 1247 2452 Qui
1268 2373 1383 2439 dilexit
1404 2399 1460 2440 nos
1484 2389 1512 2440 et
1534 2376 1613 2439 lauit
1635 2399 1691 2440 nos
1713 2402 1733 2440 a
1752 2401 1910 2450 Apoeaoao.

77 2483 216 2565 peccatis
244 2483 361 2544 aosuis
390 2485 423 2545 in
454 2484 606 2568 saep-uiae
629 2506 685 2546 sico
709 2495 737 2547 et
752 2483 839 2568 fecit
861 2506 917 2545 nos
940 2480 1008 2546 Deo
1032 2506 1161 2567 repausa
1184 2495 1213 2545 et
1234 2481 1418 2546 sacerdotes.
1468 2480 1543 2561 Qua
1573 2483 1733 2545 sententia

37 2613 62 2652 so
81 2607 192 2649 omnes
217 2585 313 2650 electi
336 2586 521 2651 sacerdotes
538 2609 610 2652 esse
627 2598 855 2669 monstrantur,
880 2589 936 2674 qui
960 2586 1156 2650 sacrificium
1180 2586 1285 2650 laudis
1301 2587 1375 2651 Deo
1399 2587 1575 2670 immolant,
1600 2610 1857 2674 corpus-001.s‚s.

81 2714 143 2778 que
168 2715 261 2757 suum
285 2715 305 2756 a
327 2695 488 2779 presentis
519 2694 622 2758 seculi
652 2693 885 2781 cupiditatibus
916 2693 1121 2776 mortificant,
1149 2704 1185 2758 ut
1215 2693 1321 2758 hostia
1348 2695 1425 2758 viva
1452 2693 1542 2758 fiant.
1590 2695 1624 2759 Si
1656 2717 1732 2780 ergo

80 2798 137 2862 filii
161 2798 367 2864 sacerdotum
391 2810 465 2865 sunt
488 2800 593 2884 electi,
617 2823 694 2865 vere
719 2800 867 2865 Christus
898 2800 976 2865 fecit
1006 2823 1061 2864 eos
1086 2799 1273 2864 sacerdotes
1297 2801 1370 2865 Deo
1393 2801 1489 2886 patri.
1537 2800 1635 2881 Quod
1658 2824 1732 2866 con·

81 2899 236 2992 sequitur,
260 2919 296 2971 ut
319 2906 433 2971 melius
464 2906 607 2972 habeant
636 2908 853 2973 sacerdotium
884 2917 981 2993 atque
1013 2909 1210 2993 prestantius
1239 2929 1336 2993 quarn
1364 2905 1455 2988 illud,
1485 2907 1573 2992 quod
1603 2906 1645 2971 ab
1667 2908 1732 2972 alio

81 3013 178 3076 etiarn
208 3035 274 3077 non
304 3013 399 3078 electi
430 3015 617 3078 sortiuntur.
663 3013 797 3078 Habent
824 3015 910 3078 enim
934 3037 1048 3078 verum
1072 3024 1105 3078 et
1128 3024 1276 3078 sanctum
1305 3013 1532 3096 sacerdotium,
1557 3013 1645 3100 quod
1668 3037 1733 3079 non

37 3147 62 3185 ss
81 3129 130 3182 est
153 3119 332 3184 secundum
356 3143 498 3202 carnem,
529 3119 588 3184 sed
611 3121 790 3186 secundum
814 3123 973 3207 spiritum.
1019 3119 1123 3184 lmmo
1147 3121 1211 3206 ipsi
1235 3131 1309 3184 sunt
1333 3119 1550 3186 sacerdotium
1574 3130 1731 3204 sanctum,

81 3226 165 3289 sicut
179 3225 296 3290 Petrus
320 3227 485 3312 apostolus
509 3226 552 3291 ad
568 3249 623 3291 eos
647 3227 791 3313 loquitur
814 3226 943 3291 dicens:
968 3228 1024 3290 aa
1039 3253 1139 3314 quern,
1163 3227 1197 3290 id
1221 3237 1271 3290 est
1294 3225 1337 3290 ad
1356 3224 1532 3309 Christum,
1556 3228 1733 3293 accedentes
1753 3254 1909 3304 crassas.

81 3333 220 3419 lapidem
237 3337 354 3415 visum,
376 3337 415 3400 ab
439 3335 617 3399 horninibus
640 3335 767 3421 quidem
790 3337 1000 3421 reprobatam,
1025 3360 1045 3397 a
1064 3333 1132 3398 Deo
1156 3349 1256 3398 autem
1282 3335 1407 3398 electam
1432 3349 1460 3398 et
1482 3335 1731 3421 honorificatam,

80 3455 109 3502 et
125 3442 194 3526 apsi
206 3455 353 3526 tanquam
379 3441 504 3528 lapides
522 3444 590 3506 uisi
603 3442 839 3528 coedificamini
858 3442 969 3506 doinus
991 3442 1186 3527 spirituales,
1210 3440 1419 3505 sacerdotium
1443 3456 1594 3520 soractem,
1619 3443 1733 3527 offerre

79 3547 264 3632 speriusales
286 3547 414 3630 hostias,
438 3549 644 3634 acceptabiles
667 3549 735 3612 Deo
751 3573 815 3634 per
837 3549 952 3635 ipsam,
977 3557 1009 3610 et
1031 3548 1165 3610 iterum:
1199 3547 1258 3612 Vos
1281 3561 1381 3611 autem
1403 3572 1501 3634 percus
1524 3549 1661 3628 electam,
1684 3573 1732 3613 re·
1752 3575 1811 3615 raa.

37 3679 62 3718 so
78 3653 150 3738 pole
178 3653 398 3718 sacerdotium.
443 3654 502 3718 Vos
529 3679 636 3742 peasa,
666 3655 781 3741 inquit,
813 3655 950 3735 electam,
980 3676 1045 3718 non
1075 3653 1116 3718 de
1146 3652 1313 3718 immundo
1338 3664 1370 3717 et
1393 3652 1596 3739 corruptibili
1627 3655 1733 3718 carnis
1753 3683 1854 3733 rama

82 3759 204 3822 semine
228 3769 453 3845 propagatum,
485 3759 543 3823 sed
568 3759 609 3823 tle
633 3759 745 3849 celesti
769 3770 801 3824 θῖ
823 3759 1062 3846 incorruptibili
1093 3762 1215 3825 semine
1247 3761 1363 3824 summi
1387 3761 1474 3846 regis
1499 3771 1531 3824 et
1554 3760 1733 3825 sacerdotis

80 3875 296 3950 procreatum,
321 3877 353 3930 et
375 3866 449 3930 ideo
474 3876 561 3930 recte
579 3877 714 3930 vocatur
729 3865 839 3951 regale
857 3865 1084 3948 sacerdotium,
1109 3877 1184 3930 sunt
1206 3866 1332 3953 lapides
1348 3866 1427 3948 vivi,
1452 3879 1527 3931 sunt
1550 3867 1733 3932 coedificati

80 3971 195 4035 domus
219 3957 413 4058 spirituales,
445 3983 520 4037 sunt
543 3995 646 4058 genus
671 3971 818 4054 electum,
845 3972 990 4058 profecto
1015 3975 1233 4059 consequitur,
1259 3973 1346 4060 quod
1370 3974 1434 4037 sint
1457 3984 1605 4038 sanctum
1629 3986 1661 4038 et
1684 3997 1732 4038 re-

81 4077 153 4162 gale
178 4078 405 4163 sacerdotium,
431 4079 532 4166 *quod
549 4079 704 4143 videlicet
727 4101 746 4142 a
765 4078 837 4142 Deo
861 4090 953 4165 patre
978 4091 1010 4143 et
1034 4078 1162 4144 Christo
1185 4079 1262 4144 Iesu
1286 4091 1494 4165 acceperunt.
1512 4090 1515 4098 ’
1535 4079 1645 4160 Quare
1669 4104 1734 4145 non
1753 4110 1844 4160 *assa

37 4213 62 4252 ss
82 4195 130 4249 est
159 4184 370 4250 iudicandum
401 4208 456 4250 eos
485 4209 551 4250 non
582 4185 702 4250 debere
729 4197 811 4266 esse,
836 4185 924 4272 quod
951 4208 1011 4272 per
1033 4185 1142 4249 Deum
1174 4197 1248 4250 sunt
1278 4197 1311 4249 ct
1333 4207 1398 4250 non
1422 4184 1542 4250 debere
1567 4209 1586 4250 a
1609 4188 1733 4251 vicario

43 4317 48 4330 ·
82 4289 203 4356 Christi
226 4293 388 4378 accipere,
413 4292 499 4379 quod
523 4292 565 4357 ab
589 4294 659 4378 ipso
684 4290 813 4356 Christo
837 4305 1044 4379 acceperunt,
1069 4315 1143 4356 cunr
1166 4292 1266 4356 multo
1291 4293 1435 4357 sanctius
1465 4301 1563 4378 atque
1586 4304 1733 4379 prestan-

80 4399 144 4461 tius
168 4399 218 4480 sit,
243 4397 330 4484 quod
354 4421 374 4462 a
397 4396 459 4463 deo
483 4398 611 4463 Christo
635 4398 805 4484 accipitur,
830 4421 927 4484 quam
951 4397 1039 4485 quod
1068 4397 1110 4462 ab
1135 4398 1264 4463 homine
1292 4408 1417 4463 tantum
1445 4397 1606 4464 tribuitur.

188 4504 255 4569 Sed
278 4504 415 4570 fortasse
432 4504 576 4570 dicturus
594 4529 645 4569 es:
669 4505 741 4570 Lex
758 4527 919 4570 canonum
936 4503 1096 4591 prohibet,
1121 4515 1156 4568 ut
1178 4504 1259 4568 talos
1277 4505 1475 4570 ordinentur.
1509 4505 1563 4569 Ad
1579 4505 1667 4592 quod
1682 4529 1731 4570 re-

82 4611 295 4696 spondemus:
319 4611 494 4698 Apostolus
508 4611 613 4675 ·dicit:
646 4612 687 4676 si
707 4615 825 4699 spirita
848 4615 1011 4694 ducimini,
1041 4637 1103 4676 aaa
1133 4614 1206 4676 estis
1236 4612 1292 4675 sith
1317 4613 1389 4699 lepe.
1439 4611 1525 4691 Quia
1549 4635 1627 4697 ergo
1651 4613 1874 4692 talesan.s,1s.

37 4719 196 4804 suspiritu
212 4718 277 4782 Dei
294 4717 466 4800 ducuntur,
484 4728 516 4782 θῖ
532 4717 577 4781 illi
594 4718 772 4783 secundum
789 4718 895 4805 legem
912 4742 1071 4784 canonum
1094 4741 1158 4782 non
1176 4728 1260 4797 sunt,
1285 4717 1343 4781 sed
1367 4717 1422 4800 illi,
1446 4720 1502 4804 qui
1523 4720 1639 4804 spiritu
1667 4743 1732 4784 non

83 4822 245 4889 ducuntur
268 4835 300 4889 et
322 4825 369 4889 illi
392 4825 571 4890 secundum
594 4825 702 4911 legem
726 4827 887 4888 canonum
911 4826 1054 4889 ordinari
1077 4824 1299 4912 prohibentur,
1325 4874 1333 4889 .
1359 4874 1366 4889 .
1392 4837 1422 4888 .¹¹
1457 4825 1530 4889 Non
1564 4836 1672 4891 tamen
1695 4828 1729 4890 in

81 4933 191 5017 pravis
215 4930 359 4996 moribus
389 4943 504 5020 nature
529 4931 615 4996 dona
637 4931 801 5018 culpanda
825 4943 909 5014 sunt,
938 4934 1015 5018 quia
1038 4955 1098 4997 nec
1122 4941 1297 5019 propterea
1320 4954 1384 4996 non
1410 4929 1530 4996 debent
1553 4934 1732 5017 germinari

81 5037 253 5118 frumenta,
278 5038 364 5124 quod
389 5061 428 5103 ea
456 5040 576 5103 severit
598 5039 735 5103 furantis
761 5061 885 5121 manus,
909 5061 971 5104 nec
994 5049 1168 5126 propterea
1191 5061 1257 5103 non
1280 5037 1358 5103 licet
1380 5061 1422 5102 ex
1446 5039 1493 5101 eis
1517 5040 1618 5121 vesci,
1643 5039 1731 5125 quod

81 5143 244 5208 homicida
266 5144 319 5209 vel
343 5144 470 5209 adulter
494 5168 532 5209 ea
556 5147 736 5210 seminavit.
784 5146 827 5209 Et
850 5145 911 5233 hec
936 5145 1065 5230 quidem
1090 5146 1178 5212 dicta
1202 5145 1397 5211 sufficiant
1440 5144 1512 5234 Que
1537 5146 1563 5208 si
1592 5143 1676 5210 bene
1701 5156 1733 5211 et

36 5249 219 5317 rsfideliter
242 5251 436 5332 dictasunt,
461 5251 669 5337 gratulamur.
717 5252 775 5316 Sin
798 5263 917 5332 autem,
943 5253 1197 5315 correctionemp
1221 5251 1361 5316 libenter
1385 5253 1583 5337 accipiemus
1593 5264 1616 5316 q.

188 5415 214 5479 a)
231 5414 389 5468 lavacroB.
434 5413 610 5478 bltociusB.
654 5415 779 5478 clestA.
824 5414 977 5479 dtutisB.
1021 5412 1046 5474 e)
1062 5413 1235 5466 sacerdotale
1249 5415 1281 5466 B.
1327 5411 1455 5476 om.B.
1502 5413 1531 5480 g)
1546 5417 1659 5467 rationi
1673 5417 1733 5467 AB.

80 5503 279 5566 h)sensus11.
352 5504 372 5570 i)
394 5507 457 5558 Non
476 5531 509 5539 -
530 5506 635 5556 Grecos
654 5506 747 5556 om.B.
816 5505 844 5568 k)
865 5506 899 5553 sic
918 5505 952 5552 A.
1019 5503 1038 5561 ll
1061 5505 1145 5568 capiti
1164 5503 1197 5553 B.
1270 5501 1306 5565 m)
1329 5505 1527 5556 Sunt—sem.
1547 5505 1563 5555 l.
1578 5507 1620 5554 44.
1638 5523 1685 5554 oar.
1700 5504 1732 5556 B.

80 5591 109 5656 n)
130 5595 253 5660 praedam
270 5594 350 5646 elaeae
367 5603 443 5660 patet.
517 5591 545 5656 o)
565 5595 602 5644 ito
621 5595 662 5655 B,·
680 5595 818 5644 sufficiunt
837 5595 870 5643 A.
935 5590 964 5658 p)
986 5593 1185 5654 correptionem
1204 5609 1267 5643 corr.
1288 5596 1486 5646 correctionem
1506 5592 1555 5644 B.
1611 5591 1639 5659 q)
1661 5594 1733 5646 acci·

80 5683 187 5748 piamun
207 5685 247 5744 A,
268 5685 418 5749 excipimus
438 5683 470 5732 B.
