4478 6396
468 390 532 452 230
767 396 947 452 GERHOHI
970 394 1203 452 PRAEPOSITI
1225 392 1632 450 REICHERSBERGENSIS
1656 394 1822 451 LIBELLI.

465 599 605 650 mulene.
653 580 768 665 Audis,
798 581 908 662 frater,
940 583 1018 669 quia
1048 583 1081 646 in
1105 604 1185 646 vera
1214 582 1394 669 penitentia
1422 581 1679 646 renunciandum
1704 591 1753 646 est
1783 580 1924 663 saecula,
1956 578 2119 666 debetque

466 691 606 776 scipsum
632 689 695 753 sibi
721 688 884 775 abnegare
908 691 1057 775 penitens
1081 688 1186 770 homo,
1211 697 1243 752 et
1265 699 1351 752 totus
1376 689 1576 752 commutari.
1624 687 1780 774 Nunquid
1803 687 1889 752 banc
1905 687 2121 774 penitentiam

464 807 571 883 potest
595 797 766 884 quisquam
791 818 887 882 agere
912 796 945 860 in
969 794 1082 860 habitu
1105 795 1291 881 pompatico
1315 805 1348 858 et
1372 793 1537 858 seculari?

373 925 446 968 *aaa
572 903 605 967 S.
642 902 687 970 Ut
710 925 797 967 nunc
821 902 861 966 de
887 901 1013 966 clericis
1037 913 1175 983 taceam,
1200 923 1307 966 nonne
1325 900 1455 965 *multos
1472 901 1572 966 laicos
1590 901 1738 966 videmus
1754 902 1938 994 penitentes
1954 901 1990 965 in
2006 898 2122 964 babitu

464 1033 529 1074 non
553 1009 656 1074 solum
681 1009 830 1090 seculari,
855 1008 913 1072 sed
938 1009 1036 1072 etiam
1060 1008 1217 1072 militari?
1305 1071 1306 1074 ,
2140 1029 2154 1069 s

571 1117 609 1180 R.
645 1116 698 1181 De
722 1117 784 1181 hoc
809 1114 909 1180 verbo
940 1114 998 1180 tibi
1029 1113 1227 1201 respondeat
1250 1116 1318 1178 Leo
1342 1114 1493 1201 Magnus,
1518 1116 1574 1201 qui
1598 1115 1682 1179 inter
1706 1125 1816 1180 cetera
1840 1114 1958 1180 dicim:
1987 1114 2121 1180 Contra-

464 1226 549 1288 rium
573 1238 616 1287 est
639 1225 764 1288 omnino
793 1224 1034 1288 aecclesiasticis
1057 1224 1176 1310 repulia
1193 1237 1268 1309 post
1284 1225 1477 1308 penitentiae
1507 1225 1660 1286 actionem
1689 1223 1795 1287 redire
1825 1223 1870 1286 ad
1892 1224 2052 1288 mil-iciam
2075 1248 2121 1286 se·

301 1355 321 1394 a.
331 1353 446 1402 annas.
464 1333 614 1410 cariorem,
638 1355 707 1394 cunt
723 1332 882 1417 apostolus
898 1330 1001 1394 dicat:
1025 1330 1135 1394 ‘Nemo
1152 1331 1293 1393 rnilitum
1309 1328 1377 1394 Deo
1401 1330 1547 1414 implicat
1567 1354 1599 1393 ae
1622 1332 1760 1416 nepociis
1782 1329 1997 1394 secularibus’.
2032 1329 2123 1394 Unde

464 1461 526 1502 non
550 1451 594 1501 est
617 1437 697 1500 liber
719 1463 739 1500 a
764 1437 886 1522 laqueis
910 1437 1043 1514 diaboli,
1074 1439 1133 1521 qui
1159 1461 1191 1500 se
1224 1439 1256 1500 in
1287 1437 1411 1500 milicia
1440 1436 1582 1500 seculari
1612 1436 1744 1500 coluerit
1766 1437 1941 1522 implicare.
1990 1435 2046 1499 De
2070 1435 2122 1498 his

465 1542 562 1606 otiam
588 1541 715 1607 Nicena
745 1540 889 1627 synodus
920 1541 1061 1629 capitulo
1086 1541 1180 1606 Xll.'·'
1210 1542 1257 1605 sic
1282 1542 1343 1605 ait:
1379 1542 1562 1628 Quicunque
1593 1545 1697 1606 ¹uocati
1717 1567 1781 1628 per
1808 1545 1948 1630 pretinm
1974 1545 2122 1629 primam
2142 1563 2168 1602 ιο

465 1650 590 1734 quidem
617 1653 763 1736 impetam
788 1663 1045 1730 atonstraeerunt,
1077 1650 1261 1736 deponentes
1290 1649 1432 1713 miliciae
1461 1650 1631 1736 cinpulum,
1655 1649 1857 1734 postmodnm
1882 1673 1953 1714 cero
1976 1650 2024 1714 ad
2039 1675 2122 1734 pro·

458 1759 570 1842 priam
598 1758 744 1820 uomitum
773 1771 845 1820 sunt
871 1757 1002 1842 relapsi,
1035 1758 1078 1820 ita
1105 1757 1290 1842 etquidem
1314 1770 1342 1820 et
1357 1757 1514 1841 pecunias
1538 1757 1707 1821 tribuerent
1730 1771 1758 1820 et
1779 1758 1938 1843 beneficiis
1960 1757 2121 1820 miliciam

464 1877 660 1950 appeterent:
689 1864 726 1927 tt
755 1862 790 1926 X
809 1865 904 1926 annes
928 1877 1003 1948 post
1029 1864 1163 1926 triennii
1190 1877 1319 1948 tenpus,
1350 1887 1410 1947 quo
1441 1865 1522 1926 inter
1551 1863 1714 1927 audientes
1743 1877 1842 1943 erunt,
1874 1866 1907 1926 in
1938 1863 2121 1950 afflictione

459 1985 674 2056 permaneant.

572 2077 604 2138 S.
640 2075 744 2139 Raros
760 2074 857 2139 video
882 2075 928 2138 sic
946 2075 1138 2160 penitentes,
1163 2075 1309 2161 exceptis
1325 2073 1470 2139 barbatis
1487 2073 1674 2155 fratribus3,
1699 2075 1756 2160 qui
1780 2075 1909 2139 omnino
1934 2073 2120 2139 subduntur
2140 2096 2164 2138 n

464 2182 677 2247 claustrorum
702 2183 864 2246 strennuis
888 2179 1080 2245 rectoribus.
1120 2180 1216 2246 Unde
1241 2180 1346 2246 audeo
1371 2181 1531 2262 conicere,
1556 2180 1644 2267 quod
1667 2181 1710 2245 ad
1733 2181 1818 2245 solos
1841 2182 1929 2268 ipsos
1953 2182 2119 2268 pertineat

464 2289 567 2354 forma
590 2288 664 2354 talis
688 2289 898 2374 penitentiae,
922 2288 955 2350 in
980 2310 1044 2374 qua
1065 2309 1131 2352 non
1155 2286 1232 2352 licet
1255 2288 1446 2353 seculariter
1468 2289 1591 2352 vivere.

536 2449 539 2458 .
570 2397 607 2460 R.
644 2395 853 2484 Respondeat
876 2381 936 2459 tibi
951 2393 1146 2460 Toletanum
1162 2395 1335 2459 concilium
1352 2394 1395 2478 ΙΙ,
1420 2396 1511 2460 cuius
1536 2417 1607 2482 cap.
1625 2395 1720 2460 XH.⁸
1743 2396 1790 2460 sic
1815 2418 1849 2460 se
1873 2394 2011 2460 habet42
2040 2396 2117 2474 Qni-

464 2529 582 2590 cunque
605 2506 645 2568 ab
669 2507 814 2590 episcopo
837 2505 894 2568 uel*
902 2504 1086 2589 presbytero
1109 2527 1205 2566 sanae
1229 2503 1279 2566 uel
1301 2505 1447 2590 infirmus
1462 2505 1671 2589 penitentiam
1679 2504 1832 2589 postulat,
1857 2503 1894 2568 id
1915 2517 1986 2567 ante
2010 2506 2118 2567 omnia

374 2634 445 2676 ·r.ro.
464 2614 628 2697 episcopus
651 2612 789 2675 obsereet
811 2624 838 2674 et
856 2610 1030 2696 presbyter,
1056 2623 1096 2689 ut,
1119 2611 1153 2673 si
1174 2612 1224 2673 cir
1247 2623 1299 2690 est,
1323 2634 1420 2674 sanus
1443 2611 1493 2674 uel
1514 2613 1671 2696 infirmus,
1690 2613 1787 2696 prius
1809 2614 1891 2675 'eura
1915 2611 2042 2674 tondeat
2063 2625 2119 2675 aut
2136 2633 2163 2672 so

464 2721 497 2782 in
521 2719 624 2781 cinere
655 2731 683 2781 et
712 2718 819 2781 cilicio
850 2730 970 2781 mutare
999 2717 1139 2780 habitum
1155 2718 1268 2803 faciat
1296 2730 1325 2780 et
1349 2719 1397 2781 sic
1412 2717 1643 2803 penitentiumb
1667 2717 1781 2782 nadal.
1830 2717 1872 2780 Si
1899 2741 1970 2782 ‘uero
2001 2718 2118 2782 mulier

456 2827 574 2911 fuerit,
598 2848 659 2889 non
684 2825 823 2910 accipim
838 2825 1057 2909 penitentiam,
1082 2825 1149 2887 nisi
1164 2825 1261 2908 prt'rrs
1284 2824 1387 2888 uelata
1402 2824 1521 2911 fuerit,
1545 2838 1600 2888 aut
1621 2827 1789 2889 mutaverit
1810 2823 1958 2888 habitum.
2001 2823 2118 2910 Sepias

464 2933 546 2994 enim
570 2931 664 2995 luicis
681 2929 845 2994 tribuendo
862 2929 1019 2994 desidiose
1028 2932 1247 3016 penitentiam,
1271 2930 1317 2994 ael
1339 2931 1540 2994 lamentanda
1562 2956 1690 2994 rursum
1703 2931 1857 3017 facinora
1866 2946 1942 3017 post
1956 2945 2115 3017 acceptam

461 3040 666 3124 penitentiam
689 3037 880 3101 relabuntur.
936 3035 1018 3099 Item
1041 3034 1200 3100 Toletano
1224 3035 1362 3100 concilio
1386 3036 1446 3117 ΙΠ,
1471 3059 1542 3123 cap.
1568 3035 1689 3102 XVI⁵z
1718 3037 1760 3102 St
1780 3040 1852 3123 quis
1875 3051 2018 3124 acceptae
2035 3062 2116 3124 pro-

461 3145 628 3230 fessaeque
645 3145 839 3229 peniteatiae
861 3145 1014 3207 inntemor
1036 3143 1082 3206 acl
1102 3144 1282 3208 saecularia
1306 3145 1469 3224 relabitur,
1493 3169 1631 3230 prorsus
1654 3147 1883 3208 communicare
1906 3169 1967 3209 non
1985 3147 2115 3230 poterit,
2134 3165 2161 3206 a

464 3253 532 3316 nisi
545 3251 758 3338 professioni,
783 3274 877 3335 quam
900 3251 1013 3314 illicite
1030 3252 1278 3334 pretermiserat,
1301 3251 1501 3338 reformetur.

571 3355 604 3421 S.
637 3355 811 3441 Utcunque
828 3356 1003 3440 acquiesco
1020 3353 1061 3419 de
1077 3353 1216 3441 publicis
1233 3354 1464 3442 penitentibus,
1489 3357 1566 3442 quia
1588 3379 1653 3420 non
1676 3355 1760 3421 bene
1785 3357 1938 3421 convenit
1961 3357 2008 3421 eis
2025 3380 2115 3442 pom·

463 3465 590 3549 paticus
615 3474 646 3527 et
670 3461 825 3527 secularis
854 3460 993 3526 babitus.
1041 3460 1086 3527 At
1116 3460 1162 3526 illi
1192 3462 1312 3544 clerici,
1343 3461 1384 3527 de
1416 3485 1552 3548 quorum
1583 3464 1764 3549 penitentia
1791 3487 1851 3528 nos
1881 3465 2018 3549 agimus,
2050 3486 2116 3528 non

462 3570 609 3656 penitent
633 3593 707 3634 cum
731 3568 861 3655 publice
889 3567 1120 3654 penitentibus,
1152 3579 1184 3633 et
1213 3568 1287 3633 ideo
1317 3569 1456 3634 fortasse
1478 3592 1544 3633 non
1567 3568 1704 3656 impedit
1727 3591 1837 3634 eorum
1862 3569 1998 3634 salutem
2022 3592 2114 3634 secu·

293 3703 444 3752 ornasse.
463 3676 541 3741 laris
571 3675 718 3758 habitus3
750 3675 972 3740 tantummodo
996 3677 1038 3740 sit
1060 3699 1117 3740 cor
1140 3676 1314 3740 contritum
1338 3686 1370 3739 et
1393 3675 1605 3756 humiliatum,
1630 3677 1708 3763 quia
1731 3687 1764 3741 et
1785 3676 1897 3741 David
1926 3686 2001 3762 post
2023 3677 2114 3762 peni-
2133 3699 2159 3740 so

286 3775 443 3878 ,303st
463 3785 597 3848 tentiam
626 3783 686 3848 fuit
716 3779 887 3847 inhabita
916 3805 981 3845 non
1012 3782 1115 3847 solum
1146 3782 1295 3864 seculari,
1327 3781 1386 3845 sed
1409 3783 1507 3846 etiam
1530 3781 1644 3867 regali,
1669 3793 1701 3846 et
1723 3781 1839 3848 Achab
1863 3805 1922 3846 rex
1945 3782 2048 3848 Israel
2072 3784 2115 3848 ad

448 3901 590 3977 tempus
614 3889 720 3954 cilicio
744 3887 940 3968 humiliatus,
964 3888 1169 3975 postmodum
1193 3889 1254 3954 fuit
1277 3887 1425 3953 mollibus
1448 3889 1595 3952 vestitus.

310 4025 444 4072 nonen.
569 3997 608 4060 R.
642 3995 819 4081 Apostolus
843 3995 938 4059 dicit:
967 3996 1050 4073 Quia
1074 3997 1131 4060 ubi
1151 4021 1213 4062 non
1234 4010 1279 4062 est
1302 3997 1361 4076 teu,
1386 3997 1435 4060 ibi
1455 4021 1509 4059 nec
1519 3999 1747 4082 prevaricatio.
1785 3996 1880 4062 Licet
1902 3997 1988 4061 enim
2012 3997 2114 4083 aliqui

464 4104 693 4189 prophetarum
717 4102 959 4188 predicaverint
982 4102 1204 4187 penitentiam,
1228 4111 1338 4166 tamen
1361 4124 1381 4164 a
1404 4100 1519 4164 diebus
1536 4101 1689 4166 lobannis
1712 4101 1885 4189 baptistae,
1910 4104 1966 4190 qui
1989 4105 2113 4190 primus

462 4209 645 4295 predicavit
675 4208 872 4296 baptismum
902 4208 1111 4294 penitentiae,
1142 4209 1198 4293 qui
1229 4219 1261 4271 et
1288 4206 1434 4271 habitum
1464 4207 1709 4294 penitentialem
1740 4208 1973 4274 demonstravit
2003 4211 2036 4274 in
2067 4232 2112 4290 se,
2132 4233 2158 4274 a

366 4344 443 4384 aaa.
464 4317 550 4402 cepit
573 4338 709 4401 regnum
725 4316 791 4379 Dei
809 4315 888 4378 *vim
912 4316 990 4401 pati,
1016 4325 1047 4378 et
1063 4315 1206 4394 violenti,
1231 4337 1295 4378 non
1312 4312 1424 4400 tepidi,
1449 4325 1627 4400 rapuerunt
1650 4314 1729 4379 illud
1753 4328 1786 4380 et
1808 4318 1947 4402 rapiunt,
1973 4318 2030 4403 qui
2048 4340 2114 4381 non

463 4422 624 4508 indignos,
656 4422 713 4486 sed
744 4422 789 4485 ita
816 4420 932 4507 dignos
956 4421 1153 4507 ponitentiae
1177 4419 1301 4484 fructus
1325 4421 1457 4502 faciunt,
1481 4432 1517 4486 ut
1540 4423 1632 4486 iuxta
1655 4422 1840 4509 exemplum
1863 4423 1980 4487 Annae
2004 4424 2112 4488 vultus

463 4551 573 4594 sonum
597 4528 735 4616 amplius
766 4529 799 4591 in
824 4527 954 4592 diversa
981 4551 1046 4591 non
1068 4537 1242 4609 mutentur,
1274 4527 1396 4592 sedin
1426 4527 1541 4592 eodem
1571 4527 1694 4610 habitu,
1725 4530 1759 4592 in
1783 4529 1898 4595 eodem
1921 4530 2023 4612 vultu,
2047 4554 2112 4617 quo

463 4647 613 4722 suscepta
637 4647 686 4698 est
709 4635 898 4720 penitentia,
923 4657 1026 4722 usque
1050 4635 1084 4698 iu
1106 4634 1204 4698 finem
1236 4645 1456 4698 conservetur.
1503 4634 1594 4699 Crux
1624 4637 1714 4699 enim
1740 4637 1937 4721 penitentiae
1968 4659 2034 4701 non
2064 4650 2113 4701 est

463 4742 613 4828 exemplo
638 4741 789 4828 Symonis
812 4740 865 4804 vel
895 4743 928 4805 in
959 4742 1095 4826 angaria
1124 4740 1259 4805 ferenda
1286 4739 1339 4804 vel
1366 4751 1440 4805 ante
1470 4753 1607 4806 mortem
1638 4741 1840 4828 deponenda,
1872 4743 1931 4808 sed
1961 4743 2158 4831 exemploru

463 4847 585 4913 Christi
600 4848 782 4912 voluntarie
806 4871 908 4933 usque
933 4847 975 4912 ad
991 4857 1125 4912 mortem
1143 4846 1343 4929 sustinenda,
1367 4848 1413 4912 ita
1436 4859 1471 4911 ut
1494 4849 1536 4912 sit
1558 4850 1717 4934 penitenti
1740 4861 1813 4936 post
1837 4861 2005 4937 acceptam
2021 4852 2112 4937 peni-

568 5103 595 5164 ει)
618 5104 647 5152 11
666 5111 695 5152 nt
713 5103 810 5152 caletur
828 5119 926 5152 eanum
944 5121 965 5152 c.
1039 5101 1066 5162 b)
1088 5103 1116 5151 id
1137 5108 1177 5153 est
1197 5103 1331 5153 carrinam
1349 5121 1428 5168 supra
1447 5105 1625 5169 penitentiam
1643 5103 1737 5168 scripta
1755 5123 1775 5154 c.

572 5319 601 5389 1)
629 5319 719 5394 Epist.
740 5319 811 5374 167.
837 5319 879 5374 ad
900 5317 1052 5386 Rusticum,
1077 5317 1178 5393 inquis.
1204 5319 1273 5388 XII,
1298 5319 1341 5375 ed.
1366 5318 1445 5375 Bali.
1470 5320 1520 5376 col.
1540 5318 1633 5376 1425.
1717 5319 1747 5388 2)
1773 5320 1842 5394 Spu.
1867 5321 1931 5377 Nic.
1957 5341 1979 5377 c.
2001 5321 2050 5377 12.
2077 5343 2113 5378 er

463 5427 582 5503 interpr.
608 5424 741 5498 Dionysii
764 5424 880 5501 Enipei,
914 5424 1013 5480 Maeni
1036 5423 1076 5494 II,
1102 5428 1151 5481 col.
1170 5425 1244 5480 681.
1370 5424 1400 5494 3)
1427 5424 1476 5497 Os.
1503 5423 1535 5483 0.
1563 5426 1716 5502 liinplrols,
1742 5426 1812 5484 ‘Des
1836 5427 2113 5500 Berrcdictinerstists

467 5533 627 5590 Einsiedeln
659 5531 816 5608 lbd'tiplreit
831 5532 890 5603 fiir
913 5531 957 5587 die
981 5530 1103 5602 Reform
1127 5533 1271 5589 deutscber
1287 5533 1402 5590 Kliister
1424 5551 1475 5590 vor
1499 5533 1560 5588 deta
1583 5533 1652 5588 Abte
1672 5533 1796 5590 Willtelm
1819 5553 1873 5591 cort
1898 5535 2057 5592 Hirsclau'
2082 5535 2111 5592 in
2130 5551 2156 5591 m

463 5639 590 5696 ‘Serdica
613 5640 674 5696 und
699 5637 910 5715 lszttlreilunpen
933 5657 986 5694 aus
1010 5639 1071 5694 dnn
1088 5639 1390 5696 Benedictincrorden’
1418 5638 1511 5708 1886,
1531 5659 1564 5714 p.
1583 5638 1634 5696 25.
1654 5639 1704 5696 30.
1797 5639 1827 5711 4)
1854 5641 1922 5715 Spa.
1944 5642 2027 5698 Tolet.
2052 5642 2110 5713 III,

463 5769 485 5804 c.
507 5747 555 5818 12,
583 5746 682 5804 Monsi
704 5744 758 5816 IX,
784 5747 833 5802 col.
860 5744 943 5814 995,·
967 5745 1119 5802 Hinscltius
1137 5765 1169 5820 p.
1189 5744 1261 5801 360.
1354 5743 1384 5814 5)
1411 5743 1460 5816 Cf.
1484 5745 1549 5802 idid.
1574 5765 1597 5804 c.
1618 5747 1668 5802 ll.
