4478 6396
443 360 504 422 196
734 366 913 420 GERHOHI
938 364 1169 420 l'RAEPOSl'l'l
1194 365 1601 420 llElCHEllSBllllGENSlS
1626 364 1791 418 LIBELLI.

309 539 412 642 ogmar
549 555 743 632 Meruorotis,
771 555 877 639 inquit.
890 557 909 634 ¹,
941 555 1243 640 (rrrpnieututt'ouibus
1266 579 1303 616 ucv
1327 555 1461 617 <rattibor
1486 556 1518 616 ιἰι
1542 566 1659 615 matre-m
1683 553 1862 624 aecclesiae,
1894 552 2009 636 quibua
2034 551 2102 636 opi-

299 649 422 696 ⁰⁸¹¹¹⁸⁸yr'
441 665 533 748 scopi
550 662 722 748 presideat,
747 661 884 725 Domino
904 661 1152 724 ‹tdntr'aiculoute
1175 674 1337 724 creuerunt
1359 674 1387 724 et
1410 663 1443 724 ι’(ι
1466 662 1561 723 tuab's
1584 661 1725 722 rnoairao
1739 683 1823 744 pars
1846 683 1954 722 eorsum
1980 657 2104 721 bobari-

442 769 553 833 ‹tastr
576 770 678 850 rebus,
712 782 743 831 at
767 769 872 831 ›rull-as
894 770 937 831 sit
961 770 993 830 in
1017 770 1062 831 ers
1086 791 1275 830 eorruauaam
1300 769 1394 830 citam
1420 765 1558 852 elipensl
1584 765 1746 852 indigeas,
1776 765 1833 828 sod
1862 767 1968 828 omnio
1997 788 2103 828 rocw-

441 879 532 940 sario
563 877 602 939 ob
633 878 778 961 episscopo
808 878 936 959 serisque
967 876 1123 937 rrrirtrstris
1146 876 1317 960 pereipiat.
1371 873 1447 936 Ideo
1478 875 1510 936 si
1537 874 1658 957 uliquis
1689 874 1825 936 estiterit
1854 872 2015 936 modernis
2048 885 2107 934 aar

441 984 565 1068 faturia
589 984 779 1068 temporibus
803 985 862 1066 qui
882 982 938 1045 boc
962 982 1096 1044 auellere
1121 984 1249 1060 aitutar,
1274 983 1336 1044 t'oru
1364 981 1449 1043 (lictu
1474 980 1697 1066 ‹lrrrrepaotioae
1713 979 1869 1066 feriatur.
2125 1001 2138 1039 a

553 1109 626 1170 168.
663 1106 752 1186 Quid
776 1117 883 1170 autem
902 1105 999 1186 valet,
1025 1105 1112 1191 quod
1135 1117 1202 1168 tarn
1226 1105 1367 1190 antiquis
1393 1104 1532 1168 decretis
1556 1126 1595 1166 ac
1619 1113 1733 1188 postea
1756 1103 1789 1164 in
1806 1102 1915 1166 multis
1940 1101 2103 1182 conciliis,

443 1212 634 1277 matricibus
659 1223 691 1278 et
714 1211 963 1298 baptismalibus
988 1212 1156 1276 aecclesiis
1181 1213 1377 1298 pertinentia
1407 1209 1605 1274 decimarum
1632 1209 1821 1272 corilirmata
1845 1221 1904 1284 est,
1937 1211 1964 1273 si
1987 1231 2104 1272 mona-

444 1320 578 1384 chorum
602 1320 655 1384 vel
679 1319 813 1382 militum
839 1343 925 1382 nova
949 1331 982 1383 ct
1004 1321 1125 1382 iniusta
1149 1320 1276 1382 iusticia
1301 1319 1428 1381 statutis
1459 1329 1587 1402 patrum
1611 1315 1807 1402 preferenda
1831 1316 1905 1380 est?
1952 1315 2042 1380 Sane
2070 1325 2106 1378 ut

444 1427 618 1491 videantur
648 1427 798 1490 monachi
826 1449 868 1489 cx
892 1427 1084 1490 auctoritate
1110 1424 1172 1489 sibi
1196 1425 1440 1511 parrochiarum
1464 1423 1608 1487 decimas
1633 1422 1824 1504 vendicare3
1857 1435 1890 1487 ut
1921 1425 2021 1509 impie
2054 1424 2104 1486 in-

353 1557 425 1597 tuso.
445 1535 624 1619 digentiuur
650 1533 901 1618 depredationes
926 1533 1130 1619 aliquatenus
1156 1532 1343 1596 ‘videantur
1365 1531 1507 1618 palliata,
1539 1531 1689 1594 muniunt
1712 1553 1746 1593 se
1771 1529 1940 1594 cuiusdam
1965 1529 2105 1616 capituli
2125 1555 2153 1592 ιο

292 1666 424 1717 aarum
445 1663 464 1704 a
488 1639 648 1724 Gregorio
666 1640 741 1703 Vll.
767 1639 834 1703 dati
859 1642 1062 1716 auctoritate,
1088 1640 1179 1703 carius
1204 1651 1312 1702 textus
1337 1639 1382 1702 ita
1405 1661 1439 1700 sc
1464 1636 1600 1702 habete:
1633 1638 1672 1702 Ut
1701 1639 1806 1701 aldtus
1836 1639 1933 1701 abbas
1960 1638 2105 1702 ‹leci-raus

444 1750 649 1834 etprimitias
673 1762 701 1812 et
717 1749 851 1833 reliqna,
876 1773 955 1832 queue
971 1748 1138 1810 secumdum
1156 1761 1269 1810 strrtota
1286 1771 1439 1810 cerariorum
1455 1746 1500 1808 orl
1515 1749 1676 1832 episcopos
1689 1747 1855 1830 pertinent,
1879 1746 1947 1808 sirie
1963 1748 2103 1808 uincto-ri-

444 1869 504 1918 tate
520 1855 661 1918 Rotnani
677 1857 841 1941 pontificis
864 1880 918 1918 sea-
941 1857 1085 1941 episcopi
1106 1878 1264 1933 ammonae,
1290 1856 1324 1916 ia
1347 1856 1437 1916 etr-ius
1461 1853 1582 1916 diocesi
1603 1853 1731 1931 habitat,
1757 1851 1901 1930 detineat,
1925 1853 2104 1936 apostolica

443 1965 601 2025 corrosione
618 1965 798 2047 striarum.

555 2087 625 2149 169.
662 2086 745 2148 Miro
770 2084 866 2148 modo
897 2086 930 2148 iu
955 2097 1047 2148 textu
1078 2085 1169 2148 istius
1195 2083 1328 2170 capituli
1358 2083 1513 2147 falluntur
1543 2106 1678 2168 sagaces
1709 2083 1869 2146 monachi.
1917 2083 2002 2146 Nam
2026 2106 2102 2147 cum
2123 2107 2150 2144 15

444 2195 476 2256 in
501 2194 547 2256 eis
576 2194 610 2255 in
635 2191 747 2256 eodem
781 2191 922 2277 capitulo
954 2204 1048 2255 cauto
1080 2192 1270 2273 insinuetur,
1303 2213 1368 2276 qua
1398 2189 1663 2275 dispensatione⁰
1695 2213 1780 2271 saraa,
1813 2212 1943 2254 suorum
1975 2190 2103 2254 sedicet

444 2299 601 2381 laborum,
627 2298 781 2378 decimas,
807 2321 887 2384 quaes
912 2300 1043 2384 propria
1067 2299 1276 2384 usurpatione
1308 2321 1373 2362 non
1402 2296 1522 2360 debent
1550 2298 1700 2376 retinere,
1726 2298 1937 2360 concessione
1961 2297 2100 2360 Romani

444 2429 502 2470 seu
519 2407 642 2492 proprii
659 2405 821 2490 pontificis
838 2405 969 2468 valcant
992 2405 1079 2469 licite
1097 2405 1275 2490 possidere,
1300 2415 1410 2490 utpote
1436 2405 1490 2490 qui
1515 2426 1579 2467 non
1603 2403 1751 2489 indigent
1776 2405 1914 2468 servicio
1940 2403 2100 2468 clericalis

444 2513 602 2578 miliciae:
628 2514 689 2598 ipsi
715 2513 885 2576 occasione
910 2512 1005 2575 huius
1030 2512 1163 2598 capituli
1187 2511 1309 2576 alienes
1334 2510 1478 2575 decimas
1503 2521 1650 2596 captant3
1676 2511 1798 2574 idcirco
1823 2510 1986 2592 videlicet,
2012 2511 2100 2597 quod

444 2620 505 2683 hoc
537 2618 737 2683 solummodo
762 2641 782 2682 a
806 2617 966 2704 Gregorio
984 2619 1059 2683 VII.
1091 2619 1287 2703 indulgetur,
1319 2629 1354 2682 ut
1384 2619 1589 2704 permittente
1614 2619 1760 2682 Bouiano
1791 2619 1943 2704 pontifice
1975 2620 2009 2681 in
2040 2641 2100 2682 sua
2118 2641 2148 2680 ao

445 2726 580 2812 speciali
604 2726 777 2812 parrochia
801 2725 853 2788 vel
877 2725 939 2789 alio
965 2725 1109 2812 quolibet
1140 2727 1293 2812 episcopo
1325 2727 1358 2788 in
1389 2749 1448 2788 sua
1479 2726 1646 2789 tironaclris
1677 2725 1774 2790 liceat
1798 2749 1873 2788 suas
1897 2726 2042 2789 decimas
2068 2736 2101 2789 et

445 2833 611 2918 primicias
643 2832 798 2914 detinere,
830 2855 893 2896 non
924 2843 1032 2896 batnon
1061 2832 1183 2896 alienas
1214 2833 1405 2918 pervadere.
1455 2832 1551 2913 erod
1582 2834 1697 2918 ipsum,
1730 2832 1854 2897 scilicet
1877 2843 1912 2897 ut
1935 2833 2098 2916 monaehi,

445 2939 534 3003 velut
558 2952 590 3003 ct
613 2939 779 3024 regulares
805 2940 964 3020 canonici,
989 2939 1030 3003 de
1054 2939 1213 3004 fructibus
1237 2941 1368 3026 proprio
1392 2963 1546 3004 marinum
1562 2939 1614 3002 vel
1631 2951 1815 3025 sumptuum
1832 2963 1963 3004 suorum
1987 2939 2099 3004 labore

446 3047 636 3132 conquisitis
667 3069 731 3110 uon
763 3048 937 3131 exigantur
961 3045 1104 3110 decimas
1129 3047 1218 3128 darc,
1244 3047 1414 3112 continuat
1442 3069 1547 3133 papae
1572 3047 1754 3110 Innocentii
1785 3069 1889 3133 nuper
1911 3047 2000 3111 facta
2024 3071 2099 3112 con·

446 3155 567 3217 stitutio
592 3155 625 3217 in
642 3154 760 3216 Pisano
786 3154 956 3217 conciliol.
1005 3153 1160 3218 Similiter
1182 3156 1215 3218 in
1232 3154 1303 3218 aliis
1320 3155 1538 3218 Romanorum
1555 3154 1744 3239 pontificum
1762 3154 1878 3218 edictis
1901 3155 1986 3218 infra
2006 3167 2101 3240 septa
2119 3178 2146 3215 sa

446 3262 714 3324 monasteriorum
746 3261 955 3324 coinfirmatur
985 3261 1045 3324 hec
1076 3261 1209 3326 libertas
1240 3262 1422 3342 monachis,
1454 3271 1489 3324 ut
1519 3261 1560 3324 de
1591 3260 1750 3324 fructibus
1781 3261 1967 3325 domesticis
1998 3262 2100 3325 nichil

446 3367 647 3431 decimarum
679 3369 830 3452 exigatur
860 3366 901 3430 ab
931 3367 1004 3431 illis.
1053 3367 1119 3432 Sed
1149 3379 1258 3431 tamen
1289 3368 1376 3433 nulla
1406 3367 1469 3431 illis
1500 3367 1669 3432 confirmat
1694 3367 1746 3431 vel
1770 3367 1961 3432 coufimrare
1993 3379 2101 3454 potest

446 3475 632 3554 auctoritas,
657 3485 692 3538 ut
716 3474 860 3538 decimas
884 3486 1041 3561 perpetuo
1065 3477 1135 3538 iure
1159 3475 1363 3560 possideant:
1390 3498 1470 3560 quas
1494 3473 1741 3561 baptismalibus
1766 3474 1934 3538 aecclesiis
1958 3477 2099 3540 inferen-

446 3581 504 3644 das
534 3581 718 3645 firmissima
748 3592 875 3667 patrum
908 3584 1092 3645 testimonia
1122 3581 1271 3667 probant.
1324 3581 1477 3667 Antiquis
1514 3583 1599 3645 enim
1635 3581 1756 3666 regulis
1788 3593 1882 3646 caute
1918 3585 2099 3647 sanccitum

447 3699 582 3769 constat,
606 3699 642 3752 ut
666 3687 771 3751 coloni
795 3688 1028 3752 monachorum
1045 3687 1090 3752 ibi
1107 3687 1251 3752 decimas
1269 3687 1464 3774 persolvant,
1490 3688 1545 3752 ubi
1569 3689 1710 3752 infantes
1735 3711 1809 3753 suos
1833 3689 1976 3775 legitime
1995 3689 2098 3777 bapti·
2118 3713 2145 3750 ao

447 3805 530 3858 aaut.
579 3793 614 3859 Si
639 3817 716 3880 ergo
740 3795 890 3859 monachi
914 3817 974 3858 nce
999 3795 1070 3858 illas
1095 3794 1239 3859 decimas
1263 3807 1397 3880 possunt
1420 3797 1571 3875 retinere,
1596 3819 1676 3882 quas
1696 3797 1838 3881 ipsorum
1855 3797 1961 3860 coloni
1978 3797 2100 3861 debent

447 3900 631 3988 baptismali
655 3901 846 3982 aecclesiae,
871 3923 936 3986 qua
959 3903 1201 3987 presumptione
1225 3901 1286 3966 hoc
1311 3902 1472 3966 affirmant
1496 3902 1559 3966 sibi
1583 3903 1644 3967 hoc
1661 3904 1769 3984 licere,
1793 3914 1829 3967 ut
1851 3903 2097 3969 fundamentum

448 4009 605 4072 canonice
632 4008 842 4072 institutionis
872 4007 1016 4072 funditus
1048 4019 1205 4090 evertant,
1237 4031 1275 4072 ac
1299 4019 1364 4072 tam
1388 4032 1490 4072 noras
1513 4009 1603 4094 leges
1627 4010 1844 4092 introducant,
1869 4011 1987 4097 quibus
2012 4012 2099 4075 deei-

447 4137 516 4178 nias
541 4115 673 4200 antiquo
697 4116 767 4178 iure
791 4113 1039 4200 baptismalibus
1070 4115 1237 4180 aecclesiis
1267 4115 1452 4179 inferendas
1480 4129 1576 4202 atque
1602 4116 1723 4180 ibidem
1748 4117 1800 4181 vel
1824 4120 1985 4182 communi
2009 4120 2098 4182 vitae

353 4246 428 4290 uso.
447 4220 666 4303 insumendas,
691 4221 744 4285 vel
768 4221 947 4285 secundum
972 4245 1113 4286 canones
1138 4222 1345 4307 quartandas,
1378 4222 1439 4307 ipsi
1471 4233 1527 4286 aut
1557 4222 1708 4286 dimidias
1740 4235 1795 4287 alit
1824 4235 1908 4288 totas
1940 4237 1996 4289 aut
2020 4225 2098 4290 *alio
2118 4251 2144 4289 ιι

448 4327 593 4413 quolibet
616 4327 712 4412 modo
737 4351 801 4392 non
825 4339 913 4392 recte
938 4328 1061 4392 divisas
1086 4327 1255 4414 colligant3
1288 4339 1320 4392 et
1343 4340 1398 4392 aut
1422 4331 1621 4416 episcopum,
1653 4341 1709 4394 aut
1732 4331 1864 4413 clerum,
1896 4343 1952 4397 aut
1974 4333 2099 4397 aeccle-

448 4436 540 4518 siam,
572 4445 627 4498 aut
650 4435 783 4498 viduam
808 4436 876 4498 sive
901 4457 1078 4522 pauperem
1103 4435 1273 4521 spoliando
1297 4434 1441 4499 terribile
1466 4436 1639 4500 anathema
1663 4448 1776 4502 contra
1800 4461 1960 4503 canonum
1985 4450 2098 4526 sponte

447 4564 487 4605 ac
512 4543 653 4605 scienter
675 4541 849 4606 violatores
873 4542 1061 4629 frequenter
1085 4542 1241 4607 dictatum
1265 4544 1430 4607 incurrere
1455 4567 1519 4608 non
1544 4543 1702 4608 timeant?

558 4669 629 4730 lto.
666 4665 806 4731 Sanctus
824 4666 956 4752 quidam
973 4673 1087 4752 pater4
1112 4691 1131 4731 a
1154 4667 1250 4731 beato
1269 4668 1428 4753 Gregorio
1454 4670 1486 4732 in
1507 4691 1564 4732 suo
1589 4669 1718 4755 dialogo
1734 4670 1830 4734 valde
1856 4672 2101 4736 commendatur

449 4796 497 4856 ec,
522 4772 610 4859 quod
634 4772 829 4837 oblationem
854 4772 939 4836 illius
963 4775 1159 4856 recusavitl,
1185 4797 1280 4860 quem
1304 4774 1378 4839 Deo
1408 4798 1499 4840 suam
1527 4775 1724 4840 oblationem
1749 4776 1920 4842 abstulisse
1945 4781 2098 4844 constitit.
2119 4805 2164 4844 ro·

448 4878 492 4943 At
515 4880 568 4942 isti
593 4878 788 4944 oblationem
805 4880 870 4944 Dei
895 4881 1061 4964 auferuut3
1087 4891 1119 4944 et
1142 4881 1341 4967 pauperibus
1366 4905 1439 4946 cum
1463 4883 1589 4947 Lazaro
1613 4885 1647 4947 in
1670 4907 1736 4947 una
1759 4885 1905 4971 qualibet
1928 4888 2101 4972 parrochia

556 5111 583 5176 a)
605 5116 764 5166 habundant
784 5117 812 5166 tt
894 5115 923 5179 b)
945 5117 1047 5182 degens
1068 5117 1096 5166 ll.
1181 5115 1207 5178 cl
1229 5119 1292 5168 ione
1310 5119 1339 5168 in
1358 5120 1408 5169 loco
1426 5137 1482 5169 roso
1501 5137 1521 5169 r.
1607 5116 1635 5180 d)
1657 5136 1737 5184 quem
1757 5121 1816 5170 Deo
1836 5137 1913 5170 auam
1932 5121 2099 5173 oblationem

449 5203 523 5254 illius
543 5206 679 5255 mctrsavit
697 5205 757 5254 orld.
776 5224 806 5266 ι,
825 5207 868 5255 aed
887 5207 953 5256 litteo
970 5207 1018 5256 del.

561 5403 589 5474 1)
619 5405 729 5461 Urbani
751 5406 774 5462 Ι.
801 5405 879 5480 epist.
904 5405 928 5474 I,
953 5425 976 5461 e.
995 5407 1023 5476 6,
1048 5407 1203 5464 Hiascbias
1220 5429 1253 5483 p.
1275 5409 1345 5465 145.
1439 5409 1469 5478 2)
1496 5411 1627 5482 &paredas
1642 5409 1777 5466 Romana
1800 5431 1827 5467 α.
1849 5411 1942 5468 1078.
1967 5412 2041 5469 Noc.
2062 5413 2099 5469 19

451 5505 534 5588 (Ray.
556 5512 602 5582 VI,
622 5507 695 5587 bb),
718 5511 811 5585 Juffi',
836 5511 910 5568 Bibl.
935 5512 975 5582 II,
995 5533 1028 5588 p.
1048 5513 1120 5568 331.
1215 5511 1245 5588 3)
1269 5515 1302 5570 A.
1324 5516 1417 5572 1135.
1443 5517 1551 5585 lrabito,·
1583 5516 1623 5586 rs.
1648 5515 1762 5587 Hesele,
1788 5515 2045 5594 ‘Concilienyascb’
2070 5521 2148 5590 V,se

447 5639 478 5694 p.
497 5619 570 5675 425,
607 5619 756 5676 Decretum
781 5619 853 5675 illud
873 5619 902 5675 in
918 5620 1054 5676 relutioue
1077 5640 1161 5696 quoru
1186 5623 1228 5677 ed.
1251 5619 1389 5690 ll'eilond,
1410 5620 1523 5678 tonsor.
1541 5623 1606 5696 imp.
1626 5621 1649 5691 I,
1670 5642 1702 5696 p.
1722 5622 1795 5691 578,
1814 5643 1835 5679 c.
1853 5625 1879 5680 l.
1951 5623 1982 5698 4)
2001 5625 2103 5682 Meam

449 5726 609 5796 solitarius,-
634 5727 673 5797 es.
699 5726 780 5782 Diol.
806 5727 823 5782 l.
849 5725 905 5796 III,
931 5745 954 5781 c.
980 5725 1031 5796 26,
1058 5725 1194 5802 Gregorii
1215 5747 1280 5802 opp.
1306 5727 1345 5797 H,
1371 5729 1422 5784 col.
1450 5728 1522 5783 337.
