<?xml version="1.0" encoding="UTF-8"?>
<!DOCTYPE html PUBLIC "-//W3C//DTD XHTML 1.0 Transitional//EN"
    "http://www.w3.org/TR/xhtml1/DTD/xhtml1-transitional.dtd">
<html xmlns="http://www.w3.org/1999/xhtml" xml:lang="en" lang="en">
 <head>
  <title>
</title>
<meta http-equiv="Content-Type" content="text/html;charset=utf-8" />
  <meta name='ocr-system' content='tesseract 3.04.00' />
  <meta name='ocr-capabilities' content='ocr_page ocr_carea ocr_par ocr_line ocrx_word'/>
</head>
<body>
  <div class='ocr_page' id='page_1' title='image "./monumentagerman00unkngoog_0280.png"; bbox 0 0 4410 6406; ppageno 0'>
   <div class='ocr_carea' id='block_1_1' title="bbox 441 369 1790 432">
    <p class='ocr_par' dir='ltr' id='par_1_1' title="bbox 441 369 1790 432">
     <span class='ocr_line' id='line_1_1' title="bbox 441 369 1790 432; baseline -0.003 -2"><span class='ocrx_word' id='word_1_1' title='bbox 441 369 505 432; x_wconf 78' lang='grc'><strong>272</strong></span> <span class='ocrx_word' id='word_1_2' title='bbox 733 374 915 431; x_wconf 81' lang='lat' dir='ltr'><strong>GERIIOHI</strong></span> <span class='ocrx_word' id='word_1_3' title='bbox 937 372 1170 430; x_wconf 81' lang='lat' dir='ltr'><strong>PRAEPOSITI</strong></span> <span class='ocrx_word' id='word_1_4' title='bbox 1193 371 1600 429; x_wconf 81' lang='lat' dir='ltr'><strong>REICHERSBERGENSIS</strong></span> <span class='ocrx_word' id='word_1_5' title='bbox 1625 371 1790 427; x_wconf 85' lang='lat' dir='ltr'>LIBELLI.</span> 
     </span>
    </p>
   </div>
   <div class='ocr_carea' id='block_1_2' title="bbox 600 565 2104 736">
    <p class='ocr_par' dir='ltr' id='par_1_2' title="bbox 600 565 2104 736">
     <span class='ocr_line' id='line_1_2' title="bbox 1184 565 1351 618; baseline -0.024 0"><span class='ocrx_word' id='word_1_6' title='bbox 1184 565 1262 618; x_wconf 74' lang='lat' dir='ltr'><strong>Oudd-</strong></span> <span class='ocrx_word' id='word_1_7' title='bbox 1282 567 1306 616; x_wconf 79' lang='lat'><strong>2.</strong></span> <span class='ocrx_word' id='word_1_8' title='bbox 1326 565 1351 615; x_wconf 88' lang='grc'><strong>3.</strong></span> 
     </span>
     <span class='ocr_line' id='line_1_3' title="bbox 600 645 2104 736; baseline -0.004 -22"><span class='ocrx_word' id='word_1_9' title='bbox 600 649 756 736; x_wconf 81' lang='lat' dir='ltr'><strong>pendium</strong></span> <span class='ocrx_word' id='word_1_10' title='bbox 779 650 996 715; x_wconf 85' lang='lat' dir='ltr'><strong>necessitate⁸</strong></span> <span class='ocrx_word' id='word_1_11' title='bbox 1019 660 1152 715; x_wconf 90' lang='lat' dir='ltr'><strong>coactus</strong></span> <span class='ocrx_word' id='word_1_12' title='bbox 1180 648 1309 714; x_wconf 87' lang='lat' dir='ltr'><strong>excessi</strong></span> <span class='ocrx_word' id='word_1_13' title='bbox 1338 668 1510 733; x_wconf 91' lang='lat' dir='ltr'><strong>meumque</strong></span> <span class='ocrx_word' id='word_1_14' title='bbox 1534 669 1665 712; x_wconf 86' lang='lat' dir='ltr'><strong>sensum</strong></span> <span class='ocrx_word' id='word_1_15' title='bbox 1690 647 1745 733; x_wconf 93' lang='lat' dir='ltr'><strong>qui</strong></span> <span class='ocrx_word' id='word_1_16' title='bbox 1769 646 1935 712; x_wconf 91' lang='lat' dir='ltr'><strong>seculares</strong></span> <span class='ocrx_word' id='word_1_17' title='bbox 1961 645 2104 710; x_wconf 90' lang='lat' dir='ltr'><strong>clericos</strong></span> 
     </span>
    </p>
   </div>
   <div class='ocr_carea' id='block_1_3' title="bbox 260 751 2136 1268">
    <p class='ocr_par' dir='ltr' id='par_1_3' title="bbox 260 751 2136 1268">
     <span class='ocr_line' id='line_1_4' title="bbox 599 751 2106 840; baseline -0.003 -20"><span class='ocrx_word' id='word_1_18' title='bbox 599 766 631 820; x_wconf 90' lang='lat' dir='ltr'><strong>et</strong></span> <span class='ocrx_word' id='word_1_19' title='bbox 653 757 796 820; x_wconf 84' lang='lat' dir='ltr'><strong>maxime</strong></span> <span class='ocrx_word' id='word_1_20' title='bbox 820 755 1043 821; x_wconf 86' lang='lat' dir='ltr'><strong>conducticios</strong></span> <span class='ocrx_word' id='word_1_21' title='bbox 1067 754 1211 838; x_wconf 88' lang='lat' dir='ltr'><strong>offendit,</strong></span> <span class='ocrx_word' id='word_1_22' title='bbox 1241 753 1316 819; x_wconf 90' lang='lat' dir='ltr'><strong>ideo</strong></span> <span class='ocrx_word' id='word_1_23' title='bbox 1347 751 1405 817; x_wconf 93' lang='lat' dir='ltr'><strong>tihi</strong></span> <span class='ocrx_word' id='word_1_24' title='bbox 1429 763 1585 840; x_wconf 88' lang='lat' dir='ltr'><strong>tanquam</strong></span> <span class='ocrx_word' id='word_1_25' title='bbox 1608 754 1694 839; x_wconf 91' lang='lat' dir='ltr'><strong>patri</strong></span> <span class='ocrx_word' id='word_1_26' title='bbox 1717 753 1878 840; x_wconf 76' lang='lat' dir='ltr'><strong>spirituali</strong></span> <span class='ocrx_word' id='word_1_27' title='bbox 1903 753 2042 839; x_wconf 76' lang='lat' dir='ltr'><strong>digessi,</strong></span> <span class='ocrx_word' id='word_1_28' title='bbox 2067 761 2106 815; x_wconf 91' lang='lat' dir='ltr'><strong>ut</strong></span> 
     </span>
     <span class='ocr_line' id='line_1_5' title="bbox 598 858 2105 949; baseline -0.003 -23"><span class='ocrx_word' id='word_1_29' title='bbox 598 860 656 927; x_wconf 91' lang='lat' dir='ltr'><strong>ubi</strong></span> <span class='ocrx_word' id='word_1_30' title='bbox 679 885 742 948; x_wconf 91' lang='lat' dir='ltr'><strong>que</strong></span> <span class='ocrx_word' id='word_1_31' title='bbox 767 863 871 927; x_wconf 89' lang='lat' dir='ltr'><strong>sentio</strong></span> <span class='ocrx_word' id='word_1_32' title='bbox 896 861 1141 949; x_wconf 80' lang='lat' dir='ltr'><strong>approbaveris,</strong></span> <span class='ocrx_word' id='word_1_33' title='bbox 1165 861 1371 926; x_wconf 77' lang='lat' dir='ltr'><strong>defensorem</strong></span> <span class='ocrx_word' id='word_1_34' title='bbox 1395 870 1427 924; x_wconf 92' lang='lat' dir='ltr'><strong>et</strong></span> <span class='ocrx_word' id='word_1_35' title='bbox 1450 859 1642 941; x_wconf 90' lang='lat' dir='ltr'><strong>adiutorem,</strong></span> <span class='ocrx_word' id='word_1_36' title='bbox 1659 858 1715 925; x_wconf 91' lang='lat' dir='ltr'><strong>ubi</strong></span> <span class='ocrx_word' id='word_1_37' title='bbox 1731 882 1810 924; x_wconf 90' lang='lat' dir='ltr'><strong>vero</strong></span> <span class='ocrx_word' id='word_1_38' title='bbox 1834 859 1962 946; x_wconf 91' lang='lat' dir='ltr'><strong>aliquid</strong></span> <span class='ocrx_word' id='word_1_39' title='bbox 1987 881 2105 923; x_wconf 89' lang='lat' dir='ltr'><strong>eorum</strong></span> 
     </span>
     <span class='ocr_line' id='line_1_6' title="bbox 599 965 2136 1056; baseline -0.002 -24"><span class='ocrx_word' id='word_1_40' title='bbox 599 967 849 1056; x_wconf 89' lang='lat' dir='ltr'><strong>improbandum</strong></span> <span class='ocrx_word' id='word_1_41' title='bbox 873 968 1081 1050; x_wconf 80' lang='lat' dir='ltr'><strong>indicaveris,</strong></span> <span class='ocrx_word' id='word_1_42' title='bbox 1106 978 1324 1034; x_wconf 71' lang='lat' dir='ltr'><strong>correctorem</strong></span> <span class='ocrx_word' id='word_1_43' title='bbox 1347 977 1380 1030; x_wconf 87' lang='lat' dir='ltr'><strong>te</strong></span> <span class='ocrx_word' id='word_1_44' title='bbox 1404 965 1484 1030; x_wconf 90' lang='lat' dir='ltr'><strong>mihi</strong></span> <span class='ocrx_word' id='word_1_45' title='bbox 1503 965 1672 1048; x_wconf 86' lang='lat' dir='ltr'><strong>exhibeas,</strong></span> <span class='ocrx_word' id='word_1_46' title='bbox 1696 965 1863 1030; x_wconf 88' lang='lat' dir='ltr'><strong>adiuratus</strong></span> <span class='ocrx_word' id='word_1_47' title='bbox 1889 977 1921 1030; x_wconf 92' lang='lat' dir='ltr'><strong>et</strong></span> <span class='ocrx_word' id='word_1_48' title='bbox 1944 965 2136 1030; x_wconf 82' lang='lat' dir='ltr'><strong>obsecra-s</strong></span> 
     </span>
     <span class='ocr_line' id='line_1_7' title="bbox 598 1071 2112 1162; baseline -0.004 -22"><span class='ocrx_word' id='word_1_49' title='bbox 598 1085 650 1140; x_wconf 89' lang='lat' dir='ltr'><strong>tus</strong></span> <span class='ocrx_word' id='word_1_50' title='bbox 680 1098 741 1162; x_wconf 88' lang='lat' dir='ltr'><strong>per</strong></span> <span class='ocrx_word' id='word_1_51' title='bbox 762 1075 862 1158; x_wconf 92' lang='lat' dir='ltr'><strong>illum,</strong></span> <span class='ocrx_word' id='word_1_52' title='bbox 894 1097 1001 1161; x_wconf 92' lang='lat' dir='ltr'><strong>aquo</strong></span> <span class='ocrx_word' id='word_1_53' title='bbox 1025 1074 1085 1140; x_wconf 86' lang='lat' dir='ltr'><strong>tibi</strong></span> <span class='ocrx_word' id='word_1_54' title='bbox 1109 1085 1158 1138; x_wconf 91' lang='lat' dir='ltr'><strong>est</strong></span> <span class='ocrx_word' id='word_1_55' title='bbox 1182 1094 1329 1160; x_wconf 89' lang='lat' dir='ltr'><strong>eaquae</strong></span> <span class='ocrx_word' id='word_1_56' title='bbox 1353 1094 1433 1158; x_wconf 89' lang='lat' dir='ltr'><strong>rogo</strong></span> <span class='ocrx_word' id='word_1_57' title='bbox 1460 1072 1605 1137; x_wconf 90' lang='lat' dir='ltr'><strong>faciendi</strong></span> <span class='ocrx_word' id='word_1_58' title='bbox 1634 1071 1842 1158; x_wconf 89' lang='lat' dir='ltr'><strong>possibilitas.</strong></span> <span class='ocrx_word' id='word_1_59' title='bbox 1890 1072 1926 1139; x_wconf 85' lang='lat' dir='ltr'><strong>Si</strong></span> <span class='ocrx_word' id='word_1_60' title='bbox 1951 1073 2043 1137; x_wconf 90' lang='lat' dir='ltr'><strong>enim</strong></span> <span class='ocrx_word' id='word_1_61' title='bbox 2069 1073 2112 1134; x_wconf 51' lang='lat' dir='ltr'><strong>in*</strong></span> 
     </span>
     <span class='ocr_line' id='line_1_8' title="bbox 260 1177 2106 1268; baseline -0.003 -20"><span class='ocrx_word' id='word_1_62' title='bbox 260 1207 420 1256; x_wconf 66' lang='lat' dir='ltr'><strong>seruasse.</strong></span> <span class='ocrx_word' id='word_1_63' title='bbox 599 1181 696 1246; x_wconf 88' lang='lat' dir='ltr'><strong>dictis</strong></span> <span class='ocrx_word' id='word_1_64' title='bbox 719 1191 751 1246; x_wconf 89' lang='lat' dir='ltr'><strong>et</strong></span> <span class='ocrx_word' id='word_1_65' title='bbox 775 1182 903 1268; x_wconf 88' lang='lat' dir='ltr'><strong>scriptis</strong></span> <span class='ocrx_word' id='word_1_66' title='bbox 920 1182 1038 1246; x_wconf 90' lang='lat' dir='ltr'><strong>nostris</strong></span> <span class='ocrx_word' id='word_1_67' title='bbox 1055 1191 1232 1246; x_wconf 90' lang='lat' dir='ltr'><strong>cernuntur</strong></span> <span class='ocrx_word' id='word_1_68' title='bbox 1246 1179 1303 1244; x_wconf 92' lang='lat' dir='ltr'><strong>illa</strong></span> <span class='ocrx_word' id='word_1_69' title='bbox 1317 1180 1469 1265; x_wconf 89' lang='lat' dir='ltr'><strong>insignia,</strong></span> <span class='ocrx_word' id='word_1_70' title='bbox 1486 1177 1604 1265; x_wconf 92' lang='lat' dir='ltr'><strong>quibus</strong></span> <span class='ocrx_word' id='word_1_71' title='bbox 1621 1179 1765 1244; x_wconf 81' lang='lat' dir='ltr'><strong>Thamar</strong></span> <span class='ocrx_word' id='word_1_72' title='bbox 1787 1202 1828 1243; x_wconf 90' lang='lat' dir='ltr'><strong>ne</strong></span> <span class='ocrx_word' id='word_1_73' title='bbox 1848 1178 2106 1244; x_wconf 78' lang='lat' dir='ltr'><strong>combureretur</strong></span> 
     </span>
    </p>
   </div>
   <div class='ocr_carea' id='block_1_4' title="bbox 260 1284 2150 5416">
    <p class='ocr_par' dir='ltr' id='par_1_4' title="bbox 260 1284 2150 4882">
     <span class='ocr_line' id='line_1_9' title="bbox 599 1284 2104 1374; baseline -0.003 -22"><span class='ocrx_word' id='word_1_74' title='bbox 599 1287 718 1374; x_wconf 86' lang='lat' dir='ltr'><strong>legitur</strong></span> <span class='ocrx_word' id='word_1_75' title='bbox 741 1287 888 1370; x_wconf 90' lang='lat' dir='ltr'><strong>defensa,</strong></span> <span class='ocrx_word' id='word_1_76' title='bbox 911 1286 1066 1352; x_wconf 88' lang='lat' dir='ltr'><strong>videlicet</strong></span> <span class='ocrx_word' id='word_1_77' title='bbox 1090 1286 1215 1368; x_wconf 89' lang='lat' dir='ltr'><strong>anulus,</strong></span> <span class='ocrx_word' id='word_1_78' title='bbox 1239 1285 1376 1351; x_wconf 87' lang='lat' dir='ltr'><strong>baculus</strong></span> <span class='ocrx_word' id='word_1_79' title='bbox 1400 1296 1432 1350; x_wconf 91' lang='lat' dir='ltr'><strong>et</strong></span> <span class='ocrx_word' id='word_1_80' title='bbox 1455 1284 1590 1366; x_wconf 88' lang='lat' dir='ltr'><strong>armilla,</strong></span> <span class='ocrx_word' id='word_1_81' title='bbox 1618 1307 1678 1372; x_wconf 89' lang='lat' dir='ltr'><strong>per</strong></span> <span class='ocrx_word' id='word_1_82' title='bbox 1701 1308 1764 1372; x_wconf 90' lang='lat' dir='ltr'><strong>que</strong></span> <span class='ocrx_word' id='word_1_83' title='bbox 1787 1286 1983 1373; x_wconf 82' lang='lat' dir='ltr'><strong>intelligitur</strong></span> <span class='ocrx_word' id='word_1_84' title='bbox 2005 1285 2104 1364; x_wconf 88' lang='lat' dir='ltr'><strong>fides,</strong></span> 
     </span>
     <span class='ocr_line' id='line_1_10' title="bbox 599 1392 2104 1481; baseline -0.002 -23"><span class='ocrx_word' id='word_1_85' title='bbox 599 1417 674 1481; x_wconf 87' lang='lat' dir='ltr'><strong>spes</strong></span> <span class='ocrx_word' id='word_1_86' title='bbox 699 1405 731 1459; x_wconf 90' lang='lat' dir='ltr'><strong>et</strong></span> <span class='ocrx_word' id='word_1_87' title='bbox 754 1395 884 1476; x_wconf 88' lang='lat' dir='ltr'><strong>caritas,</strong></span> <span class='ocrx_word' id='word_1_88' title='bbox 909 1392 1045 1459; x_wconf 87' lang='lat' dir='ltr'><strong>obsecro</strong></span> <span class='ocrx_word' id='word_1_89' title='bbox 1070 1404 1112 1476; x_wconf 90' lang='lat' dir='ltr'><strong>te,</strong></span> <span class='ocrx_word' id='word_1_90' title='bbox 1136 1416 1177 1457; x_wconf 90' lang='lat' dir='ltr'><strong>ne</strong></span> <span class='ocrx_word' id='word_1_91' title='bbox 1201 1393 1319 1458; x_wconf 89' lang='lat' dir='ltr'><strong>credas</strong></span> <span class='ocrx_word' id='word_1_92' title='bbox 1343 1394 1484 1458; x_wconf 91' lang='lat' dir='ltr'><strong>animam</strong></span> <span class='ocrx_word' id='word_1_93' title='bbox 1508 1414 1614 1457; x_wconf 90' lang='lat' dir='ltr'><strong>msam</strong></span> <span class='ocrx_word' id='word_1_94' title='bbox 1638 1415 1713 1457; x_wconf 93' lang='lat' dir='ltr'><strong>cnm</strong></span> <span class='ocrx_word' id='word_1_95' title='bbox 1735 1403 1828 1479; x_wconf 88' lang='lat' dir='ltr'><strong>patre</strong></span> <span class='ocrx_word' id='word_1_96' title='bbox 1851 1393 2012 1458; x_wconf 90' lang='lat' dir='ltr'><strong>mendatii</strong></span> <span class='ocrx_word' id='word_1_97' title='bbox 2036 1393 2104 1458; x_wconf 89' lang='lat' dir='ltr'><strong>for-</strong></span> 
     </span>
     <span class='ocr_line' id='line_1_11' title="bbox 599 1496 2150 1587; baseline -0.002 -22"><span class='ocrx_word' id='word_1_98' title='bbox 599 1502 752 1582; x_wconf 89' lang='lat' dir='ltr'><strong>nicatam,</strong></span> <span class='ocrx_word' id='word_1_99' title='bbox 776 1500 836 1565; x_wconf 86' lang='lat' dir='ltr'><strong>sed</strong></span> <span class='ocrx_word' id='word_1_100' title='bbox 858 1502 966 1587; x_wconf 90' lang='lat' dir='ltr'><strong>potius</strong></span> <span class='ocrx_word' id='word_1_101' title='bbox 989 1501 1092 1565; x_wconf 89' lang='lat' dir='ltr'><strong>fatere</strong></span> <span class='ocrx_word' id='word_1_102' title='bbox 1115 1499 1204 1564; x_wconf 87' lang='lat' dir='ltr'><strong>illam</strong></span> <span class='ocrx_word' id='word_1_103' title='bbox 1228 1499 1268 1564; x_wconf 91' lang='lat' dir='ltr'><strong>de</strong></span> <span class='ocrx_word' id='word_1_104' title='bbox 1292 1501 1415 1564; x_wconf 89' lang='lat' dir='ltr'><strong>semine</strong></span> <span class='ocrx_word' id='word_1_105' title='bbox 1438 1498 1530 1580; x_wconf 88' lang='lat' dir='ltr'><strong>Inde,</strong></span> <span class='ocrx_word' id='word_1_106' title='bbox 1554 1497 1589 1562; x_wconf 91' lang='lat' dir='ltr'><strong>id</strong></span> <span class='ocrx_word' id='word_1_107' title='bbox 1606 1509 1656 1563; x_wconf 89' lang='lat' dir='ltr'><strong>est</strong></span> <span class='ocrx_word' id='word_1_108' title='bbox 1671 1496 1802 1582; x_wconf 85' lang='lat' dir='ltr'><strong>Christi,</strong></span> <span class='ocrx_word' id='word_1_109' title='bbox 1827 1498 2047 1585; x_wconf 85' lang='lat' dir='ltr'><strong>gravidatam,</strong></span> <span class='ocrx_word' id='word_1_110' title='bbox 2066 1509 2104 1562; x_wconf 89' lang='lat' dir='ltr'><strong>nt</strong></span> <span class='ocrx_word' id='word_1_111' title='bbox 2125 1523 2150 1562; x_wconf 81' lang='lat' dir='ltr'><strong>ro</strong></span> 
     </span>
     <span class='ocr_line' id='line_1_12' title="bbox 599 1587 2103 1694; baseline -0.002 -22"><span class='ocrx_word' id='word_1_112' title='bbox 599 1607 749 1694; x_wconf 85' lang='lat' dir='ltr'><strong>exemplo</strong></span> <span class='ocrx_word' id='word_1_113' title='bbox 774 1606 919 1671; x_wconf 85' lang='lat' dir='ltr'><strong>Thamar</strong></span> <span class='ocrx_word' id='word_1_114' title='bbox 941 1616 1071 1693; x_wconf 92' lang='lat' dir='ltr'><strong>pareret</strong></span> <span class='ocrx_word' id='word_1_115' title='bbox 1094 1607 1188 1693; x_wconf 91' lang='lat' dir='ltr'><strong>quasi</strong></span> <span class='ocrx_word' id='word_1_116' title='bbox 1211 1605 1322 1688; x_wconf 89' lang='lat' dir='ltr'><strong>filium,</strong></span> <span class='ocrx_word' id='word_1_117' title='bbox 1348 1608 1403 1693; x_wconf 93' lang='lat' dir='ltr'><strong>qui</strong></span> <span class='ocrx_word' id='word_1_118' title='bbox 1426 1605 1647 1693; x_wconf 85' lang='lat' dir='ltr'><strong>appellaretur</strong></span> <span class='ocrx_word' id='word_1_119' title='bbox 1670 1605 1803 1686; x_wconf 86' lang='lat' dir='ltr'><strong>Pharos,</strong></span> <span class='ocrx_word' id='word_1_120' title='bbox 1834 1587 1942 1671; x_wconf 88' lang='lat' dir='ltr'><strong>idest</strong></span> <span class='ocrx_word' id='word_1_121' title='bbox 1966 1605 2103 1686; x_wconf 84' lang='lat' dir='ltr'><strong>divisio,</strong></span> 
     </span>
     <span class='ocr_line' id='line_1_13' title="bbox 599 1711 2104 1800; baseline -0.001 -22"><span class='ocrx_word' id='word_1_122' title='bbox 599 1714 677 1800; x_wconf 90' lang='lat' dir='ltr'><strong>quia</strong></span> <span class='ocrx_word' id='word_1_123' title='bbox 692 1713 785 1778; x_wconf 90' lang='lat' dir='ltr'><strong>Deus</strong></span> <span class='ocrx_word' id='word_1_124' title='bbox 808 1713 899 1778; x_wconf 88' lang='lat' dir='ltr'><strong>testis</strong></span> <span class='ocrx_word' id='word_1_125' title='bbox 923 1723 982 1796; x_wconf 89' lang='lat' dir='ltr'><strong>est,</strong></span> <span class='ocrx_word' id='word_1_126' title='bbox 1006 1711 1095 1777; x_wconf 89' lang='lat' dir='ltr'><strong>nulla</strong></span> <span class='ocrx_word' id='word_1_127' title='bbox 1118 1713 1270 1798; x_wconf 91' lang='lat' dir='ltr'><strong>propriae</strong></span> <span class='ocrx_word' id='word_1_128' title='bbox 1293 1713 1416 1799; x_wconf 89' lang='lat' dir='ltr'><strong>gloriae</strong></span> <span class='ocrx_word' id='word_1_129' title='bbox 1441 1713 1636 1799; x_wconf 87' lang='lat' dir='ltr'><strong>captatione,</strong></span> <span class='ocrx_word' id='word_1_130' title='bbox 1661 1712 1720 1777; x_wconf 91' lang='lat' dir='ltr'><strong>sed</strong></span> <span class='ocrx_word' id='word_1_131' title='bbox 1743 1711 1812 1777; x_wconf 90' lang='lat' dir='ltr'><strong>sola</strong></span> <span class='ocrx_word' id='word_1_132' title='bbox 1834 1713 1983 1778; x_wconf 84' lang='lat' dir='ltr'><strong>veritatis</strong></span> <span class='ocrx_word' id='word_1_133' title='bbox 2009 1735 2104 1776; x_wconf 89' lang='lat' dir='ltr'><strong>emu-</strong></span> 
     </span>
     <span class='ocr_line' id='line_1_14' title="bbox 599 1817 2103 1906; baseline -0.001 -21"><span class='ocrx_word' id='word_1_134' title='bbox 599 1821 719 1886; x_wconf 88' lang='lat' dir='ltr'><strong>latione</strong></span> <span class='ocrx_word' id='word_1_135' title='bbox 735 1820 788 1884; x_wconf 89' lang='lat' dir='ltr'><strong>vel</strong></span> <span class='ocrx_word' id='word_1_136' title='bbox 811 1842 863 1884; x_wconf 92' lang='lat' dir='ltr'><strong>me</strong></span> <span class='ocrx_word' id='word_1_137' title='bbox 888 1843 908 1884; x_wconf 99' lang='lat' dir='ltr'><strong>a</strong></span> <span class='ocrx_word' id='word_1_138' title='bbox 931 1819 1144 1885; x_wconf 87' lang='lat' dir='ltr'><strong>sacramentis</strong></span> <span class='ocrx_word' id='word_1_139' title='bbox 1168 1819 1385 1884; x_wconf 87' lang='lat' dir='ltr'><strong>hereticorum</strong></span> <span class='ocrx_word' id='word_1_140' title='bbox 1409 1817 1531 1900; x_wconf 87' lang='lat' dir='ltr'><strong>divido,</strong></span> <span class='ocrx_word' id='word_1_141' title='bbox 1555 1819 1607 1883; x_wconf 90' lang='lat' dir='ltr'><strong>vel</strong></span> <span class='ocrx_word' id='word_1_142' title='bbox 1630 1819 1715 1883; x_wconf 88' lang='lat' dir='ltr'><strong>iuter</strong></span> <span class='ocrx_word' id='word_1_143' title='bbox 1737 1819 1881 1906; x_wconf 92' lang='lat' dir='ltr'><strong>ipsorum</strong></span> <span class='ocrx_word' id='word_1_144' title='bbox 1905 1831 1939 1883; x_wconf 90' lang='lat' dir='ltr'><strong>et</strong></span> <span class='ocrx_word' id='word_1_145' title='bbox 1961 1819 2103 1884; x_wconf 90' lang='lat' dir='ltr'><strong>catholi-</strong></span> 
     </span>
     <span class='ocr_line' id='line_1_15' title="bbox 599 1924 2102 2013; baseline -0.003 -20"><span class='ocrx_word' id='word_1_146' title='bbox 599 1949 710 1993; x_wconf 89' lang='lat' dir='ltr'><strong>corum</strong></span> <span class='ocrx_word' id='word_1_147' title='bbox 738 1938 943 1992; x_wconf 90' lang='lat' dir='ltr'><strong>sacramenta</strong></span> <span class='ocrx_word' id='word_1_148' title='bbox 971 1947 1125 2013; x_wconf 90' lang='lat' dir='ltr'><strong>magnam</strong></span> <span class='ocrx_word' id='word_1_149' title='bbox 1155 1925 1350 1990; x_wconf 87' lang='lat' dir='ltr'><strong>divisionem</strong></span> <span class='ocrx_word' id='word_1_150' title='bbox 1373 1936 1406 1990; x_wconf 89' lang='lat' dir='ltr'><strong>et</strong></span> <span class='ocrx_word' id='word_1_151' title='bbox 1429 1924 1670 1990; x_wconf 88' lang='lat' dir='ltr'><strong>distinctionem</strong></span> <span class='ocrx_word' id='word_1_152' title='bbox 1694 1947 1765 1990; x_wconf 91' lang='lat' dir='ltr'><strong>esse</strong></span> <span class='ocrx_word' id='word_1_153' title='bbox 1789 1924 1884 1990; x_wconf 88' lang='lat' dir='ltr'><strong>dictis</strong></span> <span class='ocrx_word' id='word_1_154' title='bbox 1908 1935 1941 1990; x_wconf 90' lang='lat' dir='ltr'><strong>et</strong></span> <span class='ocrx_word' id='word_1_155' title='bbox 1964 1927 2102 2012; x_wconf 87' lang='lat' dir='ltr'><strong>scriptis</strong></span> 
     </span>
     <span class='ocr_line' id='line_1_16' title="bbox 600 2030 2148 2118; baseline -0.003 -20"><span class='ocrx_word' id='word_1_156' title='bbox 600 2034 795 2115; x_wconf 87' lang='lat' dir='ltr'><strong>demonstro,</strong></span> <span class='ocrx_word' id='word_1_157' title='bbox 827 2034 896 2097; x_wconf 91' lang='lat' dir='ltr'><strong>sine</strong></span> <span class='ocrx_word' id='word_1_158' title='bbox 919 2033 1100 2114; x_wconf 91' lang='lat' dir='ltr'><strong>meliorum,</strong></span> <span class='ocrx_word' id='word_1_159' title='bbox 1125 2042 1160 2096; x_wconf 92' lang='lat' dir='ltr'><strong>ut</strong></span> <span class='ocrx_word' id='word_1_160' title='bbox 1182 2030 1263 2115; x_wconf 86' lang='lat' dir='ltr'><strong>dixi,</strong></span> <span class='ocrx_word' id='word_1_161' title='bbox 1293 2031 1484 2118; x_wconf 93' lang='lat' dir='ltr'><strong>preiudicio.</strong></span> <span class='ocrx_word' id='word_1_162' title='bbox 1531 2030 1665 2096; x_wconf 91' lang='lat' dir='ltr'><strong>Dudum</strong></span> <span class='ocrx_word' id='word_1_163' title='bbox 1689 2032 1884 2097; x_wconf 86' lang='lat' dir='ltr'><strong>necessitate</strong></span> <span class='ocrx_word' id='word_1_164' title='bbox 1908 2031 2102 2118; x_wconf 90' lang='lat' dir='ltr'><strong>compulsus</strong></span> <span class='ocrx_word' id='word_1_165' title='bbox 2124 2054 2148 2094; x_wconf 78' lang='lat' dir='ltr'><strong>rs</strong></span> 
     </span>
     <span class='ocr_line' id='line_1_17' title="bbox 598 2138 2101 2225; baseline -0.001 -21"><span class='ocrx_word' id='word_1_166' title='bbox 598 2139 642 2204; x_wconf 91' lang='lat' dir='ltr'><strong>ad</strong></span> <span class='ocrx_word' id='word_1_167' title='bbox 664 2138 832 2204; x_wconf 88' lang='lat' dir='ltr'><strong>domiuum</strong></span> <span class='ocrx_word' id='word_1_168' title='bbox 854 2161 974 2225; x_wconf 91' lang='lat' dir='ltr'><strong>papam</strong></span> <span class='ocrx_word' id='word_1_169' title='bbox 997 2139 1233 2222; x_wconf 90' lang='lat' dir='ltr'><strong>Innocentium,</strong></span> <span class='ocrx_word' id='word_1_170' title='bbox 1252 2140 1340 2225; x_wconf 76' lang='lat' dir='ltr'><strong>‘ipso</strong></span> <span class='ocrx_word' id='word_1_171' title='bbox 1365 2149 1514 2220; x_wconf 85' lang='lat' dir='ltr'><strong>vocante,</strong></span> <span class='ocrx_word' id='word_1_172' title='bbox 1534 2139 1649 2220; x_wconf 79' lang='lat' dir='ltr'><strong>veni13</strong></span> <span class='ocrx_word' id='word_1_173' title='bbox 1674 2139 1727 2202; x_wconf 90' lang='lat' dir='ltr'><strong>cui</strong></span> <span class='ocrx_word' id='word_1_174' title='bbox 1750 2161 1802 2202; x_wconf 92' lang='lat' dir='ltr'><strong>me</strong></span> <span class='ocrx_word' id='word_1_175' title='bbox 1826 2139 1996 2221; x_wconf 86' lang='lat' dir='ltr'><strong>scrutanti,</strong></span> <span class='ocrx_word' id='word_1_176' title='bbox 2022 2161 2101 2202; x_wconf 91' lang='lat' dir='ltr'><strong>cum</strong></span> 
     </span>
     <span class='ocr_line' id='line_1_18' title="bbox 599 2244 2100 2334; baseline -0.002 -22"><span class='ocrx_word' id='word_1_177' title='bbox 599 2257 725 2334; x_wconf 85' lang='lat' dir='ltr'><strong>peteret</strong></span> <span class='ocrx_word' id='word_1_178' title='bbox 749 2269 813 2332; x_wconf 90' lang='lat' dir='ltr'><strong>qua</strong></span> <span class='ocrx_word' id='word_1_179' title='bbox 835 2244 899 2310; x_wconf 89' lang='lat' dir='ltr'><strong>lide</strong></span> <span class='ocrx_word' id='word_1_180' title='bbox 922 2247 1010 2328; x_wconf 88' lang='lat' dir='ltr'><strong>vivo,</strong></span> <span class='ocrx_word' id='word_1_181' title='bbox 1035 2269 1100 2332; x_wconf 92' lang='lat' dir='ltr'><strong>qua</strong></span> <span class='ocrx_word' id='word_1_182' title='bbox 1122 2267 1181 2332; x_wconf 88' lang='lat' dir='ltr'><strong>spe</strong></span> <span class='ocrx_word' id='word_1_183' title='bbox 1204 2245 1332 2332; x_wconf 87' lang='lat' dir='ltr'><strong>gaudeo</strong></span> <span class='ocrx_word' id='word_1_184' title='bbox 1356 2255 1389 2310; x_wconf 88' lang='lat' dir='ltr'><strong>et</strong></span> <span class='ocrx_word' id='word_1_185' title='bbox 1412 2267 1478 2332; x_wconf 90' lang='lat' dir='ltr'><strong>qua</strong></span> <span class='ocrx_word' id='word_1_186' title='bbox 1501 2266 1580 2330; x_wconf 88' lang='lat' dir='ltr'><strong>erga</strong></span> <span class='ocrx_word' id='word_1_187' title='bbox 1602 2244 1711 2309; x_wconf 90' lang='lat' dir='ltr'><strong>Deum</strong></span> <span class='ocrx_word' id='word_1_188' title='bbox 1735 2254 1769 2308; x_wconf 88' lang='lat' dir='ltr'><strong>et</strong></span> <span class='ocrx_word' id='word_1_189' title='bbox 1791 2255 1938 2309; x_wconf 89' lang='lat' dir='ltr'><strong>sanctam</strong></span> <span class='ocrx_word' id='word_1_190' title='bbox 1969 2244 2100 2309; x_wconf 89' lang='lat' dir='ltr'><strong>aeccle-</strong></span> 
     </span>
     <span class='ocr_line' id='line_1_19' title="bbox 599 2349 2099 2438; baseline -0.001 -21"><span class='ocrx_word' id='word_1_191' title='bbox 599 2354 682 2418; x_wconf 89' lang='lat' dir='ltr'><strong>siam</strong></span> <span class='ocrx_word' id='word_1_192' title='bbox 706 2352 891 2434; x_wconf 89' lang='lat' dir='ltr'><strong>dilectione,</strong></span> <span class='ocrx_word' id='word_1_193' title='bbox 916 2351 1044 2417; x_wconf 84' lang='lat' dir='ltr'><strong>Ohn&#39;sto</strong></span> <span class='ocrx_word' id='word_1_194' title='bbox 1069 2352 1219 2434; x_wconf 89' lang='lat' dir='ltr'><strong>donante,</strong></span> <span class='ocrx_word' id='word_1_195' title='bbox 1243 2374 1387 2434; x_wconf 88' lang='lat' dir='ltr'><strong>moveor,</strong></span> <span class='ocrx_word' id='word_1_196' title='bbox 1411 2363 1566 2438; x_wconf 88' lang='lat' dir='ltr'><strong>tanquam</strong></span> <span class='ocrx_word' id='word_1_197' title='bbox 1590 2351 1618 2414; x_wconf 91' lang='lat' dir='ltr'><strong>si</strong></span> <span class='ocrx_word' id='word_1_198' title='bbox 1641 2349 1787 2415; x_wconf 88' lang='lat' dir='ltr'><strong>audisset</strong></span> <span class='ocrx_word' id='word_1_199' title='bbox 1809 2373 1852 2415; x_wconf 88' lang='lat' dir='ltr'><strong>ex</strong></span> <span class='ocrx_word' id='word_1_200' title='bbox 1874 2372 1931 2416; x_wconf 90' lang='lat' dir='ltr'><strong>ore</strong></span> <span class='ocrx_word' id='word_1_201' title='bbox 1954 2373 2030 2415; x_wconf 91' lang='lat' dir='ltr'><strong>meo</strong></span> <span class='ocrx_word' id='word_1_202' title='bbox 2056 2350 2099 2416; x_wconf 92' lang='lat' dir='ltr'><strong>de</strong></span> 
     </span>
     <span class='ocr_line' id='line_1_20' title="bbox 597 2455 2099 2545; baseline -0.002 -21"><span class='ocrx_word' id='word_1_203' title='bbox 597 2460 668 2524; x_wconf 88' lang='lat' dir='ltr'><strong>viro</strong></span> <span class='ocrx_word' id='word_1_204' title='bbox 693 2460 785 2524; x_wconf 90' lang='lat' dir='ltr'><strong>cuius</strong></span> <span class='ocrx_word' id='word_1_205' title='bbox 807 2458 870 2523; x_wconf 90' lang='lat' dir='ltr'><strong>hec</strong></span> <span class='ocrx_word' id='word_1_206' title='bbox 894 2469 969 2524; x_wconf 90' lang='lat' dir='ltr'><strong>sunt</strong></span> <span class='ocrx_word' id='word_1_207' title='bbox 984 2459 1154 2545; x_wconf 67' lang='lat' dir='ltr'><strong>concepil,</strong></span> <span class='ocrx_word' id='word_1_208' title='bbox 1179 2457 1321 2545; x_wconf 90' lang='lat' dir='ltr'><strong>benigne</strong></span> <span class='ocrx_word' id='word_1_209' title='bbox 1338 2459 1387 2522; x_wconf 92' lang='lat' dir='ltr'><strong>sui</strong></span> <span class='ocrx_word' id='word_1_210' title='bbox 1403 2459 1510 2544; x_wconf 85' lang='lat' dir='ltr'><strong>gratia</strong></span> <span class='ocrx_word' id='word_1_211' title='bbox 1524 2479 1576 2522; x_wconf 92' lang='lat' dir='ltr'><strong>me</strong></span> <span class='ocrx_word' id='word_1_212' title='bbox 1593 2455 1715 2540; x_wconf 88' lang='lat' dir='ltr'><strong>habuit,</strong></span> <span class='ocrx_word' id='word_1_213' title='bbox 1741 2467 1774 2522; x_wconf 91' lang='lat' dir='ltr'><strong>et</strong></span> <span class='ocrx_word' id='word_1_214' title='bbox 1795 2479 1855 2543; x_wconf 91' lang='lat' dir='ltr'><strong>per</strong></span> <span class='ocrx_word' id='word_1_215' title='bbox 1870 2457 1996 2522; x_wconf 87' lang='lat' dir='ltr'><strong>litteras</strong></span> <span class='ocrx_word' id='word_1_216' title='bbox 2021 2480 2099 2522; x_wconf 87' lang='lat' dir='ltr'><strong>suas</strong></span> 
     </span>
     <span class='ocr_line' id='line_1_21' title="bbox 599 2563 2143 2652; baseline -0.001 -22"><span class='ocrx_word' id='word_1_217' title='bbox 599 2565 730 2630; x_wconf 91' lang='lat' dir='ltr'><strong>domino</strong></span> <span class='ocrx_word' id='word_1_218' title='bbox 760 2587 833 2629; x_wconf 90' lang='lat' dir='ltr'><strong>meo</strong></span> <span class='ocrx_word' id='word_1_219' title='bbox 858 2563 1091 2651; x_wconf 74' lang='lat' dir='ltr'><strong>salzburgensi</strong></span> <span class='ocrx_word' id='word_1_220' title='bbox 1121 2564 1366 2652; x_wconf 88' lang='lat' dir='ltr'><strong>archiepiscopo</strong></span> <span class='ocrx_word' id='word_1_221' title='bbox 1396 2586 1503 2628; x_wconf 91' lang='lat' dir='ltr'><strong>meam</strong></span> <span class='ocrx_word' id='word_1_222' title='bbox 1526 2565 1722 2650; x_wconf 81' lang='lat' dir='ltr'><strong>parvitatem</strong></span> <span class='ocrx_word' id='word_1_223' title='bbox 1745 2563 1984 2628; x_wconf 88' lang='lat' dir='ltr'><strong>defensandam</strong></span> <span class='ocrx_word' id='word_1_224' title='bbox 2009 2587 2098 2629; x_wconf 90' lang='lat' dir='ltr'><strong>com·</strong></span> <span class='ocrx_word' id='word_1_225' title='bbox 2117 2590 2143 2628; x_wconf 85' lang='lat' dir='ltr'><strong>so</strong></span> 
     </span>
     <span class='ocr_line' id='line_1_22' title="bbox 598 2668 2097 2758; baseline -0.001 -22"><span class='ocrx_word' id='word_1_226' title='bbox 598 2670 776 2753; x_wconf 81' lang='lat' dir='ltr'><strong>mandavit,</strong></span> <span class='ocrx_word' id='word_1_227' title='bbox 797 2693 893 2758; x_wconf 91' lang='lat' dir='ltr'><strong>quem</strong></span> <span class='ocrx_word' id='word_1_228' title='bbox 917 2670 991 2736; x_wconf 90' lang='lat' dir='ltr'><strong>ideo</strong></span> <span class='ocrx_word' id='word_1_229' title='bbox 1014 2693 1072 2758; x_wconf 88' lang='lat' dir='ltr'><strong>pre</strong></span> <span class='ocrx_word' id='word_1_230' title='bbox 1097 2671 1214 2736; x_wconf 90' lang='lat' dir='ltr'><strong>ceteris</strong></span> <span class='ocrx_word' id='word_1_231' title='bbox 1238 2671 1349 2757; x_wconf 87' lang='lat' dir='ltr'><strong>optavi</strong></span> <span class='ocrx_word' id='word_1_232' title='bbox 1372 2669 1450 2736; x_wconf 92' lang='lat' dir='ltr'><strong>mihi</strong></span> <span class='ocrx_word' id='word_1_233' title='bbox 1467 2669 1673 2735; x_wconf 87' lang='lat' dir='ltr'><strong>defensorem</strong></span> <span class='ocrx_word' id='word_1_234' title='bbox 1689 2668 1761 2734; x_wconf 88' lang='lat' dir='ltr'><strong>dari</strong></span> <span class='ocrx_word' id='word_1_235' title='bbox 1784 2681 1818 2735; x_wconf 91' lang='lat' dir='ltr'><strong>et</strong></span> <span class='ocrx_word' id='word_1_236' title='bbox 1839 2670 2097 2757; x_wconf 87' lang='lat' dir='ltr'><strong>fie1i‚quoniam</strong></span> 
     </span>
     <span class='ocr_line' id='line_1_23' title="bbox 599 2776 2096 2864; baseline -0.001 -22"><span class='ocrx_word' id='word_1_237' title='bbox 599 2788 632 2842; x_wconf 91' lang='lat' dir='ltr'><strong>et</strong></span> <span class='ocrx_word' id='word_1_238' title='bbox 654 2778 725 2864; x_wconf 88' lang='lat' dir='ltr'><strong>ipse</strong></span> <span class='ocrx_word' id='word_1_239' title='bbox 748 2800 813 2843; x_wconf 89' lang='lat' dir='ltr'><strong>non</strong></span> <span class='ocrx_word' id='word_1_240' title='bbox 836 2777 943 2842; x_wconf 91' lang='lat' dir='ltr'><strong>minus</strong></span> <span class='ocrx_word' id='word_1_241' title='bbox 959 2799 1058 2864; x_wconf 89' lang='lat' dir='ltr'><strong>quam</strong></span> <span class='ocrx_word' id='word_1_242' title='bbox 1081 2800 1153 2864; x_wconf 84' lang='lat' dir='ltr'><strong>ego,</strong></span> <span class='ocrx_word' id='word_1_243' title='bbox 1176 2778 1275 2841; x_wconf 91' lang='lat' dir='ltr'><strong>immo</strong></span> <span class='ocrx_word' id='word_1_244' title='bbox 1298 2799 1357 2864; x_wconf 93' lang='lat' dir='ltr'><strong>pro</strong></span> <span class='ocrx_word' id='word_1_245' title='bbox 1381 2799 1439 2842; x_wconf 93' lang='lat' dir='ltr'><strong>sue</strong></span> <span class='ocrx_word' id='word_1_246' title='bbox 1463 2777 1664 2842; x_wconf 89' lang='lat' dir='ltr'><strong>auctoritatis</strong></span> <span class='ocrx_word' id='word_1_247' title='bbox 1685 2776 1854 2842; x_wconf 87' lang='lat' dir='ltr'><strong>maiestate</strong></span> <span class='ocrx_word' id='word_1_248' title='bbox 1870 2776 1971 2844; x_wconf 90' lang='lat' dir='ltr'><strong>multo</strong></span> <span class='ocrx_word' id='word_1_249' title='bbox 1989 2778 2096 2863; x_wconf 91' lang='lat' dir='ltr'><strong>magis</strong></span> 
     </span>
     <span class='ocr_line' id='line_1_24' title="bbox 598 2882 2095 2972; baseline -0.001 -23"><span class='ocrx_word' id='word_1_250' title='bbox 598 2885 668 2972; x_wconf 88' lang='lat' dir='ltr'><strong>ipse</strong></span> <span class='ocrx_word' id='word_1_251' title='bbox 691 2885 829 2970; x_wconf 89' lang='lat' dir='ltr'><strong>insignis</strong></span> <span class='ocrx_word' id='word_1_252' title='bbox 853 2883 1128 2970; x_wconf 88' lang='lat' dir='ltr'><strong>archiepiscopus,</strong></span> <span class='ocrx_word' id='word_1_253' title='bbox 1148 2905 1246 2971; x_wconf 90' lang='lat' dir='ltr'><strong>quam</strong></span> <span class='ocrx_word' id='word_1_254' title='bbox 1262 2905 1323 2970; x_wconf 84' lang='lat' dir='ltr'><strong>ego</strong></span> <span class='ocrx_word' id='word_1_255' title='bbox 1347 2882 1483 2970; x_wconf 90' lang='lat' dir='ltr'><strong>pusillus</strong></span> <span class='ocrx_word' id='word_1_256' title='bbox 1506 2882 1655 2965; x_wconf 88' lang='lat' dir='ltr'><strong>clericus,</strong></span> <span class='ocrx_word' id='word_1_257' title='bbox 1679 2883 1740 2948; x_wconf 90' lang='lat' dir='ltr'><strong>hec</strong></span> <span class='ocrx_word' id='word_1_258' title='bbox 1765 2883 1911 2948; x_wconf 86' lang='lat' dir='ltr'><strong>decertat</strong></span> <span class='ocrx_word' id='word_1_259' title='bbox 1935 2883 2095 2966; x_wconf 89' lang='lat' dir='ltr'><strong>obtinere,</strong></span> 
     </span>
     <span class='ocr_line' id='line_1_25' title="bbox 599 2989 2095 3077; baseline 0 -23"><span class='ocrx_word' id='word_1_260' title='bbox 599 2989 688 3076; x_wconf 92' lang='lat' dir='ltr'><strong>quod</strong></span> <span class='ocrx_word' id='word_1_261' title='bbox 711 2991 864 3077; x_wconf 89' lang='lat' dir='ltr'><strong>princeps</strong></span> <span class='ocrx_word' id='word_1_262' title='bbox 886 2989 1001 3054; x_wconf 93' lang='lat' dir='ltr'><strong>mnndi</strong></span> <span class='ocrx_word' id='word_1_263' title='bbox 1029 2989 1126 3054; x_wconf 92' lang='lat' dir='ltr'><strong>huius</strong></span> <span class='ocrx_word' id='word_1_264' title='bbox 1149 3011 1214 3056; x_wconf 91' lang='lat' dir='ltr'><strong>non</strong></span> <span class='ocrx_word' id='word_1_265' title='bbox 1238 2990 1341 3056; x_wconf 91' lang='lat' dir='ltr'><strong>solum</strong></span> <span class='ocrx_word' id='word_1_266' title='bbox 1366 2991 1399 3055; x_wconf 91' lang='lat' dir='ltr'><strong>in</strong></span> <span class='ocrx_word' id='word_1_267' title='bbox 1424 3012 1459 3054; x_wconf 91' lang='lat' dir='ltr'><strong>se</strong></span> <span class='ocrx_word' id='word_1_268' title='bbox 1482 2991 1564 3077; x_wconf 92' lang='lat' dir='ltr'><strong>ipso,</strong></span> <span class='ocrx_word' id='word_1_269' title='bbox 1595 2990 1655 3054; x_wconf 91' lang='lat' dir='ltr'><strong>sed</strong></span> <span class='ocrx_word' id='word_1_270' title='bbox 1678 2991 1776 3055; x_wconf 88' lang='lat' dir='ltr'><strong>etiam</strong></span> <span class='ocrx_word' id='word_1_271' title='bbox 1799 2992 1833 3054; x_wconf 91' lang='lat' dir='ltr'><strong>in</strong></span> <span class='ocrx_word' id='word_1_272' title='bbox 1855 2989 2002 3054; x_wconf 88' lang='lat' dir='ltr'><strong>menbris</strong></span> <span class='ocrx_word' id='word_1_273' title='bbox 2027 2992 2095 3055; x_wconf 88' lang='lat' dir='ltr'><strong>suis</strong></span> 
     </span>
     <span class='ocr_line' id='line_1_26' title="bbox 599 3094 2138 3183; baseline -0.001 -21"><span class='ocrx_word' id='word_1_274' title='bbox 599 3094 641 3162; x_wconf 87' lang='lat' dir='ltr'><strong>ab</strong></span> <span class='ocrx_word' id='word_1_275' title='bbox 673 3095 834 3162; x_wconf 89' lang='lat' dir='ltr'><strong>aecclesia</strong></span> <span class='ocrx_word' id='word_1_276' title='bbox 869 3097 1029 3182; x_wconf 89' lang='lat' dir='ltr'><strong>separatis</strong></span> <span class='ocrx_word' id='word_1_277' title='bbox 1063 3097 1128 3160; x_wconf 87' lang='lat' dir='ltr'><strong>iam</strong></span> <span class='ocrx_word' id='word_1_278' title='bbox 1162 3097 1208 3161; x_wconf 88' lang='lat' dir='ltr'><strong>ita</strong></span> <span class='ocrx_word' id='word_1_279' title='bbox 1239 3098 1280 3161; x_wconf 85' lang='lat' dir='ltr'><strong>sit</strong></span> <span class='ocrx_word' id='word_1_280' title='bbox 1310 3096 1488 3178; x_wconf 91' lang='lat' dir='ltr'><strong>iudicatus,</strong></span> <span class='ocrx_word' id='word_1_281' title='bbox 1519 3106 1555 3161; x_wconf 91' lang='lat' dir='ltr'><strong>ut</strong></span> <span class='ocrx_word' id='word_1_282' title='bbox 1585 3098 1714 3162; x_wconf 89' lang='lat' dir='ltr'><strong>omnino</strong></span> <span class='ocrx_word' id='word_1_283' title='bbox 1746 3099 1933 3183; x_wconf 88' lang='lat' dir='ltr'><strong>contempni</strong></span> <span class='ocrx_word' id='word_1_284' title='bbox 1963 3095 2093 3178; x_wconf 87' lang='lat' dir='ltr'><strong>debeat,</strong></span> <span class='ocrx_word' id='word_1_285' title='bbox 2113 3121 2138 3160; x_wconf 81' lang='lat' dir='ltr'><strong>ss</strong></span> 
     </span>
     <span class='ocr_line' id='line_1_27' title="bbox 260 3202 2093 3290; baseline 0.001 -22"><span class='ocrx_word' id='word_1_286' title='bbox 260 3227 419 3278; x_wconf 58' lang='lat' dir='ltr'><strong>acorna.</strong></span> <span class='ocrx_word' id='word_1_287' title='bbox 599 3204 750 3290; x_wconf 81' lang='lat' dir='ltr'><strong>quamvis</strong></span> <span class='ocrx_word' id='word_1_288' title='bbox 773 3225 832 3289; x_wconf 90' lang='lat' dir='ltr'><strong>per</strong></span> <span class='ocrx_word' id='word_1_289' title='bbox 847 3213 1053 3268; x_wconf 88' lang='lat' dir='ltr'><strong>sacramenta</strong></span> <span class='ocrx_word' id='word_1_290' title='bbox 1068 3225 1174 3268; x_wconf 88' lang='lat' dir='ltr'><strong>vacua</strong></span> <span class='ocrx_word' id='word_1_291' title='bbox 1189 3204 1374 3268; x_wconf 87' lang='lat' dir='ltr'><strong>inveniatur</strong></span> <span class='ocrx_word' id='word_1_292' title='bbox 1392 3204 1426 3268; x_wconf 90' lang='lat' dir='ltr'><strong>in</strong></span> <span class='ocrx_word' id='word_1_293' title='bbox 1443 3203 1595 3289; x_wconf 88' lang='lat' dir='ltr'><strong>angelum</strong></span> <span class='ocrx_word' id='word_1_294' title='bbox 1610 3202 1693 3268; x_wconf 90' lang='lat' dir='ltr'><strong>lucis</strong></span> <span class='ocrx_word' id='word_1_295' title='bbox 1708 3203 1967 3289; x_wconf 86' lang='lat' dir='ltr'><strong>transfiguratus.</strong></span> <span class='ocrx_word' id='word_1_296' title='bbox 1996 3203 2093 3269; x_wconf 91' lang='lat' dir='ltr'><strong>Unde</strong></span> 
     </span>
     <span class='ocr_line' id='line_1_28' title="bbox 599 3309 2093 3397; baseline -0.001 -23"><span class='ocrx_word' id='word_1_297' title='bbox 599 3332 757 3374; x_wconf 88' lang='lat' dir='ltr'><strong>accensus</strong></span> <span class='ocrx_word' id='word_1_298' title='bbox 780 3310 850 3374; x_wconf 80' lang='lat' dir='ltr'><strong>zelo</strong></span> <span class='ocrx_word' id='word_1_299' title='bbox 880 3309 1029 3374; x_wconf 85' lang='lat' dir='ltr'><strong>iusticias</strong></span> <span class='ocrx_word' id='word_1_300' title='bbox 1059 3331 1125 3374; x_wconf 90' lang='lat' dir='ltr'><strong>non</strong></span> <span class='ocrx_word' id='word_1_301' title='bbox 1148 3311 1270 3396; x_wconf 89' lang='lat' dir='ltr'><strong>patitur</strong></span> <span class='ocrx_word' id='word_1_302' title='bbox 1298 3310 1332 3374; x_wconf 90' lang='lat' dir='ltr'><strong>in</strong></span> <span class='ocrx_word' id='word_1_303' title='bbox 1355 3333 1415 3374; x_wconf 91' lang='lat' dir='ltr'><strong>sua</strong></span> <span class='ocrx_word' id='word_1_304' title='bbox 1437 3310 1610 3397; x_wconf 89' lang='lat' dir='ltr'><strong>parrochia</strong></span> <span class='ocrx_word' id='word_1_305' title='bbox 1633 3309 1686 3374; x_wconf 89' lang='lat' dir='ltr'><strong>vel</strong></span> <span class='ocrx_word' id='word_1_306' title='bbox 1709 3310 1845 3375; x_wconf 90' lang='lat' dir='ltr'><strong>clericos</strong></span> <span class='ocrx_word' id='word_1_307' title='bbox 1870 3310 2093 3375; x_wconf 75' lang='lat' dir='ltr'><strong>conductitios</strong></span> 
     </span>
     <span class='ocr_line' id='line_1_29' title="bbox 571 3401 2092 3502; baseline 0 -22"><span class='ocrx_word' id='word_1_308' title='bbox 571 3401 572 3404; x_wconf 8' lang='grc' dir='ltr'><strong>Ἴ</strong></span> <span class='ocrx_word' id='word_1_309' title='bbox 597 3415 651 3481; x_wconf 89' lang='lat' dir='ltr'><strong>vel</strong></span> <span class='ocrx_word' id='word_1_310' title='bbox 681 3415 871 3480; x_wconf 89' lang='lat' dir='ltr'><strong>manifestos</strong></span> <span class='ocrx_word' id='word_1_311' title='bbox 900 3417 1103 3481; x_wconf 88' lang='lat' dir='ltr'><strong>incestuosos</strong></span> <span class='ocrx_word' id='word_1_312' title='bbox 1133 3414 1227 3480; x_wconf 90' lang='lat' dir='ltr'><strong>altari</strong></span> <span class='ocrx_word' id='word_1_313' title='bbox 1256 3417 1450 3481; x_wconf 88' lang='lat' dir='ltr'><strong>ministrare.</strong></span> <span class='ocrx_word' id='word_1_314' title='bbox 1497 3417 1582 3481; x_wconf 89' lang='lat' dir='ltr'><strong>Nam</strong></span> <span class='ocrx_word' id='word_1_315' title='bbox 1606 3439 1681 3482; x_wconf 91' lang='lat' dir='ltr'><strong>cum</strong></span> <span class='ocrx_word' id='word_1_316' title='bbox 1703 3415 1823 3480; x_wconf 89' lang='lat' dir='ltr'><strong>habeat</strong></span> <span class='ocrx_word' id='word_1_317' title='bbox 1852 3415 1951 3481; x_wconf 86' lang='lat' dir='ltr'><strong>latam</strong></span> <span class='ocrx_word' id='word_1_318' title='bbox 1982 3439 2092 3502; x_wconf 90' lang='lat' dir='ltr'><strong>parro-</strong></span> 
     </span>
     <span class='ocr_line' id='line_1_30' title="bbox 598 3520 2092 3610; baseline -0.001 -22"><span class='ocrx_word' id='word_1_319' title='bbox 598 3522 705 3588; x_wconf 88' lang='lat' dir='ltr'><strong>chiam</strong></span> <span class='ocrx_word' id='word_1_320' title='bbox 729 3533 762 3587; x_wconf 88' lang='lat' dir='ltr'><strong>et</strong></span> <span class='ocrx_word' id='word_1_321' title='bbox 784 3521 926 3608; x_wconf 86' lang='lat' dir='ltr'><strong>amplam</strong></span> <span class='ocrx_word' id='word_1_322' title='bbox 955 3543 1016 3608; x_wconf 89' lang='lat' dir='ltr'><strong>per</strong></span> <span class='ocrx_word' id='word_1_323' title='bbox 1044 3523 1107 3586; x_wconf 89' lang='lat' dir='ltr'><strong>iter</strong></span> <span class='ocrx_word' id='word_1_324' title='bbox 1136 3521 1248 3586; x_wconf 90' lang='lat' dir='ltr'><strong>decem</strong></span> <span class='ocrx_word' id='word_1_325' title='bbox 1278 3520 1404 3588; x_wconf 87' lang='lat' dir='ltr'><strong>dierum</strong></span> <span class='ocrx_word' id='word_1_326' title='bbox 1428 3522 1481 3587; x_wconf 89' lang='lat' dir='ltr'><strong>vel</strong></span> <span class='ocrx_word' id='word_1_327' title='bbox 1504 3522 1643 3610; x_wconf 91' lang='lat' dir='ltr'><strong>amplius</strong></span> <span class='ocrx_word' id='word_1_328' title='bbox 1673 3533 1853 3605; x_wconf 87' lang='lat' dir='ltr'><strong>extensam,</strong></span> <span class='ocrx_word' id='word_1_329' title='bbox 1883 3545 1949 3588; x_wconf 88' lang='lat' dir='ltr'><strong>non</strong></span> <span class='ocrx_word' id='word_1_330' title='bbox 1979 3545 2092 3609; x_wconf 88' lang='lat' dir='ltr'><strong>posses</strong></span> 
     </span>
     <span class='ocr_line' id='line_1_31' title="bbox 597 3627 2134 3695; baseline 0.001 -1"><span class='ocrx_word' id='word_1_331' title='bbox 597 3629 684 3694; x_wconf 88' lang='lat' dir='ltr'><strong>infra</strong></span> <span class='ocrx_word' id='word_1_332' title='bbox 706 3637 831 3694; x_wconf 85' lang='lat' dir='ltr'><strong>tantum</strong></span> <span class='ocrx_word' id='word_1_333' title='bbox 854 3629 1028 3693; x_wconf 88' lang='lat' dir='ltr'><strong>terminum</strong></span> <span class='ocrx_word' id='word_1_334' title='bbox 1051 3629 1198 3692; x_wconf 83' lang='lat' dir='ltr'><strong>invenire</strong></span> <span class='ocrx_word' id='word_1_335' title='bbox 1223 3628 1336 3694; x_wconf 88' lang='lat' dir='ltr'><strong>saltem</strong></span> <span class='ocrx_word' id='word_1_336' title='bbox 1359 3652 1460 3694; x_wconf 89' lang='lat' dir='ltr'><strong>uuum</strong></span> <span class='ocrx_word' id='word_1_337' title='bbox 1484 3628 1725 3695; x_wconf 89' lang='lat' dir='ltr'><strong>conducticium</strong></span> <span class='ocrx_word' id='word_1_338' title='bbox 1740 3627 1794 3694; x_wconf 87' lang='lat' dir='ltr'><strong>vel</strong></span> <span class='ocrx_word' id='word_1_339' title='bbox 1813 3651 1913 3692; x_wconf 91' lang='lat' dir='ltr'><strong>unum</strong></span> <span class='ocrx_word' id='word_1_340' title='bbox 1937 3629 2092 3694; x_wconf 89' lang='lat' dir='ltr'><strong>clericum</strong></span> <span class='ocrx_word' id='word_1_341' title='bbox 2110 3656 2134 3694; x_wconf 80' lang='lat' dir='ltr'><strong>sc</strong></span> 
     </span>
     <span class='ocr_line' id='line_1_32' title="bbox 598 3733 2093 3823; baseline 0 -23"><span class='ocrx_word' id='word_1_342' title='bbox 598 3745 710 3823; x_wconf 88' lang='lat' dir='ltr'><strong>aperte</strong></span> <span class='ocrx_word' id='word_1_343' title='bbox 733 3735 963 3800; x_wconf 91' lang='lat' dir='ltr'><strong>incestuosum.</strong></span> <span class='ocrx_word' id='word_1_344' title='bbox 999 3734 1200 3820; x_wconf 89' lang='lat' dir='ltr'><strong>Irregularss</strong></span> <span class='ocrx_word' id='word_1_345' title='bbox 1217 3735 1316 3800; x_wconf 87' lang='lat' dir='ltr'><strong>etiam</strong></span> <span class='ocrx_word' id='word_1_346' title='bbox 1332 3737 1508 3800; x_wconf 88' lang='lat' dir='ltr'><strong>canonicos</strong></span> <span class='ocrx_word' id='word_1_347' title='bbox 1523 3746 1679 3822; x_wconf 84' lang='lat' dir='ltr'><strong>tanquam</strong></span> <span class='ocrx_word' id='word_1_348' title='bbox 1695 3757 1773 3800; x_wconf 87' lang='lat' dir='ltr'><strong>vere</strong></span> <span class='ocrx_word' id='word_1_349' title='bbox 1789 3733 1985 3800; x_wconf 81' lang='lat' dir='ltr'><strong>Chananeus</strong></span> <span class='ocrx_word' id='word_1_350' title='bbox 2005 3747 2093 3800; x_wconf 86' lang='lat' dir='ltr'><strong>terra</strong></span> 
     </span>
     <span class='ocr_line' id='line_1_33' title="bbox 598 3840 2091 3928; baseline 0 -22"><span class='ocrx_word' id='word_1_351' title='bbox 598 3852 713 3907; x_wconf 88' lang='lat' dir='ltr'><strong>sancta</strong></span> <span class='ocrx_word' id='word_1_352' title='bbox 735 3840 887 3926; x_wconf 90' lang='lat' dir='ltr'><strong>indignos</strong></span> <span class='ocrx_word' id='word_1_353' title='bbox 910 3840 952 3905; x_wconf 89' lang='lat' dir='ltr'><strong>de</strong></span> <span class='ocrx_word' id='word_1_354' title='bbox 976 3840 1124 3906; x_wconf 85' lang='lat' dir='ltr'><strong>claustris</strong></span> <span class='ocrx_word' id='word_1_355' title='bbox 1148 3841 1215 3904; x_wconf 91' lang='lat' dir='ltr'><strong>suis</strong></span> <span class='ocrx_word' id='word_1_356' title='bbox 1232 3841 1338 3922; x_wconf 90' lang='lat' dir='ltr'><strong>eiecit,</strong></span> <span class='ocrx_word' id='word_1_357' title='bbox 1363 3851 1395 3906; x_wconf 88' lang='lat' dir='ltr'><strong>et</strong></span> <span class='ocrx_word' id='word_1_358' title='bbox 1417 3840 1574 3907; x_wconf 89' lang='lat' dir='ltr'><strong>inlocum</strong></span> <span class='ocrx_word' id='word_1_359' title='bbox 1591 3864 1703 3907; x_wconf 89' lang='lat' dir='ltr'><strong>eorum</strong></span> <span class='ocrx_word' id='word_1_360' title='bbox 1726 3841 1892 3928; x_wconf 88' lang='lat' dir='ltr'><strong>regulares</strong></span> <span class='ocrx_word' id='word_1_361' title='bbox 1915 3843 2091 3906; x_wconf 91' lang='lat' dir='ltr'><strong>canonicos</strong></span> 
     </span>
     <span class='ocr_line' id='line_1_34' title="bbox 597 3946 2090 4034; baseline 0 -21"><span class='ocrx_word' id='word_1_362' title='bbox 597 3958 765 4034; x_wconf 87' lang='lat' dir='ltr'><strong>tamquam</strong></span> <span class='ocrx_word' id='word_1_363' title='bbox 780 3969 876 4012; x_wconf 88' lang='lat' dir='ltr'><strong>veros</strong></span> <span class='ocrx_word' id='word_1_364' title='bbox 891 3946 1057 4011; x_wconf 88' lang='lat' dir='ltr'><strong>Israelitas</strong></span> <span class='ocrx_word' id='word_1_365' title='bbox 1080 3946 1269 4012; x_wconf 85' lang='lat' dir='ltr'><strong>introduxit.</strong></span> <span class='ocrx_word' id='word_1_366' title='bbox 1306 3946 1404 4028; x_wconf 83' lang='lat' dir='ltr'><strong>Quod</strong></span> <span class='ocrx_word' id='word_1_367' title='bbox 1420 3949 1490 4012; x_wconf 91' lang='lat' dir='ltr'><strong>eius</strong></span> <span class='ocrx_word' id='word_1_368' title='bbox 1514 3949 1636 4012; x_wconf 88' lang='lat' dir='ltr'><strong>factum</strong></span> <span class='ocrx_word' id='word_1_369' title='bbox 1659 3959 1737 4014; x_wconf 76' lang='lat' dir='ltr'><strong>nos⁰</strong></span> <span class='ocrx_word' id='word_1_370' title='bbox 1762 3947 1839 4012; x_wconf 89' lang='lat' dir='ltr'><strong>licet</strong></span> <span class='ocrx_word' id='word_1_371' title='bbox 1861 3947 2090 4034; x_wconf 88' lang='lat' dir='ltr'><strong>approbemus,</strong></span> 
     </span>
     <span class='ocr_line' id='line_1_35' title="bbox 598 4052 2091 4140; baseline -0.001 -21"><span class='ocrx_word' id='word_1_372' title='bbox 598 4054 677 4119; x_wconf 90' lang='lat' dir='ltr'><strong>dum</strong></span> <span class='ocrx_word' id='word_1_373' title='bbox 699 4053 895 4140; x_wconf 85' lang='lat' dir='ltr'><strong>irregulares</strong></span> <span class='ocrx_word' id='word_1_374' title='bbox 919 4052 1115 4136; x_wconf 84' lang='lat' dir='ltr'><strong>Chananeis,</strong></span> <span class='ocrx_word' id='word_1_375' title='bbox 1147 4053 1314 4139; x_wconf 88' lang='lat' dir='ltr'><strong>regulares</strong></span> <span class='ocrx_word' id='word_1_376' title='bbox 1338 4063 1447 4118; x_wconf 87' lang='lat' dir='ltr'><strong>autem</strong></span> <span class='ocrx_word' id='word_1_377' title='bbox 1470 4053 1626 4119; x_wconf 86' lang='lat' dir='ltr'><strong>Israelitis</strong></span> <span class='ocrx_word' id='word_1_378' title='bbox 1657 4054 1863 4135; x_wconf 86' lang='lat' dir='ltr'><strong>conferimus,</strong></span> <span class='ocrx_word' id='word_1_379' title='bbox 1894 4076 1960 4120; x_wconf 92' lang='lat' dir='ltr'><strong>non</strong></span> <span class='ocrx_word' id='word_1_380' title='bbox 1983 4065 2091 4118; x_wconf 84' lang='lat' dir='ltr'><strong>tamen</strong></span> 
     </span>
     <span class='ocr_line' id='line_1_36' title="bbox 597 4159 2133 4248; baseline 0.001 -23"><span class='ocrx_word' id='word_1_381' title='bbox 597 4163 785 4248; x_wconf 88' lang='lat' dir='ltr'><strong>ignoramus</strong></span> <span class='ocrx_word' id='word_1_382' title='bbox 815 4161 899 4224; x_wconf 90' lang='lat' dir='ltr'><strong>inter</strong></span> <span class='ocrx_word' id='word_1_383' title='bbox 925 4159 1122 4245; x_wconf 82' lang='lat' dir='ltr'><strong>irregulares</strong></span> <span class='ocrx_word' id='word_1_384' title='bbox 1152 4159 1278 4247; x_wconf 90' lang='lat' dir='ltr'><strong>aliquos</strong></span> <span class='ocrx_word' id='word_1_385' title='bbox 1309 4182 1380 4226; x_wconf 87' lang='lat' dir='ltr'><strong>csse</strong></span> <span class='ocrx_word' id='word_1_386' title='bbox 1411 4160 1586 4226; x_wconf 85' lang='lat' dir='ltr'><strong>salvandos</strong></span> <span class='ocrx_word' id='word_1_387' title='bbox 1609 4170 1642 4225; x_wconf 89' lang='lat' dir='ltr'><strong>et</strong></span> <span class='ocrx_word' id='word_1_388' title='bbox 1668 4162 1753 4226; x_wconf 88' lang='lat' dir='ltr'><strong>inter</strong></span> <span class='ocrx_word' id='word_1_389' title='bbox 1775 4160 1941 4247; x_wconf 87' lang='lat' dir='ltr'><strong>regulares</strong></span> <span class='ocrx_word' id='word_1_390' title='bbox 1965 4160 2091 4248; x_wconf 87' lang='lat' dir='ltr'><strong>aliquos</strong></span> <span class='ocrx_word' id='word_1_391' title='bbox 2109 4185 2133 4226; x_wconf 81' lang='lat' dir='ltr'><strong>a</strong></span> 
     </span>
     <span class='ocr_line' id='line_1_37' title="bbox 598 4264 2092 4353; baseline 0 -21"><span class='ocrx_word' id='word_1_392' title='bbox 598 4265 813 4348; x_wconf 90' lang='lat' dir='ltr'><strong>damnandos,</strong></span> <span class='ocrx_word' id='word_1_393' title='bbox 830 4265 992 4353; x_wconf 91' lang='lat' dir='ltr'><strong>quomodo</strong></span> <span class='ocrx_word' id='word_1_394' title='bbox 1012 4266 1046 4330; x_wconf 91' lang='lat' dir='ltr'><strong>in</strong></span> <span class='ocrx_word' id='word_1_395' title='bbox 1061 4264 1235 4331; x_wconf 89' lang='lat' dir='ltr'><strong>Babilonia</strong></span> <span class='ocrx_word' id='word_1_396' title='bbox 1250 4266 1383 4353; x_wconf 91' lang='lat' dir='ltr'><strong>quidam</strong></span> <span class='ocrx_word' id='word_1_397' title='bbox 1407 4266 1616 4332; x_wconf 88' lang='lat' dir='ltr'><strong>laudabiliter</strong></span> <span class='ocrx_word' id='word_1_398' title='bbox 1631 4268 1784 4332; x_wconf 87' lang='lat' dir='ltr'><strong>vixerunt</strong></span> <span class='ocrx_word' id='word_1_399' title='bbox 1808 4277 1840 4332; x_wconf 90' lang='lat' dir='ltr'><strong>et</strong></span> <span class='ocrx_word' id='word_1_400' title='bbox 1861 4269 1896 4332; x_wconf 90' lang='lat' dir='ltr'><strong>in</strong></span> <span class='ocrx_word' id='word_1_401' title='bbox 1912 4266 2092 4332; x_wconf 89' lang='lat' dir='ltr'><strong>Ierusalem</strong></span> 
     </span>
     <span class='ocr_line' id='line_1_38' title="bbox 599 4371 2090 4461; baseline 0.001 -24"><span class='ocrx_word' id='word_1_402' title='bbox 599 4372 732 4460; x_wconf 92' lang='lat' dir='ltr'><strong>quidam</strong></span> <span class='ocrx_word' id='word_1_403' title='bbox 755 4374 937 4459; x_wconf 89' lang='lat' dir='ltr'><strong>perierunt;</strong></span> <span class='ocrx_word' id='word_1_404' title='bbox 963 4372 1021 4436; x_wconf 91' lang='lat' dir='ltr'><strong>sed</strong></span> <span class='ocrx_word' id='word_1_405' title='bbox 1045 4374 1123 4458; x_wconf 89' lang='lat' dir='ltr'><strong>qnia</strong></span> <span class='ocrx_word' id='word_1_406' title='bbox 1145 4395 1243 4459; x_wconf 90' lang='lat' dir='ltr'><strong>super</strong></span> <span class='ocrx_word' id='word_1_407' title='bbox 1265 4372 1399 4438; x_wconf 87' lang='lat' dir='ltr'><strong>flumina</strong></span> <span class='ocrx_word' id='word_1_408' title='bbox 1413 4371 1582 4438; x_wconf 91' lang='lat' dir='ltr'><strong>Babilonis</strong></span> <span class='ocrx_word' id='word_1_409' title='bbox 1605 4397 1670 4439; x_wconf 93' lang='lat' dir='ltr'><strong>non</strong></span> <span class='ocrx_word' id='word_1_410' title='bbox 1694 4385 1743 4438; x_wconf 88' lang='lat' dir='ltr'><strong>est</strong></span> <span class='ocrx_word' id='word_1_411' title='bbox 1765 4384 1835 4438; x_wconf 91' lang='lat' dir='ltr'><strong>tuta</strong></span> <span class='ocrx_word' id='word_1_412' title='bbox 1858 4375 1960 4439; x_wconf 91' lang='lat' dir='ltr'><strong>sessio</strong></span> <span class='ocrx_word' id='word_1_413' title='bbox 1985 4396 2090 4461; x_wconf 90' lang='lat' dir='ltr'><strong>neque</strong></span> 
     </span>
     <span class='ocr_line' id='line_1_39' title="bbox 597 4477 2091 4567; baseline 0.001 -24"><span class='ocrx_word' id='word_1_414' title='bbox 597 4480 632 4543; x_wconf 90' lang='lat' dir='ltr'><strong>in</strong></span> <span class='ocrx_word' id='word_1_415' title='bbox 655 4477 817 4544; x_wconf 89' lang='lat' dir='ltr'><strong>littoribus</strong></span> <span class='ocrx_word' id='word_1_416' title='bbox 841 4478 1029 4544; x_wconf 91' lang='lat' dir='ltr'><strong>eorumdem</strong></span> <span class='ocrx_word' id='word_1_417' title='bbox 1044 4477 1223 4562; x_wconf 87' lang='lat' dir='ltr'><strong>fluminum,</strong></span> <span class='ocrx_word' id='word_1_418' title='bbox 1241 4489 1352 4566; x_wconf 89' lang='lat' dir='ltr'><strong>utpote</strong></span> <span class='ocrx_word' id='word_1_419' title='bbox 1371 4479 1506 4545; x_wconf 90' lang='lat' dir='ltr'><strong>multum</strong></span> <span class='ocrx_word' id='word_1_420' title='bbox 1529 4481 1652 4562; x_wconf 89' lang='lat' dir='ltr'><strong>lutosis,</strong></span> <span class='ocrx_word' id='word_1_421' title='bbox 1678 4491 1727 4545; x_wconf 90' lang='lat' dir='ltr'><strong>est</strong></span> <span class='ocrx_word' id='word_1_422' title='bbox 1748 4480 1816 4545; x_wconf 88' lang='lat' dir='ltr'><strong>fida</strong></span> <span class='ocrx_word' id='word_1_423' title='bbox 1837 4481 1945 4562; x_wconf 85' lang='lat' dir='ltr'><strong>statio,</strong></span> <span class='ocrx_word' id='word_1_424' title='bbox 1970 4503 2091 4567; x_wconf 90' lang='lat' dir='ltr'><strong>nequa·</strong></span> 
     </span>
     <span class='ocr_line' id='line_1_40' title="bbox 598 4583 2092 4672; baseline 0.001 -22"><span class='ocrx_word' id='word_1_425' title='bbox 598 4608 697 4672; x_wconf 92' lang='lat' dir='ltr'><strong>qnam</strong></span> <span class='ocrx_word' id='word_1_426' title='bbox 721 4585 927 4651; x_wconf 90' lang='lat' dir='ltr'><strong>commendat</strong></span> <span class='ocrx_word' id='word_1_427' title='bbox 948 4586 1054 4672; x_wconf 90' lang='lat' dir='ltr'><strong>ipsam</strong></span> <span class='ocrx_word' id='word_1_428' title='bbox 1074 4583 1266 4650; x_wconf 91' lang='lat' dir='ltr'><strong>Babilonem</strong></span> <span class='ocrx_word' id='word_1_429' title='bbox 1289 4584 1449 4651; x_wconf 90' lang='lat' dir='ltr'><strong>bonorum</strong></span> <span class='ocrx_word' id='word_1_430' title='bbox 1471 4586 1538 4652; x_wconf 91' lang='lat' dir='ltr'><strong>illic</strong></span> <span class='ocrx_word' id='word_1_431' title='bbox 1560 4586 1645 4652; x_wconf 89' lang='lat' dir='ltr'><strong>bene</strong></span> <span class='ocrx_word' id='word_1_432' title='bbox 1670 4598 1745 4652; x_wconf 90' lang='lat' dir='ltr'><strong>acta</strong></span> <span class='ocrx_word' id='word_1_433' title='bbox 1768 4587 1983 4667; x_wconf 83' lang='lat' dir='ltr'><strong>conversatio,</strong></span> <span class='ocrx_word' id='word_1_434' title='bbox 2008 4589 2092 4652; x_wconf 90' lang='lat' dir='ltr'><strong>sicut</strong></span> 
     </span>
     <span class='ocr_line' id='line_1_41' title="bbox 597 4690 2135 4780; baseline 0.001 -24"><span class='ocrx_word' id='word_1_435' title='bbox 597 4715 659 4756; x_wconf 91' lang='lat' dir='ltr'><strong>nec</strong></span> <span class='ocrx_word' id='word_1_436' title='bbox 682 4691 906 4757; x_wconf 86' lang='lat' dir='ltr'><strong>Ierosolimsm</strong></span> <span class='ocrx_word' id='word_1_437' title='bbox 935 4691 1069 4756; x_wconf 90' lang='lat' dir='ltr'><strong>damnat</strong></span> <span class='ocrx_word' id='word_1_438' title='bbox 1097 4713 1273 4777; x_wconf 87' lang='lat' dir='ltr'><strong>pravorum</strong></span> <span class='ocrx_word' id='word_1_439' title='bbox 1303 4690 1505 4776; x_wconf 88' lang='lat' dir='ltr'><strong>inhabitatio,</strong></span> <span class='ocrx_word' id='word_1_440' title='bbox 1537 4694 1709 4780; x_wconf 91' lang='lat' dir='ltr'><strong>quominus</strong></span> <span class='ocrx_word' id='word_1_441' title='bbox 1740 4693 1780 4758; x_wconf 91' lang='lat' dir='ltr'><strong>de</strong></span> <span class='ocrx_word' id='word_1_442' title='bbox 1811 4693 1926 4758; x_wconf 87' lang='lat' dir='ltr'><strong>harum</strong></span> <span class='ocrx_word' id='word_1_443' title='bbox 1953 4692 2090 4758; x_wconf 90' lang='lat' dir='ltr'><strong>duarum</strong></span> <span class='ocrx_word' id='word_1_444' title='bbox 2108 4719 2135 4758; x_wconf 82' lang='lat' dir='ltr'><strong>a</strong></span> 
     </span>
     <span class='ocr_line' id='line_1_42' title="bbox 411 4797 2090 4882; baseline 0.001 -18"><span class='ocrx_word' id='word_1_445' title='bbox 411 4853 416 4864; x_wconf 83' lang='grc'><em>,</em></span> <span class='ocrx_word' id='word_1_446' title='bbox 597 4800 766 4863; x_wconf 81' lang='lat' dir='ltr'><strong>civitamm</strong></span> <span class='ocrx_word' id='word_1_447' title='bbox 786 4798 889 4862; x_wconf 88' lang='lat' dir='ltr'><strong>altera</strong></span> <span class='ocrx_word' id='word_1_448' title='bbox 904 4797 1048 4863; x_wconf 86' lang='lat' dir='ltr'><strong>dicatur:</strong></span> <span class='ocrx_word' id='word_1_449' title='bbox 1072 4798 1171 4862; x_wconf 88' lang='lat' dir='ltr'><strong>Exite</strong></span> <span class='ocrx_word' id='word_1_450' title='bbox 1194 4798 1287 4862; x_wconf 90' lang='lat' dir='ltr'><strong>inde:</strong></span> <span class='ocrx_word' id='word_1_451' title='bbox 1312 4798 1353 4864; x_wconf 90' lang='lat' dir='ltr'><strong>de</strong></span> <span class='ocrx_word' id='word_1_452' title='bbox 1377 4799 1480 4864; x_wconf 90' lang='lat' dir='ltr'><strong>altera</strong></span> <span class='ocrx_word' id='word_1_453' title='bbox 1495 4821 1584 4882; x_wconf 89' lang='lat' dir='ltr'><strong>vero,</strong></span> <span class='ocrx_word' id='word_1_454' title='bbox 1609 4803 1687 4866; x_wconf 84' lang='lat' dir='ltr'><strong>illuc</strong></span> <span class='ocrx_word' id='word_1_455' title='bbox 1710 4825 1782 4866; x_wconf 83' lang='lat' dir='ltr'><strong>cero</strong></span> <span class='ocrx_word' id='word_1_456' title='bbox 1805 4801 2013 4866; x_wconf 79' lang='lat' dir='ltr'><strong>asceadcruot</strong></span> <span class='ocrx_word' id='word_1_457' title='bbox 2034 4803 2090 4865; x_wconf 77' lang='lat' dir='ltr'><strong>tri-</strong></span> 
     </span>
    </p>

    <p class='ocr_par' dir='ltr' id='par_1_5' title="bbox 476 4889 2135 5416">
     <span class='ocr_line' id='line_1_43' title="bbox 476 4889 2090 4993; baseline -0.001 -22"><span class='ocrx_word' id='word_1_458' title='bbox 476 4889 477 4893; x_wconf 19' lang='lat'><em>*</em></span> <span class='ocrx_word' id='word_1_459' title='bbox 598 4909 664 4987; x_wconf 79' lang='lat' dir='ltr'><strong>bus,</strong></span> <span class='ocrx_word' id='word_1_460' title='bbox 696 4908 796 4971; x_wconf 81' lang='lat' dir='ltr'><strong>tribus</strong></span> <span class='ocrx_word' id='word_1_461' title='bbox 819 4906 956 4972; x_wconf 80' lang='lat' dir='ltr'><strong>Domini</strong></span> <span class='ocrx_word' id='word_1_462' title='bbox 982 4905 1028 4969; x_wconf 86' lang='lat' dir='ltr'><strong>ad</strong></span> <span class='ocrx_word' id='word_1_463' title='bbox 1056 4905 1261 4992; x_wconf 78' lang='lat' dir='ltr'><strong>confitendum</strong></span> <span class='ocrx_word' id='word_1_464' title='bbox 1292 4909 1417 4971; x_wconf 79' lang='lat' dir='ltr'><strong>nomini</strong></span> <span class='ocrx_word' id='word_1_465' title='bbox 1436 4907 1580 4988; x_wconf 83' lang='lat' dir='ltr'><strong>Domini,</strong></span> <span class='ocrx_word' id='word_1_466' title='bbox 1611 4917 1709 4993; x_wconf 88' lang='lat' dir='ltr'><strong>atque</strong></span> <span class='ocrx_word' id='word_1_467' title='bbox 1740 4906 1815 4971; x_wconf 90' lang='lat' dir='ltr'><strong>ideo</strong></span> <span class='ocrx_word' id='word_1_468' title='bbox 1843 4928 1910 4970; x_wconf 93' lang='lat' dir='ltr'><strong>non</strong></span> <span class='ocrx_word' id='word_1_469' title='bbox 1940 4907 2090 4971; x_wconf 86' lang='lat' dir='ltr'><strong>inmerito</strong></span> 
     </span>
     <span class='ocr_line' id='line_1_44' title="bbox 597 5009 2089 5099; baseline 0 -23"><span class='ocrx_word' id='word_1_470' title='bbox 597 5012 788 5099; x_wconf 88' lang='lat' dir='ltr'><strong>gandemus,</strong></span> <span class='ocrx_word' id='word_1_471' title='bbox 817 5009 1004 5097; x_wconf 89' lang='lat' dir='ltr'><strong>ubicunque</strong></span> <span class='ocrx_word' id='word_1_472' title='bbox 1033 5010 1247 5097; x_wconf 89' lang='lat' dir='ltr'><strong>irregularem</strong></span> <span class='ocrx_word' id='word_1_473' title='bbox 1277 5011 1419 5098; x_wconf 90' lang='lat' dir='ltr'><strong>aliquam</strong></span> <span class='ocrx_word' id='word_1_474' title='bbox 1448 5013 1735 5098; x_wconf 88' lang='lat' dir='ltr'><strong>congregationem</strong></span> <span class='ocrx_word' id='word_1_475' title='bbox 1762 5013 1856 5098; x_wconf 90' lang='lat' dir='ltr'><strong>quasi</strong></span> <span class='ocrx_word' id='word_1_476' title='bbox 1883 5010 2089 5078; x_wconf 89' lang='lat' dir='ltr'><strong>Babiloniam</strong></span> 
     </span>
     <span class='ocr_line' id='line_1_45' title="bbox 597 5116 2089 5205; baseline 0.001 -23"><span class='ocrx_word' id='word_1_477' title='bbox 597 5117 731 5200; x_wconf 73' lang='lat' dir='ltr'><strong>desum,</strong></span> <span class='ocrx_word' id='word_1_478' title='bbox 757 5127 789 5182; x_wconf 90' lang='lat' dir='ltr'><strong>et</strong></span> <span class='ocrx_word' id='word_1_479' title='bbox 816 5116 856 5182; x_wconf 90' lang='lat' dir='ltr'><strong>de</strong></span> <span class='ocrx_word' id='word_1_480' title='bbox 879 5117 983 5203; x_wconf 88' lang='lat' dir='ltr'><strong>ipsius</strong></span> <span class='ocrx_word' id='word_1_481' title='bbox 1006 5118 1100 5204; x_wconf 91' lang='lat' dir='ltr'><strong>quasi</strong></span> <span class='ocrx_word' id='word_1_482' title='bbox 1130 5116 1318 5182; x_wconf 89' lang='lat' dir='ltr'><strong>melioribus</strong></span> <span class='ocrx_word' id='word_1_483' title='bbox 1346 5117 1511 5205; x_wconf 88' lang='lat' dir='ltr'><strong>lapidibus</strong></span> <span class='ocrx_word' id='word_1_484' title='bbox 1534 5118 1711 5184; x_wconf 88' lang='lat' dir='ltr'><strong>Ierusalem</strong></span> <span class='ocrx_word' id='word_1_485' title='bbox 1741 5119 1775 5183; x_wconf 92' lang='lat' dir='ltr'><strong>in</strong></span> <span class='ocrx_word' id='word_1_486' title='bbox 1799 5119 1978 5184; x_wconf 91' lang='lat' dir='ltr'><strong>communis</strong></span> <span class='ocrx_word' id='word_1_487' title='bbox 2001 5120 2089 5184; x_wconf 86' lang='lat' dir='ltr'><strong>vitae</strong></span> 
     </span>
     <span class='ocr_line' id='line_1_46' title="bbox 595 5222 2135 5312; baseline 0.002 -23"><span class='ocrx_word' id='word_1_488' title='bbox 595 5225 837 5311; x_wconf 89' lang='lat' dir='ltr'><strong>reparationem</strong></span> <span class='ocrx_word' id='word_1_489' title='bbox 860 5223 1009 5288; x_wconf 88' lang='lat' dir='ltr'><strong>videmus</strong></span> <span class='ocrx_word' id='word_1_490' title='bbox 1033 5223 1190 5288; x_wconf 84' lang='lat' dir='ltr'><strong>edificari.</strong></span> <span class='ocrx_word' id='word_1_491' title='bbox 1237 5222 1438 5307; x_wconf 86' lang='lat' dir='ltr'><strong>Gandemns,</strong></span> <span class='ocrx_word' id='word_1_492' title='bbox 1468 5226 1613 5312; x_wconf 88' lang='lat' dir='ltr'><strong>inquam,</strong></span> <span class='ocrx_word' id='word_1_493' title='bbox 1641 5236 1674 5290; x_wconf 91' lang='lat' dir='ltr'><strong>et</strong></span> <span class='ocrx_word' id='word_1_494' title='bbox 1700 5226 1852 5312; x_wconf 86' lang='lat' dir='ltr'><strong>petimus,</strong></span> <span class='ocrx_word' id='word_1_495' title='bbox 1875 5236 1911 5290; x_wconf 90' lang='lat' dir='ltr'><strong>ut</strong></span> <span class='ocrx_word' id='word_1_496' title='bbox 1934 5225 2088 5312; x_wconf 84' lang='lat' dir='ltr'><strong>gaudium</strong></span> <span class='ocrx_word' id='word_1_497' title='bbox 2108 5252 2135 5292; x_wconf 79' lang='lat' dir='ltr'><strong>rs</strong></span> 
     </span>
     <span class='ocr_line' id='line_1_47' title="bbox 595 5328 1765 5416; baseline 0.002 -22"><span class='ocrx_word' id='word_1_498' title='bbox 595 5340 742 5396; x_wconf 88' lang='lat' dir='ltr'><strong>nostrum</strong></span> <span class='ocrx_word' id='word_1_499' title='bbox 766 5331 809 5394; x_wconf 89' lang='lat' dir='ltr'><strong>sit</strong></span> <span class='ocrx_word' id='word_1_500' title='bbox 831 5329 964 5416; x_wconf 89' lang='lat' dir='ltr'><strong>plenum</strong></span> <span class='ocrx_word' id='word_1_501' title='bbox 985 5352 1046 5416; x_wconf 90' lang='lat' dir='ltr'><strong>per</strong></span> <span class='ocrx_word' id='word_1_502' title='bbox 1069 5328 1234 5395; x_wconf 85' lang='lat' dir='ltr'><strong>Christum</strong></span> <span class='ocrx_word' id='word_1_503' title='bbox 1258 5330 1423 5396; x_wconf 89' lang='lat' dir='ltr'><strong>dominum</strong></span> <span class='ocrx_word' id='word_1_504' title='bbox 1446 5342 1602 5397; x_wconf 88' lang='lat' dir='ltr'><strong>nostrum.</strong></span> <span class='ocrx_word' id='word_1_505' title='bbox 1648 5331 1765 5396; x_wconf 87' lang='lat' dir='ltr'><strong>Arnen.</strong></span> 
     </span>
    </p>
   </div>
   <div class='ocr_carea' id='block_1_5' title="bbox 543 5473 1528 5544">
    <p class='ocr_par' dir='ltr' id='par_1_6' title="bbox 543 5473 1528 5544">
     <span class='ocr_line' id='line_1_48' title="bbox 543 5473 1528 5544; baseline 0 -16"><span class='ocrx_word' id='word_1_506' title='bbox 543 5473 570 5539; x_wconf 69' lang='lat' dir='ltr'><strong>a)</strong></span> <span class='ocrx_word' id='word_1_507' title='bbox 591 5477 659 5528; x_wconf 77' lang='lat' dir='ltr'><strong>deest</strong></span> <span class='ocrx_word' id='word_1_508' title='bbox 676 5481 701 5529; x_wconf 83' lang='lat'><strong>3.</strong></span> <span class='ocrx_word' id='word_1_509' title='bbox 775 5475 803 5538; x_wconf 88' lang='lat' dir='ltr'><strong>b)</strong></span> <span class='ocrx_word' id='word_1_510' title='bbox 824 5477 864 5529; x_wconf 83' lang='lat' dir='ltr'><strong>hic</strong></span> <span class='ocrx_word' id='word_1_511' title='bbox 882 5477 1004 5544; x_wconf 65' lang='lat' dir='ltr'><strong>quanam</strong></span> <span class='ocrx_word' id='word_1_512' title='bbox 1021 5486 1141 5544; x_wconf 69' lang='lat' dir='ltr'><strong>corrupta</strong></span> <span class='ocrx_word' id='word_1_513' title='bbox 1158 5493 1207 5528; x_wconf 85' lang='lat' dir='ltr'><strong>esse</strong></span> <span class='ocrx_word' id='word_1_514' title='bbox 1220 5486 1300 5543; x_wconf 84' lang='lat' dir='ltr'><strong>potet.</strong></span> <span class='ocrx_word' id='word_1_515' title='bbox 1373 5476 1399 5542; x_wconf 87' lang='lat' dir='ltr'><strong>c)</strong></span> <span class='ocrx_word' id='word_1_516' title='bbox 1423 5477 1438 5529; x_wconf 93' lang='lat' dir='ltr'><strong>l.</strong></span> <span class='ocrx_word' id='word_1_517' title='bbox 1458 5495 1484 5529; x_wconf 75' lang='lat' dir='ltr'><strong>n,</strong></span> <span class='ocrx_word' id='word_1_518' title='bbox 1504 5481 1528 5529; x_wconf 85' lang='lat'><strong>3.</strong></span> 
     </span>
    </p>
   </div>
   <div class='ocr_carea' id='block_1_6' title="bbox 435 5601 2089 5789">
    <p class='ocr_par' dir='ltr' id='par_1_7' title="bbox 435 5601 2089 5789">
     <span class='ocr_line' id='line_1_49' title="bbox 545 5601 2089 5683; baseline -0.001 -20"><span class='ocrx_word' id='word_1_519' title='bbox 545 5606 574 5677; x_wconf 88' lang='grc'><strong>1)</strong></span> <span class='ocrx_word' id='word_1_520' title='bbox 599 5604 634 5664; x_wconf 81' lang='lat' dir='ltr'><strong>A.</strong></span> <span class='ocrx_word' id='word_1_521' title='bbox 656 5605 750 5676; x_wconf 84' lang='lat'><strong>1133,</strong></span> <span class='ocrx_word' id='word_1_522' title='bbox 774 5606 861 5682; x_wconf 74' lang='lat' dir='ltr'><strong>April</strong></span> <span class='ocrx_word' id='word_1_523' title='bbox 876 5604 916 5661; x_wconf 85' lang='lat'><strong>30</strong></span> <span class='ocrx_word' id='word_1_524' title='bbox 936 5637 980 5645; x_wconf 88' lang='grc'><strong>-</strong></span> <span class='ocrx_word' id='word_1_525' title='bbox 996 5605 1062 5662; x_wconf 81' lang='lat' dir='ltr'><strong>Iuni</strong></span> <span class='ocrx_word' id='word_1_526' title='bbox 1080 5605 1117 5675; x_wconf 84' lang='grc'><strong>8,·</strong></span> <span class='ocrx_word' id='word_1_527' title='bbox 1141 5606 1181 5677; x_wconf 88' lang='lat' dir='ltr'><strong>cs.</strong></span> <span class='ocrx_word' id='word_1_528' title='bbox 1206 5605 1298 5676; x_wconf 83' lang='lat' dir='ltr'><strong>Bach,</strong></span> <span class='ocrx_word' id='word_1_529' title='bbox 1324 5603 1459 5664; x_wconf 65' lang='lat' dir='ltr'><strong>‘Ocelum</strong></span> <span class='ocrx_word' id='word_1_530' title='bbox 1478 5605 1738 5681; x_wconf 71' lang='lat' dir='ltr'><strong>Vierteljahrschr!</strong></span> <span class='ocrx_word' id='word_1_531' title='bbox 1762 5607 1813 5664; x_wconf 88' lang='lat' dir='ltr'><strong>IV</strong></span> <span class='ocrx_word' id='word_1_532' title='bbox 1832 5601 1958 5682; x_wconf 77' lang='lat'><strong>(1865),</strong></span> <span class='ocrx_word' id='word_1_533' title='bbox 1977 5627 2011 5683; x_wconf 83' lang='lat' dir='ltr'><strong>p.</strong></span> <span class='ocrx_word' id='word_1_534' title='bbox 2030 5607 2089 5677; x_wconf 83' lang='lat'><strong>33,·</strong></span> 
     </span>
     <span class='ocr_line' id='line_1_50' title="bbox 435 5711 2087 5789; baseline -0.001 -19"><span class='ocrx_word' id='word_1_535' title='bbox 435 5711 547 5770; x_wconf 80' lang='lat' dir='ltr'><strong>Jclrsch</strong></span> <span class='ocrx_word' id='word_1_536' title='bbox 570 5714 599 5770; x_wconf 83' lang='lat' dir='ltr'><strong>ia</strong></span> <span class='ocrx_word' id='word_1_537' title='bbox 616 5711 758 5770; x_wconf 81' lang='lat' dir='ltr'><strong>‘Mittheil</strong></span> <span class='ocrx_word' id='word_1_538' title='bbox 776 5713 824 5770; x_wconf 84' lang='lat' dir='ltr'><strong>des</strong></span> <span class='ocrx_word' id='word_1_539' title='bbox 840 5717 939 5770; x_wconf 76' lang='lat' dir='ltr'><strong>delerr.</strong></span> <span class='ocrx_word' id='word_1_540' title='bbox 957 5712 1096 5770; x_wconf 81' lang='lat' dir='ltr'><strong>Instituts&#39;</strong></span> <span class='ocrx_word' id='word_1_541' title='bbox 1120 5711 1168 5782; x_wconf 86' lang='lat' dir='ltr'><strong>VI,</strong></span> <span class='ocrx_word' id='word_1_542' title='bbox 1186 5733 1220 5788; x_wconf 82' lang='lat' dir='ltr'><strong>p.</strong></span> <span class='ocrx_word' id='word_1_543' title='bbox 1238 5711 1312 5782; x_wconf 80' lang='lat'><strong>259,</strong></span> <span class='ocrx_word' id='word_1_544' title='bbox 1336 5731 1365 5768; x_wconf 79' lang='lat' dir='ltr'><strong>a.</strong></span> <span class='ocrx_word' id='word_1_545' title='bbox 1384 5711 1413 5768; x_wconf 83' lang='lat'><strong>5.</strong></span> <span class='ocrx_word' id='word_1_546' title='bbox 1443 5711 1476 5768; x_wconf 87' lang='lat' dir='ltr'><strong>V.</strong></span> <span class='ocrx_word' id='word_1_547' title='bbox 1494 5712 1572 5787; x_wconf 81' lang='lat' dir='ltr'><strong>epist.</strong></span> <span class='ocrx_word' id='word_1_548' title='bbox 1592 5711 1648 5782; x_wconf 86' lang='lat'><strong>21,·</strong></span> <span class='ocrx_word' id='word_1_549' title='bbox 1673 5711 1776 5771; x_wconf 79' lang='lat' dir='ltr'><strong>Coram.</strong></span> <span class='ocrx_word' id='word_1_550' title='bbox 1797 5712 1884 5789; x_wconf 80' lang='lat' dir='ltr'><strong>inps.</strong></span> <span class='ocrx_word' id='word_1_551' title='bbox 1899 5713 1951 5783; x_wconf 78' lang='lat'><strong>64,</strong></span> <span class='ocrx_word' id='word_1_552' title='bbox 1976 5733 1999 5770; x_wconf 89' lang='lat' dir='ltr'><strong>c.</strong></span> <span class='ocrx_word' id='word_1_553' title='bbox 2016 5713 2087 5769; x_wconf 76' lang='lat'>14⁷.</span> 
     </span>
    </p>
   </div>
   <div class='ocr_carea' id='block_1_7' title="bbox 0 0 2210 6406">
    <p class='ocr_par' dir='ltr' id='par_1_8' title="bbox 0 0 2210 6406">
     <span class='ocr_line' id='line_1_51' title="bbox 0 0 2210 6406; baseline 0 0"><span class='ocrx_word' id='word_1_554' title='bbox 0 0 2210 6406; x_wconf 95' lang='lat' dir='ltr'><strong> </strong></span> 
     </span>
    </p>
   </div>
  </div>
 </body>
</html>
