<?xml version="1.0" encoding="UTF-8"?>
<!DOCTYPE html PUBLIC "-//W3C//DTD XHTML 1.0 Transitional//EN"
    "http://www.w3.org/TR/xhtml1/DTD/xhtml1-transitional.dtd">
<html xmlns="http://www.w3.org/1999/xhtml" xml:lang="en" lang="en">
 <head>
  <title>
</title>
<meta http-equiv="Content-Type" content="text/html;charset=utf-8" />
  <meta name='ocr-system' content='tesseract 3.04.00' />
  <meta name='ocr-capabilities' content='ocr_page ocr_carea ocr_par ocr_line ocrx_word'/>
</head>
<body>
  <div class='ocr_page' id='page_1' title='image "./monumentagerman00unkngoog_0442.png"; bbox 0 0 4396 6390; ppageno 0'>
   <div class='ocr_carea' id='block_1_1' title="bbox 557 381 1737 442">
    <p class='ocr_par' dir='ltr' id='par_1_1' title="bbox 557 381 1737 442">
     <span class='ocr_line' id='line_1_1' title="bbox 557 381 1737 442; baseline 0.002 -2"><span class='ocrx_word' id='word_1_1' title='bbox 557 384 868 441; x_wconf 83' lang='lat' dir='ltr'>COMMENTARIUS</span> <span class='ocrx_word' id='word_1_2' title='bbox 891 385 931 440; x_wconf 85' lang='lat' dir='ltr'><em>IN</em></span> <span class='ocrx_word' id='word_1_3' title='bbox 956 385 1145 442; x_wconf 84' lang='lat' dir='ltr'><strong>PSALMUM</strong></span> <span class='ocrx_word' id='word_1_4' title='bbox 1167 385 1263 442; x_wconf 84' lang='lat' dir='ltr'>LXIV</span> <span class='ocrx_word' id='word_1_5' title='bbox 1267 426 1274 440; x_wconf 91' lang='lat'>.</span> <span class='ocrx_word' id='word_1_6' title='bbox 1674 381 1737 442; x_wconf 78' lang='grc'><em>477</em></span> 
     </span>
    </p>
   </div>
   <div class='ocr_carea' id='block_1_2' title="bbox 36 572 1908 5234">
    <p class='ocr_par' dir='ltr' id='par_1_2' title="bbox 52 572 1820 1511">
     <span class='ocr_line' id='line_1_2' title="bbox 76 572 1820 662; baseline 0.002 -27"><span class='ocrx_word' id='word_1_7' title='bbox 76 577 193 662; x_wconf 79' lang='lat' dir='ltr'><em>prr-iem</em></span> <span class='ocrx_word' id='word_1_8' title='bbox 210 575 362 662; x_wconf 72' lang='lat' dir='ltr'><em>faciatis,</em></span> <span class='ocrx_word' id='word_1_9' title='bbox 385 573 443 638; x_wconf 87' lang='lat' dir='ltr'><em>sed</em></span> <span class='ocrx_word' id='word_1_10' title='bbox 457 575 591 637; x_wconf 86' lang='lat' dir='ltr'><em>contenti</em></span> <span class='ocrx_word' id='word_1_11' title='bbox 604 586 693 636; x_wconf 88' lang='lat' dir='ltr'><em>estote</em></span> <span class='ocrx_word' id='word_1_12' title='bbox 716 573 885 660; x_wconf 63' lang='lat' dir='ltr'><em>stirrendiis</em></span> <span class='ocrx_word' id='word_1_13' title='bbox 910 572 1043 637; x_wconf 87' lang='lat' dir='ltr'><em>cestris&#39;.</em></span> <span class='ocrx_word' id='word_1_14' title='bbox 1091 573 1157 637; x_wconf 91' lang='lat' dir='ltr'><em>Hic</em></span> <span class='ocrx_word' id='word_1_15' title='bbox 1181 576 1246 638; x_wconf 90' lang='lat' dir='ltr'><em>iam</em></span> <span class='ocrx_word' id='word_1_16' title='bbox 1270 597 1450 660; x_wconf 80' lang='lat' dir='ltr'><em>coquoscere</em></span> <span class='ocrx_word' id='word_1_17' title='bbox 1473 599 1505 638; x_wconf 91' lang='lat' dir='ltr'><em>se</em></span> <span class='ocrx_word' id='word_1_18' title='bbox 1529 575 1616 639; x_wconf 83' lang='lat' dir='ltr'><em>debet</em></span> <span class='ocrx_word' id='word_1_19' title='bbox 1639 578 1740 640; x_wconf 91' lang='lat' dir='ltr'><em>omnis</em></span> <span class='ocrx_word' id='word_1_20' title='bbox 1813 643 1820 656; x_wconf 58' lang='lat'>‚</span> 
     </span>
     <span class='ocr_line' id='line_1_3' title="bbox 82 677 1739 766; baseline 0.002 -23"><span class='ocrx_word' id='word_1_21' title='bbox 82 681 172 744; x_wconf 78' lang='lat' dir='ltr'><em>leomo</em></span> <span class='ocrx_word' id='word_1_22' title='bbox 203 682 262 766; x_wconf 87' lang='lat' dir='ltr'><em>qui</em></span> <span class='ocrx_word' id='word_1_23' title='bbox 287 681 412 744; x_wconf 90' lang='lat' dir='ltr'><em>militat.</em></span> <span class='ocrx_word' id='word_1_24' title='bbox 460 677 534 743; x_wconf 85' lang='lat' dir='ltr'><em>Non</em></span> <span class='ocrx_word' id='word_1_25' title='bbox 557 681 638 743; x_wconf 88' lang='lat' dir='ltr'><em>enirn</em></span> <span class='ocrx_word' id='word_1_26' title='bbox 663 693 781 742; x_wconf 84' lang='lat' dir='ltr'><em>tanturn</em></span> <span class='ocrx_word' id='word_1_27' title='bbox 805 679 843 743; x_wconf 87' lang='lat' dir='ltr'><em>de</em></span> <span class='ocrx_word' id='word_1_28' title='bbox 865 680 916 743; x_wconf 89' lang='lat' dir='ltr'><em>bis</em></span> <span class='ocrx_word' id='word_1_29' title='bbox 939 681 1149 743; x_wconf 73' lang='lat' dir='ltr'><em>militantibus</em></span> <span class='ocrx_word' id='word_1_30' title='bbox 1170 683 1331 766; x_wconf 87' lang='lat' dir='ltr'><em>scriptura</em></span> <span class='ocrx_word' id='word_1_31' title='bbox 1355 681 1505 766; x_wconf 88' lang='lat' dir='ltr'><em>loquitur,</em></span> <span class='ocrx_word' id='word_1_32' title='bbox 1536 684 1595 766; x_wconf 90' lang='lat' dir='ltr'><em>qui</em></span> <span class='ocrx_word' id='word_1_33' title='bbox 1614 695 1739 746; x_wconf 89' lang='lat' dir='ltr'><em>armata</em></span> 
     </span>
     <span class='ocr_line' id='line_1_4' title="bbox 82 786 1737 872; baseline 0.001 -22"><span class='ocrx_word' id='word_1_34' title='bbox 82 788 208 852; x_wconf 88' lang='lat' dir='ltr'><em>milicia</em></span> <span class='ocrx_word' id='word_1_35' title='bbox 232 787 408 851; x_wconf 85' lang='lat' dir='ltr'><em>detinentur</em></span> <span class='ocrx_word' id='word_1_36' title='bbox 415 811 425 866; x_wconf 88' lang='lat'><em>,·</em></span> <span class='ocrx_word' id='word_1_37' title='bbox 448 786 505 850; x_wconf 88' lang='lat' dir='ltr'><em>sed</em></span> <span class='ocrx_word' id='word_1_38' title='bbox 526 789 671 871; x_wconf 76' lang='lat' dir='ltr'><em>quisquis</em></span> <span class='ocrx_word' id='word_1_39' title='bbox 694 787 836 850; x_wconf 90' lang='lat' dir='ltr'><em>miliciae</em></span> <span class='ocrx_word' id='word_1_40' title='bbox 859 809 934 849; x_wconf 76' lang='lat' dir='ltr'><em>sisae</em></span> <span class='ocrx_word' id='word_1_41' title='bbox 957 787 1082 872; x_wconf 82' lang='lat' dir='ltr'><em>cinqulo</em></span> <span class='ocrx_word' id='word_1_42' title='bbox 1106 788 1213 866; x_wconf 51' lang='lat' dir='ltr'><em>¹utitur,</em></span> <span class='ocrx_word' id='word_1_43' title='bbox 1238 786 1404 872; x_wconf 86' lang='lat' dir='ltr'><em>diqnitatis</em></span> <span class='ocrx_word' id='word_1_44' title='bbox 1426 811 1501 852; x_wconf 90' lang='lat' dir='ltr'><em>suae</em></span> <span class='ocrx_word' id='word_1_45' title='bbox 1524 787 1615 851; x_wconf 90' lang='lat' dir='ltr'><em>miles</em></span> <span class='ocrx_word' id='word_1_46' title='bbox 1638 790 1737 852; x_wconf 90' lang='lat' dir='ltr'><em>ascri-</em></span> 
     </span>
     <span class='ocr_line' id='line_1_5' title="bbox 83 891 1737 979; baseline 0.001 -22"><span class='ocrx_word' id='word_1_47' title='bbox 83 895 176 957; x_wconf 89' lang='lat' dir='ltr'><em>bitur.</em></span> <span class='ocrx_word' id='word_1_48' title='bbox 213 893 315 978; x_wconf 67' lang='lat' dir='ltr'><em>Aeque</em></span> <span class='ocrx_word' id='word_1_49' title='bbox 338 892 409 957; x_wconf 87' lang='lat' dir='ltr'><em>ideo</em></span> <span class='ocrx_word' id='word_1_50' title='bbox 434 893 487 956; x_wconf 86' lang='lat' dir='ltr'><em>bec</em></span> <span class='ocrx_word' id='word_1_51' title='bbox 509 895 659 956; x_wconf 89' lang='lat' dir='ltr'><em>sententia</em></span> <span class='ocrx_word' id='word_1_52' title='bbox 673 905 772 977; x_wconf 88' lang='lat' dir='ltr'><em>potest</em></span> <span class='ocrx_word' id='word_1_53' title='bbox 794 891 870 970; x_wconf 89' lang='lat' dir='ltr'><em>dici,</em></span> <span class='ocrx_word' id='word_1_54' title='bbox 895 893 986 956; x_wconf 85' lang='lat' dir='ltr'><em>verbi</em></span> <span class='ocrx_word' id='word_1_55' title='bbox 995 894 1113 978; x_wconf 80' lang='lat' dir='ltr'><em>qratia,</em></span> <span class='ocrx_word' id='word_1_56' title='bbox 1137 893 1292 957; x_wconf 70' lang='lat' dir='ltr'><em>militibus</em></span> <span class='ocrx_word' id='word_1_57' title='bbox 1315 907 1343 956; x_wconf 93' lang='lat' dir='ltr'><em>et</em></span> <span class='ocrx_word' id='word_1_58' title='bbox 1357 895 1590 979; x_wconf 64' lang='lat' dir='ltr'><em>protectoribus</em></span> <span class='ocrx_word' id='word_1_59' title='bbox 1606 895 1737 958; x_wconf 89' lang='lat' dir='ltr'><em>eunctis-</em></span> 
     </span>
     <span class='ocr_line' id='line_1_6' title="bbox 52 998 1737 1088; baseline 0.002 -27"><span class='ocrx_word' id='word_1_60' title='bbox 52 1023 141 1084; x_wconf 79' lang='lat' dir='ltr'><em>sque</em></span> <span class='ocrx_word' id='word_1_61' title='bbox 166 1001 347 1079; x_wconf 89' lang='lat' dir='ltr'><em>rectoribus,</em></span> <span class='ocrx_word' id='word_1_62' title='bbox 372 1013 401 1063; x_wconf 91' lang='lat' dir='ltr'><em>et</em></span> <span class='ocrx_word' id='word_1_63' title='bbox 422 1001 598 1084; x_wconf 77' lang='lat' dir='ltr'><em>quicunque</em></span> <span class='ocrx_word' id='word_1_64' title='bbox 627 998 787 1088; x_wconf 82' lang='lat' dir='ltr'><em>stipendia</em></span> <span class='ocrx_word' id='word_1_65' title='bbox 816 999 884 1062; x_wconf 90' lang='lat' dir='ltr'><em>sibi</em></span> <span class='ocrx_word' id='word_1_66' title='bbox 904 999 1034 1083; x_wconf 88' lang='lat' dir='ltr'><em>publice</em></span> <span class='ocrx_word' id='word_1_67' title='bbox 1065 999 1140 1062; x_wconf 86' lang='lat' dir='ltr'><em>data</em></span> <span class='ocrx_word' id='word_1_68' title='bbox 1171 1002 1378 1084; x_wconf 71' lang='lat' dir='ltr'><em>consequitur,</em></span> <span class='ocrx_word' id='word_1_69' title='bbox 1408 1001 1441 1063; x_wconf 90' lang='lat' dir='ltr'><em>si</em></span> <span class='ocrx_word' id='word_1_70' title='bbox 1461 1001 1602 1085; x_wconf 91' lang='lat' dir='ltr'><em>amplius</em></span> <span class='ocrx_word' id='word_1_71' title='bbox 1625 1003 1737 1085; x_wconf 89' lang='lat' dir='ltr'><em>querit,</em></span> 
     </span>
     <span class='ocr_line' id='line_1_7' title="bbox 82 1103 1739 1192; baseline 0.001 -23"><span class='ocrx_word' id='word_1_72' title='bbox 82 1121 231 1191; x_wconf 86' lang='lat' dir='ltr'><em>tauquam</em></span> <span class='ocrx_word' id='word_1_73' title='bbox 263 1106 495 1191; x_wconf 78' lang='lat' dir='ltr'><em>calumpniator</em></span> <span class='ocrx_word' id='word_1_74' title='bbox 525 1119 553 1168; x_wconf 90' lang='lat' dir='ltr'><em>et</em></span> <span class='ocrx_word' id='word_1_75' title='bbox 581 1128 746 1168; x_wconf 82' lang='lat' dir='ltr'><em>concussor</em></span> <span class='ocrx_word' id='word_1_76' title='bbox 776 1103 929 1168; x_wconf 83' lang='lat' dir='ltr'><em>lobannis</em></span> <span class='ocrx_word' id='word_1_77' title='bbox 962 1107 1111 1168; x_wconf 87' lang='lat' dir='ltr'><em>sententia</em></span> <span class='ocrx_word' id='word_1_78' title='bbox 1144 1104 1416 1190; x_wconf 85' lang='lat' dir='ltr'><em>condempnatnr’.</em></span> <span class='ocrx_word' id='word_1_79' title='bbox 1471 1105 1515 1168; x_wconf 83' lang='lat' dir='ltr'><em>Et</em></span> <span class='ocrx_word' id='word_1_80' title='bbox 1535 1107 1639 1192; x_wconf 90' lang='lat' dir='ltr'><em>paulo</em></span> <span class='ocrx_word' id='word_1_81' title='bbox 1662 1120 1739 1192; x_wconf 87' lang='lat' dir='ltr'><em>post</em></span> 
     </span>
     <span class='ocr_line' id='line_1_8' title="bbox 82 1209 1737 1276; baseline 0 0"><span class='ocrx_word' id='word_1_82' title='bbox 82 1212 177 1276; x_wconf 80' lang='lat' dir='ltr'><em>addit</em></span> <span class='ocrx_word' id='word_1_83' title='bbox 206 1211 353 1276; x_wconf 87' lang='lat' dir='ltr'><em>dieens¹.·</em></span> <span class='ocrx_word' id='word_1_84' title='bbox 383 1211 479 1275; x_wconf 81' lang='lat' dir='ltr'><em>‘Nam</em></span> <span class='ocrx_word' id='word_1_85' title='bbox 503 1225 532 1275; x_wconf 88' lang='lat' dir='ltr'><em>et</em></span> <span class='ocrx_word' id='word_1_86' title='bbox 553 1212 686 1275; x_wconf 86' lang='lat' dir='ltr'><em>clericus</em></span> <span class='ocrx_word' id='word_1_87' title='bbox 716 1211 908 1275; x_wconf 72' lang='lat' dir='ltr'><em>catholicus·</em></span> <span class='ocrx_word' id='word_1_88' title='bbox 932 1211 991 1274; x_wconf 84' lang='lat' dir='ltr'><em>bae</em></span> <span class='ocrx_word' id='word_1_89' title='bbox 1013 1213 1162 1275; x_wconf 88' lang='lat' dir='ltr'><em>sententia</em></span> <span class='ocrx_word' id='word_1_90' title='bbox 1187 1213 1344 1276; x_wconf 81' lang='lat' dir='ltr'><em>retinetur.</em></span> <span class='ocrx_word' id='word_1_91' title='bbox 1394 1209 1434 1275; x_wconf 80' lang='lat' dir='ltr'><em>Si</em></span> <span class='ocrx_word' id='word_1_92' title='bbox 1461 1213 1544 1276; x_wconf 92' lang='lat' dir='ltr'><em>enim</em></span> <span class='ocrx_word' id='word_1_93' title='bbox 1574 1237 1635 1276; x_wconf 89' lang='lat' dir='ltr'><em>non</em></span> <span class='ocrx_word' id='word_1_94' title='bbox 1667 1236 1737 1276; x_wconf 88' lang='lat' dir='ltr'><em>eon-</em></span> 
     </span>
     <span class='ocr_line' id='line_1_9' title="bbox 82 1316 1737 1406; baseline -0.001 -23"><span class='ocrx_word' id='word_1_95' title='bbox 82 1333 181 1383; x_wconf 85' lang='lat' dir='ltr'><em>tentus</em></span> <span class='ocrx_word' id='word_1_96' title='bbox 203 1317 373 1404; x_wconf 88' lang='lat' dir='ltr'><em>stipendiis</em></span> <span class='ocrx_word' id='word_1_97' title='bbox 388 1319 506 1406; x_wconf 83' lang='lat' dir='ltr'><em>fuerit,</em></span> <span class='ocrx_word' id='word_1_98' title='bbox 538 1341 617 1402; x_wconf 90' lang='lat' dir='ltr'><em>quae</em></span> <span class='ocrx_word' id='word_1_99' title='bbox 641 1317 679 1381; x_wconf 91' lang='lat' dir='ltr'><em>de</em></span> <span class='ocrx_word' id='word_1_100' title='bbox 708 1318 825 1381; x_wconf 91' lang='lat' dir='ltr'><em>altario</em></span> <span class='ocrx_word' id='word_1_101' title='bbox 849 1316 987 1380; x_wconf 87' lang='lat' dir='ltr'><em>Domino</em></span> <span class='ocrx_word' id='word_1_102' title='bbox 1016 1319 1135 1382; x_wconf 87' lang='lat' dir='ltr'><em>iubente</em></span> <span class='ocrx_word' id='word_1_103' title='bbox 1165 1319 1373 1402; x_wconf 83' lang='lat' dir='ltr'><em>consequitur,</em></span> <span class='ocrx_word' id='word_1_104' title='bbox 1403 1318 1461 1382; x_wconf 90' lang='lat' dir='ltr'><em>sed</em></span> <span class='ocrx_word' id='word_1_105' title='bbox 1483 1332 1601 1382; x_wconf 76' lang='lat' dir='ltr'><em>euereet</em></span> <span class='ocrx_word' id='word_1_106' title='bbox 1626 1321 1737 1382; x_wconf 90' lang='lat' dir='ltr'><em>merei·</em></span> 
     </span>
     <span class='ocr_line' id='line_1_10' title="bbox 81 1423 1737 1511; baseline -0.001 -23"><span class='ocrx_word' id='word_1_107' title='bbox 81 1427 200 1503; x_wconf 88' lang='lat' dir='ltr'><em>monia,</em></span> <span class='ocrx_word' id='word_1_108' title='bbox 223 1426 458 1489; x_wconf 83' lang='lat' dir='ltr'><em>intercessiones</em></span> <span class='ocrx_word' id='word_1_109' title='bbox 482 1423 597 1504; x_wconf 83' lang='lat' dir='ltr'><em>uendit,</em></span> <span class='ocrx_word' id='word_1_110' title='bbox 622 1423 791 1486; x_wconf 80' lang='lat' dir='ltr'><em>uiduarum</em></span> <span class='ocrx_word' id='word_1_111' title='bbox 814 1447 945 1487; x_wconf 90' lang='lat' dir='ltr'><em>munera</em></span> <span class='ocrx_word' id='word_1_112' title='bbox 969 1424 1098 1487; x_wconf 88' lang='lat' dir='ltr'><em>libenter</em></span> <span class='ocrx_word' id='word_1_113' title='bbox 1121 1424 1337 1509; x_wconf 76' lang='lat' dir='ltr'><em>amplectitur5</em></span> <span class='ocrx_word' id='word_1_114' title='bbox 1360 1424 1412 1488; x_wconf 88' lang='lat' dir='ltr'><em>bic</em></span> <span class='ocrx_word' id='word_1_115' title='bbox 1435 1427 1537 1511; x_wconf 85' lang='lat' dir='ltr'><em>maqis</em></span> <span class='ocrx_word' id='word_1_116' title='bbox 1561 1427 1737 1510; x_wconf 84' lang='lat' dir='ltr'><em>neqociator</em></span> 
     </span>
    </p>

    <p class='ocr_par' dir='ltr' id='par_1_3' title="bbox 41 1530 1741 2043">
     <span class='ocr_line' id='line_1_11' title="bbox 41 1530 1737 1618; baseline 0.001 -26"><span class='ocrx_word' id='word_1_117' title='bbox 41 1555 65 1592; x_wconf 84' lang='grc' dir='ltr'><em>ιο</em></span> <span class='ocrx_word' id='word_1_118' title='bbox 82 1532 208 1596; x_wconf 83' lang='lat' dir='ltr'><em>uidetur</em></span> <span class='ocrx_word' id='word_1_119' title='bbox 231 1555 325 1616; x_wconf 89' lang='lat' dir='ltr'><em>quam</em></span> <span class='ocrx_word' id='word_1_120' title='bbox 349 1531 507 1610; x_wconf 77' lang='lat' dir='ltr'><em>clericus&#39;,</em></span> <span class='ocrx_word' id='word_1_121' title='bbox 532 1542 560 1594; x_wconf 90' lang='lat' dir='ltr'><em>et</em></span> <span class='ocrx_word' id='word_1_122' title='bbox 575 1543 683 1594; x_wconf 89' lang='lat' dir='ltr'><em>cetera.</em></span> <span class='ocrx_word' id='word_1_123' title='bbox 723 1530 808 1607; x_wconf 70' lang='lat' dir='ltr'><em>Quoue</em></span> <span class='ocrx_word' id='word_1_124' title='bbox 833 1544 866 1594; x_wconf 89' lang='lat' dir='ltr'><em>ut</em></span> <span class='ocrx_word' id='word_1_125' title='bbox 880 1531 977 1618; x_wconf 85' lang='lat' dir='ltr'><em>faeta</em></span> <span class='ocrx_word' id='word_1_126' title='bbox 1001 1532 1068 1594; x_wconf 89' lang='lat' dir='ltr'><em>eins</em></span> <span class='ocrx_word' id='word_1_127' title='bbox 1092 1531 1290 1615; x_wconf 87' lang='lat' dir='ltr'><em>loque-rentur</em></span> <span class='ocrx_word' id='word_1_128' title='bbox 1313 1531 1415 1616; x_wconf 84' lang='lat' dir='ltr'><em>maqis</em></span> <span class='ocrx_word' id='word_1_129' title='bbox 1439 1554 1533 1615; x_wconf 89' lang='lat' dir='ltr'><em>quam</em></span> <span class='ocrx_word' id='word_1_130' title='bbox 1558 1532 1678 1617; x_wconf 83' lang='lat' dir='ltr'><em>linqua,</em></span> <span class='ocrx_word' id='word_1_131' title='bbox 1703 1534 1737 1595; x_wconf 88' lang='lat' dir='ltr'><em>in</em></span> 
     </span>
     <span class='ocr_line' id='line_1_12' title="bbox 82 1637 1741 1724; baseline 0 -23"><span class='ocrx_word' id='word_1_132' title='bbox 82 1638 174 1702; x_wconf 85' lang='lat' dir='ltr'><em>donro</em></span> <span class='ocrx_word' id='word_1_133' title='bbox 206 1640 276 1724; x_wconf 74' lang='lat' dir='ltr'><em>ipsa</em></span> <span class='ocrx_word' id='word_1_134' title='bbox 308 1639 452 1723; x_wconf 72' lang='lat' dir='ltr'><em>episcopi</em></span> <span class='ocrx_word' id='word_1_135' title='bbox 478 1639 586 1700; x_wconf 88' lang='lat' dir='ltr'><em>statuit</em></span> <span class='ocrx_word' id='word_1_136' title='bbox 615 1639 837 1700; x_wconf 86' lang='lat' dir='ltr'><em>monasterium</em></span> <span class='ocrx_word' id='word_1_137' title='bbox 865 1637 1061 1716; x_wconf 89' lang='lat' dir='ltr'><em>elericorum,</em></span> <span class='ocrx_word' id='word_1_138' title='bbox 1094 1637 1150 1700; x_wconf 87' lang='lat' dir='ltr'><em>ubi</em></span> <span class='ocrx_word' id='word_1_139' title='bbox 1177 1639 1298 1700; x_wconf 75' lang='lat' dir='ltr'><em>nemini</em></span> <span class='ocrx_word' id='word_1_140' title='bbox 1327 1637 1440 1701; x_wconf 86' lang='lat' dir='ltr'><em>licebat</em></span> <span class='ocrx_word' id='word_1_141' title='bbox 1468 1637 1581 1701; x_wconf 86' lang='lat' dir='ltr'><em>babere</em></span> <span class='ocrx_word' id='word_1_142' title='bbox 1610 1637 1741 1722; x_wconf 88' lang='lat' dir='ltr'><em>aliquid</em></span> 
     </span>
     <span class='ocr_line' id='line_1_13' title="bbox 78 1742 1737 1830; baseline 0 -22"><span class='ocrx_word' id='word_1_143' title='bbox 78 1747 260 1830; x_wconf 87' lang='lat' dir='ltr'><em>proprium,</em></span> <span class='ocrx_word' id='word_1_144' title='bbox 287 1747 369 1808; x_wconf 90' lang='lat' dir='ltr'><em>sieut</em></span> <span class='ocrx_word' id='word_1_145' title='bbox 390 1746 458 1828; x_wconf 88' lang='lat' dir='ltr'><em>ipse</em></span> <span class='ocrx_word' id='word_1_146' title='bbox 482 1757 608 1806; x_wconf 89' lang='lat' dir='ltr'><em>testatur</em></span> <span class='ocrx_word' id='word_1_147' title='bbox 632 1742 778 1806; x_wconf 67' lang='lat' dir='ltr'><em>dieens‘2:</em></span> <span class='ocrx_word' id='word_1_148' title='bbox 809 1742 923 1806; x_wconf 89' lang='lat' dir='ltr'><em>‘Volui</em></span> <span class='ocrx_word' id='word_1_149' title='bbox 949 1743 1061 1806; x_wconf 89' lang='lat' dir='ltr'><em>babere</em></span> <span class='ocrx_word' id='word_1_150' title='bbox 1093 1745 1126 1806; x_wconf 89' lang='lat' dir='ltr'><em>in</em></span> <span class='ocrx_word' id='word_1_151' title='bbox 1150 1742 1241 1806; x_wconf 90' lang='lat' dir='ltr'><em>domo</em></span> <span class='ocrx_word' id='word_1_152' title='bbox 1266 1746 1325 1807; x_wconf 90' lang='lat' dir='ltr'><em>ista</em></span> <span class='ocrx_word' id='word_1_153' title='bbox 1349 1745 1494 1829; x_wconf 83' lang='lat' dir='ltr'><em>episcopi</em></span> <span class='ocrx_word' id='word_1_154' title='bbox 1513 1747 1737 1808; x_wconf 87' lang='lat' dir='ltr'><em>monasterinm</em></span> 
     </span>
     <span class='ocr_line' id='line_1_14' title="bbox 82 1847 1735 1937; baseline -0.001 -22"><span class='ocrx_word' id='word_1_155' title='bbox 82 1852 277 1915; x_wconf 88' lang='lat' dir='ltr'><em>elericorum.</em></span> <span class='ocrx_word' id='word_1_156' title='bbox 324 1849 407 1914; x_wconf 85' lang='lat' dir='ltr'><em>Eece</em></span> <span class='ocrx_word' id='word_1_157' title='bbox 437 1849 589 1935; x_wconf 87' lang='lat' dir='ltr'><em>quomodo</em></span> <span class='ocrx_word' id='word_1_158' title='bbox 621 1851 764 1912; x_wconf 84' lang='lat' dir='ltr'><em>sinimus.</em></span> <span class='ocrx_word' id='word_1_159' title='bbox 812 1847 910 1912; x_wconf 88' lang='lat' dir='ltr'><em>Nulli</em></span> <span class='ocrx_word' id='word_1_160' title='bbox 938 1850 1009 1913; x_wconf 88' lang='lat' dir='ltr'><em>licet</em></span> <span class='ocrx_word' id='word_1_161' title='bbox 1040 1852 1072 1913; x_wconf 90' lang='lat' dir='ltr'><em>in</em></span> <span class='ocrx_word' id='word_1_162' title='bbox 1095 1852 1238 1913; x_wconf 87' lang='lat' dir='ltr'><em>societate</em></span> <span class='ocrx_word' id='word_1_163' title='bbox 1265 1864 1371 1914; x_wconf 92' lang='lat' dir='ltr'><em>nostra</em></span> <span class='ocrx_word' id='word_1_164' title='bbox 1395 1849 1544 1936; x_wconf 68' lang='lat' dir='ltr'><em>atiqutdb</em></span> <span class='ocrx_word' id='word_1_165' title='bbox 1561 1853 1735 1937; x_wconf 89' lang='lat' dir='ltr'><em>proprium</em></span> 
     </span>
     <span class='ocr_line' id='line_1_15' title="bbox 81 1954 1735 2043; baseline -0.001 -23"><span class='ocrx_word' id='word_1_166' title='bbox 81 1959 203 2022; x_wconf 85' lang='lat' dir='ltr'><em>babere.</em></span> <span class='ocrx_word' id='word_1_167' title='bbox 251 1955 317 2021; x_wconf 78' lang='lat' dir='ltr'><em>sect</em></span> <span class='ocrx_word' id='word_1_168' title='bbox 330 1958 422 2043; x_wconf 88' lang='lat' dir='ltr'><em>forte</em></span> <span class='ocrx_word' id='word_1_169' title='bbox 445 1957 553 2040; x_wconf 86' lang='lat' dir='ltr'><em>aliqui</em></span> <span class='ocrx_word' id='word_1_170' title='bbox 572 1955 706 2019; x_wconf 78' lang='lat' dir='ltr'><em>babent?</em></span> <span class='ocrx_word' id='word_1_171' title='bbox 742 1955 840 2019; x_wconf 85' lang='lat' dir='ltr'><em>Nulli</em></span> <span class='ocrx_word' id='word_1_172' title='bbox 861 1956 940 2020; x_wconf 91' lang='lat' dir='ltr'><em>licet.</em></span> <span class='ocrx_word' id='word_1_173' title='bbox 989 1954 1029 2020; x_wconf 82' lang='lat' dir='ltr'><em>Si</em></span> <span class='ocrx_word' id='word_1_174' title='bbox 1050 1959 1109 2040; x_wconf 89' lang='lat' dir='ltr'><em>qui</em></span> <span class='ocrx_word' id='word_1_175' title='bbox 1122 1957 1265 2043; x_wconf 87' lang='lat' dir='ltr'><em>faciunt,</em></span> <span class='ocrx_word' id='word_1_176' title='bbox 1288 1957 1423 2043; x_wconf 87' lang='lat' dir='ltr'><em>faciunt</em></span> <span class='ocrx_word' id='word_1_177' title='bbox 1445 1957 1530 2041; x_wconf 91' lang='lat' dir='ltr'><em>quod</em></span> <span class='ocrx_word' id='word_1_178' title='bbox 1551 1981 1614 2020; x_wconf 89' lang='lat' dir='ltr'><em>non</em></span> <span class='ocrx_word' id='word_1_179' title='bbox 1638 1956 1735 2021; x_wconf 83' lang='lat' dir='ltr'><em>licet’.</em></span> 
     </span>
    </p>

    <p class='ocr_par' dir='ltr' id='par_1_4' title="bbox 42 2061 1740 2576">
     <span class='ocr_line' id='line_1_16' title="bbox 42 2061 1733 2152; baseline 0.002 -28"><span class='ocrx_word' id='word_1_180' title='bbox 42 2086 64 2125; x_wconf 83' lang='lat' dir='ltr'><em>a</em></span> <span class='ocrx_word' id='word_1_181' title='bbox 82 2064 172 2128; x_wconf 88' lang='lat' dir='ltr'><em>Haec</em></span> <span class='ocrx_word' id='word_1_182' title='bbox 186 2063 391 2152; x_wconf 76' lang='lat' dir='ltr'><em>Auqustinus.</em></span> <span class='ocrx_word' id='word_1_183' title='bbox 431 2061 496 2126; x_wconf 80' lang='lat' dir='ltr'><em>Sed</em></span> <span class='ocrx_word' id='word_1_184' title='bbox 513 2087 595 2126; x_wconf 90' lang='lat' dir='ltr'><em>nune</em></span> <span class='ocrx_word' id='word_1_185' title='bbox 618 2061 699 2146; x_wconf 90' lang='lat' dir='ltr'><em>quid</em></span> <span class='ocrx_word' id='word_1_186' title='bbox 722 2061 794 2126; x_wconf 79' lang='lat' dir='ltr'><em>iride</em></span> <span class='ocrx_word' id='word_1_187' title='bbox 817 2063 922 2126; x_wconf 88' lang='lat' dir='ltr'><em>beatus</em></span> <span class='ocrx_word' id='word_1_188' title='bbox 938 2065 1069 2127; x_wconf 84' lang='lat' dir='ltr'><em>senserit</em></span> <span class='ocrx_word' id='word_1_189' title='bbox 1083 2061 1222 2148; x_wconf 84' lang='lat' dir='ltr'><em>Prosper</em></span> <span class='ocrx_word' id='word_1_190' title='bbox 1237 2063 1447 2127; x_wconf 74' lang='lat' dir='ltr'><em>audeamus⁸:</em></span> <span class='ocrx_word' id='word_1_191' title='bbox 1467 2063 1620 2128; x_wconf 60' lang='lat' dir='ltr'><em>‘Proinde</em></span> <span class='ocrx_word' id='word_1_192' title='bbox 1644 2088 1733 2149; x_wconf 91' lang='lat' dir='ltr'><em>quem</em></span> 
     </span>
     <span class='ocr_line' id='line_1_17' title="bbox 75 2169 1735 2256; baseline 0 -22"><span class='ocrx_word' id='word_1_193' title='bbox 75 2170 279 2256; x_wconf 88' lang='lat' dir='ltr'><em>possidendi,</em></span> <span class='ocrx_word' id='word_1_194' title='bbox 309 2173 422 2255; x_wconf 88' lang='lat' dir='ltr'><em>inquit,</em></span> <span class='ocrx_word' id='word_1_195' title='bbox 454 2169 585 2234; x_wconf 89' lang='lat' dir='ltr'><em>delectat</em></span> <span class='ocrx_word' id='word_1_196' title='bbox 614 2170 760 2249; x_wconf 89' lang='lat' dir='ltr'><em>ambicio,</em></span> <span class='ocrx_word' id='word_1_197' title='bbox 791 2169 905 2249; x_wconf 86' lang='lat' dir='ltr'><em>Deum,</em></span> <span class='ocrx_word' id='word_1_198' title='bbox 936 2171 994 2254; x_wconf 88' lang='lat' dir='ltr'><em>qui</em></span> <span class='ocrx_word' id='word_1_199' title='bbox 1009 2169 1154 2254; x_wconf 81' lang='lat' dir='ltr'><em>possidet</em></span> <span class='ocrx_word' id='word_1_200' title='bbox 1182 2172 1289 2234; x_wconf 91' lang='lat' dir='ltr'><em>omnia</em></span> <span class='ocrx_word' id='word_1_201' title='bbox 1320 2195 1399 2255; x_wconf 88' lang='lat' dir='ltr'><em>quae</em></span> <span class='ocrx_word' id='word_1_202' title='bbox 1430 2173 1557 2250; x_wconf 78' lang='lat' dir='ltr'><em>creauit,</em></span> <span class='ocrx_word' id='word_1_203' title='bbox 1588 2170 1735 2256; x_wconf 67' lang='lat' dir='ltr'><em>expedita</em></span> 
     </span>
     <span class='ocr_line' id='line_1_18' title="bbox 80 2275 1736 2362; baseline 0 -22"><span class='ocrx_word' id='word_1_204' title='bbox 80 2292 179 2342; x_wconf 89' lang='lat' dir='ltr'><em>mente</em></span> <span class='ocrx_word' id='word_1_205' title='bbox 194 2276 370 2362; x_wconf 89' lang='lat' dir='ltr'><em>possideat,</em></span> <span class='ocrx_word' id='word_1_206' title='bbox 395 2290 423 2340; x_wconf 90' lang='lat' dir='ltr'><em>et</em></span> <span class='ocrx_word' id='word_1_207' title='bbox 447 2279 479 2339; x_wconf 92' lang='lat' dir='ltr'><em>in</em></span> <span class='ocrx_word' id='word_1_208' title='bbox 503 2300 537 2340; x_wconf 91' lang='lat' dir='ltr'><em>eo</em></span> <span class='ocrx_word' id='word_1_209' title='bbox 560 2275 685 2339; x_wconf 87' lang='lat' dir='ltr'><em>babebit</em></span> <span class='ocrx_word' id='word_1_210' title='bbox 707 2299 885 2360; x_wconf 86' lang='lat' dir='ltr'><em>quecunque</em></span> <span class='ocrx_word' id='word_1_211' title='bbox 908 2285 1032 2339; x_wconf 75' lang='lat' dir='ltr'><em>sanctec</em></span> <span class='ocrx_word' id='word_1_212' title='bbox 1057 2275 1169 2340; x_wconf 85' lang='lat' dir='ltr'><em>babere</em></span> <span class='ocrx_word' id='word_1_213' title='bbox 1193 2275 1370 2340; x_wconf 82' lang='lat' dir='ltr'><em>desiderat:</em></span> <span class='ocrx_word' id='word_1_214' title='bbox 1396 2276 1454 2340; x_wconf 89' lang='lat' dir='ltr'><em>sed</em></span> <span class='ocrx_word' id='word_1_215' title='bbox 1476 2279 1625 2362; x_wconf 90' lang='lat' dir='ltr'><em>quoniam</em></span> <span class='ocrx_word' id='word_1_216' title='bbox 1649 2300 1736 2340; x_wconf 90' lang='lat' dir='ltr'><em>nemo</em></span> 
     </span>
     <span class='ocr_line' id='line_1_19' title="bbox 73 2382 1740 2471; baseline -0.001 -23"><span class='ocrx_word' id='word_1_217' title='bbox 73 2384 221 2470; x_wconf 86' lang='lat' dir='ltr'><em>possidet</em></span> <span class='ocrx_word' id='word_1_218' title='bbox 235 2383 349 2463; x_wconf 86' lang='lat' dir='ltr'><em>Deum,</em></span> <span class='ocrx_word' id='word_1_219' title='bbox 371 2384 441 2447; x_wconf 72' lang='lat' dir='ltr'><em>ursi</em></span> <span class='ocrx_word' id='word_1_220' title='bbox 460 2384 520 2467; x_wconf 88' lang='lat' dir='ltr'><em>qui</em></span> <span class='ocrx_word' id='word_1_221' title='bbox 536 2382 718 2468; x_wconf 89' lang='lat' dir='ltr'><em>possidetur</em></span> <span class='ocrx_word' id='word_1_222' title='bbox 741 2383 780 2446; x_wconf 92' lang='lat' dir='ltr'><em>ab</em></span> <span class='ocrx_word' id='word_1_223' title='bbox 804 2406 856 2463; x_wconf 84' lang='lat' dir='ltr'><em>eo,·</em></span> <span class='ocrx_word' id='word_1_224' title='bbox 879 2384 921 2445; x_wconf 89' lang='lat' dir='ltr'><em>sit</em></span> <span class='ocrx_word' id='word_1_225' title='bbox 944 2384 1010 2467; x_wconf 86' lang='lat' dir='ltr'><em>ipse</em></span> <span class='ocrx_word' id='word_1_226' title='bbox 1031 2384 1183 2467; x_wconf 84' lang='lat' dir='ltr'><em>prina&#39;tus</em></span> <span class='ocrx_word' id='word_1_227' title='bbox 1198 2382 1266 2446; x_wconf 88' lang='lat' dir='ltr'><em>Dei</em></span> <span class='ocrx_word' id='word_1_228' title='bbox 1282 2385 1450 2468; x_wconf 87' lang='lat' dir='ltr'><em>possessio,</em></span> <span class='ocrx_word' id='word_1_229' title='bbox 1474 2397 1503 2447; x_wconf 88' lang='lat' dir='ltr'><em>et</em></span> <span class='ocrx_word' id='word_1_230' title='bbox 1524 2384 1684 2471; x_wconf 81' lang='lat' dir='ltr'><em>efficietur</em></span> <span class='ocrx_word' id='word_1_231' title='bbox 1707 2384 1740 2447; x_wconf 91' lang='lat' dir='ltr'><em>ei</em></span> 
     </span>
     <span class='ocr_line' id='line_1_20' title="bbox 82 2487 1737 2576; baseline 0.001 -24"><span class='ocrx_word' id='word_1_232' title='bbox 82 2491 169 2556; x_wconf 88' lang='lat' dir='ltr'><em>Deus</em></span> <span class='ocrx_word' id='word_1_233' title='bbox 185 2513 352 2576; x_wconf 87' lang='lat' dir='ltr'><em>possessor</em></span> <span class='ocrx_word' id='word_1_234' title='bbox 373 2503 402 2553; x_wconf 92' lang='lat' dir='ltr'><em>et</em></span> <span class='ocrx_word' id='word_1_235' title='bbox 418 2488 551 2575; x_wconf 83' lang='lat' dir='ltr'><em>portio&#39;.</em></span> <span class='ocrx_word' id='word_1_236' title='bbox 591 2487 636 2551; x_wconf 87' lang='lat' dir='ltr'><em>Et</em></span> <span class='ocrx_word' id='word_1_237' title='bbox 652 2489 754 2573; x_wconf 91' lang='lat' dir='ltr'><em>paulo</em></span> <span class='ocrx_word' id='word_1_238' title='bbox 770 2502 847 2574; x_wconf 93' lang='lat' dir='ltr'><em>post</em></span> <span class='ocrx_word' id='word_1_239' title='bbox 868 2489 1029 2575; x_wconf 83' lang='lat' dir='ltr'><em>subinnqit</em></span> <span class='ocrx_word' id='word_1_240' title='bbox 1051 2487 1176 2553; x_wconf 88' lang='lat' dir='ltr'><em>dicens:</em></span> <span class='ocrx_word' id='word_1_241' title='bbox 1199 2488 1301 2565; x_wconf 80' lang='lat' dir='ltr'><em>‘Quid</em></span> <span class='ocrx_word' id='word_1_242' title='bbox 1322 2490 1407 2553; x_wconf 87' lang='lat' dir='ltr'><em>ultra</em></span> <span class='ocrx_word' id='word_1_243' title='bbox 1431 2491 1534 2573; x_wconf 87' lang='lat' dir='ltr'><em>querit</em></span> <span class='ocrx_word' id='word_1_244' title='bbox 1556 2493 1611 2554; x_wconf 92' lang='lat' dir='ltr'><em>cui</em></span> <span class='ocrx_word' id='word_1_245' title='bbox 1632 2492 1737 2554; x_wconf 89' lang='lat' dir='ltr'><em>omnia</em></span> 
     </span>
    </p>

    <p class='ocr_par' dir='ltr' id='par_1_5' title="bbox 37 2594 1741 3108">
     <span class='ocr_line' id='line_1_21' title="bbox 37 2594 1737 2682; baseline -0.001 -21"><span class='ocrx_word' id='word_1_246' title='bbox 37 2623 62 2661; x_wconf 78' lang='lat' dir='ltr'><em>ro</em></span> <span class='ocrx_word' id='word_1_247' title='bbox 79 2621 156 2660; x_wconf 74' lang='lat' dir='ltr'><em>steros</em></span> <span class='ocrx_word' id='word_1_248' title='bbox 179 2597 322 2661; x_wconf 89' lang='lat' dir='ltr'><em>conditor</em></span> <span class='ocrx_word' id='word_1_249' title='bbox 337 2599 389 2682; x_wconf 79' lang='lat' dir='ltr'><em>fit,</em></span> <span class='ocrx_word' id='word_1_250' title='bbox 413 2610 468 2659; x_wconf 87' lang='lat' dir='ltr'><em>ant</em></span> <span class='ocrx_word' id='word_1_251' title='bbox 490 2594 572 2680; x_wconf 88' lang='lat' dir='ltr'><em>quid</em></span> <span class='ocrx_word' id='word_1_252' title='bbox 593 2597 625 2659; x_wconf 91' lang='lat' dir='ltr'><em>ei</em></span> <span class='ocrx_word' id='word_1_253' title='bbox 645 2596 770 2682; x_wconf 77' lang='lat' dir='ltr'><em>sufficit</em></span> <span class='ocrx_word' id='word_1_254' title='bbox 792 2597 847 2658; x_wconf 88' lang='lat' dir='ltr'><em>oui</em></span> <span class='ocrx_word' id='word_1_255' title='bbox 874 2597 942 2680; x_wconf 74' lang='lat' dir='ltr'><em>ipse</em></span> <span class='ocrx_word' id='word_1_256' title='bbox 972 2619 1034 2658; x_wconf 88' lang='lat' dir='ltr'><em>non</em></span> <span class='ocrx_word' id='word_1_257' title='bbox 1063 2595 1225 2682; x_wconf 75' lang='lat' dir='ltr'><em>suffieitl’</em></span> <span class='ocrx_word' id='word_1_258' title='bbox 1271 2595 1315 2659; x_wconf 88' lang='lat' dir='ltr'><em>Et</em></span> <span class='ocrx_word' id='word_1_259' title='bbox 1336 2609 1411 2682; x_wconf 89' lang='lat' dir='ltr'><em>post</em></span> <span class='ocrx_word' id='word_1_260' title='bbox 1433 2620 1542 2682; x_wconf 89' lang='lat' dir='ltr'><em>pauca</em></span> <span class='ocrx_word' id='word_1_261' title='bbox 1573 2599 1608 2660; x_wconf 90' lang='lat' dir='ltr'><em>in</em></span> <span class='ocrx_word' id='word_1_262' title='bbox 1630 2596 1737 2660; x_wconf 88' lang='lat' dir='ltr'><em>eodem</em></span> 
     </span>
     <span class='ocr_line' id='line_1_22' title="bbox 80 2700 1741 2788; baseline -0.001 -21"><span class='ocrx_word' id='word_1_263' title='bbox 80 2704 261 2788; x_wconf 73' lang='lat' dir='ltr'><em>capitulo⁴t</em></span> <span class='ocrx_word' id='word_1_264' title='bbox 290 2701 393 2782; x_wconf 79' lang='lat' dir='ltr'><em>‘Qtee&#39;s,</em></span> <span class='ocrx_word' id='word_1_265' title='bbox 424 2704 537 2786; x_wconf 88' lang='lat' dir='ltr'><em>inquit,</em></span> <span class='ocrx_word' id='word_1_266' title='bbox 568 2703 623 2764; x_wconf 89' lang='lat' dir='ltr'><em>cui</em></span> <span class='ocrx_word' id='word_1_267' title='bbox 645 2700 731 2764; x_wconf 87' lang='lat' dir='ltr'><em>Deus</em></span> <span class='ocrx_word' id='word_1_268' title='bbox 763 2701 912 2788; x_wconf 81' lang='lat' dir='ltr'><em>diqnatur</em></span> <span class='ocrx_word' id='word_1_269' title='bbox 942 2725 1006 2765; x_wconf 88' lang='lat' dir='ltr'><em>esse</em></span> <span class='ocrx_word' id='word_1_270' title='bbox 1024 2704 1194 2787; x_wconf 85' lang='lat' dir='ltr'><em>possessio,</em></span> <span class='ocrx_word' id='word_1_271' title='bbox 1223 2703 1353 2787; x_wconf 85' lang='lat' dir='ltr'><em>aliquid</em></span> <span class='ocrx_word' id='word_1_272' title='bbox 1379 2703 1475 2767; x_wconf 90' lang='lat' dir='ltr'><em>aliud</em></span> <span class='ocrx_word' id='word_1_273' title='bbox 1503 2704 1629 2788; x_wconf 78' lang='lat' dir='ltr'><em>querit?</em></span> <span class='ocrx_word' id='word_1_274' title='bbox 1674 2702 1741 2766; x_wconf 81' lang='lat' dir='ltr'><em>Aut</em></span> 
     </span>
     <span class='ocr_line' id='line_1_23' title="bbox 80 2808 1740 2896; baseline -0.001 -23"><span class='ocrx_word' id='word_1_275' title='bbox 80 2813 154 2896; x_wconf 75' lang='lat' dir='ltr'><em>ques</em></span> <span class='ocrx_word' id='word_1_276' title='bbox 177 2833 238 2873; x_wconf 90' lang='lat' dir='ltr'><em>nou</em></span> <span class='ocrx_word' id='word_1_277' title='bbox 254 2833 317 2895; x_wconf 89' lang='lat' dir='ltr'><em>pre</em></span> <span class='ocrx_word' id='word_1_278' title='bbox 340 2832 446 2872; x_wconf 91' lang='lat' dir='ltr'><em>amore</em></span> <span class='ocrx_word' id='word_1_279' title='bbox 470 2808 560 2872; x_wconf 88' lang='lat' dir='ltr'><em>illius</em></span> <span class='ocrx_word' id='word_1_280' title='bbox 584 2809 690 2871; x_wconf 84' lang='lat' dir='ltr'><em>ornnio</em></span> <span class='ocrx_word' id='word_1_281' title='bbox 714 2832 793 2892; x_wconf 88' lang='lat' dir='ltr'><em>qnae</em></span> <span class='ocrx_word' id='word_1_282' title='bbox 810 2821 966 2893; x_wconf 81' lang='lat' dir='ltr'><em>pretantnr</em></span> <span class='ocrx_word' id='word_1_283' title='bbox 988 2833 1103 2894; x_wconf 81' lang='lat' dir='ltr'><em>maqnu</em></span> <span class='ocrx_word' id='word_1_284' title='bbox 1127 2810 1337 2894; x_wconf 78' lang='lat' dir='ltr'><em>contempnit?</em></span> <span class='ocrx_word' id='word_1_285' title='bbox 1370 2809 1459 2896; x_wconf 81' lang='lat' dir='ltr'><em>Erqo</em></span> <span class='ocrx_word' id='word_1_286' title='bbox 1483 2812 1543 2895; x_wconf 89' lang='lat' dir='ltr'><em>qui</em></span> <span class='ocrx_word' id='word_1_287' title='bbox 1555 2809 1658 2873; x_wconf 89' lang='lat' dir='ltr'><em>Deum</em></span> <span class='ocrx_word' id='word_1_288' title='bbox 1675 2809 1740 2872; x_wconf 79' lang='lat' dir='ltr'><em>vrelt</em></span> 
     </span>
     <span class='ocr_line' id='line_1_24' title="bbox 74 2913 1739 3006; baseline -0.001 -26"><span class='ocrx_word' id='word_1_289' title='bbox 74 2916 253 3002; x_wconf 89' lang='lat' dir='ltr'><em>possidere,</em></span> <span class='ocrx_word' id='word_1_290' title='bbox 283 2917 443 2979; x_wconf 87' lang='lat' dir='ltr'><em>renunciet</em></span> <span class='ocrx_word' id='word_1_291' title='bbox 472 2913 599 2994; x_wconf 87' lang='lat' dir='ltr'><em>mundo,</em></span> <span class='ocrx_word' id='word_1_292' title='bbox 631 2928 665 2978; x_wconf 91' lang='lat' dir='ltr'><em>ut</em></span> <span class='ocrx_word' id='word_1_293' title='bbox 693 2917 736 2978; x_wconf 92' lang='lat' dir='ltr'><em>sit</em></span> <span class='ocrx_word' id='word_1_294' title='bbox 766 2915 821 2978; x_wconf 89' lang='lat' dir='ltr'><em>illi</em></span> <span class='ocrx_word' id='word_1_295' title='bbox 842 2914 930 2979; x_wconf 87' lang='lat' dir='ltr'><em>Deus</em></span> <span class='ocrx_word' id='word_1_296' title='bbox 953 2916 1041 2979; x_wconf 84' lang='lat' dir='ltr'><em>beata</em></span> <span class='ocrx_word' id='word_1_297' title='bbox 1058 2918 1228 3006; x_wconf 88' lang='lat' dir='ltr'><em>possessio.</em></span> <span class='ocrx_word' id='word_1_298' title='bbox 1275 2915 1343 2979; x_wconf 88' lang='lat' dir='ltr'><em>Nee</em></span> <span class='ocrx_word' id='word_1_299' title='bbox 1373 2919 1538 2980; x_wconf 85' lang='lat' dir='ltr'><em>renunciat</em></span> <span class='ocrx_word' id='word_1_300' title='bbox 1567 2916 1683 2980; x_wconf 90' lang='lat' dir='ltr'><em>mundo</em></span> <span class='ocrx_word' id='word_1_301' title='bbox 1711 2917 1739 2979; x_wconf 90' lang='lat' dir='ltr'><em>is</em></span> 
     </span>
     <span class='ocr_line' id='line_1_25' title="bbox 80 3020 1739 3108; baseline -0.001 -21"><span class='ocrx_word' id='word_1_302' title='bbox 80 3048 170 3108; x_wconf 89' lang='lat' dir='ltr'><em>quem</em></span> <span class='ocrx_word' id='word_1_303' title='bbox 202 3037 341 3086; x_wconf 89' lang='lat' dir='ltr'><em>terrenae</em></span> <span class='ocrx_word' id='word_1_304' title='bbox 364 3023 577 3107; x_wconf 87' lang='lat' dir='ltr'><em>possessionis</em></span> <span class='ocrx_word' id='word_1_305' title='bbox 608 3020 739 3084; x_wconf 88' lang='lat' dir='ltr'><em>delectat</em></span> <span class='ocrx_word' id='word_1_306' title='bbox 770 3022 913 3102; x_wconf 83' lang='lat' dir='ltr'><em>ambitio,</em></span> <span class='ocrx_word' id='word_1_307' title='bbox 947 3023 1023 3106; x_wconf 87' lang='lat' dir='ltr'><em>quia</em></span> <span class='ocrx_word' id='word_1_308' title='bbox 1054 3021 1207 3106; x_wconf 70' lang='lat' dir='ltr'><em>queamdiu</em></span> <span class='ocrx_word' id='word_1_309' title='bbox 1237 3045 1295 3085; x_wconf 90' lang='lat' dir='ltr'><em>sua</em></span> <span class='ocrx_word' id='word_1_310' title='bbox 1325 3045 1387 3085; x_wconf 90' lang='lat' dir='ltr'><em>non</em></span> <span class='ocrx_word' id='word_1_311' title='bbox 1416 3022 1582 3107; x_wconf 89' lang='lat' dir='ltr'><em>relinquit,</em></span> <span class='ocrx_word' id='word_1_312' title='bbox 1613 3021 1739 3098; x_wconf 85' lang='lat' dir='ltr'><em>mundo,</em></span> 
     </span>
    </p>

    <p class='ocr_par' dir='ltr' id='par_1_6' title="bbox 36 3126 1828 3639">
     <span class='ocr_line' id='line_1_26' title="bbox 36 3126 1739 3213; baseline -0.002 -19"><span class='ocrx_word' id='word_1_313' title='bbox 36 3153 62 3194; x_wconf 75' lang='lat' dir='ltr'><em>ss</em></span> <span class='ocrx_word' id='word_1_314' title='bbox 80 3133 172 3194; x_wconf 89' lang='lat' dir='ltr'><em>euius</em></span> <span class='ocrx_word' id='word_1_315' title='bbox 201 3131 281 3193; x_wconf 88' lang='lat' dir='ltr'><em>bona</em></span> <span class='ocrx_word' id='word_1_316' title='bbox 310 3131 430 3207; x_wconf 90' lang='lat' dir='ltr'><em>retinet,</em></span> <span class='ocrx_word' id='word_1_317' title='bbox 460 3129 564 3192; x_wconf 86' lang='lat' dir='ltr'><em>serait.</em></span> <span class='ocrx_word' id='word_1_318' title='bbox 611 3126 657 3190; x_wconf 89' lang='lat' dir='ltr'><em>Et</em></span> <span class='ocrx_word' id='word_1_319' title='bbox 685 3130 790 3211; x_wconf 90' lang='lat' dir='ltr'><em>utique</em></span> <span class='ocrx_word' id='word_1_320' title='bbox 820 3151 881 3191; x_wconf 91' lang='lat' dir='ltr'><em>non</em></span> <span class='ocrx_word' id='word_1_321' title='bbox 904 3142 1008 3213; x_wconf 89' lang='lat' dir='ltr'><em>potest</em></span> <span class='ocrx_word' id='word_1_322' title='bbox 1037 3127 1152 3192; x_wconf 78' lang='lat' dir='ltr'><em>neurzdo</em></span> <span class='ocrx_word' id='word_1_323' title='bbox 1180 3130 1299 3191; x_wconf 86' lang='lat' dir='ltr'><em>servire</em></span> <span class='ocrx_word' id='word_1_324' title='bbox 1322 3128 1420 3191; x_wconf 91' lang='lat' dir='ltr'><em>simul</em></span> <span class='ocrx_word' id='word_1_325' title='bbox 1442 3141 1469 3191; x_wconf 93' lang='lat' dir='ltr'><em>et</em></span> <span class='ocrx_word' id='word_1_326' title='bbox 1491 3128 1569 3192; x_wconf 86' lang='lat' dir='ltr'><em>Deo.</em></span> <span class='ocrx_word' id='word_1_327' title='bbox 1616 3128 1665 3191; x_wconf 81' lang='lat' dir='ltr'><em>Ae</em></span> <span class='ocrx_word' id='word_1_328' title='bbox 1692 3129 1739 3191; x_wconf 91' lang='lat' dir='ltr'><em>sic</em></span> 
     </span>
     <span class='ocr_line' id='line_1_27' title="bbox 75 3233 1741 3328; baseline -0.002 -28"><span class='ocrx_word' id='word_1_329' title='bbox 75 3250 248 3322; x_wconf 88' lang='lat' dir='ltr'><em>propterea</em></span> <span class='ocrx_word' id='word_1_330' title='bbox 273 3235 370 3298; x_wconf 82' lang='lat' dir='ltr'><em>voluit</em></span> <span class='ocrx_word' id='word_1_331' title='bbox 392 3234 479 3297; x_wconf 88' lang='lat' dir='ltr'><em>Dens</em></span> <span class='ocrx_word' id='word_1_332' title='bbox 503 3234 636 3297; x_wconf 88' lang='lat' dir='ltr'><em>cultores</em></span> <span class='ocrx_word' id='word_1_333' title='bbox 658 3257 731 3296; x_wconf 89' lang='lat' dir='ltr'><em>suos</em></span> <span class='ocrx_word' id='word_1_334' title='bbox 757 3235 899 3296; x_wconf 86' lang='lat' dir='ltr'><em>omm&#39;bus</em></span> <span class='ocrx_word' id='word_1_335' title='bbox 923 3236 1109 3298; x_wconf 88' lang='lat' dir='ltr'><em>renunciare</em></span> <span class='ocrx_word' id='word_1_336' title='bbox 1126 3248 1342 3328; x_wconf 71' lang='lat' dir='ltr'><em>propterque</em></span> <span class='ocrx_word' id='word_1_337' title='bbox 1366 3233 1515 3319; x_wconf 86' lang='lat' dir='ltr'><em>diliqitur</em></span> <span class='ocrx_word' id='word_1_338' title='bbox 1538 3233 1683 3313; x_wconf 88' lang='lat' dir='ltr'><em>mundus,</em></span> <span class='ocrx_word' id='word_1_339' title='bbox 1707 3247 1741 3296; x_wconf 90' lang='lat' dir='ltr'><em>ut</em></span> 
     </span>
     <span class='ocr_line' id='line_1_28' title="bbox 81 3338 1737 3427; baseline -0.002 -21"><span class='ocrx_word' id='word_1_340' title='bbox 81 3344 207 3406; x_wconf 74' lang='lat' dir='ltr'><em>esclusa</em></span> <span class='ocrx_word' id='word_1_341' title='bbox 238 3341 410 3427; x_wconf 88' lang='lat' dir='ltr'><em>eupiditate</em></span> <span class='ocrx_word' id='word_1_342' title='bbox 440 3340 555 3403; x_wconf 88' lang='lat' dir='ltr'><em>mnndi</em></span> <span class='ocrx_word' id='word_1_343' title='bbox 582 3339 694 3404; x_wconf 79' lang='lat' dir='ltr'><em>divina</em></span> <span class='ocrx_word' id='word_1_344' title='bbox 725 3342 759 3403; x_wconf 88' lang='lat' dir='ltr'><em>in</em></span> <span class='ocrx_word' id='word_1_345' title='bbox 787 3341 833 3403; x_wconf 88' lang='lat' dir='ltr'><em>eis</em></span> <span class='ocrx_word' id='word_1_346' title='bbox 856 3341 974 3402; x_wconf 89' lang='lat' dir='ltr'><em>caritas</em></span> <span class='ocrx_word' id='word_1_347' title='bbox 989 3341 1096 3424; x_wconf 86' lang='lat' dir='ltr'><em>possit</em></span> <span class='ocrx_word' id='word_1_348' title='bbox 1118 3343 1232 3425; x_wconf 82' lang='lat' dir='ltr'><em>nuperi</em></span> <span class='ocrx_word' id='word_1_349' title='bbox 1254 3341 1303 3402; x_wconf 85' lang='lat' dir='ltr'><em>cel</em></span> <span class='ocrx_word' id='word_1_350' title='bbox 1317 3341 1445 3427; x_wconf 82' lang='lat' dir='ltr'><em>perfici.</em></span> <span class='ocrx_word' id='word_1_351' title='bbox 1493 3339 1537 3402; x_wconf 85' lang='lat' dir='ltr'><em>Et</em></span> <span class='ocrx_word' id='word_1_352' title='bbox 1559 3340 1630 3404; x_wconf 91' lang='lat' dir='ltr'><em>ideo</em></span> <span class='ocrx_word' id='word_1_353' title='bbox 1655 3338 1737 3403; x_wconf 90' lang='lat' dir='ltr'><em>deei-</em></span> 
     </span>
     <span class='ocr_line' id='line_1_29' title="bbox 82 3446 1828 3533; baseline -0.001 -23"><span class='ocrx_word' id='word_1_354' title='bbox 82 3473 150 3512; x_wconf 91' lang='lat' dir='ltr'><em>mas</em></span> <span class='ocrx_word' id='word_1_355' title='bbox 174 3461 266 3532; x_wconf 88' lang='lat' dir='ltr'><em>atque</em></span> <span class='ocrx_word' id='word_1_356' title='bbox 285 3448 458 3532; x_wconf 86' lang='lat' dir='ltr'><em>primicias</em></span> <span class='ocrx_word' id='word_1_357' title='bbox 482 3448 638 3533; x_wconf 72' lang='lat' dir='ltr'><em>*fraqam</em></span> <span class='ocrx_word' id='word_1_358' title='bbox 666 3447 878 3532; x_wconf 86' lang='lat' dir='ltr'><em>primoqenita</em></span> <span class='ocrx_word' id='word_1_359' title='bbox 902 3458 930 3508; x_wconf 89' lang='lat' dir='ltr'><em>et</em></span> <span class='ocrx_word' id='word_1_360' title='bbox 952 3447 1115 3531; x_wconf 82' lang='lat' dir='ltr'><em>sacrificia</em></span> <span class='ocrx_word' id='word_1_361' title='bbox 1138 3469 1204 3530; x_wconf 93' lang='lat' dir='ltr'><em>pro</em></span> <span class='ocrx_word' id='word_1_362' title='bbox 1226 3459 1356 3530; x_wconf 89' lang='lat' dir='ltr'><em>peccato</em></span> <span class='ocrx_word' id='word_1_363' title='bbox 1388 3446 1438 3509; x_wconf 87' lang='lat' dir='ltr'><em>vel</em></span> <span class='ocrx_word' id='word_1_364' title='bbox 1466 3459 1535 3510; x_wconf 85' lang='lat' dir='ltr'><em>eota</em></span> <span class='ocrx_word' id='word_1_365' title='bbox 1566 3469 1645 3530; x_wconf 89' lang='lat' dir='ltr'><em>qnae</em></span> <span class='ocrx_word' id='word_1_366' title='bbox 1675 3447 1741 3509; x_wconf 90' lang='lat' dir='ltr'><em>sibi</em></span> <span class='ocrx_word' id='word_1_367' title='bbox 1758 3469 1828 3509; x_wconf 61' lang='lat' dir='ltr'><em>uns.</em></span> 
     </span>
     <span class='ocr_line' id='line_1_30' title="bbox 81 3550 1735 3639; baseline -0.001 -23"><span class='ocrx_word' id='word_1_368' title='bbox 81 3554 170 3618; x_wconf 74' lang='lat' dir='ltr'><em>Deris</em></span> <span class='ocrx_word' id='word_1_369' title='bbox 200 3555 293 3617; x_wconf 86' lang='lat' dir='ltr'><em>iussit</em></span> <span class='ocrx_word' id='word_1_370' title='bbox 322 3553 437 3639; x_wconf 82' lang='lat' dir='ltr'><em>offerri</em></span> <span class='ocrx_word' id='word_1_371' title='bbox 463 3551 677 3616; x_wconf 83' lang='lat' dir='ltr'><em>sacerdotibus</em></span> <span class='ocrx_word' id='word_1_372' title='bbox 707 3575 745 3615; x_wconf 90' lang='lat' dir='ltr'><em>ao</em></span> <span class='ocrx_word' id='word_1_373' title='bbox 776 3553 931 3615; x_wconf 83' lang='lat' dir='ltr'><em>ruinistris</em></span> <span class='ocrx_word' id='word_1_374' title='bbox 961 3550 1115 3615; x_wconf 88' lang='lat' dir='ltr'><em>distribui</em></span> <span class='ocrx_word' id='word_1_375' title='bbox 1143 3551 1252 3615; x_wconf 90' lang='lat' dir='ltr'><em>debere</em></span> <span class='ocrx_word' id='word_1_376' title='bbox 1279 3553 1447 3631; x_wconf 87' lang='lat' dir='ltr'><em>constituit,</em></span> <span class='ocrx_word' id='word_1_377' title='bbox 1476 3564 1509 3614; x_wconf 90' lang='lat' dir='ltr'><em>ut</em></span> <span class='ocrx_word' id='word_1_378' title='bbox 1536 3551 1735 3616; x_wconf 70' lang='lat' dir='ltr'><em>devotissimo</em></span> 
     </span>
    </p>

    <p class='ocr_par' dir='ltr' id='par_1_7' title="bbox 39 3657 1732 3746">
     <span class='ocr_line' id='line_1_31' title="bbox 39 3657 1732 3746; baseline -0.002 -22"><span class='ocrx_word' id='word_1_379' title='bbox 39 3685 64 3724; x_wconf 79' lang='lat' dir='ltr'><em>so</em></span> <span class='ocrx_word' id='word_1_380' title='bbox 75 3661 198 3746; x_wconf 88' lang='lat' dir='ltr'><em>populo</em></span> <span class='ocrx_word' id='word_1_381' title='bbox 218 3662 415 3724; x_wconf 87' lang='lat' dir='ltr'><em>ministrante</em></span> <span class='ocrx_word' id='word_1_382' title='bbox 439 3661 508 3745; x_wconf 76' lang='lat' dir='ltr'><em>ipsi</em></span> <span class='ocrx_word' id='word_1_383' title='bbox 527 3660 665 3722; x_wconf 90' lang='lat' dir='ltr'><em>creatori</em></span> <span class='ocrx_word' id='word_1_384' title='bbox 684 3681 722 3721; x_wconf 93' lang='lat' dir='ltr'><em>ac</em></span> <span class='ocrx_word' id='word_1_385' title='bbox 735 3659 867 3742; x_wconf 88' lang='lat' dir='ltr'><em>pastori</em></span> <span class='ocrx_word' id='word_1_386' title='bbox 886 3681 941 3720; x_wconf 89' lang='lat' dir='ltr'><em>suo</em></span> <span class='ocrx_word' id='word_1_387' title='bbox 959 3657 1090 3721; x_wconf 87' lang='lat' dir='ltr'><em>liberius</em></span> <span class='ocrx_word' id='word_1_388' title='bbox 1105 3657 1347 3721; x_wconf 74' lang='lat' dir='ltr'><em>rree‘nestrarent&#39;.</em></span> <span class='ocrx_word' id='word_1_389' title='bbox 1384 3657 1457 3721; x_wconf 90' lang='lat' dir='ltr'><em>Huc</em></span> <span class='ocrx_word' id='word_1_390' title='bbox 1473 3681 1569 3742; x_wconf 88' lang='lat' dir='ltr'><em>usque</em></span> <span class='ocrx_word' id='word_1_391' title='bbox 1585 3657 1732 3744; x_wconf 89' lang='lat' dir='ltr'><em>Prosper.</em></span> 
     </span>
    </p>

    <p class='ocr_par' dir='ltr' id='par_1_8' title="bbox 81 3763 1876 4169">
     <span class='ocr_line' id='line_1_32' title="bbox 81 3763 1735 3852; baseline -0.001 -22"><span class='ocrx_word' id='word_1_392' title='bbox 81 3767 175 3830; x_wconf 89' lang='lat' dir='ltr'><em>Nune</em></span> <span class='ocrx_word' id='word_1_393' title='bbox 198 3768 264 3830; x_wconf 89' lang='lat' dir='ltr'><em>iam</em></span> <span class='ocrx_word' id='word_1_394' title='bbox 288 3767 386 3852; x_wconf 81' lang='lat' dir='ltr'><em>iqitur</em></span> <span class='ocrx_word' id='word_1_395' title='bbox 401 3767 462 3830; x_wconf 91' lang='lat' dir='ltr'><em>ista</em></span> <span class='ocrx_word' id='word_1_396' title='bbox 478 3764 517 3828; x_wconf 90' lang='lat' dir='ltr'><em>de</em></span> <span class='ocrx_word' id='word_1_397' title='bbox 525 3766 676 3850; x_wconf 88' lang='lat' dir='ltr'><em>propriis</em></span> <span class='ocrx_word' id='word_1_398' title='bbox 684 3764 899 3851; x_wconf 82' lang='lat' dir='ltr'><em>facultatibus</em></span> <span class='ocrx_word' id='word_1_399' title='bbox 915 3763 1142 3827; x_wconf 70' lang='lat' dir='ltr'><em>renumerandis</em></span> <span class='ocrx_word' id='word_1_400' title='bbox 1156 3763 1332 3851; x_wconf 78' lang='lat' dir='ltr'><em>sufficiant.</em></span> <span class='ocrx_word' id='word_1_401' title='bbox 1371 3763 1464 3840; x_wconf 77' lang='lat' dir='ltr'><em>Quod</em></span> <span class='ocrx_word' id='word_1_402' title='bbox 1478 3777 1590 3844; x_wconf 84' lang='lat' dir='ltr'><em>autern,</em></span> <span class='ocrx_word' id='word_1_403' title='bbox 1607 3765 1735 3851; x_wconf 86' lang='lat' dir='ltr'><em>fratres</em></span> 
     </span>
     <span class='ocr_line' id='line_1_33' title="bbox 82 3867 1737 3958; baseline -0.002 -21"><span class='ocrx_word' id='word_1_404' title='bbox 82 3874 258 3953; x_wconf 80' lang='lat' dir='ltr'><em>karissimi,</em></span> <span class='ocrx_word' id='word_1_405' title='bbox 275 3873 426 3958; x_wconf 89' lang='lat' dir='ltr'><em>propriis</em></span> <span class='ocrx_word' id='word_1_406' title='bbox 449 3874 542 3935; x_wconf 89' lang='lat' dir='ltr'><em>etiam</em></span> <span class='ocrx_word' id='word_1_407' title='bbox 566 3871 775 3934; x_wconf 87' lang='lat' dir='ltr'><em>voluntatibus</em></span> <span class='ocrx_word' id='word_1_408' title='bbox 798 3871 985 3934; x_wconf 90' lang='lat' dir='ltr'><em>renunciare</em></span> <span class='ocrx_word' id='word_1_409' title='bbox 1001 3867 1149 3949; x_wconf 87' lang='lat' dir='ltr'><em>debeatis,</em></span> <span class='ocrx_word' id='word_1_410' title='bbox 1170 3869 1328 3934; x_wconf 82' lang='lat' dir='ltr'><em>euidenter</em></span> <span class='ocrx_word' id='word_1_411' title='bbox 1343 3869 1501 3934; x_wconf 88' lang='lat' dir='ltr'><em>Dominus</em></span> <span class='ocrx_word' id='word_1_412' title='bbox 1525 3872 1557 3934; x_wconf 92' lang='lat' dir='ltr'><em>in</em></span> <span class='ocrx_word' id='word_1_413' title='bbox 1574 3872 1737 3958; x_wconf 86' lang='lat' dir='ltr'><em>euanqelio</em></span> 
     </span>
     <span class='ocr_line' id='line_1_34' title="bbox 82 3967 1876 4063; baseline 0 -20"><span class='ocrx_word' id='word_1_414' title='bbox 82 3979 216 4043; x_wconf 86' lang='lat' dir='ltr'><em>ostendit</em></span> <span class='ocrx_word' id='word_1_415' title='bbox 237 3979 362 4042; x_wconf 90' lang='lat' dir='ltr'><em>dicens:</em></span> <span class='ocrx_word' id='word_1_416' title='bbox 384 3976 437 4041; x_wconf 80' lang='lat' dir='ltr'><em>‘Si</em></span> <span class='ocrx_word' id='word_1_417' title='bbox 458 3979 530 4062; x_wconf 88' lang='lat' dir='ltr'><em>quis</em></span> <span class='ocrx_word' id='word_1_418' title='bbox 554 3977 618 4040; x_wconf 59' lang='lat' dir='ltr'><em>stult</em></span> <span class='ocrx_word' id='word_1_419' title='bbox 636 3990 710 4062; x_wconf 89' lang='lat' dir='ltr'><em>post</em></span> <span class='ocrx_word' id='word_1_420' title='bbox 732 4000 779 4039; x_wconf 91' lang='lat' dir='ltr'><em>me</em></span> <span class='ocrx_word' id='word_1_421' title='bbox 803 3978 919 4053; x_wconf 74' lang='lat' dir='ltr'><em>seruire,</em></span> <span class='ocrx_word' id='word_1_422' title='bbox 943 3977 1071 4061; x_wconf 81' lang='lat' dir='ltr'><em>abneqet</em></span> <span class='ocrx_word' id='word_1_423' title='bbox 1091 3978 1289 4061; x_wconf 88' lang='lat' dir='ltr'><em>semetipsum</em></span> <span class='ocrx_word' id='word_1_424' title='bbox 1314 3989 1342 4041; x_wconf 89' lang='lat' dir='ltr'><em>et</em></span> <span class='ocrx_word' id='word_1_425' title='bbox 1363 3990 1511 4061; x_wconf 86' lang='lat' dir='ltr'><em>sequatur</em></span> <span class='ocrx_word' id='word_1_426' title='bbox 1526 4001 1582 4041; x_wconf 89' lang='lat' dir='ltr'><em>me.</em></span> <span class='ocrx_word' id='word_1_427' title='bbox 1619 3976 1663 4041; x_wconf 81' lang='lat' dir='ltr'><em>Et</em></span> <span class='ocrx_word' id='word_1_428' title='bbox 1683 3980 1742 4063; x_wconf 88' lang='lat' dir='ltr'><em>qui</em></span> <span class='ocrx_word' id='word_1_429' title='bbox 1757 3967 1876 4062; x_wconf 43' lang='grc' dir='ltr'><em>Ἥξζῆ</em></span> 
     </span>
     <span class='ocr_line' id='line_1_35' title="bbox 83 4081 1738 4169; baseline 0 -21"><span class='ocrx_word' id='word_1_430' title='bbox 83 4086 217 4150; x_wconf 86' lang='lat' dir='ltr'><em>voluerit</em></span> <span class='ocrx_word' id='word_1_431' title='bbox 237 4087 377 4148; x_wconf 87' lang='lat' dir='ltr'><em>animam</em></span> <span class='ocrx_word' id='word_1_432' title='bbox 400 4109 488 4148; x_wconf 90' lang='lat' dir='ltr'><em>suam</em></span> <span class='ocrx_word' id='word_1_433' title='bbox 513 4084 636 4147; x_wconf 84' lang='lat' dir='ltr'><em>saluam</em></span> <span class='ocrx_word' id='word_1_434' title='bbox 652 4083 778 4169; x_wconf 81' lang='lat' dir='ltr'><em>facere,</em></span> <span class='ocrx_word' id='word_1_435' title='bbox 795 4083 911 4168; x_wconf 89' lang='lat' dir='ltr'><em>perdet</em></span> <span class='ocrx_word' id='word_1_436' title='bbox 933 4106 1011 4161; x_wconf 91' lang='lat' dir='ltr'><em>eam,</em></span> <span class='ocrx_word' id='word_1_437' title='bbox 1035 4096 1064 4145; x_wconf 90' lang='lat' dir='ltr'><em>et</em></span> <span class='ocrx_word' id='word_1_438' title='bbox 1086 4084 1145 4166; x_wconf 90' lang='lat' dir='ltr'><em>qui</em></span> <span class='ocrx_word' id='word_1_439' title='bbox 1157 4081 1344 4168; x_wconf 91' lang='lat' dir='ltr'><em>perdiderit</em></span> <span class='ocrx_word' id='word_1_440' title='bbox 1366 4106 1434 4146; x_wconf 89' lang='lat' dir='ltr'><em>eam</em></span> <span class='ocrx_word' id='word_1_441' title='bbox 1450 4097 1585 4168; x_wconf 89' lang='lat' dir='ltr'><em>propter</em></span> <span class='ocrx_word' id='word_1_442' title='bbox 1608 4107 1666 4164; x_wconf 91' lang='lat' dir='ltr'><em>me,</em></span> <span class='ocrx_word' id='word_1_443' title='bbox 1689 4087 1738 4148; x_wconf 93' lang='lat' dir='ltr'><em>in-</em></span> 
     </span>
    </p>

    <p class='ocr_par' dir='ltr' id='par_1_9' title="bbox 39 4188 1908 4702">
     <span class='ocr_line' id='line_1_36' title="bbox 39 4188 1874 4275; baseline 0.001 -19"><span class='ocrx_word' id='word_1_444' title='bbox 39 4215 64 4256; x_wconf 79' lang='lat' dir='ltr'><em>eo</em></span> <span class='ocrx_word' id='word_1_445' title='bbox 85 4195 183 4256; x_wconf 79' lang='lat' dir='ltr'><em>ueniet</em></span> <span class='ocrx_word' id='word_1_446' title='bbox 205 4190 297 4256; x_wconf 78' lang='lat' dir='ltr'><em>eam’.</em></span> <span class='ocrx_word' id='word_1_447' title='bbox 345 4190 389 4254; x_wconf 83' lang='lat' dir='ltr'><em>Et</em></span> <span class='ocrx_word' id='word_1_448' title='bbox 420 4193 454 4254; x_wconf 84' lang='lat' dir='ltr'><em>in</em></span> <span class='ocrx_word' id='word_1_449' title='bbox 482 4191 548 4254; x_wconf 91' lang='lat' dir='ltr'><em>alio</em></span> <span class='ocrx_word' id='word_1_450' title='bbox 580 4189 664 4253; x_wconf 87' lang='lat' dir='ltr'><em>loeo:</em></span> <span class='ocrx_word' id='word_1_451' title='bbox 694 4188 778 4251; x_wconf 82' lang='lat' dir='ltr'><em>‘Non</em></span> <span class='ocrx_word' id='word_1_452' title='bbox 808 4190 881 4252; x_wconf 78' lang='lat' dir='ltr'><em>serui</em></span> <span class='ocrx_word' id='word_1_453' title='bbox 894 4189 1009 4275; x_wconf 88' lang='lat' dir='ltr'><em>faeere</em></span> <span class='ocrx_word' id='word_1_454' title='bbox 1034 4188 1218 4252; x_wconf 84' lang='lat' dir='ltr'><em>uoluntatem</em></span> <span class='ocrx_word' id='word_1_455' title='bbox 1243 4213 1353 4268; x_wconf 88' lang='lat' dir='ltr'><em>meam,</em></span> <span class='ocrx_word' id='word_1_456' title='bbox 1383 4189 1441 4252; x_wconf 90' lang='lat' dir='ltr'><em>sed</em></span> <span class='ocrx_word' id='word_1_457' title='bbox 1462 4189 1647 4253; x_wconf 84' lang='lat' dir='ltr'><em>voluntatem</em></span> <span class='ocrx_word' id='word_1_458' title='bbox 1671 4192 1874 4266; x_wconf 79' lang='lat' dir='ltr'><em>eius10s.e,ss.</em></span> 
     </span>
     <span class='ocr_line' id='line_1_37' title="bbox 82 4293 1908 4383; baseline 0.002 -23"><span class='ocrx_word' id='word_1_459' title='bbox 82 4301 141 4383; x_wconf 86' lang='lat' dir='ltr'><em>qni</em></span> <span class='ocrx_word' id='word_1_460' title='bbox 162 4300 250 4361; x_wconf 88' lang='lat' dir='ltr'><em>misit</em></span> <span class='ocrx_word' id='word_1_461' title='bbox 271 4297 342 4360; x_wconf 84' lang='lat' dir='ltr'><em>me’.</em></span> <span class='ocrx_word' id='word_1_462' title='bbox 391 4296 434 4359; x_wconf 81' lang='lat' dir='ltr'><em>Et</em></span> <span class='ocrx_word' id='word_1_463' title='bbox 456 4297 541 4360; x_wconf 90' lang='lat' dir='ltr'><em>alibi</em></span> <span class='ocrx_word' id='word_1_464' title='bbox 560 4321 654 4358; x_wconf 88' lang='lat' dir='ltr'><em>saera</em></span> <span class='ocrx_word' id='word_1_465' title='bbox 670 4295 882 4380; x_wconf 88' lang='lat' dir='ltr'><em>perdocemur</em></span> <span class='ocrx_word' id='word_1_466' title='bbox 904 4296 1083 4379; x_wconf 90' lang='lat' dir='ltr'><em>scriptura:</em></span> <span class='ocrx_word' id='word_1_467' title='bbox 1106 4293 1152 4356; x_wconf 83' lang='lat' dir='ltr'><em>‘F</em></span> <span class='ocrx_word' id='word_1_468' title='bbox 1151 4295 1199 4374; x_wconf 90' lang='lat' dir='ltr'><em>ili,</em></span> <span class='ocrx_word' id='word_1_469' title='bbox 1223 4309 1360 4358; x_wconf 85' lang='lat' dir='ltr'><em>avertere</em></span> <span class='ocrx_word' id='word_1_470' title='bbox 1376 4319 1396 4358; x_wconf 94' lang='lat' dir='ltr'><em>a</em></span> <span class='ocrx_word' id='word_1_471' title='bbox 1417 4295 1628 4360; x_wconf 77' lang='lat' dir='ltr'><em>volcentatibus</em></span> <span class='ocrx_word' id='word_1_472' title='bbox 1650 4297 1735 4361; x_wconf 87' lang='lat' dir='ltr'><em>tuis&#39;.</em></span> <span class='ocrx_word' id='word_1_473' title='bbox 1756 4321 1908 4372; x_wconf 72' lang='lat' dir='ltr'><em>secutam.</em></span> 
     </span>
     <span class='ocr_line' id='line_1_38' title="bbox 81 4400 1736 4486; baseline 0.001 -20"><span class='ocrx_word' id='word_1_474' title='bbox 81 4403 167 4468; x_wconf 90' lang='lat' dir='ltr'><em>Nam</em></span> <span class='ocrx_word' id='word_1_475' title='bbox 182 4405 264 4468; x_wconf 87' lang='lat' dir='ltr'><em>sieut</em></span> <span class='ocrx_word' id='word_1_476' title='bbox 278 4403 363 4467; x_wconf 90' lang='lat' dir='ltr'><em>alibi</em></span> <span class='ocrx_word' id='word_1_477' title='bbox 376 4402 512 4466; x_wconf 87' lang='lat' dir='ltr'><em>dieitur:</em></span> <span class='ocrx_word' id='word_1_478' title='bbox 528 4401 696 4486; x_wconf 82' lang='lat' dir='ltr'><em>‘Voluptas</em></span> <span class='ocrx_word' id='word_1_479' title='bbox 711 4401 802 4464; x_wconf 88' lang='lat' dir='ltr'><em>babet</em></span> <span class='ocrx_word' id='word_1_480' title='bbox 809 4424 939 4485; x_wconf 88' lang='lat' dir='ltr'><em>penam,</em></span> <span class='ocrx_word' id='word_1_481' title='bbox 963 4401 1130 4464; x_wconf 86' lang='lat' dir='ltr'><em>necessitas</em></span> <span class='ocrx_word' id='word_1_482' title='bbox 1145 4401 1241 4486; x_wconf 86' lang='lat' dir='ltr'><em>parit</em></span> <span class='ocrx_word' id='word_1_483' title='bbox 1263 4400 1429 4464; x_wconf 83' lang='lat' dir='ltr'><em>coronam&#39;.</em></span> <span class='ocrx_word' id='word_1_484' title='bbox 1466 4401 1510 4465; x_wconf 84' lang='lat' dir='ltr'><em>Et</em></span> <span class='ocrx_word' id='word_1_485' title='bbox 1531 4403 1567 4465; x_wconf 90' lang='lat' dir='ltr'><em>in</em></span> <span class='ocrx_word' id='word_1_486' title='bbox 1583 4403 1649 4466; x_wconf 88' lang='lat' dir='ltr'><em>alio</em></span> <span class='ocrx_word' id='word_1_487' title='bbox 1671 4403 1736 4467; x_wconf 91' lang='lat' dir='ltr'><em>loeo</em></span> 
     </span>
     <span class='ocr_line' id='line_1_39' title="bbox 75 4505 1786 4596; baseline 0 -22"><span class='ocrx_word' id='word_1_488' title='bbox 75 4513 276 4596; x_wconf 87' lang='lat' dir='ltr'><em>precipitur:</em></span> <span class='ocrx_word' id='word_1_489' title='bbox 299 4508 384 4573; x_wconf 84' lang='lat' dir='ltr'><em>‘Post</em></span> <span class='ocrx_word' id='word_1_490' title='bbox 406 4509 673 4593; x_wconf 87' lang='lat' dir='ltr'><em>concupiscentias</em></span> <span class='ocrx_word' id='word_1_491' title='bbox 695 4521 764 4570; x_wconf 91' lang='lat' dir='ltr'><em>tuas</em></span> <span class='ocrx_word' id='word_1_492' title='bbox 788 4530 849 4570; x_wconf 90' lang='lat' dir='ltr'><em>non</em></span> <span class='ocrx_word' id='word_1_493' title='bbox 872 4505 948 4570; x_wconf 80' lang='lat' dir='ltr'><em>eas&#39;.</em></span> <span class='ocrx_word' id='word_1_494' title='bbox 988 4505 1075 4582; x_wconf 75' lang='lat' dir='ltr'><em>Qreas</em></span> <span class='ocrx_word' id='word_1_495' title='bbox 1098 4508 1157 4591; x_wconf 90' lang='lat' dir='ltr'><em>qui</em></span> <span class='ocrx_word' id='word_1_496' title='bbox 1176 4519 1331 4586; x_wconf 87' lang='lat' dir='ltr'><em>secuntur,</em></span> <span class='ocrx_word' id='word_1_497' title='bbox 1356 4507 1437 4591; x_wconf 90' lang='lat' dir='ltr'><em>quid</em></span> <span class='ocrx_word' id='word_1_498' title='bbox 1458 4507 1496 4572; x_wconf 91' lang='lat' dir='ltr'><em>de</em></span> <span class='ocrx_word' id='word_1_499' title='bbox 1520 4510 1565 4572; x_wconf 92' lang='lat' dir='ltr'><em>eis</em></span> <span class='ocrx_word' id='word_1_500' title='bbox 1581 4533 1645 4595; x_wconf 92' lang='lat' dir='ltr'><em>per</em></span> <span class='ocrx_word' id='word_1_501' title='bbox 1659 4533 1735 4595; x_wconf 89' lang='lat' dir='ltr'><em>pro·</em></span> <span class='ocrx_word' id='word_1_502' title='bbox 1754 4534 1786 4574; x_wconf 80' lang='lat' dir='ltr'><em>n.</em></span> 
     </span>
     <span class='ocr_line' id='line_1_40' title="bbox 75 4612 1861 4702; baseline 0.001 -22"><span class='ocrx_word' id='word_1_503' title='bbox 75 4617 206 4702; x_wconf 89' lang='lat' dir='ltr'><em>pbctam</em></span> <span class='ocrx_word' id='word_1_504' title='bbox 222 4616 358 4696; x_wconf 83' lang='lat' dir='ltr'><em>dicatur,</em></span> <span class='ocrx_word' id='word_1_505' title='bbox 375 4615 526 4678; x_wconf 88' lang='lat' dir='ltr'><em>audiant:</em></span> <span class='ocrx_word' id='word_1_506' title='bbox 549 4612 718 4698; x_wconf 79' lang='lat' dir='ltr'><em>‘Corrupti</em></span> <span class='ocrx_word' id='word_1_507' title='bbox 737 4627 765 4676; x_wconf 89' lang='lat' dir='ltr'><em>et</em></span> <span class='ocrx_word' id='word_1_508' title='bbox 787 4613 1035 4676; x_wconf 76' lang='lat' dir='ltr'><em>abhominabiles</em></span> <span class='ocrx_word' id='word_1_509' title='bbox 1044 4612 1137 4699; x_wconf 91' lang='lat' dir='ltr'><em>facti</em></span> <span class='ocrx_word' id='word_1_510' title='bbox 1156 4627 1228 4676; x_wconf 90' lang='lat' dir='ltr'><em>sunt</em></span> <span class='ocrx_word' id='word_1_511' title='bbox 1250 4614 1284 4677; x_wconf 90' lang='lat' dir='ltr'><em>in</em></span> <span class='ocrx_word' id='word_1_512' title='bbox 1300 4613 1511 4698; x_wconf 83' lang='lat' dir='ltr'><em>uoluptatibus</em></span> <span class='ocrx_word' id='word_1_513' title='bbox 1525 4615 1617 4680; x_wconf 87' lang='lat' dir='ltr'><em>suis’.</em></span> <span class='ocrx_word' id='word_1_514' title='bbox 1649 4615 1737 4680; x_wconf 90' lang='lat' dir='ltr'><em>Unde</em></span> <span class='ocrx_word' id='word_1_515' title='bbox 1756 4641 1792 4684; x_wconf 80' lang='grc' dir='ltr'><em>Ρι.</em></span> <span class='ocrx_word' id='word_1_516' title='bbox 1801 4641 1833 4692; x_wconf 79' lang='lat' dir='ltr'><em>rs,</em></span> <span class='ocrx_word' id='word_1_517' title='bbox 1843 4643 1861 4683; x_wconf 87' lang='lat'><em>1.</em></span> 
     </span>
    </p>

    <p class='ocr_par' dir='ltr' id='par_1_10' title="bbox 37 4717 1858 5234">
     <span class='ocr_line' id='line_1_41' title="bbox 37 4717 1858 4808; baseline -0.001 -21"><span class='ocrx_word' id='word_1_518' title='bbox 37 4749 64 4787; x_wconf 74' lang='lat' dir='ltr'><em>eo</em></span> <span class='ocrx_word' id='word_1_519' title='bbox 83 4723 166 4787; x_wconf 87' lang='lat' dir='ltr'><em>idem</em></span> <span class='ocrx_word' id='word_1_520' title='bbox 175 4722 335 4808; x_wconf 89' lang='lat' dir='ltr'><em>propbeta</em></span> <span class='ocrx_word' id='word_1_521' title='bbox 350 4745 421 4785; x_wconf 84' lang='lat' dir='ltr'><em>noce</em></span> <span class='ocrx_word' id='word_1_522' title='bbox 434 4721 628 4806; x_wconf 91' lang='lat' dir='ltr'><em>prelatorum</em></span> <span class='ocrx_word' id='word_1_523' title='bbox 646 4733 787 4804; x_wconf 86' lang='lat' dir='ltr'><em>suscepta</em></span> <span class='ocrx_word' id='word_1_524' title='bbox 803 4720 915 4782; x_wconf 87' lang='lat' dir='ltr'><em>scribit</em></span> <span class='ocrx_word' id='word_1_525' title='bbox 930 4718 1055 4782; x_wconf 89' lang='lat' dir='ltr'><em>dicens:</em></span> <span class='ocrx_word' id='word_1_526' title='bbox 1078 4717 1229 4782; x_wconf 83' lang='lat' dir='ltr'><em>‘Subiecit</em></span> <span class='ocrx_word' id='word_1_527' title='bbox 1242 4719 1381 4804; x_wconf 88' lang='lat' dir='ltr'><em>populos</em></span> <span class='ocrx_word' id='word_1_528' title='bbox 1403 4721 1493 4784; x_wconf 90' lang='lat' dir='ltr'><em>nobis</em></span> <span class='ocrx_word' id='word_1_529' title='bbox 1515 4734 1544 4784; x_wconf 91' lang='lat' dir='ltr'><em>et</em></span> <span class='ocrx_word' id='word_1_530' title='bbox 1562 4735 1667 4808; x_wconf 79' lang='lat' dir='ltr'><em>pentes</em></span> <span class='ocrx_word' id='word_1_531' title='bbox 1681 4723 1737 4785; x_wconf 86' lang='lat' dir='ltr'><em>sub</em></span> <span class='ocrx_word' id='word_1_532' title='bbox 1755 4747 1858 4796; x_wconf 67' lang='lat' dir='ltr'><em>mres</em></span> 
     </span>
     <span class='ocr_line' id='line_1_42' title="bbox 75 4824 1737 4914; baseline -0.001 -21"><span class='ocrx_word' id='word_1_533' title='bbox 75 4829 215 4914; x_wconf 86' lang='lat' dir='ltr'><em>pedibus</em></span> <span class='ocrx_word' id='word_1_534' title='bbox 230 4827 370 4892; x_wconf 82' lang='lat' dir='ltr'><em>nostris&#39;.</em></span> <span class='ocrx_word' id='word_1_535' title='bbox 394 4827 460 4891; x_wconf 84' lang='lat' dir='ltr'><em>His</em></span> <span class='ocrx_word' id='word_1_536' title='bbox 475 4850 547 4913; x_wconf 83' lang='lat' dir='ltr'><em>erqo</em></span> <span class='ocrx_word' id='word_1_537' title='bbox 563 4827 724 4911; x_wconf 83' lang='lat' dir='ltr'><em>cuemplis,</em></span> <span class='ocrx_word' id='word_1_538' title='bbox 734 4827 872 4913; x_wconf 85' lang='lat' dir='ltr'><em>fratres,</em></span> <span class='ocrx_word' id='word_1_539' title='bbox 888 4826 1077 4903; x_wconf 89' lang='lat' dir='ltr'><em>commoniti,</em></span> <span class='ocrx_word' id='word_1_540' title='bbox 1094 4824 1172 4888; x_wconf 89' lang='lat' dir='ltr'><em>aliis</em></span> <span class='ocrx_word' id='word_1_541' title='bbox 1180 4848 1246 4910; x_wconf 87' lang='lat' dir='ltr'><em>pro</em></span> <span class='ocrx_word' id='word_1_542' title='bbox 1258 4824 1327 4890; x_wconf 89' lang='lat' dir='ltr'><em>Deo</em></span> <span class='ocrx_word' id='word_1_543' title='bbox 1339 4827 1461 4890; x_wconf 88' lang='lat' dir='ltr'><em>subesse</em></span> <span class='ocrx_word' id='word_1_544' title='bbox 1473 4850 1533 4890; x_wconf 92' lang='lat' dir='ltr'><em>non</em></span> <span class='ocrx_word' id='word_1_545' title='bbox 1545 4850 1737 4908; x_wconf 88' lang='lat' dir='ltr'><em>recusemus,·</em></span> 
     </span>
     <span class='ocr_line' id='line_1_43' title="bbox 82 4928 1740 5020; baseline -0.001 -22"><span class='ocrx_word' id='word_1_546' title='bbox 82 4935 140 4998; x_wconf 90' lang='lat' dir='ltr'><em>sed</em></span> <span class='ocrx_word' id='word_1_547' title='bbox 153 4958 291 5020; x_wconf 87' lang='lat' dir='ltr'><em>prorsus</em></span> <span class='ocrx_word' id='word_1_548' title='bbox 319 4935 436 4998; x_wconf 89' lang='lat' dir='ltr'><em>nostris</em></span> <span class='ocrx_word' id='word_1_549' title='bbox 467 4933 675 4997; x_wconf 84' lang='lat' dir='ltr'><em>voluntatibus</em></span> <span class='ocrx_word' id='word_1_550' title='bbox 704 4929 960 4995; x_wconf 78' lang='lat' dir='ltr'><em>abrenunciatisd</em></span> <span class='ocrx_word' id='word_1_551' title='bbox 988 4928 1111 4994; x_wconf 81' lang='lat' dir='ltr'><em>Obristi</em></span> <span class='ocrx_word' id='word_1_552' title='bbox 1139 4931 1325 4995; x_wconf 77' lang='lat' dir='ltr'><em>saluritatem</em></span> <span class='ocrx_word' id='word_1_553' title='bbox 1348 4932 1463 5012; x_wconf 85' lang='lat' dir='ltr'><em>aliene,</em></span> <span class='ocrx_word' id='word_1_554' title='bbox 1493 4932 1551 4996; x_wconf 87' lang='lat' dir='ltr'><em>sed</em></span> <span class='ocrx_word' id='word_1_555' title='bbox 1571 4935 1740 5019; x_wconf 88' lang='lat' dir='ltr'><em>spirituali</em></span> 
     </span>
     <span class='ocr_line' id='line_1_44' title="bbox 81 5036 1737 5124; baseline -0.001 -19"><span class='ocrx_word' id='word_1_556' title='bbox 81 5066 120 5106; x_wconf 84' lang='lat' dir='ltr'><em>oe</em></span> <span class='ocrx_word' id='word_1_557' title='bbox 143 5041 277 5105; x_wconf 74' lang='lat' dir='ltr'><em>desereto</em></span> <span class='ocrx_word' id='word_1_558' title='bbox 300 5041 435 5104; x_wconf 88' lang='lat' dir='ltr'><em>arbitrio</em></span> <span class='ocrx_word' id='word_1_559' title='bbox 458 5063 657 5123; x_wconf 70' lang='lat' dir='ltr'><em>exequamur.</em></span> <span class='ocrx_word' id='word_1_560' title='bbox 708 5036 800 5114; x_wconf 77' lang='lat' dir='ltr'><em>Quod</em></span> <span class='ocrx_word' id='word_1_561' title='bbox 821 5051 922 5101; x_wconf 90' lang='lat' dir='ltr'><em>aute-m</em></span> <span class='ocrx_word' id='word_1_562' title='bbox 953 5039 988 5100; x_wconf 88' lang='lat' dir='ltr'><em>in</em></span> <span class='ocrx_word' id='word_1_563' title='bbox 1010 5060 1198 5121; x_wconf 75' lang='lat' dir='ltr'><em>tenequaque</em></span> <span class='ocrx_word' id='word_1_564' title='bbox 1221 5039 1458 5124; x_wconf 81' lang='lat' dir='ltr'><em>eonqreqatione</em></span> <span class='ocrx_word' id='word_1_565' title='bbox 1481 5041 1634 5103; x_wconf 86' lang='lat' dir='ltr'><em>canoniea</em></span> <span class='ocrx_word' id='word_1_566' title='bbox 1657 5063 1737 5103; x_wconf 76' lang='lat' dir='ltr'><em>untes</em></span> 
     </span>
     <span class='ocr_line' id='line_1_45' title="bbox 82 5143 1736 5234; baseline -0.001 -23"><span class='ocrx_word' id='word_1_567' title='bbox 82 5148 244 5234; x_wconf 78' lang='lat' dir='ltr'><em>stipendus</em></span> <span class='ocrx_word' id='word_1_568' title='bbox 266 5149 317 5227; x_wconf 89' lang='lat' dir='ltr'><em>sit,</em></span> <span class='ocrx_word' id='word_1_569' title='bbox 348 5148 408 5232; x_wconf 88' lang='lat' dir='ltr'><em>qui</em></span> <span class='ocrx_word' id='word_1_570' title='bbox 434 5148 543 5210; x_wconf 90' lang='lat' dir='ltr'><em>ceteris</em></span> <span class='ocrx_word' id='word_1_571' title='bbox 559 5167 688 5231; x_wconf 88' lang='lat' dir='ltr'><em>preesse</em></span> <span class='ocrx_word' id='word_1_572' title='bbox 712 5144 829 5223; x_wconf 87' lang='lat' dir='ltr'><em>debeat,</em></span> <span class='ocrx_word' id='word_1_573' title='bbox 853 5156 881 5206; x_wconf 89' lang='lat' dir='ltr'><em>et</em></span> <span class='ocrx_word' id='word_1_574' title='bbox 904 5167 977 5206; x_wconf 88' lang='lat' dir='ltr'><em>usus</em></span> <span class='ocrx_word' id='word_1_575' title='bbox 1000 5144 1228 5207; x_wconf 87' lang='lat' dir='ltr'><em>ecclesiasticus</em></span> <span class='ocrx_word' id='word_1_576' title='bbox 1251 5143 1406 5208; x_wconf 85' lang='lat' dir='ltr'><em>divinitus</em></span> <span class='ocrx_word' id='word_1_577' title='bbox 1429 5145 1605 5229; x_wconf 79' lang='lat' dir='ltr'><em>inspiratus</em></span> <span class='ocrx_word' id='word_1_578' title='bbox 1628 5147 1736 5232; x_wconf 71' lang='lat' dir='ltr'><em>resipit,</em></span> 
     </span>
    </p>
   </div>
   <div class='ocr_carea' id='block_1_3' title="bbox 36 5302 1734 5450">
    <p class='ocr_par' dir='ltr' id='par_1_11' title="bbox 36 5302 1734 5450">
     <span class='ocr_line' id='line_1_46' title="bbox 36 5302 1734 5372; baseline -0.002 -10"><span class='ocrx_word' id='word_1_579' title='bbox 36 5323 64 5362; x_wconf 80' lang='lat' dir='ltr'><em>ts</em></span> <span class='ocrx_word' id='word_1_580' title='bbox 189 5308 215 5372; x_wconf 82' lang='lat' dir='ltr'><em>s)</em></span> <span class='ocrx_word' id='word_1_581' title='bbox 238 5309 443 5361; x_wconf 76' lang='lat' dir='ltr'><em>catholicus-</em></span> <span class='ocrx_word' id='word_1_582' title='bbox 463 5308 562 5358; x_wconf 88' lang='lat' dir='ltr'><em>eonin</em></span> <span class='ocrx_word' id='word_1_583' title='bbox 580 5325 659 5372; x_wconf 79' lang='lat' dir='ltr'><em>nearq.</em></span> <span class='ocrx_word' id='word_1_584' title='bbox 677 5306 738 5357; x_wconf 82' lang='lat' dir='ltr'><em>add.</em></span> <span class='ocrx_word' id='word_1_585' title='bbox 757 5306 790 5356; x_wconf 92' lang='lat' dir='ltr'><em>B.</em></span> <span class='ocrx_word' id='word_1_586' title='bbox 879 5302 907 5367; x_wconf 86' lang='lat' dir='ltr'><em>b)</em></span> <span class='ocrx_word' id='word_1_587' title='bbox 929 5321 1020 5371; x_wconf 84' lang='lat' dir='ltr'><em>propr.</em></span> <span class='ocrx_word' id='word_1_588' title='bbox 1040 5306 1139 5356; x_wconf 81' lang='lat' dir='ltr'><em>habers</em></span> <span class='ocrx_word' id='word_1_589' title='bbox 1160 5305 1224 5370; x_wconf 86' lang='lat' dir='ltr'><em>aliq.</em></span> <span class='ocrx_word' id='word_1_590' title='bbox 1244 5305 1277 5355; x_wconf 91' lang='lat' dir='ltr'><em>B.</em></span> <span class='ocrx_word' id='word_1_591' title='bbox 1358 5302 1384 5366; x_wconf 88' lang='lat' dir='ltr'><em>c)</em></span> <span class='ocrx_word' id='word_1_592' title='bbox 1406 5306 1468 5356; x_wconf 81' lang='lat' dir='ltr'><em>hab.</em></span> <span class='ocrx_word' id='word_1_593' title='bbox 1488 5323 1509 5357; x_wconf 82' lang='lat' dir='ltr'><em>s.</em></span> <span class='ocrx_word' id='word_1_594' title='bbox 1528 5306 1561 5356; x_wconf 91' lang='lat' dir='ltr'><em>B.</em></span> <span class='ocrx_word' id='word_1_595' title='bbox 1642 5305 1670 5369; x_wconf 87' lang='lat' dir='ltr'><em>d)</em></span> <span class='ocrx_word' id='word_1_596' title='bbox 1693 5324 1734 5359; x_wconf 85' lang='lat' dir='ltr'><em>rs·</em></span> 
     </span>
     <span class='ocr_line' id='line_1_47' title="bbox 82 5399 271 5450; baseline 0 -1"><span class='ocrx_word' id='word_1_597' title='bbox 82 5401 219 5450; x_wconf 82' lang='lat' dir='ltr'><em>nunciatis</em></span> <span class='ocrx_word' id='word_1_598' title='bbox 238 5399 271 5449; x_wconf 92' lang='lat' dir='ltr'><em>B.</em></span> 
     </span>
    </p>
   </div>
   <div class='ocr_carea' id='block_1_4' title="bbox 82 5519 1735 5816">
    <p class='ocr_par' dir='ltr' id='par_1_12' title="bbox 82 5519 1735 5816">
     <span class='ocr_line' id='line_1_48' title="bbox 192 5519 1735 5602; baseline -0.003 -20"><span class='ocrx_word' id='word_1_599' title='bbox 192 5526 220 5598; x_wconf 91' lang='lat'><em>1)</em></span> <span class='ocrx_word' id='word_1_600' title='bbox 245 5525 499 5602; x_wconf 73' lang='lat' dir='ltr'><em>Pseudo-Auqnst.</em></span> <span class='ocrx_word' id='word_1_601' title='bbox 524 5543 615 5581; x_wconf 87' lang='lat' dir='ltr'><em>sermo</em></span> <span class='ocrx_word' id='word_1_602' title='bbox 639 5523 691 5592; x_wconf 82' lang='lat'><em>82,</em></span> <span class='ocrx_word' id='word_1_603' title='bbox 715 5519 781 5594; x_wconf 71' lang='lat'><em>§4‚</em></span> <span class='ocrx_word' id='word_1_604' title='bbox 807 5523 857 5578; x_wconf 86' lang='lat' dir='ltr'><em>col.</em></span> <span class='ocrx_word' id='word_1_605' title='bbox 877 5520 949 5576; x_wconf 77' lang='lat'>150.</span> <span class='ocrx_word' id='word_1_606' title='bbox 1054 5519 1084 5590; x_wconf 86' lang='lat'><em>2)</em></span> <span class='ocrx_word' id='word_1_607' title='bbox 1111 5519 1209 5578; x_wconf 82' lang='lat' dir='ltr'><em>Sermo</em></span> <span class='ocrx_word' id='word_1_608' title='bbox 1228 5520 1300 5577; x_wconf 80' lang='lat'>155.</span> <span class='ocrx_word' id='word_1_609' title='bbox 1326 5521 1360 5577; x_wconf 86' lang='lat' dir='ltr'><em>de</em></span> <span class='ocrx_word' id='word_1_610' title='bbox 1382 5519 1440 5577; x_wconf 66' lang='lat' dir='ltr'><em>vrita</em></span> <span class='ocrx_word' id='word_1_611' title='bbox 1463 5521 1632 5578; x_wconf 79' lang='lat' dir='ltr'><em>umoribus</em></span> <span class='ocrx_word' id='word_1_612' title='bbox 1655 5522 1735 5578; x_wconf 86' lang='lat' dir='ltr'><em>eteri-</em></span> 
     </span>
     <span class='ocr_line' id='line_1_49' title="bbox 82 5624 1733 5708; baseline -0.005 -17"><span class='ocrx_word' id='word_1_613' title='bbox 82 5653 177 5692; x_wconf 87' lang='lat' dir='ltr'><em>eornm</em></span> <span class='ocrx_word' id='word_1_614' title='bbox 206 5629 226 5706; x_wconf 65' lang='grc' dir='ltr'>ξ</span> <span class='ocrx_word' id='word_1_615' title='bbox 251 5632 280 5704; x_wconf 85' lang='lat'><em>2,</em></span> <span class='ocrx_word' id='word_1_616' title='bbox 313 5631 385 5708; x_wconf 82' lang='lat' dir='ltr'><em>Opp.</em></span> <span class='ocrx_word' id='word_1_617' title='bbox 410 5631 442 5702; x_wconf 92' lang='lat' dir='ltr'><em>V,</em></span> <span class='ocrx_word' id='word_1_618' title='bbox 467 5631 517 5688; x_wconf 84' lang='lat' dir='ltr'><em>col.</em></span> <span class='ocrx_word' id='word_1_619' title='bbox 537 5629 631 5686; x_wconf 79' lang='lat'>1381.</span> <span class='ocrx_word' id='word_1_620' title='bbox 758 5624 789 5702; x_wconf 80' lang='lat'><em>3)</em></span> <span class='ocrx_word' id='word_1_621' title='bbox 812 5625 919 5683; x_wconf 84' lang='lat' dir='ltr'><em>Iuliani</em></span> <span class='ocrx_word' id='word_1_622' title='bbox 941 5625 1066 5682; x_wconf 84' lang='lat' dir='ltr'><em>Pomerii</em></span> <span class='ocrx_word' id='word_1_623' title='bbox 1088 5626 1134 5682; x_wconf 90' lang='lat' dir='ltr'><em>De</em></span> <span class='ocrx_word' id='word_1_624' title='bbox 1156 5625 1220 5683; x_wconf 81' lang='lat' dir='ltr'><em>Vita</em></span> <span class='ocrx_word' id='word_1_625' title='bbox 1243 5626 1457 5702; x_wconf 82' lang='lat' dir='ltr'><em>contemplativa</em></span> <span class='ocrx_word' id='word_1_626' title='bbox 1480 5625 1521 5696; x_wconf 86' lang='lat'><em>11,</em></span> <span class='ocrx_word' id='word_1_627' title='bbox 1546 5645 1569 5683; x_wconf 91' lang='lat' dir='ltr'><em>e.</em></span> <span class='ocrx_word' id='word_1_628' title='bbox 1589 5626 1639 5697; x_wconf 79' lang='lat'><em>16,</em></span> <span class='ocrx_word' id='word_1_629' title='bbox 1671 5625 1733 5701; x_wconf 73' lang='lat'><em>§2</em></span> 
     </span>
     <span class='ocr_line' id='line_1_50' title="bbox 83 5728 1137 5816; baseline -0.009 -19"><span class='ocrx_word' id='word_1_630' title='bbox 83 5735 170 5816; x_wconf 79' lang='lat' dir='ltr'><em>(Opp.</em></span> <span class='ocrx_word' id='word_1_631' title='bbox 195 5739 333 5816; x_wconf 84' lang='lat' dir='ltr'><em>Prosperi</em></span> <span class='ocrx_word' id='word_1_632' title='bbox 355 5737 451 5796; x_wconf 86' lang='lat' dir='ltr'><em>Pan&#39;s.</em></span> <span class='ocrx_word' id='word_1_633' title='bbox 472 5737 565 5807; x_wconf 72' lang='lat'>1711,</span> <span class='ocrx_word' id='word_1_634' title='bbox 589 5755 658 5812; x_wconf 85' lang='lat' dir='ltr'><em>app.</em></span> <span class='ocrx_word' id='word_1_635' title='bbox 683 5736 733 5791; x_wconf 87' lang='lat' dir='ltr'><em>col.</em></span> <span class='ocrx_word' id='word_1_636' title='bbox 752 5729 817 5809; x_wconf 81' lang='lat'><em>37).</em></span> <span class='ocrx_word' id='word_1_637' title='bbox 910 5729 941 5806; x_wconf 81' lang='lat'><em>4)</em></span> <span class='ocrx_word' id='word_1_638' title='bbox 963 5731 1039 5788; x_wconf 86' lang='lat' dir='ltr'><em>Ibid.</em></span> <span class='ocrx_word' id='word_1_639' title='bbox 1065 5728 1084 5805; x_wconf 65' lang='grc' dir='ltr'><strong>ξ</strong></span> <span class='ocrx_word' id='word_1_640' title='bbox 1110 5731 1137 5788; x_wconf 84' lang='grc'><em>3.</em></span> 
     </span>
    </p>
   </div>
   <div class='ocr_carea' id='block_1_5' title="bbox 0 0 2226 6388">
    <p class='ocr_par' dir='ltr' id='par_1_13' title="bbox 0 0 2226 6388">
     <span class='ocr_line' id='line_1_51' title="bbox 0 0 2226 6388; baseline 0 0"><span class='ocrx_word' id='word_1_641' title='bbox 0 0 2226 6388; x_wconf 95' lang='lat' dir='ltr'><em> </em></span> 
     </span>
    </p>
   </div>
  </div>
 </body>
</html>
