4386 6390
457 355 523 418 550
738 359 915 416 CARMINA
938 359 993 414 AD
1017 359 1186 415 SCHISMA
1208 359 1528 417 ALEXANDRINUM
1551 360 1830 416 PERTINENTIA.

757 545 795 612 0.
832 545 923 610 Vidit
946 557 979 611 et
1002 545 1118 610 invidit
1141 546 1269 632 aliquis,
1294 546 1379 612 bona
1403 557 1520 612 cuncta
1543 547 1695 632 malignis

670 669 705 718 30
884 652 966 717 Sunt
988 652 1084 735 mala,
1109 653 1199 718 sola·
1224 653 1316 717 malis
1340 677 1404 718 non
1427 653 1589 740 placitura
1611 653 1750 740 placent.

754 759 794 824 A.
830 759 890 824 Illa
913 759 991 842 dati,
1015 761 1128 846 pocius
1151 761 1246 846 rapti,
1271 783 1322 824 me
1346 763 1465 826 mantio
1489 762 1590 825 manti

882 865 989 948 Ledit,
1012 865 1203 931 Alexandro
1227 889 1324 953 quem
1347 889 1406 931 sua
1428 867 1532 932 Roma
1556 866 1655 932 dedit.

756 973 794 1038 Ο.
830 972 903 1037 Non
927 972 1026 1054 dedit,
1051 973 1104 1038 ille
1129 973 1191 1038 sibi
1215 974 1337 1038 mantib
1362 975 1514 1038 mentitur
1537 973 1701 1056 honorem,

883 1079 1009 1165 Pagina
1032 1091 1192 1145 mantatos
1216 1104 1281 1145 non
1305 1079 1403 1144 habet
1425 1079 1510 1145 ulla⁰
1536 1080 1627 1146 duos.

671 1203 704 1252 35
753 1185 794 1250 A.
830 1186 903 1250 Non
927 1185 1034 1268 habet,
1058 1209 1141 1250 unns
1166 1197 1245 1269 erat,
1269 1211 1329 1252 neo
1353 1186 1478 1252 habens
1501 1198 1645 1252 mantum
1668 1209 1775 1274 neque
1799 1195 1942 1251 mentem

884 1291 948 1372 Qui
972 1294 1081 1379 rapuit
1104 1305 1257 1376 mantum,
1285 1305 1393 1358 mente
1416 1305 1567 1358 monente
1591 1317 1732 1358 manum.

757 1401 796 1465 0.
834 1400 1025 1482 Octaviane,
1050 1401 1139 1486 prior
1162 1399 1333 1486 sollempni
1355 1402 1485 1465 nomine
1509 1399 1614 1482 flores,

883 1491 1006 1587 Victdr,
1031 1507 1163 1570 victoris
1187 1529 1305 1571 nomen
1329 1519 1362 1571 et
1385 1530 1479 1572 omen
1502 1507 1613 1572 bobes.

755 1612 796 1677 A.
831 1613 932 1677 Ludit
954 1623 986 1677 et
1009 1612 1111 1677 eludit
1134 1637 1209 1678 suus
1233 1613 1322 1678 illum
1346 1615 1484 1678 nominis
1509 1637 1608 1696 error,

673 1737 706 1784 so
885 1720 1012 1784 Nomen
1035 1720 1076 1784 ab
1101 1721 1258 1807 opposito,
1283 1744 1347 1785 non
1372 1722 1448 1806 quia
1471 1722 1590 1802 vineat,
1615 1720 1722 1785 babet.

750 1827 789 1892 Ο.
825 1827 1008 1913 'Pimpanad
1032 1827 1198 1892 Victorem
1223 1827 1409 1892 conducunt
1432 1827 1474 1891 ad
1497 1827 1570 1891 loca
1592 1827 1692 1908 Petri,

883 1933 1052 1998 Laudibus
1076 1935 1217 2020 assurgit
1240 1933 1338 1999 obvia
1360 1934 1464 1999 Roma
1486 1935 1580 2020 patri.

736 2042 789 2105 ⁸A.
825 2041 899 2106 Non
922 2040 1045 2122 laudes,
1070 2041 1129 2106 sed
1152 2051 1245 2106 erant
1267 2041 1410 2123 fraudes,
1435 2065 1499 2106 non
1522 2040 1640 2126 palma,
1665 2039 1724 2104 sed
1747 2063 1848 2121 arma,

884 2148 928 2211 Et
950 2157 1077 2212 tumor‘³
1103 2159 1135 2212 et
1157 2148 1275 2212 multus
1299 2148 1353 2212 ille
1376 2149 1531 2214 turnultus
1555 2159 1634 2212 erat.

673 2271 706 2320 45
758 2255 796 2320 O.
832 2254 946 2318 Laude
971 2265 1086 2319 sonant
1108 2254 1173 2320 leta
1196 2255 1330 2338 eitare‘,
1355 2255 1458 2341 plebs,
1483 2279 1615 2341 organa,
1641 2255 1757 2336 clerus,

885 2360 938 2424 Illi
961 2362 1168 2447 congaudent
1190 2361 1243 2425 ille
1268 2361 1320 2426 vel
1344 2362 1397 2426 ille
1421 2385 1528 2426 sonus.

755 2467 796 2531 A.
832 2468 906 2532 Non
930 2480 1053 2550 cantus,
1078 2468 1136 2532 sod
1160 2479 1252 2533 erant
1275 2468 1437 2555 plantusss,
1461 2469 1522 2533 lira
1545 2469 1643 2552 nulla,
1668 2468 1727 2534 sed
1750 2469 1808 2550 ira,

883 2575 985 2639 Arma
1008 2597 1142 2639 movens
1166 2597 1283 2660 agmen
1308 2599 1384 2640 ense
1410 2575 1546 2640 sonabat
1568 2597 1674 2640 amen.

758 2681 797 2746 O.
833 2682 988 2746 Peccanti
1012 2683 1119 2763 venia,
1143 2682 1284 2767 pulsanti
1307 2693 1410 2769 porta,
1434 2684 1568 2769 vaganti

672 2805 706 2852 50
884 2789 982 2872 Meta,
1007 2791 1081 2872 reis,
1107 2791 1203 2872 cecis,
1228 2811 1313 2875 spos,
1338 2791 1401 2871 via,
1423 2790 1547 2871 Victor,
1573 2789 1650 2854 ave!

756 2897 796 2961 A.
834 2895 899 2976 Qui
922 2895 1034 2960 turbas
1058 2895 1175 2978 turbet,
1201 2899 1256 2983 qui
1280 2897 1351 2960 iush
1375 2895 1511 2979 abiurot,
1535 2897 1663 2982 iniquos

884 3002 1064 3089 Approbet,
1089 3003 1209 3067 electos
1234 3003 1419 3090 exprobret,
1443 3005 1504 3068 iste
1528 3004 1598 3068 fuit.

758 3109 797 3174 Ο.
834 3109 950 3174 Inclita
975 3110 1116 3174 Victoris
1139 3111 1200 3174 fuit
1223 3111 1283 3174 bec
1306 3111 1476 3196 promotio,
1500 3109 1613 3174 laudes

885 3217 1005 3302 Fingat
1027 3216 1218 3281 Alexandro
1243 3216 1405 3303 quaslibet
1428 3218 1489 3281 iste
1513 3239 1581 3282 suo.

673 3339 706 3387 55
755 3324 795 3387 A.
831 3323 911 3386 Veri
935 3322 1111 3388 candorem
1133 3323 1229 3388 nullis
1253 3323 1406 3388 obnubilo
1430 3324 1523 3406 fictis,

888 3429 954 3494 Sed
978 3432 1081 3516 magis
1106 3431 1205 3494 ordiri
1229 3441 1361 3517 tempto,
1387 3431 1458 3517 quis
1483 3430 1561 3494 ordo
1585 3430 1643 3494 rei.

759 3539 798 3603 Ο.
834 3537 995 3624 Temptet,
1019 3538 1185 3624 procedat,
1211 3538 1292 3601 ratio
1316 3539 1394 3600 satis
1418 3535 1539 3619 obviat,
1564 3559 1658 3602 omne

887 3643 984 3725 Quod
1007 3644 1133 3730 probat,
1157 3645 1239 3708 haec
1263 3642 1416 3730 reprobat
1440 3655 1472 3707 ct
1494 3643 1669 3731 reprobare
1693 3651 1797 3730 parat.

758 3751 798 3815 A.
836 3751 1035 3836 Suspirantis
1059 3751 1166 3815 adhuc
1189 3749 1301 3815 florem
1326 3749 1501 3836 collegerat
1524 3749 1613 3814 urbis

674 3875 708 3922 60
886 3857 1026 3922 Tercia¹
1049 3869 1123 3943 post
1146 3859 1272 3921 cineres
1295 3857 1361 3939 lux,
1386 3857 1542 3939 Adriane,
1566 3869 1648 3922 tuor.

760 3967 799 4030 0.
836 3965 899 4028 Hic
923 3974 1016 4050 pater
1038 3966 1176 4051 expirat,
1201 3965 1256 4050 pia
1279 3963 1372 4050 plebs
1396 3965 1545 4050 suspirat,
1570 3964 1683 4028 honori

888 4071 1010 4157 Impius
1034 4073 1166 4156 aspirat,
1191 4071 1266 4135 hinc
1290 4070 1389 4152 dolor,
1414 4071 1489 4134 inde
1514 4069 1616 4134 dolus.

758 4178 798 4243 A.
835 4179 873 4241 In
896 4177 979 4242 libra
1002 4189 1119 4242 nutans
1144 4178 1258 4242 electio
1283 4188 1396 4241 sancta
1419 4177 1584 4264 pependit,

886 4285 1003 4349 Donec
1026 4285 1208 4349 Alexandri
1232 4285 1391 4371 ponderat
1413 4283 1469 4348 illa
1491 4283 1622 4374 bonum,

676 4410 708 4457 65
760 4393 799 4457 Ο.
834 4392 878 4455 Et
900 4402 946 4472 tu,
970 4392 1093 4474 Victor,
1119 4413 1191 4454 eras
1214 4390 1328 4472 bonus,
1353 4390 1431 4456 illud
1455 4389 1552 4454 librat
1575 4401 1607 4454 et
1629 4390 1710 4454 illud

887 4498 992 4561 Roma
1014 4497 1144 4578 bonum,
1169 4521 1293 4562 morum
1318 4498 1460 4584 pondere
1484 4498 1589 4561 vincis
1614 4519 1697 4561 eum.

759 4605 799 4670 A.
835 4605 908 4669 Non
932 4605 977 4668 ita
1000 4604 1144 4668 nutavit¹
1172 4615 1283 4668 sancte
1308 4604 1459 4668 discretio
1484 4602 1576 4686 libre,

889 4712 977 4792 Quin
1000 4713 1042 4775 sit
1063 4710 1252 4775 Alexandro
1277 4712 1408 4797 pronior
1431 4709 1485 4774 illa
1510 4734 1591 4775 mco.

571 4981 598 5043 a)
620 4983 679 5034 sola
698 4982 807 5049 placent
826 4999 880 5034 non
899 4981 1033 5048 placitura
1054 4982 1132 5032 malis
1152 4983 1184 5032 B.
1267 4980 1294 5043 b)
1316 4987 1407 5033 manto
1428 4983 1452 5032 A
1471 4983 1546 5033 etB.
1626 4981 1651 5045 o)
1672 4982 1729 5033 ullu
1746 5001 1810 5034 corr.
1828 4983 1857 5033 io
1875 4982 1925 5034 illa
1946 4984 1984 5042 ,43
2011 4982 2059 5032 ills
2077 4981 2106 5032 Β.

464 5071 492 5134 d)
515 5081 644 5138 tympana
664 5072 697 5122 B.
752 5069 778 5131 e)
800 5087 891 5122 rumor
910 5071 942 5121 B.
1004 5069 1024 5132 s)
1046 5072 1148 5122 chitaro
1168 5089 1230 5121 corr.
1251 5073 1336 5122 citare
1356 5071 1395 5132 n;
1415 5072 1527 5137 tychnre
1547 5073 1579 5122 B.
1633 5069 1662 5137 g)
1685 5071 1811 5138 planctus
1830 5073 1863 5122 A.
1904 5071 1948 5132 b)
1970 5073 2057 5136 quivis
2076 5071 2107 5120 A.

464 5161 484 5222 i)
506 5163 622 5212 mutavit
641 5162 673 5210 A.

574 5396 603 5466 1)
637 5395 685 5468 Cf.
719 5399 737 5451 l.
763 5399 780 5452 l.
812 5416 844 5471 p.
873 5395 952 5451 238:
990 5395 1059 5451 Cum
1095 5403 1259 5452 antecessor
1292 5404 1389 5453 noster
1419 5427 1463 5436 —
1489 5397 1631 5451 Adrianus
1665 5415 1742 5469 papa
1775 5397 1913 5452 Kalendis
1948 5396 2108 5468 septembr.

464 5535 507 5543 —
531 5505 659 5560 debitum
682 5511 800 5558 naturae
824 5504 964 5570 solvisset,
992 5533 1027 5541 —
1055 5521 1088 5558 eo
1112 5503 1228 5558 Romam
1258 5505 1381 5558 adducto
1406 5510 1436 5559 et
1459 5504 1496 5558 II.
1519 5505 1593 5560 Non.
1617 5502 1780 5576 Septembr.
1811 5505 1839 5557 in
1868 5504 2007 5559 aecclesia
2033 5504 2109 5560 beati
2126 5516 2151 5556 ss

463 5612 543 5668 Petri
577 5641 621 5649 —
656 5611 803 5678 tumulato,
836 5615 992 5680 coeperunt
1027 5627 1123 5664 omnes
1158 5609 1261 5664 fratres
1292 5618 1321 5664 et
1351 5629 1401 5664 nos
1431 5627 1493 5664 cum
1525 5610 1566 5666 eis
1599 5639 1643 5649 —-
1677 5611 1714 5666 de
1745 5611 1945 5666 substituendo
1975 5608 2108 5681 pontifice

464 5719 600 5791 cogitare.
