4426 6398
460 385 523 448 606
745 388 975 445 THEOBALDI
998 388 1237 446 STAMPENSIS
1261 387 1453 444 EPISTOLA
1477 389 1532 444 AD
1557 355 1822 444 ROSCELINUM.

456 577 633 658 sublimior,
657 577 712 664 qui
736 575 833 641 hierit
856 577 890 642 in
912 577 979 642 Dei
1009 599 1118 641 amore
1146 577 1317 662 potentior.
1364 574 1460 640 Unde
1484 572 1619 662 quidam
1641 575 1771 660 sapiens
1797 581 1915 638 contra
1939 572 2096 658 quemdam

456 683 496 749 de
518 682 688 749 nobilitate
713 705 772 748 sua
794 694 1056 770 praesumentem
1080 682 1222 769 loquitur
1244 682 1373 747 dicens:

883 787 924 855 Si
945 791 1033 878 torpe
1056 805 1179 878 repetas
1203 791 1350 878 longeque
1373 791 1526 868 revolvas,

881 896 1002 962 Nomen
1025 899 1065 962 ab
1089 898 1213 985 infami
1234 897 1325 962 daca
1347 898 1429 961 acilo
1441 899 1460 958 ¹.

560 1003 683 1067 Rursus
707 1002 785 1089 quid
809 1001 856 1066 illi
879 1002 1071 1090 opponunt?
1119 1001 1224 1084 Quod,
1249 1000 1379 1089 quando
1403 1001 1497 1066 homo
1522 1000 1714 1088 baptizatur,
1746 1024 1812 1066 non
1838 999 1987 1065 conditio
2011 1011 2124 1066 muta-⁵

455 1122 515 1193 tur,
540 1108 599 1174 sed
622 1120 760 1197 peccata
783 1108 989 1190 abluuntur2,
1013 1131 1128 1174 verum
1151 1121 1216 1190 est;
1248 1108 1307 1173 sed
1329 1107 1437 1173 nullus
1460 1106 1597 1194 ambigit
1620 1107 1681 1171 hoo
1705 1129 1776 1172 esse
1802 1107 1931 1172 dictum
1956 1106 1999 1172 dc
2022 1130 2100 1172 mun-
2164 1107 2166 1113 ⁴

455 1215 547 1280 danis
572 1215 822 1281 conditionibus.
870 1215 968 1296 Quod
991 1216 1018 1278 si
1042 1215 1114 1302 quis
1139 1237 1252 1280 servus
1275 1214 1469 1301 baptizatur,
1494 1214 1633 1278 servitus
1656 1213 1711 1278 illa
1734 1237 1801 1278 non
1825 1223 1981 1278 mutatur.
2017 1213 2100 1279 Unde

285 1322 635 1409 1.oor.r,n.apostolus:
670 1323 711 1388 Si
737 1347 845 1388 acrone
875 1338 927 1402 est,
958 1325 1061 1410 crepis
1091 1337 1188 1402 atera,
1219 1323 1297 1408 quia
1327 1321 1465 1386 seruitus
1497 1320 1553 1384 illa
1582 1342 1647 1385 non
1678 1330 1728 1384 est
1759 1321 1929 1385 contraria
1960 1343 2100 1386 coronae.

457 1429 550 1494 Unde
574 1427 691 1495 alibit:

828 1515 945 1582 Ser-cus
968 1521 1023 1598 aab,
1045 1541 1212 1606 generosus
1235 1521 1309 1598 eris,
1332 1521 1365 1582 si
1384 1541 1470 1582 mena
1493 1519 1573 1582 bona
1589 1520 1662 1605 flm,
2117 1547 2135 1584 rc

881 1623 935 1688 Sis
959 1625 1048 1704 liber,
1073 1627 1176 1710 turpia
1199 1649 1284 1690 mens
1306 1639 1369 1704 tac,
1393 1649 1501 1688 servm
1523 1625 1595 1688 eris.

453 1748 619 1836 Amplius:
645 1747 732 1834 quod
755 1746 954 1834 prohibetur,
978 1770 1019 1811 ne
1043 1747 1101 1811 lilii
1125 1746 1329 1812 sacerdotum
1353 1747 1395 1812 ad
1411 1747 1541 1812 ordines
1558 1759 1819 1834 promoveantur,
1845 1749 1894 1812 sic
1919 1759 1971 1811 est
1995 1748 2101 1812 intelli-

453 1854 595 1940 gendum
618 1855 797 1920 secundum
819 1853 1040 1940 Augustinum
1051 1859 1072 1934 ³,
1097 1876 1152 1918 eos
1176 1855 1231 1939 qui
1255 1853 1339 1918 hanc
1363 1853 1614 1940 prohibitionem
1638 1854 1782 1936 audiunt,
1814 1853 1856 1918 ab
1882 1854 2100 1919 huiuscemodi

454 1962 725 2049 concupiscentiis
749 1959 913 2024 abstinere
938 1959 1068 2025 debere.
1106 1960 1140 2024 Si
1158 1961 1243 2024 onim
1259 1960 1345 2024 filius
1366 1960 1544 2025 sacerdotis
1568 1961 1702 2025 honeste
1719 1961 1810 2042 vivit,
1828 1959 2035 2025 ordinandus
2050 1973 2101 2025 ert.

454 2069 490 2134 Si
520 2091 599 2134 vero
629 2068 740 2134 militis
770 2067 854 2132 filins
885 2067 1054 2133 inhoneste
1078 2068 1175 2149 vivit,
1206 2067 1426 2154 repudiandus
1458 2077 1520 2150 est,
1549 2069 1626 2154 quia
1654 2069 1758 2154 magis
1788 2067 1900 2154 placet
1923 2067 1999 2132 Deo
2023 2070 2101 2132 vitae
2119 2097 2136 2135 a

455 2175 611 2261 perfectio
643 2185 676 2239 et
707 2185 820 2239 contra
850 2184 1021 2260 peccatum
1049 2173 1182 2238 afflictio
1207 2196 1303 2260 quam
1328 2172 1469 2260 superba
1492 2173 1532 2238 de
1556 2173 1708 2260 legitimis
1731 2173 1924 2262 parentibus
1948 2174 2101 2260 gloriatio.

453 2281 529 2346 Filii
563 2303 704 2368 namque
739 2279 945 2345 sacerdotum
983 2303 1047 2344 non
1082 2279 1170 2363 idea,
1207 2279 1294 2366 quod
1329 2281 1393 2344 sint
1427 2279 1574 2365 exleges,
1612 2281 1804 2362 refutantur,
1843 2283 1930 2345 sicut
1968 2281 2100 2366 imperiti

453 2388 599 2452 homines
630 2386 838 2470 arbitrentur,
870 2386 928 2451 sed
956 2397 991 2451 ut
1020 2386 1205 2452 sacerdotes
1230 2409 1249 2450 a
1272 2387 1543 2473 concupiscentiis
1574 2388 1681 2452 carnis
1713 2387 1942 2452 refraenentur
1952 2393 1975 2451 ⁴.
2023 2387 2101 2468 eria

453 2495 604 2560 nimirum
629 2492 806 2580 quemlibet
836 2517 929 2559 sacro
960 2492 1048 2558 fonte
1079 2503 1226 2558 renatum
1251 2492 1303 2558 vel
1326 2492 1471 2580 plenarie
1503 2493 1615 2558 divina
1644 2494 1780 2559 mundat
1803 2496 1922 2580 gratia,
1946 2495 2002 2559 vel
2024 2496 2101 2560 sacri

453 2601 620 2666 mundatio
644 2601 767 2665 lavacri
790 2624 855 2666 non
878 2611 927 2665 est
950 2601 1114 2665 sufficiens
1131 2622 1192 2664 nec
1208 2599 1365 2686 plenaria,
1383 2599 1470 2686 quod
1486 2600 1681 2666 contradicit
1702 2600 1784 2665 fides
1800 2601 1965 2666 catholica
1975 2606 1996 2664 ⁵.
2036 2601 2135 2669 Nona

454 2709 540 2770 enim
559 2717 634 2772 sunt
650 2707 782 2792 exleges
799 2706 974 2788 iudicandi,
1000 2732 1131 2793 quoram
1148 2705 1236 2772 Deae
1258 2710 1326 2794 ipse
1350 2723 1393 2772 est
1409 2722 1514 2794 poter,
1539 2717 1570 2772 et
1594 2733 1670 2794 quos
1681 2711 1810 2795 peperit
1824 2707 1947 2772 Christi
1969 2713 2101 2796 pruriat,

455 2815 598 2878 omnium
622 2825 886 2900 regeneratorum
910 2815 1057 2900 piissima
1087 2828 1195 2894 incar,
1226 2836 1287 2877 nec
1314 2812 1469 2878 debemus
1493 2813 1555 2878 illis
1581 2815 1726 2880 delictam
1743 2819 1854 2902 patras
1885 2815 1955 2879 sive
1988 2817 2100 2881 chorram

455 2923 566 2986 matris
596 2924 828 3008 improperare,
863 2919 921 2984 sed
950 2921 1058 3006 potius
1093 2942 1218 2984 morum
1253 2919 1486 3006 perfectionem
1518 2919 1691 3006 diligenter
1721 2921 1890 2986 attendere
1902 2925 1922 3002 ⁷,
1954 2923 2101 3008 quoniam

453 3027 555 3112 patris
579 3027 647 3091 sive
668 3029 780 3091 matris
800 3037 1021 3114 perpetratum
1046 3030 1163 3091 crimen
1186 3049 1251 3090 non
1275 3037 1382 3112 potest
1404 3025 1479 3090 filiis
1496 3027 1656 3114 paradisi
1676 3029 1823 3094 claudere
1847 3031 1943 3094 limen
1954 3034 1975 3093 ⁸.
2012 3029 2100 3094 Unde

455 3132 586 3218 quidam
611 3135 757 3220 sapiens:
2116 3163 2135 3202 a

830 3223 917 3300 Quid
939 3247 1077 3287 meruere
1094 3225 1172 3308 pati
1192 3247 1372 3308 quocunqne
1396 3223 1482 3286 thoro
1503 3225 1689 3310 peaeratr'?⁰

455 3347 551 3426 Quod
574 3359 682 3411 autem
706 3345 763 3410 filii
788 3345 993 3411 sacerdotum
1024 3345 1065 3410 ab
1090 3344 1257 3410 ordinibus
1287 3344 1510 3430 reprobentur,
1535 3347 1708 3432 exrigorc
1732 3348 1875 3412 iustitiae
1899 3347 2100 3432 factumest,

454 3451 512 3516 sed
542 3452 629 3517 nullo
661 3453 756 3518 modo
788 3454 906 3518 iustum
938 3463 996 3534 est,
1028 3462 1167 3516 testante
1189 3450 1372 3536 Augustino
1384 3457 1419 3533 ¹⁰,
1450 3456 1526 3538 qaia
1550 3477 1611 3518 aon
1634 3457 1713 3519 inste
1728 3479 1867 3540 poenam
1884 3471 2028 3542 portant,
2050 3461 2104 3543 qai

454 3562 579 3646 ‹rrrlpcm
602 3583 664 3624 aon
688 3564 914 3625 commacerant.
963 3559 1018 3624 Sic
1042 3561 1152 3646 itaque
1176 3558 1222 3622 illi
1243 3559 1424 3645 prolatores
1454 3563 1601 3625 coelectis
1624 3581 1710 3624 nova
1732 3571 1911 3647 praecepta
1934 3560 2051 3626 dantes
2073 3573 2102 3626 ct

454 3664 693 3751 quodammodo
716 3668 868 3731 virtutem
899 3664 1102 3752 baptismatis
1133 3669 1377 3746 evacuantes11,
1410 3665 1465 3750 qui
1495 3664 1675 3730 rationibus
1705 3667 1902 3753 supradictis
1933 3666 2100 3750 oblatrant,
2117 3697 2137 3736 n

453 3772 530 3837 dum
554 3771 595 3836 de
618 3771 843 3838 huiuscemodi
874 3771 1061 3859 scrupulose
1086 3783 1118 3836 et
1141 3773 1339 3836 contentiose
1369 3771 1543 3857 disputant,
1568 3773 1662 3858 quasi
1686 3772 1796 3838 clauso
1820 3775 1903 3838 ostio
1934 3775 1979 3839 ad
2001 3777 2101 3862 parie-

453 3889 518 3942 tem
548 3877 686 3965 pulsant.
741 3878 787 3943 Ut
815 3890 922 3943 autern
952 3879 1057 3943 maior
1086 3877 1188 3942 honor
1217 3889 1249 3942 et
1278 3877 1383 3962 gloria
1416 3877 1489 3942 liliis
1521 3877 1727 3944 sacerdotum
1758 3879 1910 3964 accedat,
1942 3881 2101 3947 Iohannes

309 4013 364 4054 aue.
372 4015 392 4063 r,
400 4013 434 4052 rs.
453 3983 604 4071 baptista,
630 4008 693 4071 quo
718 3984 824 4050 nullus
847 3987 950 4050 maior
980 3986 1065 4048 inter
1094 3994 1185 4049 natos
1217 3984 1386 4048 mulierum
1411 3986 1562 4064 surrexit,
1593 3985 1678 4050 filius
1708 3987 1769 4051 fuit
1792 3987 1975 4054 Zachariae
2000 4012 2101 4054 sacer-

565 4241 593 4310 1)
618 4242 744 4300 Juvenal.
771 4241 833 4299 Sar.
857 4243 937 4312 VIII,
957 4263 990 4318 p.
1010 4241 1071 4297 272
1089 4263 1149 4318 sp:

880 4351 916 4403 Et
941 4359 1035 4405 tamen
1059 4357 1091 4403 ut
1114 4350 1197 4420 longe
1222 4357 1336 4421 repetas
1359 4350 1501 4422 longaque
1526 4350 1654 4405 revolvas
2118 4371 2138 4411 sa

881 4457 988 4511 Nomen
1012 4459 1047 4511 ab
1071 4455 1167 4510 infami
1190 4463 1306 4528 gentem
1329 4457 1447 4512 deducis
1470 4457 1559 4528 asylo.

456 4559 486 4630 2)
511 4561 574 4618 Hoc
596 4562 770 4631 Roscclirms,
800 4583 855 4619 non
879 4561 970 4636 inepte
993 4561 1111 4636 quiden,
1135 4560 1245 4619 videtm·
1268 4561 1449 4619 contendisse.
1552 4563 1581 4632 3)
1606 4563 1672 4621 Noa
1695 4565 1798 4622 inveni.
1891 4565 1922 4636 4)
1949 4567 1998 4640 Cf.
2023 4568 2102 4625 Inoa.

458 4667 569 4744 Prolop.
594 4668 623 4724 ia
647 4669 748 4725 decret.
773 4663 865 4742 (Inoa.
891 4667 968 4742 epist.
994 4667 1089 4724 Paria.
1111 4663 1206 4742 1610)
1227 4689 1259 4743 p.
1278 4668 1357 4724 516:
1387 4671 1438 4725 sed
1462 4671 1497 4724 ad
1522 4671 1728 4742 reprimendam
1753 4676 1928 4745 quorundam
1949 4677 2101 4748 presbyte-

454 4793 546 4830 rorum
570 4776 811 4842 incontinentiam,
837 4775 883 4830 vel
907 4776 996 4828 tutius
1019 4776 1197 4830 minuendam
1221 4775 1336 4830 aliorum
1360 4777 1572 4832 continentiam.
1654 4775 1684 4846 5)
1711 4777 1760 4849 Cf.
1785 4779 1956 4850 Defension.
1980 4801 2008 4839 o.
2026 4781 2044 4837 8
2061 4801 2101 4857 sq.

453 4900 544 4956 capro
562 4901 595 4956 p.
615 4880 693 4936 580:
725 4882 818 4936 Fonte
843 4898 920 4936 sacro
944 4882 1032 4936 lotum
1055 4881 1101 4937 rel
1125 4882 1241 4935 mundat
1264 4882 1356 4952 gratia
1377 4889 1478 4951 totum,
1501 4875 1505 4962 )
1526 4885 1581 4940 Vel
1604 4902 1660 4939 non
1684 4893 1728 4941 est
1756 4887 1827 4941 sacri
1850 4889 1995 4944 mundatio
2018 4889 2103 4962 plena
2118 4906 2140 4944 so

454 4989 569 5044 lavacri.
647 4986 678 5060 6)
702 4987 737 5042 L.
755 4989 772 5042 l.
793 5007 825 5062 p.
840 4987 913 5056 581,
933 5007 959 5043 o.
978 4987 1016 5041 27
1035 5008 1095 5062 sq.:
1120 4988 1182 5042 Non
1206 4994 1250 5044 est
1274 4988 1383 5043 illorum
1407 4991 1496 5061 turpis
1520 4993 1678 5062 generatio,
1704 5011 1821 5065 quorum
1841 4985 1845 5072 Ι
1866 4995 1919 5049 Est
1937 4997 2019 5052 Deus
2041 4997 2101 5068 ipre

454 5102 547 5165 pater,
563 5096 677 5166 peperit
694 5111 763 5165 quos
779 5096 870 5166 gratia
885 5107 985 5150 mater.
1063 5092 1093 5162 7)
1119 5093 1154 5149 L.
1168 5095 1185 5149 l.
1202 5113 1228 5150 c.
1243 5091 1282 5147 29
1300 5113 1359 5168 sq..·
1383 5095 1427 5151 Ne
1444 5114 1526 5152 cures
1541 5099 1630 5169 patris
1646 5099 1713 5154 mihi
1728 5100 1872 5168 delictum,
1895 5121 1991 5173 neque
2006 5103 2102 5157 matris

454 5201 648 5272 improperare
679 5207 781 5268 torum,
812 5203 863 5256 sed
891 5201 1006 5256 formam
1036 5202 1147 5272 respice
1178 5218 1293 5255 morum.
1409 5201 1439 5270 8)
1466 5203 1500 5258 L.
1518 5205 1536 5259 l.
1560 5224 1586 5260 o.
1607 5204 1644 5260 16
1661 5225 1722 5280 sp:
1750 5207 1834 5262 Errat
1857 5227 1937 5264 mens
1961 5217 1992 5265 et
2014 5210 2101 5266 hebet

453 5325 567 5378 prorsus
590 5325 661 5375 mea,
687 5308 711 5361 si
734 5308 798 5361 mihi
815 5307 903 5363 debet
924 5298 928 5384 l
950 5308 1075 5362 Alterius
1092 5309 1196 5362 crimen
1211 5308 1332 5378 paradisi
1349 5310 1481 5364 claudere
1505 5311 1600 5366 limen.
1670 5309 1700 5380 9)
1726 5312 1762 5369 L.
1780 5314 1798 5368 l.
1815 5333 1841 5370 v.
1860 5313 1889 5370 3.
1960 5313 2012 5384 10)
2036 5314 2101 5372 Non

453 5412 556 5470 inveni.
604 5412 726 5470 Similem
749 5415 837 5470 locum
860 5413 914 5490 lepi
935 5413 964 5470 in
990 5411 1100 5471 Gclcsii
1121 5413 1145 5482 I,
1170 5412 1248 5488 epist.
1267 5412 1296 5481 6,
1320 5410 1385 5486 §Ia
1433 5415 1467 5472 de
1495 5435 1569 5486 acac,
1600 5417 1711 5474 nmaine
1735 5419 1844 5476 Seneca
1866 5422 1909 5478 cd
1928 5441 2023 5479 omnes
2046 5422 2101 5497 epi-
2117 5438 2141 5477 rs

453 5538 552 5594 scopos
567 5539 625 5595 per
642 5519 774 5576 Picenum
798 5521 840 5576 ed.
865 5519 944 5576 Tlriel
965 5519 989 5590 I,
1009 5539 1042 5596 p.
1062 5519 1134 5575 329.
1154 5517 1232 5574 330:
1259 5521 1406 5592 Magisque
1423 5523 1568 5577 videbitur
1582 5525 1703 5580 iniustus
1718 5527 1808 5595 Deus,
1833 5529 1856 5582 si
1879 5529 1936 5584 illic
1959 5529 2102 5602 infligatur

455 5643 557 5697 poena,
574 5627 622 5681 ubi
638 5627 715 5682 nulla
732 5635 776 5682 est
792 5628 875 5698 culpa
899 5620 1060 5702 (Acpustini
1076 5623 1149 5701 Opp.
1167 5625 1205 5694 Χ,
1223 5628 1273 5682 col.
1290 5625 1383 5696 1073,
1408 5647 1476 5703 app.
1494 5631 1544 5686 col.
1562 5625 1646 5706 142).
1719 5631 1770 5702 11)
1790 5633 1928 5706 Defensio
1943 5655 1969 5693 v.
1986 5634 2025 5691 10
2041 5655 2100 5712 sp:

456 5734 518 5789 Hec
542 5735 590 5806 qui
613 5735 753 5803 tractatis,
777 5734 932 5806 prolatores
956 5733 1099 5800 novitatis,
1121 5723 1124 5810 )
1145 5734 1220 5788 Dum
1243 5750 1315 5789 nova
1338 5735 1399 5789 iura
1422 5736 1505 5804 datis,
1530 5737 1635 5793 lavacri
1658 5740 1701 5794 ius
1726 5743 1892 5796 evacuatis.
