4478 6396
465 359 528 420 206
757 367 937 422 GERHOHI
959 367 1192 424 PRAEPOSITI
1216 367 1625 423 REICHERSBERGENSIS
1649 368 1815 425 LIBELLI.

464 551 642 617 aecclesiae
678 577 743 618 non
778 554 838 618 fuit
873 556 934 636 sie,
971 554 1096 618 scilieet
1126 565 1161 618 ut
1191 553 1309 641 aliquis
1342 556 1553 636 ministraret,
1585 555 1641 640 qui
1675 577 1740 618 non
1770 565 1860 619 caste
1891 556 2033 636 viveret,
2070 553 2122 617 vel

463 659 594 723 aliunde
619 683 716 746 quam
741 660 781 724 de
805 659 900 725 altari
920 663 1057 726 viveret.
1093 661 1188 725 Unde
1213 671 1246 725 61
1269 663 1339 725 16116
1363 661 1586 725 sanctissimus
1609 673 1703 746 pater
1727 661 1854 724 clericis
1878 672 2004 728 tanturn
2029 671 2125 724 extra

382 791 412 830 ·.
437 817 442 828 .
463 789 573 830 sacros
599 766 743 830 'ordines
768 769 950 832 constitutis
974 767 1058 832 hanc
1082 769 1230 854 permisit
1252 766 1487 853 indulgentiam
1518 768 1602 831 sacri
1634 767 1744 830 altaris
1772 769 1928 832 ministris
1952 789 2125 853 nunquam

463 873 723 958 permittendam,
754 883 789 937 ut
812 873 968 938 videlicet
997 897 1143 939 seorsum
1175 897 1249 939 cum
1279 872 1436 938 uxoribus
1460 875 1575 937 vivant
1605 885 1637 938 et
1667 874 1830 960 stipendia
1860 875 2007 940 exterius
2037 875 2125 938 acci-

462 979 562 1064 piant.
598 980 744 1066 Reliquis
769 990 877 1044 autem
894 991 987 1045 extra
1003 991 1124 1060 votum,
1149 992 1182 1045 et
1205 993 1298 1045 extra
1321 1004 1431 1045 sacros
1456 980 1586 1045 ordines
1603 979 1874 1067 presbyteratum,
1899 981 2125 1060 diaconatum,
2146 1003 2159 1040 ει

462 1085 733 1150 subdiaconatum
764 1088 956 1169 constitutis,
987 1099 1095 1174 potest
1125 1088 1300 1152 auctoritas
1325 1087 1499 1173 Gregoriil
1528 1086 1653 1173 aliquid
1683 1111 1828 1151 scorsum
1860 1101 2050 1173 competere
2083 1085 2125 1150 de

462 1191 559 1256 rebus
591 1193 854 1274 aecclesiasticis,
886 1195 913 1256 si
937 1192 989 1258 vel
1014 1196 1047 1257 irr
1071 1204 1196 1259 tantum
1221 1194 1404 1260 obedierint
1427 1195 1547 1280 regulis
1578 1194 1848 1277 aecclesiasticis;
1879 1206 1924 1276 ut,
1957 1196 2044 1260 sicut
2069 1193 2125 1260 ille

463 1301 685 1364 sanctissimus
709 1299 837 1380 diffinit,
868 1299 963 1364 bonis
987 1301 1130 1366 nron'bus
1155 1303 1277 1384 vivant,
1309 1301 1464 1366 canendis
1492 1301 1626 1386 psalmis
1650 1300 1822 1386 invigilent
1846 1311 1878 1366 et
1901 1299 1943 1365 ab
1968 1299 2126 1366 omnibus

462 1405 582 1471 illicitis
607 1430 672 1486 cor,
697 1407 841 1492 linguam
866 1417 898 1470 et
922 1429 1050 1493 eorpus,
1074 1409 1148 1472 Deo
1172 1420 1314 1488 auctore,
1340 1418 1543 1472 conservent.

569 1512 602 1577 S.
638 1513 705 1576 Aut
729 1513 867 1578 defende
893 1524 1041 1578 sanctum
1066 1513 1263 1600 Gregorium
1288 1537 1307 1577 a
1331 1514 1513 1599 sacrilegis,
1538 1514 1626 1600 quod
1654 1516 1773 1578 asseris
1802 1515 1907 1579 notari
1932 1537 1951 1578 a
1976 1537 2067 1600 papa
2092 1525 2126 1582 et
2149 1538 2174 1576 ro

461 1630 603 1706 martyre
628 1618 780 1703 Urban03
806 1631 862 1684 aut
885 1621 946 1686 hoe
969 1622 1203 1686 inconveniens
1228 1619 1375 1703 habebis,
1400 1632 1436 1684 ut
1458 1645 1542 1685 unus
1561 1621 1781 1685 Romanorum
1805 1631 1936 1686 sanctus
1960 1621 2125 1707 dampnet

462 1726 609 1809 alterum,
633 1727 843 1792 nihilominus
866 1739 963 1792 notae
988 1730 1167 1793 sanctitatis
1191 1729 1307 1792 virum.

567 1833 605 1897 R.
642 1833 723 1898 Dixi
746 1832 806 1898 tibi
831 1836 907 1916 iam,
932 1846 965 1898 et
988 1834 1116 1899 audisti.
1164 1835 1321 1920 Nunquid
1344 1836 1461 1899 iterum
1484 1837 1534 1898 vis
1558 1835 1697 1900 audire?
1745 1835 1837 1900 Sicut
1861 1835 1993 1920 Moyses
2018 1857 2121 1898 excu-

461 1952 551 2004 satur
574 1963 593 2004 a
617 1941 877 2027 prevaricatione
902 1941 983 2026 legis
1008 1941 1225 2027 permittendo
1249 1941 1336 2028 quod
1361 1953 1431 2006 erat
1454 1954 1567 2006 contra
1589 1942 1654 2016 ¹Dei
1681 1942 1788 2028 legem
1812 1941 1902 2006 duris
1925 1941 2049 2023 161616,
2074 1943 2121 2006 ita

463 2058 638 2112 excusatur
668 2058 799 2111 sanctus
824 2047 1003 2133 Gregorius
1034 2047 1252 2133 permittendo
1284 2047 1371 2134 quod
1401 2047 1612 2134 prohibuerat
1639 2059 1761 2134 martyr
1786 2059 1818 2112 et
1840 2070 1927 2133 papa
1951 2047 2118 2128 Urbanus,
2143 2071 2168 2108 rs

461 2155 558 2218 immo
583 2156 616 2217 in
640 2155 710 2239 ipso
734 2154 799 2217 Dci
823 2154 1016 2218 fortissimus
1041 2156 1182 2241 spiritus,
1206 2155 1240 2218 in
1264 2177 1328 2241 quo
1352 2154 1438 2218 idem
1462 2153 1578 2218 beatus
1602 2177 1704 2241 usque
1728 2155 1769 2220 ad
1794 2156 1962 2240 sanguinis
1987 2155 2117 2219 effusio-

461 2283 536 2324 nem
561 2271 609 2324 est
632 2271 734 2324 actus.
781 2261 855 2325 Huc
880 2261 1018 2343 accedit,
1043 2261 1131 2348 quod
1155 2261 1270 2326 eadem
1295 2261 1554 2325 consideratione
1583 2271 1710 2348 poterat
1736 2261 1824 2325 istud
1855 2261 2036 2327 concedere
2061 2285 2116 2326 no-

461 2366 554 2431 vellis
577 2367 758 2452 Anglorum
790 2367 932 2449 clericis,
964 2391 1029 2454 qua
1060 2370 1093 2432 in
1124 2369 1237 2456 quinto
1268 2368 1321 2432 vel
1352 2381 1466 2454 quarto
1497 2367 1601 2454 gradu
1632 2369 1922 2454 consanguinitatis
1954 2370 2117 2434 concessit

461 2475 591 2559 nuptias
614 2473 752 2537 novellis
776 2475 902 2560 Anglis,
933 2499 999 2539 norr
1029 2475 1135 2561 legem
1166 2474 1348 2556 statuendo,
1380 2475 1439 2538 sed
1466 2474 1572 2538 adhuc
1596 2473 1731 2538 infirmis
1754 2473 1805 2538 lac
1828 2473 2010 2561 prebendo.
2056 2475 2116 2539 Est

462 2603 539 2666 ergo
563 2580 711 2661 venialis,
742 2604 806 2645 non
836 2581 950 2666 legalis
974 2583 1141 2664 institutio,
1167 2581 1303 2646 clericos
1328 2593 1421 2646 extra
1444 2592 1555 2646 votum
1580 2593 1612 2646 et
1635 2603 1745 2644 sacros
1770 2581 1899 2644 ordines
1923 2583 2116 2646 constitutos
2137 2608 2166 2646 so

378 2711 406 2752 ·.
428 2714 441 2750 ¹.
463 2688 587 2751 ‘vivere
611 2710 676 2750 non
700 2687 741 2751 de
765 2687 869 2768 altari,
894 2687 953 2751 sed
976 2687 1017 2752 (16
1042 2690 1183 2774 proprio,
1209 2699 1241 2751 et
1264 2689 1309 2752 ita
1325 2687 1512 2752 viventibus
1537 2688 1712 2751 ministrari
1737 2697 1769 2750 et
1793 2687 1864 2750 dari
1881 2689 2059 2774 quicquam
2076 2687 2116 2753 (16

461 2793 622 2879 stipendio
654 2794 730 2858 solis
762 2795 941 2881 apostolice
972 2795 1184 2860 militantibus
1214 2794 1335 2858 dcbit0.
1383 2795 1529 2858 lllrmitur
1551 2807 1660 2858 tamen
1685 2795 1747 2857 ista
1769 2817 1856 2859 nova
1880 2794 2116 2860 condescensio

460 2900 572 2964 David
602 2902 689 2984 regis
713 2902 846 2988 antiquo
872 2901 1032 2988 exemplu,
1057 2925 1121 2988 quo
1145 2913 1361 2988 persequente
1385 2901 1594 2982 latrunculos,
1619 2901 1675 2986 qui
1699 2902 1937 2965 succenderant
1962 2901 2116 2984 Sicilech,

460 3007 537 3072 lassi
561 3007 693 3094 quidam
719 3009 751 3071 in
768 3009 823 3072 via
847 3030 921 3073 cunr
945 3010 1081 3072 sarcinis
1106 3019 1340 3088 remanserunt,
1365 3010 1421 3094 qui
1445 3031 1548 3094 usque
1572 3007 1615 3072 ad
1638 3009 1743 3093 ipsam
1767 3031 1911 3094 pugnam
1935 3009 2116 3094 procedere

460 3137 525 3178 non
554 3125 739 3200 potuerunt,
771 3115 829 3178 sed
860 3138 945 3202 equa
974 3126 1083 3179 tamen
1114 3117 1224 3179 everrit
1254 3117 1357 3200 portio
1389 3114 1565 3200 spoliorum
1592 3114 1758 3178 iudicante
1782 3114 1894 3178 David
1925 3125 1957 3178 et
1985 3115 2035 3178 his
2060 3117 2117 3201 qui
2136 3143 2164 3180 aa

459 3221 537 3284 lassi
560 3232 792 3304 remanserant,
817 3233 850 3287 61
873 3223 922 3287 his
946 3225 1002 3309 qui
1025 3222 1068 3286 ad
1089 3245 1233 3309 pugnarn
1256 3233 1484 3307 pervenerant.
1525 3221 1613 3302 Quid
1636 3232 1732 3306 putas
1756 3221 1925 3302 accidisse,
1950 3223 1977 3284 si
2003 3245 2116 3286 omnes

460 3328 639 3392 voluissent
662 3327 704 3391 ad
729 3330 875 3394 sarcinas
899 3329 1119 3394 remansisse?

568 3435 601 3500 S.
636 3436 719 3500 Puto
745 3457 800 3500 eos
824 3436 904 3500 nibil
928 3437 968 3500 de
993 3435 1103 3522 spoliis
1127 3437 1305 3522 accepisse.

566 3541 604 3604 R.
641 3541 765 3606 Verum
790 3543 881 3625 dicis,
910 3554 1007 3628 atque
1032 3542 1105 3606 ideo
1130 3544 1313 3607 consentire
1338 3553 1369 3606 te
1394 3554 1522 3627 oportet
1545 3565 1600 3605 666
1626 3543 1905 3627 congregationes,
1936 3543 1970 3605 in
1995 3541 2115 3628 quibus

461 3671 554 3712 nemo
579 3648 695 3712 militat
718 3649 873 3734 legitime,
898 3649 1106 3734 saerilegium
1123 3651 1335 3731 committere,
1360 3650 1387 3712 si
1412 3649 1452 3713 de
1477 3649 1639 3734 stipendio
1664 3648 1727 3712 sibi
1751 3650 1884 3712 minime
1908 3648 2019 3713 debito
2043 3673 2115 3734 pre·
2135 3677 2163 3713 ao

460 3768 591 3819 sumunt
614 3756 789 3841 quicquam
815 3767 927 3820 contra
950 3755 1158 3820 interdictum
1182 3754 1308 3820 Urbani
1332 3779 1437 3842 papae
1462 3757 1662 3841 contingere.
1709 3754 1776 3820 Ubi
1800 3767 1908 3820 autem
1933 3755 2048 3820 saltem
2073 3755 2114 3820 ab

460 3862 510 3926 his
534 3861 713 3947 apostolica
729 3863 797 3925 vita
821 3873 970 3926 servatur
991 3863 1307 3948 incongregatione,
1329 3865 1385 3948 qui
1408 3863 1587 3948 funguntur
1603 3864 1704 3927 sacris
1722 3861 1901 3944 ordinibus,
1925 3861 1972 3926 ibi
1989 3861 2114 3949 absque

461 3968 631 4054 sacrilegio
648 3969 737 4032 velut
760 3967 843 4032 alter
858 3969 970 4034 David
988 3971 1145 4056 permittit
1168 3981 1298 4033 sanctus
1316 3968 1506 4055 Gregorius,
1530 3979 1566 4033 ut
1590 3971 1684 4055 quasi
1708 3968 1751 4032 ad
1774 3971 1920 4033 sarcinas
1944 3969 2114 4034 residenti-

460 4074 521 4139 bus
545 4077 691 4138 uxoratis
717 4073 843 4139 clericis
867 4098 932 4139 non
957 4076 1137 4161 denegetur
1160 4077 1358 4162 stipendium
1383 4076 1459 4141 solis
1483 4074 1698 4140 militantibus
1723 4099 1765 4139 ex
1789 4074 1910 4158 debito,
1941 4077 2011 4140 istis
2035 4095 2114 4142 vero

462 4205 504 4245 ex
527 4180 731 4266 indulgentia
761 4181 1023 4267 persolvendum.
1071 4182 1266 4269 Quicunque
1295 4185 1381 4247 enim
1406 4183 1486 4247 tales
1510 4183 1640 4264 fuerint,
1665 4193 1700 4246 ut
1724 4182 1902 4268 apostolice
1926 4183 2114 4247 viventibus
2134 4210 2160 4248 ss
2199 4205 2201 4210 ·

461 4289 494 4351 in
518 4298 666 4352 extrema
689 4287 803 4352 saltem
828 4291 909 4370 6616,
941 4291 1038 4353 16666
1069 4300 1143 4375 post
1173 4291 1277 4354 aciem
1310 4288 1526 4370 subserviant,
1558 4289 1636 4354 dum
1667 4289 1776 4353 officia
1805 4289 1931 4353 minora
1961 4300 2114 4374 gerentes

460 4394 550 4459 velut
573 4395 717 4458 sarcinas
742 4395 955 4459 custodiendo
979 4419 1034 4459 666
1058 4396 1224 4476 adiuvant,
1249 4395 1364 4461 eadem
1387 4399 1518 4461 iusticia
1541 4407 1677 4482 possunt
1701 4395 1863 4482 stipendia
1887 4419 1946 4459 sua
1970 4397 2114 4460 exterius

386 4528 442 4572 66,
461 4503 622 4586 accipere,
648 4524 713 4587 qua
736 4501 939 4587 supradictos
963 4502 1076 4584 lassos,
1095 4507 1251 4566 *attamen
1276 4505 1364 4568 circa
1387 4505 1533 4568 sarcinas
1558 4515 1744 4590 occupatos,
1775 4503 1912 4588 legimus
1937 4503 1977 4566 dc
2003 4502 2114 4588 spoliis

460 4609 638 4694 accepisse.
686 4608 764 4672 Illae
789 4631 867 4672 vero
892 4610 1172 4694 congregationes,
1198 4633 1281 4696 quae
1305 4621 1392 4674 totae
1416 4611 1611 4696 irregulares
1643 4610 1757 4673 dicrrnt
1779 4609 1885 4674 ordini
1916 4609 2112 4695 apostolico:

461 4714 601 4780 ‘Recede
626 4737 646 4778 a
669 4714 773 4796 nobis,
803 4716 974 4779 scientiam
997 4717 1126 4780 viarum
1149 4727 1277 4780 tuarum
1301 4717 1472 4798 nolumus’,
1502 4717 1725 4782 indubitanter
1748 4717 1862 4798 sciant,
1888 4719 1964 4803 quia
1988 4716 2113 4781 revela·
2132 4744 2159 4780 (6

459 4822 540 4887 bunt
575 4821 652 4912 eeli-
672 4822 877 4907 iniquitatem
913 4844 1025 4886 eorum
1060 4834 1093 4886 et
1126 4833 1211 4887 terra
1242 4824 1400 4888 adversus
1436 4847 1490 4888 eos
1527 4835 1717 4910 consurget,
1750 4835 1781 4887 et
1813 4823 2021 4888 manifestum
2052 4825 2115 4888 erit

459 4940 640 5015 peccatum,
666 4938 699 4992 et
722 4928 929 5013 sacrilegium
954 4951 1064 4992 eorum
1088 4931 1122 4993 in
1145 4930 1198 4994 die
1222 4931 1339 4994 furoris
1355 4931 1499 5011 Domini,
1525 4933 1602 5016 quia
1625 4932 1787 4994 iusticiam
1810 4931 1844 4994 in
1859 4931 2031 5016 iniquitate
2057 4931 2113 4994 de-

459 5037 573 5117 tinent,
603 5034 794 5121 oeeupando
823 5034 928 5117 66166,
954 5059 1038 5121 quae
1063 5059 1083 5099 a
1105 5035 1310 5121 regularibus
1340 5038 1445 5100 teneri
1476 5034 1644 5104 deberent.
1691 5036 1787 5101 Unde
1818 5038 1851 5100 in
1876 5036 2001 5120 sinodo,
2027 5060 2112 5123 quae

460 5166 544 5207 anno
572 5142 755 5206 dominicae
785 5143 1018 5206 incarnationis
1049 5141 1156 5206 MCX.
1187 5143 1300 5208 habita
1330 5153 1380 5207 cst
1408 5144 1443 5207 in
1472 5143 1687 5207 Lateranensi
1718 5143 1893 5225 aeeclesia,
1925 5143 2113 5230 presidente

459 5248 575 5314 beatae
600 5249 834 5314 recordationis
857 5271 945 5335 papa
966 5249 1129 5332 Paschali,
1154 5251 1239 5313 inter
1262 5261 1372 5314 cetera
1392 5250 1632 5337 promulgatum
1657 5261 1715 5332 est,
1741 5262 1774 5314 et
1797 5249 1838 5314 ab
1863 5252 1949 5315 omni
1974 5250 2112 5316 concilio
2132 5277 2158 5315 a

461 5353 704 5420 corroboratum
720 5369 769 5420 est
792 5355 977 5420 huiusmodi
1000 5355 1214 5442 captanum2:
1240 5356 1320 5422 Sunt
1336 5373 1492 5444 preterea,
1517 5361 1576 5443 qni
1597 5360 1647 5422 vel
1668 5359 1818 5422 ru'olentr'o
1843 5360 1892 5421 uel
1906 5359 2027 5446 favore
2050 5383 2113 5422 666

455 5467 641 5550 permittant
662 5466 830 5528 aecclesias
853 5465 1043 5550 regulariter
1059 5464 1209 5528 ordinari
1213 5490 1224 5546 ,·
1247 5465 1302 5528 Iros
1325 5467 1419 5529 etiam
1443 5465 1638 5529 deceruimus
1661 5479 1695 5528 ut
1716 5466 1887 5552 sacrilegos
1911 5464 2110 5529 indicandos.

570 5721 599 5792 1)
618 5721 710 5797 Epist.
725 5721 779 5791 XI,
794 5721 868 5790 566,
886 5723 905 5776 1.
922 5723 940 5777 l.
953 5741 986 5796 p.
1001 5721 1075 5775 333.
1146 5720 1176 5788 2)
1192 5719 1222 5778 C.
1238 5721 1266 5790 3,
1283 5719 1426 5779 Corrstitut.
1444 5719 1542 5796 imper.
1561 5720 1584 5790 I,
1597 5741 1629 5796 p.
1645 5719 1724 5790 569;
1744 5721 1785 5792 cs.
1801 5740 1891 5796 supra
1902 5741 1935 5796 p.
1947 5720 2019 5788 178,
2036 5741 2065 5777 6.
2081 5721 2110 5778 5.
