<?xml version="1.0" encoding="UTF-8"?>
<!DOCTYPE html PUBLIC "-//W3C//DTD XHTML 1.0 Transitional//EN"
    "http://www.w3.org/TR/xhtml1/DTD/xhtml1-transitional.dtd">
<html xmlns="http://www.w3.org/1999/xhtml" xml:lang="en" lang="en">
 <head>
  <title>
</title>
<meta http-equiv="Content-Type" content="text/html;charset=utf-8" />
  <meta name='ocr-system' content='tesseract 3.04.00' />
  <meta name='ocr-capabilities' content='ocr_page ocr_carea ocr_par ocr_line ocrx_word'/>
</head>
<body>
  <div class='ocr_page' id='page_1' title='image "./monumentagerman00unkngoog_0018.png"; bbox 0 0 4568 6428; ppageno 0'>
   <div class='ocr_carea' id='block_1_1' title="bbox 373 387 1814 482">
    <p class='ocr_par' dir='ltr' id='par_1_1' title="bbox 373 387 1814 482">
     <span class='ocr_line' id='line_1_1' title="bbox 373 387 1814 482; baseline 0 -32"><span class='ocrx_word' id='word_1_1' title='bbox 373 395 567 451; x_wconf 81' lang='lat' dir='ltr'>EPISTOLA</span> <span class='ocrx_word' id='word_1_2' title='bbox 590 397 642 450; x_wconf 88' lang='lat' dir='ltr'>DE</span> <span class='ocrx_word' id='word_1_3' title='bbox 667 395 845 451; x_wconf 81' lang='lat' dir='ltr'>VITANDA</span> <span class='ocrx_word' id='word_1_4' title='bbox 870 394 983 450; x_wconf 79' lang='lat' dir='ltr'>Mlssn</span> <span class='ocrx_word' id='word_1_5' title='bbox 1008 394 1287 482; x_wconf 73' lang='lat' dir='ltr'>Uxonnrouun</span> <span class='ocrx_word' id='word_1_6' title='bbox 1312 393 1590 451; x_wconf 83' lang='lat' dir='ltr'><strong>SACERDOTUM.</strong></span> <span class='ocrx_word' id='word_1_7' title='bbox 1795 387 1814 450; x_wconf 85' lang='lat'>5</span> 
     </span>
    </p>
   </div>
   <div class='ocr_carea' id='block_1_2' title="bbox 99 579 1997 2900">
    <p class='ocr_par' dir='ltr' id='par_1_2' title="bbox 158 579 1816 880">
     <span class='ocr_line' id='line_1_2' title="bbox 158 579 1816 666; baseline -0.001 -20"><span class='ocrx_word' id='word_1_8' title='bbox 158 584 260 647; x_wconf 87' lang='lat' dir='ltr'>etiam</span> <span class='ocrx_word' id='word_1_9' title='bbox 292 582 537 646; x_wconf 87' lang='lat' dir='ltr'>evidentissime</span> <span class='ocrx_word' id='word_1_10' title='bbox 568 591 671 661; x_wconf 81' lang='lat' dir='ltr'>vetat,</span> <span class='ocrx_word' id='word_1_11' title='bbox 705 604 745 644; x_wconf 90' lang='lat' dir='ltr'>ne</span> <span class='ocrx_word' id='word_1_12' title='bbox 779 580 917 666; x_wconf 88' lang='lat' dir='ltr'>populus</span> <span class='ocrx_word' id='word_1_13' title='bbox 950 582 1066 644; x_wconf 90' lang='lat' dir='ltr'>missas</span> <span class='ocrx_word' id='word_1_14' title='bbox 1096 580 1149 645; x_wconf 81' lang='lat' dir='ltr'>vel</span> <span class='ocrx_word' id='word_1_15' title='bbox 1182 580 1308 666; x_wconf 89' lang='lat' dir='ltr'>reliqua</span> <span class='ocrx_word' id='word_1_16' title='bbox 1341 580 1524 644; x_wconf 90' lang='lat' dir='ltr'>huiusmodi</span> <span class='ocrx_word' id='word_1_17' title='bbox 1555 579 1664 644; x_wconf 86' lang='lat' dir='ltr'>officia</span> <span class='ocrx_word' id='word_1_18' title='bbox 1696 579 1739 644; x_wconf 88' lang='lat' dir='ltr'>ab</span> <span class='ocrx_word' id='word_1_19' title='bbox 1769 582 1816 644; x_wconf 88' lang='lat' dir='ltr'>eis</span> 
     </span>
     <span class='ocr_line' id='line_1_3' title="bbox 158 690 308 774; baseline 0 -22"><span class='ocrx_word' id='word_1_20' title='bbox 158 690 308 774; x_wconf 87' lang='lat' dir='ltr'>recipiat.</span> 
     </span>
     <span class='ocr_line' id='line_1_4' title="bbox 270 791 1815 880; baseline 0 -22"><span class='ocrx_word' id='word_1_21' title='bbox 270 794 373 859; x_wconf 83' lang='lat' dir='ltr'>Simul</span> <span class='ocrx_word' id='word_1_22' title='bbox 395 794 533 880; x_wconf 83' lang='lat' dir='ltr'>intelligi</span> <span class='ocrx_word' id='word_1_23' title='bbox 558 793 661 874; x_wconf 88' lang='lat' dir='ltr'>datur,</span> <span class='ocrx_word' id='word_1_24' title='bbox 688 793 784 880; x_wconf 84' lang='lat' dir='ltr'>quem</span> <span class='ocrx_word' id='word_1_25' title='bbox 809 793 1020 857; x_wconf 77' lang='lat' dir='ltr'>detestandae</span> <span class='ocrx_word' id='word_1_26' title='bbox 1045 795 1108 857; x_wconf 90' lang='lat' dir='ltr'>sint</span> <span class='ocrx_word' id='word_1_27' title='bbox 1132 793 1331 858; x_wconf 82' lang='lat' dir='ltr'>amatoribus</span> <span class='ocrx_word' id='word_1_28' title='bbox 1354 791 1475 858; x_wconf 78' lang='lat' dir='ltr'>Christi</span> <span class='ocrx_word' id='word_1_29' title='bbox 1499 805 1531 858; x_wconf 92' lang='lat' dir='ltr'>et</span> <span class='ocrx_word' id='word_1_30' title='bbox 1555 793 1735 858; x_wconf 81' lang='lat' dir='ltr'>aecclesiae</span> <span class='ocrx_word' id='word_1_31' title='bbox 1761 816 1815 858; x_wconf 84' lang='lat' dir='ltr'>ex-</span> 
     </span>
    </p>

    <p class='ocr_par' dir='ltr' id='par_1_3' title="bbox 161 899 1816 988">
     <span class='ocr_line' id='line_1_5' title="bbox 161 899 1816 988; baseline -0.001 -23"><span class='ocrx_word' id='word_1_32' title='bbox 161 903 376 988; x_wconf 76' lang='lat' dir='ltr'>pectationeS,</span> <span class='ocrx_word' id='word_1_33' title='bbox 401 924 485 986; x_wconf 88' lang='lat' dir='ltr'>quae</span> <span class='ocrx_word' id='word_1_34' title='bbox 509 901 680 986; x_wconf 88' lang='lat' dir='ltr'>pecuniae,</span> <span class='ocrx_word' id='word_1_35' title='bbox 712 923 777 964; x_wconf 93' lang='lat' dir='ltr'>non</span> <span class='ocrx_word' id='word_1_36' title='bbox 801 901 950 964; x_wconf 83' lang='lat' dir='ltr'>iusticias</span> <span class='ocrx_word' id='word_1_37' title='bbox 975 911 1050 964; x_wconf 87' lang='lat' dir='ltr'>sunt</span> <span class='ocrx_word' id='word_1_38' title='bbox 1074 901 1285 985; x_wconf 88' lang='lat' dir='ltr'>captationes,</span> <span class='ocrx_word' id='word_1_39' title='bbox 1311 899 1441 986; x_wconf 91' lang='lat' dir='ltr'>quando</span> <span class='ocrx_word' id='word_1_40' title='bbox 1465 923 1526 964; x_wconf 93' lang='lat' dir='ltr'>nec</span> <span class='ocrx_word' id='word_1_41' title='bbox 1549 901 1646 985; x_wconf 89' lang='lat' dir='ltr'>primi</span> <span class='ocrx_word' id='word_1_42' title='bbox 1669 911 1816 986; x_wconf 86' lang='lat' dir='ltr'>pastores</span> 
     </span>
    </p>

    <p class='ocr_par' dir='ltr' id='par_1_4' title="bbox 122 1005 1947 1416">
     <span class='ocr_line' id='line_1_6' title="bbox 122 1005 1816 1091; baseline -0.004 -15"><span class='ocrx_word' id='word_1_43' title='bbox 122 1036 135 1076; x_wconf 84' lang='lat' dir='ltr'>e</span> <span class='ocrx_word' id='word_1_44' title='bbox 161 1007 343 1073; x_wconf 82' lang='lat' dir='ltr'>aecclesiae</span> <span class='ocrx_word' id='word_1_45' title='bbox 368 1019 400 1070; x_wconf 92' lang='lat' dir='ltr'>et</span> <span class='ocrx_word' id='word_1_46' title='bbox 423 1009 540 1071; x_wconf 89' lang='lat' dir='ltr'>summi</span> <span class='ocrx_word' id='word_1_47' title='bbox 564 1017 724 1070; x_wconf 89' lang='lat' dir='ltr'>amatores</span> <span class='ocrx_word' id='word_1_48' title='bbox 755 1008 903 1069; x_wconf 81' lang='lat' dir='ltr'>iusticias</span> <span class='ocrx_word' id='word_1_49' title='bbox 928 1009 1097 1091; x_wconf 83' lang='lat' dir='ltr'>expectari</span> <span class='ocrx_word' id='word_1_50' title='bbox 1120 1005 1292 1070; x_wconf 89' lang='lat' dir='ltr'>voluerunt</span> <span class='ocrx_word' id='word_1_51' title='bbox 1317 1008 1351 1070; x_wconf 91' lang='lat' dir='ltr'>in</span> <span class='ocrx_word' id='word_1_52' title='bbox 1375 1007 1568 1070; x_wconf 84' lang='lat' dir='ltr'>executione</span> <span class='ocrx_word' id='word_1_53' title='bbox 1593 1005 1723 1070; x_wconf 85' lang='lat' dir='ltr'>debitae</span> <span class='ocrx_word' id='word_1_54' title='bbox 1747 1007 1816 1070; x_wconf 83' lang='lat' dir='ltr'>vin-</span> 
     </span>
     <span class='ocr_line' id='line_1_7' title="bbox 161 1103 1947 1203; baseline -0.001 -25"><span class='ocrx_word' id='word_1_55' title='bbox 161 1115 282 1179; x_wconf 86' lang='lat' dir='ltr'>dictae.</span> <span class='ocrx_word' id='word_1_56' title='bbox 327 1114 415 1177; x_wconf 92' lang='lat' dir='ltr'>Hinc</span> <span class='ocrx_word' id='word_1_57' title='bbox 440 1126 472 1177; x_wconf 92' lang='lat' dir='ltr'>et</span> <span class='ocrx_word' id='word_1_58' title='bbox 496 1113 614 1176; x_wconf 84' lang='lat' dir='ltr'>Finees</span> <span class='ocrx_word' id='word_1_59' title='bbox 645 1112 792 1198; x_wconf 86' lang='lat' dir='ltr'>placator</span> <span class='ocrx_word' id='word_1_60' title='bbox 816 1112 970 1176; x_wconf 91' lang='lat' dir='ltr'>dominici</span> <span class='ocrx_word' id='word_1_61' title='bbox 998 1113 1115 1176; x_wconf 89' lang='lat' dir='ltr'>furoris</span> <span class='ocrx_word' id='word_1_62' title='bbox 1140 1114 1266 1194; x_wconf 88' lang='lat' dir='ltr'>enituit,</span> <span class='ocrx_word' id='word_1_63' title='bbox 1296 1113 1373 1199; x_wconf 88' lang='lat' dir='ltr'>quia</span> <span class='ocrx_word' id='word_1_64' title='bbox 1396 1112 1466 1176; x_wconf 89' lang='lat' dir='ltr'>zelo</span> <span class='ocrx_word' id='word_1_65' title='bbox 1492 1113 1649 1176; x_wconf 90' lang='lat' dir='ltr'>castitatis</span> <span class='ocrx_word' id='word_1_66' title='bbox 1674 1123 1817 1178; x_wconf 84' lang='lat' dir='ltr'>armatus</span> <span class='ocrx_word' id='word_1_67' title='bbox 1836 1103 1947 1203; x_wconf 77' lang='grc'>3331130</span> 
     </span>
     <span class='ocr_line' id='line_1_8' title="bbox 161 1218 1816 1306; baseline -0.002 -22"><span class='ocrx_word' id='word_1_68' title='bbox 161 1245 226 1285; x_wconf 90' lang='lat' dir='ltr'>nec</span> <span class='ocrx_word' id='word_1_69' title='bbox 249 1222 350 1306; x_wconf 88' lang='lat' dir='ltr'>ipsius</span> <span class='ocrx_word' id='word_1_70' title='bbox 374 1220 481 1306; x_wconf 81' lang='lat' dir='ltr'>Moysi</span> <span class='ocrx_word' id='word_1_71' title='bbox 506 1231 697 1305; x_wconf 81' lang='lat' dir='ltr'>preceptum</span> <span class='ocrx_word' id='word_1_72' title='bbox 720 1220 754 1281; x_wconf 92' lang='lat' dir='ltr'>in</span> <span class='ocrx_word' id='word_1_73' title='bbox 778 1218 898 1282; x_wconf 91' lang='lat' dir='ltr'>ultione</span> <span class='ocrx_word' id='word_1_74' title='bbox 924 1221 1021 1282; x_wconf 90' lang='lat' dir='ltr'>scorti</span> <span class='ocrx_word' id='word_1_75' title='bbox 1046 1221 1205 1282; x_wconf 87' lang='lat' dir='ltr'>sustinere</span> <span class='ocrx_word' id='word_1_76' title='bbox 1230 1219 1343 1304; x_wconf 88' lang='lat' dir='ltr'>potuit.</span> <span class='ocrx_word' id='word_1_77' title='bbox 1387 1219 1511 1282; x_wconf 90' lang='lat' dir='ltr'>Verum</span> <span class='ocrx_word' id='word_1_78' title='bbox 1535 1220 1590 1305; x_wconf 92' lang='lat' dir='ltr'>qui</span> <span class='ocrx_word' id='word_1_79' title='bbox 1614 1241 1701 1283; x_wconf 90' lang='lat' dir='ltr'>nunc</span> <span class='ocrx_word' id='word_1_80' title='bbox 1725 1219 1816 1305; x_wconf 91' lang='lat' dir='ltr'>spiri-</span> 
     </span>
     <span class='ocr_line' id='line_1_9' title="bbox 162 1315 1944 1416; baseline -0.001 -26"><span class='ocrx_word' id='word_1_81' title='bbox 162 1340 233 1391; x_wconf 80' lang='lat' dir='ltr'>trun</span> <span class='ocrx_word' id='word_1_82' title='bbox 250 1339 361 1392; x_wconf 89' lang='lat' dir='ltr'>contra</span> <span class='ocrx_word' id='word_1_83' title='bbox 382 1325 623 1412; x_wconf 70' lang='lat' dir='ltr'>apostoloruma</span> <span class='ocrx_word' id='word_1_84' title='bbox 644 1325 757 1389; x_wconf 87' lang='lat' dir='ltr'>volunt</span> <span class='ocrx_word' id='word_1_85' title='bbox 776 1327 966 1410; x_wconf 85' lang='lat' dir='ltr'>extinguere</span> <span class='ocrx_word' id='word_1_86' title='bbox 987 1337 1019 1389; x_wconf 90' lang='lat' dir='ltr'>et</span> <span class='ocrx_word' id='word_1_87' title='bbox 1038 1326 1225 1411; x_wconf 87' lang='lat' dir='ltr'>prophetias</span> <span class='ocrx_word' id='word_1_88' title='bbox 1250 1348 1314 1389; x_wconf 92' lang='lat' dir='ltr'>non</span> <span class='ocrx_word' id='word_1_89' title='bbox 1338 1335 1485 1388; x_wconf 91' lang='lat' dir='ltr'>metuunt</span> <span class='ocrx_word' id='word_1_90' title='bbox 1509 1347 1673 1412; x_wconf 87' lang='lat' dir='ltr'>spernere,</span> <span class='ocrx_word' id='word_1_91' title='bbox 1698 1337 1819 1410; x_wconf 89' lang='lat' dir='ltr'>cogunt</span> <span class='ocrx_word' id='word_1_92' title='bbox 1836 1315 1944 1416; x_wconf 66' lang='grc'>3391313·</span> 
     </span>
    </p>

    <p class='ocr_par' dir='ltr' id='par_1_5' title="bbox 99 1430 1819 1518">
     <span class='ocr_line' id='line_1_10' title="bbox 99 1430 1819 1518; baseline -0.002 -22"><span class='ocrx_word' id='word_1_93' title='bbox 99 1481 102 1486; x_wconf 33' lang='lat'>1</span> <span class='ocrx_word' id='word_1_94' title='bbox 163 1433 288 1514; x_wconf 84' lang='lat' dir='ltr'>fideles,</span> <span class='ocrx_word' id='word_1_95' title='bbox 318 1443 354 1497; x_wconf 91' lang='lat' dir='ltr'>ut</span> <span class='ocrx_word' id='word_1_96' title='bbox 383 1445 457 1518; x_wconf 90' lang='lat' dir='ltr'>post</span> <span class='ocrx_word' id='word_1_97' title='bbox 487 1444 534 1496; x_wconf 90' lang='lat' dir='ltr'>tot</span> <span class='ocrx_word' id='word_1_98' title='bbox 564 1443 750 1496; x_wconf 88' lang='lat' dir='ltr'>sanctorum</span> <span class='ocrx_word' id='word_1_99' title='bbox 781 1442 813 1495; x_wconf 92' lang='lat' dir='ltr'>et</span> <span class='ocrx_word' id='word_1_100' title='bbox 837 1431 1069 1496; x_wconf 88' lang='lat' dir='ltr'>catholicorum</span> <span class='ocrx_word' id='word_1_101' title='bbox 1099 1431 1288 1517; x_wconf 88' lang='lat' dir='ltr'>pontificum</span> <span class='ocrx_word' id='word_1_102' title='bbox 1318 1431 1441 1495; x_wconf 91' lang='lat' dir='ltr'>iudicia</span> <span class='ocrx_word' id='word_1_103' title='bbox 1472 1443 1647 1517; x_wconf 83' lang='lat' dir='ltr'>expectare</span> <span class='ocrx_word' id='word_1_104' title='bbox 1678 1430 1819 1496; x_wconf 90' lang='lat' dir='ltr'>debeant</span> 
     </span>
    </p>

    <p class='ocr_par' dir='ltr' id='par_1_6' title="bbox 114 1529 1905 2049">
     <span class='ocr_line' id='line_1_11' title="bbox 114 1537 1818 1625; baseline -0.004 -18"><span class='ocrx_word' id='word_1_105' title='bbox 114 1568 143 1607; x_wconf 87' lang='grc' dir='ltr'>ιο</span> <span class='ocrx_word' id='word_1_106' title='bbox 164 1551 346 1622; x_wconf 79' lang='lat' dir='ltr'>venatores,</span> <span class='ocrx_word' id='word_1_107' title='bbox 371 1539 541 1619; x_wconf 88' lang='lat' dir='ltr'>aleatores,</span> <span class='ocrx_word' id='word_1_108' title='bbox 566 1550 774 1625; x_wconf 77' lang='lat' dir='ltr'>pugnatores,</span> <span class='ocrx_word' id='word_1_109' title='bbox 799 1549 835 1602; x_wconf 91' lang='lat' dir='ltr'>ut</span> <span class='ocrx_word' id='word_1_110' title='bbox 852 1538 948 1602; x_wconf 92' lang='lat' dir='ltr'>modo</span> <span class='ocrx_word' id='word_1_111' title='bbox 966 1538 1204 1602; x_wconf 82' lang='lat' dir='ltr'>dissimulemus</span> <span class='ocrx_word' id='word_1_112' title='bbox 1221 1538 1443 1618; x_wconf 83' lang='lat' dir='ltr'>lemicatores,</span> <span class='ocrx_word' id='word_1_113' title='bbox 1470 1539 1496 1600; x_wconf 87' lang='lat' dir='ltr'>si</span> <span class='ocrx_word' id='word_1_114' title='bbox 1517 1537 1646 1624; x_wconf 90' lang='lat' dir='ltr'>quando</span> <span class='ocrx_word' id='word_1_115' title='bbox 1667 1560 1701 1601; x_wconf 89' lang='lat' dir='ltr'>se</span> <span class='ocrx_word' id='word_1_116' title='bbox 1717 1537 1818 1601; x_wconf 78' lang='lat' dir='ltr'>velint</span> 
     </span>
     <span class='ocr_line' id='line_1_12' title="bbox 164 1643 1817 1732; baseline -0.002 -23"><span class='ocrx_word' id='word_1_117' title='bbox 164 1645 331 1732; x_wconf 90' lang='lat' dir='ltr'>paulisper</span> <span class='ocrx_word' id='word_1_118' title='bbox 354 1667 559 1730; x_wconf 85' lang='lat' dir='ltr'>exoccupare</span> <span class='ocrx_word' id='word_1_119' title='bbox 585 1655 617 1708; x_wconf 91' lang='lat' dir='ltr'>et</span> <span class='ocrx_word' id='word_1_120' title='bbox 640 1644 724 1708; x_wconf 89' lang='lat' dir='ltr'>solos</span> <span class='ocrx_word' id='word_1_121' title='bbox 749 1644 881 1729; x_wconf 89' lang='lat' dir='ltr'>quidem</span> <span class='ocrx_word' id='word_1_122' title='bbox 912 1667 1073 1730; x_wconf 87' lang='lat' dir='ltr'>pauperes</span> <span class='ocrx_word' id='word_1_123' title='bbox 1098 1667 1156 1730; x_wconf 91' lang='lat' dir='ltr'>pro</span> <span class='ocrx_word' id='word_1_124' title='bbox 1180 1667 1266 1708; x_wconf 60' lang='lat' dir='ltr'>arana</span> <span class='ocrx_word' id='word_1_125' title='bbox 1289 1643 1393 1729; x_wconf 86' lang='lat' dir='ltr'>gloria</span> <span class='ocrx_word' id='word_1_126' title='bbox 1417 1644 1608 1725; x_wconf 88' lang='lat' dir='ltr'>diiudicare,</span> <span class='ocrx_word' id='word_1_127' title='bbox 1639 1643 1817 1729; x_wconf 87' lang='lat' dir='ltr'>flagitiosos</span> 
     </span>
     <span class='ocr_line' id='line_1_13' title="bbox 165 1749 1905 1836; baseline -0.001 -21"><span class='ocrx_word' id='word_1_128' title='bbox 165 1763 275 1815; x_wconf 86' lang='lat' dir='ltr'>autem</span> <span class='ocrx_word' id='word_1_129' title='bbox 298 1751 415 1815; x_wconf 84' lang='lat' dir='ltr'>divites</span> <span class='ocrx_word' id='word_1_130' title='bbox 445 1773 504 1836; x_wconf 91' lang='lat' dir='ltr'>pro</span> <span class='ocrx_word' id='word_1_131' title='bbox 529 1750 716 1814; x_wconf 90' lang='lat' dir='ltr'>muneribus</span> <span class='ocrx_word' id='word_1_132' title='bbox 747 1773 812 1814; x_wconf 90' lang='lat' dir='ltr'>non</span> <span class='ocrx_word' id='word_1_133' title='bbox 844 1749 946 1814; x_wconf 89' lang='lat' dir='ltr'>solum</span> <span class='ocrx_word' id='word_1_134' title='bbox 971 1753 1048 1814; x_wconf 81' lang='lat' dir='ltr'>&#39;non</span> <span class='ocrx_word' id='word_1_135' title='bbox 1077 1749 1257 1831; x_wconf 90' lang='lat' dir='ltr'>humiliare,</span> <span class='ocrx_word' id='word_1_136' title='bbox 1290 1749 1348 1813; x_wconf 86' lang='lat' dir='ltr'>sed</span> <span class='ocrx_word' id='word_1_137' title='bbox 1372 1751 1469 1814; x_wconf 89' lang='lat' dir='ltr'>etiam</span> <span class='ocrx_word' id='word_1_138' title='bbox 1501 1774 1599 1836; x_wconf 88' lang='lat' dir='ltr'>super</span> <span class='ocrx_word' id='word_1_139' title='bbox 1628 1752 1817 1814; x_wconf 89' lang='lat' dir='ltr'>innocentes</span> <span class='ocrx_word' id='word_1_140' title='bbox 1836 1776 1905 1815; x_wconf 65' lang='lat' dir='ltr'>*cra</span> 
     </span>
     <span class='ocr_line' id='line_1_14' title="bbox 165 1856 1817 1943; baseline -0.001 -23"><span class='ocrx_word' id='word_1_141' title='bbox 165 1871 198 1920; x_wconf 90' lang='lat' dir='ltr'>et</span> <span class='ocrx_word' id='word_1_142' title='bbox 231 1857 406 1943; x_wconf 84' lang='lat' dir='ltr'>prudentes</span> <span class='ocrx_word' id='word_1_143' title='bbox 442 1881 480 1921; x_wconf 90' lang='lat' dir='ltr'>ac</span> <span class='ocrx_word' id='word_1_144' title='bbox 514 1857 682 1942; x_wconf 87' lang='lat' dir='ltr'>religiosos</span> <span class='ocrx_word' id='word_1_145' title='bbox 716 1856 872 1920; x_wconf 88' lang='lat' dir='ltr'>exaltare.</span> <span class='ocrx_word' id='word_1_146' title='bbox 928 1856 1055 1921; x_wconf 86' lang='lat' dir='ltr'>Scimus</span> <span class='ocrx_word' id='word_1_147' title='bbox 1090 1858 1175 1920; x_wconf 90' lang='lat' dir='ltr'>enim</span> <span class='ocrx_word' id='word_1_148' title='bbox 1211 1857 1291 1921; x_wconf 88' lang='lat' dir='ltr'>tales</span> <span class='ocrx_word' id='word_1_149' title='bbox 1326 1859 1512 1943; x_wconf 87' lang='lat' dir='ltr'>episcopos,</span> <span class='ocrx_word' id='word_1_150' title='bbox 1547 1859 1602 1942; x_wconf 93' lang='lat' dir='ltr'>qui</span> <span class='ocrx_word' id='word_1_151' title='bbox 1637 1857 1817 1921; x_wconf 86' lang='lat' dir='ltr'>manifestis</span> 
     </span>
     <span class='ocr_line' id='line_1_15' title="bbox 166 1961 1816 2049; baseline -0.001 -22"><span class='ocrx_word' id='word_1_152' title='bbox 166 1966 363 2049; x_wconf 74' lang='lat' dir='ltr'>syunoniacis</span> <span class='ocrx_word' id='word_1_153' title='bbox 383 1976 415 2028; x_wconf 94' lang='lat' dir='ltr'>et</span> <span class='ocrx_word' id='word_1_154' title='bbox 430 1963 600 2028; x_wconf 87' lang='lat' dir='ltr'>Nicolaitis</span> <span class='ocrx_word' id='word_1_155' title='bbox 625 1963 704 2026; x_wconf 85' lang='lat' dir='ltr'>alias</span> <span class='ocrx_word' id='word_1_156' title='bbox 729 1965 878 2027; x_wconf 90' lang='lat' dir='ltr'>nesciunt</span> <span class='ocrx_word' id='word_1_157' title='bbox 901 1964 1070 2048; x_wconf 83' lang='lat' dir='ltr'>iniungere</span> <span class='ocrx_word' id='word_1_158' title='bbox 1096 1964 1290 2048; x_wconf 87' lang='lat' dir='ltr'>penitentias</span> <span class='ocrx_word' id='word_1_159' title='bbox 1314 1965 1376 2026; x_wconf 89' lang='lat' dir='ltr'>nisi</span> <span class='ocrx_word' id='word_1_160' title='bbox 1396 1961 1689 2044; x_wconf 74' lang='lat' dir='ltr'>vicedominatusb,</span> <span class='ocrx_word' id='word_1_161' title='bbox 1713 1963 1816 2028; x_wconf 91' lang='lat' dir='ltr'>archi-</span> 
     </span>
    </p>

    <p class='ocr_par' dir='ltr' id='par_1_7' title="bbox 116 2068 1861 2580">
     <span class='ocr_line' id='line_1_16' title="bbox 116 2068 1816 2156; baseline -0.003 -18"><span class='ocrx_word' id='word_1_162' title='bbox 116 2099 146 2138; x_wconf 83' lang='lat' dir='ltr'>rs</span> <span class='ocrx_word' id='word_1_163' title='bbox 165 2069 410 2156; x_wconf 85' lang='lat' dir='ltr'>presbiteratus,</span> <span class='ocrx_word' id='word_1_164' title='bbox 442 2071 663 2156; x_wconf 88' lang='lat' dir='ltr'>preposituras</span> <span class='ocrx_word' id='word_1_165' title='bbox 688 2082 720 2134; x_wconf 90' lang='lat' dir='ltr'>et</span> <span class='ocrx_word' id='word_1_166' title='bbox 750 2093 881 2155; x_wconf 88' lang='lat' dir='ltr'>prorsus</span> <span class='ocrx_word' id='word_1_167' title='bbox 912 2068 1196 2133; x_wconf 87' lang='lat' dir='ltr'>innumerabilium</span> <span class='ocrx_word' id='word_1_168' title='bbox 1227 2069 1389 2133; x_wconf 90' lang='lat' dir='ltr'>lucrorum</span> <span class='ocrx_word' id='word_1_169' title='bbox 1420 2081 1452 2133; x_wconf 90' lang='lat' dir='ltr'>et</span> <span class='ocrx_word' id='word_1_170' title='bbox 1482 2079 1666 2155; x_wconf 91' lang='lat' dir='ltr'>stuprorum</span> <span class='ocrx_word' id='word_1_171' title='bbox 1694 2071 1816 2155; x_wconf 90' lang='lat' dir='ltr'>copias.</span> 
     </span>
     <span class='ocr_line' id='line_1_17' title="bbox 167 2175 1861 2262; baseline 0.001 -23"><span class='ocrx_word' id='word_1_172' title='bbox 167 2176 265 2239; x_wconf 87' lang='lat' dir='ltr'>Tales</span> <span class='ocrx_word' id='word_1_173' title='bbox 289 2178 387 2262; x_wconf 87' lang='lat' dir='ltr'>igitur</span> <span class='ocrx_word' id='word_1_174' title='bbox 411 2187 587 2261; x_wconf 86' lang='lat' dir='ltr'>expectent</span> <span class='ocrx_word' id='word_1_175' title='bbox 610 2178 663 2262; x_wconf 92' lang='lat' dir='ltr'>qui</span> <span class='ocrx_word' id='word_1_176' title='bbox 689 2176 805 2258; x_wconf 78' lang='lat' dir='ltr'>velint3</span> <span class='ocrx_word' id='word_1_177' title='bbox 837 2199 896 2239; x_wconf 87' lang='lat' dir='ltr'>nos</span> <span class='ocrx_word' id='word_1_178' title='bbox 921 2177 1070 2256; x_wconf 85' lang='lat' dir='ltr'>scientes,</span> <span class='ocrx_word' id='word_1_179' title='bbox 1096 2177 1173 2260; x_wconf 91' lang='lat' dir='ltr'>quia</span> <span class='ocrx_word' id='word_1_180' title='bbox 1195 2175 1331 2239; x_wconf 90' lang='lat' dir='ltr'>Balaam</span> <span class='ocrx_word' id='word_1_181' title='bbox 1354 2198 1420 2239; x_wconf 91' lang='lat' dir='ltr'>non</span> <span class='ocrx_word' id='word_1_182' title='bbox 1445 2176 1616 2260; x_wconf 83' lang='lat' dir='ltr'>corrigitur</span> <span class='ocrx_word' id='word_1_183' title='bbox 1639 2178 1702 2240; x_wconf 90' lang='lat' dir='ltr'>nisi</span> <span class='ocrx_word' id='word_1_184' title='bbox 1726 2178 1817 2240; x_wconf 90' lang='lat' dir='ltr'>asina</span> <span class='ocrx_word' id='word_1_185' title='bbox 1836 2221 1861 2258; x_wconf 66' lang='lat'>,2</span> 
     </span>
     <span class='ocr_line' id='line_1_18' title="bbox 167 2281 1817 2368; baseline 0.001 -23"><span class='ocrx_word' id='word_1_186' title='bbox 167 2281 327 2368; x_wconf 87' lang='lat' dir='ltr'>loquatur,</span> <span class='ocrx_word' id='word_1_187' title='bbox 357 2283 484 2346; x_wconf 89' lang='lat' dir='ltr'>illorum</span> <span class='ocrx_word' id='word_1_188' title='bbox 508 2285 685 2347; x_wconf 88' lang='lat' dir='ltr'>sententias</span> <span class='ocrx_word' id='word_1_189' title='bbox 710 2284 830 2368; x_wconf 86' lang='lat' dir='ltr'>exequi</span> <span class='ocrx_word' id='word_1_190' title='bbox 854 2283 1011 2368; x_wconf 89' lang='lat' dir='ltr'>cupimus,</span> <span class='ocrx_word' id='word_1_191' title='bbox 1037 2305 1117 2366; x_wconf 90' lang='lat' dir='ltr'>quos</span> <span class='ocrx_word' id='word_1_192' title='bbox 1142 2283 1207 2344; x_wconf 87' lang='lat' dir='ltr'>iam</span> <span class='ocrx_word' id='word_1_193' title='bbox 1231 2305 1304 2345; x_wconf 90' lang='lat' dir='ltr'>cum</span> <span class='ocrx_word' id='word_1_194' title='bbox 1329 2281 1458 2346; x_wconf 84' lang='lat' dir='ltr'>Christo</span> <span class='ocrx_word' id='word_1_195' title='bbox 1483 2303 1620 2366; x_wconf 88' lang='lat' dir='ltr'>regnare</span> <span class='ocrx_word' id='word_1_196' title='bbox 1644 2282 1817 2364; x_wconf 89' lang='lat' dir='ltr'>credimus,</span> 
     </span>
     <span class='ocr_line' id='line_1_19' title="bbox 168 2388 1848 2476; baseline 0 -24"><span class='ocrx_word' id='word_1_197' title='bbox 168 2391 289 2475; x_wconf 89' lang='lat' dir='ltr'>quique</span> <span class='ocrx_word' id='word_1_198' title='bbox 313 2391 413 2453; x_wconf 89' lang='lat' dir='ltr'>nimia</span> <span class='ocrx_word' id='word_1_199' title='bbox 437 2392 630 2454; x_wconf 85' lang='lat' dir='ltr'>necessitate</span> <span class='ocrx_word' id='word_1_200' title='bbox 656 2389 814 2476; x_wconf 90' lang='lat' dir='ltr'>compulsi</span> <span class='ocrx_word' id='word_1_201' title='bbox 839 2401 870 2453; x_wconf 90' lang='lat' dir='ltr'>et</span> <span class='ocrx_word' id='word_1_202' title='bbox 894 2388 1006 2452; x_wconf 88' lang='lat' dir='ltr'>divina</span> <span class='ocrx_word' id='word_1_203' title='bbox 1030 2389 1222 2451; x_wconf 89' lang='lat' dir='ltr'>auctoritate</span> <span class='ocrx_word' id='word_1_204' title='bbox 1247 2389 1395 2452; x_wconf 88' lang='lat' dir='ltr'>instructi</span> <span class='ocrx_word' id='word_1_205' title='bbox 1419 2401 1617 2474; x_wconf 81' lang='lat' dir='ltr'>aperuelunt</span> <span class='ocrx_word' id='word_1_206' title='bbox 1641 2411 1697 2452; x_wconf 86' lang='lat' dir='ltr'>ora</span> <span class='ocrx_word' id='word_1_207' title='bbox 1721 2389 1817 2452; x_wconf 90' lang='lat' dir='ltr'>laico·</span> <span class='ocrx_word' id='word_1_208' title='bbox 1843 2453 1848 2462; x_wconf 82' lang='grc'><strong>,</strong></span> 
     </span>
     <span class='ocr_line' id='line_1_20' title="bbox 167 2495 1248 2580; baseline 0 -22"><span class='ocrx_word' id='word_1_209' title='bbox 167 2519 239 2558; x_wconf 92' lang='lat' dir='ltr'>rum</span> <span class='ocrx_word' id='word_1_210' title='bbox 263 2518 361 2580; x_wconf 90' lang='lat' dir='ltr'>super</span> <span class='ocrx_word' id='word_1_211' title='bbox 384 2495 583 2560; x_wconf 86' lang='lat' dir='ltr'>indubitatos</span> <span class='ocrx_word' id='word_1_212' title='bbox 607 2518 732 2559; x_wconf 90' lang='lat' dir='ltr'>errores</span> <span class='ocrx_word' id='word_1_213' title='bbox 757 2495 958 2558; x_wconf 89' lang='lat' dir='ltr'>clericorum.</span> <span class='ocrx_word' id='word_1_214' title='bbox 1247 2505 1248 2508; x_wconf 75' lang='grc'>’</span> 
     </span>
    </p>

    <p class='ocr_par' dir='ltr' id='par_1_8' title="bbox 119 2600 1997 2900">
     <span class='ocr_line' id='line_1_21' title="bbox 119 2600 1819 2688; baseline -0.003 -19"><span class='ocrx_word' id='word_1_215' title='bbox 119 2630 149 2669; x_wconf 79' lang='lat' dir='ltr'>ao</span> <span class='ocrx_word' id='word_1_216' title='bbox 275 2601 397 2665; x_wconf 89' lang='lat' dir='ltr'>Beatus</span> <span class='ocrx_word' id='word_1_217' title='bbox 422 2601 605 2688; x_wconf 81' lang='lat' dir='ltr'>Cyprianus</span> <span class='ocrx_word' id='word_1_218' title='bbox 634 2604 806 2687; x_wconf 87' lang='lat' dir='ltr'>episcopus</span> <span class='ocrx_word' id='word_1_219' title='bbox 837 2613 870 2664; x_wconf 92' lang='lat' dir='ltr'>et</span> <span class='ocrx_word' id='word_1_220' title='bbox 899 2613 1031 2686; x_wconf 84' lang='lat' dir='ltr'>martyr,</span> <span class='ocrx_word' id='word_1_221' title='bbox 1064 2624 1160 2687; x_wconf 91' lang='lat' dir='ltr'>quem</span> <span class='ocrx_word' id='word_1_222' title='bbox 1191 2612 1323 2664; x_wconf 86' lang='lat' dir='ltr'>sanctus</span> <span class='ocrx_word' id='word_1_223' title='bbox 1346 2601 1528 2664; x_wconf 89' lang='lat' dir='ltr'>leronimus</span> <span class='ocrx_word' id='word_1_224' title='bbox 1559 2600 1819 2686; x_wconf 90' lang='lat' dir='ltr'>limpidissimum</span> 
     </span>
     <span class='ocr_line' id='line_1_22' title="bbox 168 2706 1821 2794; baseline 0.001 -24"><span class='ocrx_word' id='word_1_225' title='bbox 168 2709 290 2772; x_wconf 87' lang='lat' dir='ltr'>fontem</span> <span class='ocrx_word' id='word_1_226' title='bbox 321 2707 464 2794; x_wconf 87' lang='lat' dir='ltr'>appellat</span> <span class='ocrx_word' id='word_1_227' title='bbox 487 2710 644 2794; x_wconf 88' lang='lat' dir='ltr'>cuiusque</span> <span class='ocrx_word' id='word_1_228' title='bbox 676 2707 742 2772; x_wconf 91' lang='lat' dir='ltr'>sole</span> <span class='ocrx_word' id='word_1_229' title='bbox 768 2707 886 2771; x_wconf 85' lang='lat' dir='ltr'>clarius</span> <span class='ocrx_word' id='word_1_230' title='bbox 917 2709 1083 2792; x_wconf 84' lang='lat' dir='ltr'>ingenium</span> <span class='ocrx_word' id='word_1_231' title='bbox 1114 2708 1262 2793; x_wconf 87' lang='lat' dir='ltr'>predicat</span> <span class='ocrx_word' id='word_1_232' title='bbox 1273 2711 1292 2789; x_wconf 90' lang='lat'>¹,</span> <span class='ocrx_word' id='word_1_233' title='bbox 1324 2708 1358 2770; x_wconf 95' lang='lat' dir='ltr'>in</span> <span class='ocrx_word' id='word_1_234' title='bbox 1382 2707 1520 2792; x_wconf 90' lang='lat' dir='ltr'>epistola</span> <span class='ocrx_word' id='word_1_235' title='bbox 1543 2707 1583 2771; x_wconf 91' lang='lat' dir='ltr'>de</span> <span class='ocrx_word' id='word_1_236' title='bbox 1607 2706 1763 2771; x_wconf 85' lang='lat' dir='ltr'>Marciale</span> <span class='ocrx_word' id='word_1_237' title='bbox 1788 2717 1821 2771; x_wconf 87' lang='lat' dir='ltr'>et</span> 
     </span>
     <span class='ocr_line' id='line_1_23' title="bbox 168 2797 1997 2900; baseline 0.001 -24"><span class='ocrx_word' id='word_1_238' title='bbox 168 2797 313 2878; x_wconf 87' lang='lat' dir='ltr'>Basilide</span> <span class='ocrx_word' id='word_1_239' title='bbox 344 2815 390 2878; x_wconf 88' lang='lat' dir='ltr'>ita</span> <span class='ocrx_word' id='word_1_240' title='bbox 414 2814 649 2900; x_wconf 67' lang='lat' dir='ltr'>dognratizan:</span> <span class='ocrx_word' id='word_1_241' title='bbox 682 2815 722 2878; x_wconf 86' lang='lat' dir='ltr'>In</span> <span class='ocrx_word' id='word_1_242' title='bbox 745 2815 842 2878; x_wconf 72' lang='lat' dir='ltr'>enoda</span> <span class='ocrx_word' id='word_1_243' title='bbox 867 2815 912 2878; x_wconf 88' lang='lat' dir='ltr'>ad</span> <span class='ocrx_word' id='word_1_244' title='bbox 933 2815 1063 2900; x_wconf 55' lang='lat' dir='ltr'>ildrpsen</span> <span class='ocrx_word' id='word_1_245' title='bbox 1087 2815 1175 2878; x_wconf 82' lang='lat' dir='ltr'>Deus</span> <span class='ocrx_word' id='word_1_246' title='bbox 1208 2817 1346 2900; x_wconf 80' lang='lat' dir='ltr'>loquitur</span> <span class='ocrx_word' id='word_1_247' title='bbox 1369 2829 1397 2878; x_wconf 88' lang='lat' dir='ltr'>et</span> <span class='ocrx_word' id='word_1_248' title='bbox 1420 2829 1520 2878; x_wconf 70' lang='lat' dir='ltr'>assonet</span> <span class='ocrx_word' id='word_1_249' title='bbox 1543 2815 1668 2878; x_wconf 87' lang='lat' dir='ltr'>dicens:</span> <span class='ocrx_word' id='word_1_250' title='bbox 1698 2813 1819 2878; x_wconf 68' lang='lat' dir='ltr'>‘Sacer</span> <span class='ocrx_word' id='word_1_251' title='bbox 1839 2837 1997 2889; x_wconf 73' lang='lat' dir='ltr'>amaran.</span> 
     </span>
    </p>
   </div>
   <div class='ocr_carea' id='block_1_3' title="bbox 169 2921 1818 3009">
    <p class='ocr_par' dir='ltr' id='par_1_9' title="bbox 169 2921 1818 3009">
     <span class='ocr_line' id='line_1_24' title="bbox 169 2921 1818 3009; baseline -0.001 -25"><span class='ocrx_word' id='word_1_252' title='bbox 169 2922 264 3002; x_wconf 79' lang='lat' dir='ltr'>dotes,</span> <span class='ocrx_word' id='word_1_253' title='bbox 289 2925 348 3006; x_wconf 85' lang='lat' dir='ltr'>qui</span> <span class='ocrx_word' id='word_1_254' title='bbox 364 2923 514 2986; x_wconf 86' lang='lat' dir='ltr'>accedunt</span> <span class='ocrx_word' id='word_1_255' title='bbox 536 2923 580 2985; x_wconf 88' lang='lat' dir='ltr'>od</span> <span class='ocrx_word' id='word_1_256' title='bbox 596 2923 757 2985; x_wconf 71' lang='lat' dir='ltr'>‹lorrainnm</span> <span class='ocrx_word' id='word_1_257' title='bbox 774 2922 887 3001; x_wconf 83' lang='lat' dir='ltr'>Deum,</span> <span class='ocrx_word' id='word_1_258' title='bbox 910 2923 1152 3007; x_wconf 77' lang='lat' dir='ltr'>sorcctificentur,</span> <span class='ocrx_word' id='word_1_259' title='bbox 1177 2947 1213 2985; x_wconf 88' lang='lat' dir='ltr'>ne</span> <span class='ocrx_word' id='word_1_260' title='bbox 1222 2923 1313 3009; x_wconf 81' lang='lat' dir='ltr'>forte</span> <span class='ocrx_word' id='word_1_261' title='bbox 1331 2921 1529 3005; x_wconf 85' lang='lat' dir='ltr'>derelinquat</span> <span class='ocrx_word' id='word_1_262' title='bbox 1553 2922 1625 2984; x_wconf 86' lang='lat' dir='ltr'>illos</span> <span class='ocrx_word' id='word_1_263' title='bbox 1642 2921 1818 2985; x_wconf 85' lang='lat' dir='ltr'>Dominus’.</span> 
     </span>
    </p>
   </div>
   <div class='ocr_carea' id='block_1_4' title="bbox 1864 2167 1960 2268">
    <p class='ocr_par' dir='ltr' id='par_1_10' title="bbox 1864 2167 1960 2268">
     <span class='ocr_line' id='line_1_25' title="bbox 1869 2167 1934 2205; baseline -0.031 0"><span class='ocrx_word' id='word_1_264' title='bbox 1869 2167 1934 2205; x_wconf 84' lang='lat' dir='ltr'>Num.</span> 
     </span>
     <span class='ocr_line' id='line_1_26' title="bbox 1864 2220 1960 2268; baseline 0 -11"><span class='ocrx_word' id='word_1_265' title='bbox 1864 2248 1869 2268; x_wconf 88' lang='lat'>,</span> <span class='ocrx_word' id='word_1_266' title='bbox 1878 2220 1903 2258; x_wconf 76' lang='grc'>28</span> <span class='ocrx_word' id='word_1_267' title='bbox 1911 2230 1960 2267; x_wconf 72' lang='lat' dir='ltr'>corp</span> 
     </span>
    </p>
   </div>
   <div class='ocr_carea' id='block_1_5' title="bbox 66 3027 1996 5136">
    <p class='ocr_par' dir='ltr' id='par_1_11' title="bbox 66 3027 1996 5136">
     <span class='ocr_line' id='line_1_27' title="bbox 170 3027 1996 3107; baseline 0.001 -18"><span class='ocrx_word' id='word_1_268' title='bbox 170 3028 213 3091; x_wconf 79' lang='lat' dir='ltr'>lit</span> <span class='ocrx_word' id='word_1_269' title='bbox 243 3031 373 3092; x_wconf 85' lang='lat' dir='ltr'>iterum:</span> <span class='ocrx_word' id='word_1_270' title='bbox 403 3029 547 3092; x_wconf 85' lang='lat' dir='ltr'>‘Etcum</span> <span class='ocrx_word' id='word_1_271' title='bbox 572 3029 723 3092; x_wconf 85' lang='lat' dir='ltr'>accedunt</span> <span class='ocrx_word' id='word_1_272' title='bbox 745 3030 927 3091; x_wconf 73' lang='lat' dir='ltr'>rnirustrore</span> <span class='ocrx_word' id='word_1_273' title='bbox 951 3027 996 3090; x_wconf 90' lang='lat' dir='ltr'>ad</span> <span class='ocrx_word' id='word_1_274' title='bbox 1018 3029 1118 3091; x_wconf 84' lang='lat' dir='ltr'>altare</span> <span class='ocrx_word' id='word_1_275' title='bbox 1141 3035 1316 3107; x_wconf 74' lang='lat' dir='ltr'>sarectum0,</span> <span class='ocrx_word' id='word_1_276' title='bbox 1347 3051 1409 3090; x_wconf 73' lang='lat' dir='ltr'>reon</span> <span class='ocrx_word' id='word_1_277' title='bbox 1432 3027 1589 3092; x_wconf 82' lang='lat' dir='ltr'>adducent</span> <span class='ocrx_word' id='word_1_278' title='bbox 1612 3031 1700 3092; x_wconf 87' lang='lat' dir='ltr'>inse</span> <span class='ocrx_word' id='word_1_279' title='bbox 1725 3028 1996 3101; x_wconf 58' lang='lat' dir='ltr'>deliniamentum</span> 
     </span>
     <span class='ocr_line' id='line_1_28' title="bbox 122 3133 1979 3222; baseline -0.002 -22"><span class='ocrx_word' id='word_1_280' title='bbox 122 3161 149 3200; x_wconf 74' lang='lat' dir='ltr'>aa</span> <span class='ocrx_word' id='word_1_281' title='bbox 169 3149 243 3214; x_wconf 72' lang='lat' dir='ltr'>terne,</span> <span class='ocrx_word' id='word_1_282' title='bbox 276 3160 312 3198; x_wconf 88' lang='lat' dir='ltr'>nc</span> <span class='ocrx_word' id='word_1_283' title='bbox 341 3138 526 3200; x_wconf 78' lang='lat' dir='ltr'>rrtcriantur.</span> <span class='ocrx_word' id='word_1_284' title='bbox 575 3134 651 3198; x_wconf 84' lang='lat' dir='ltr'>Item</span> <span class='ocrx_word' id='word_1_285' title='bbox 676 3138 710 3199; x_wconf 85' lang='lat' dir='ltr'>in</span> <span class='ocrx_word' id='word_1_286' title='bbox 733 3135 875 3199; x_wconf 77' lang='lat' dir='ltr'>Leuitico</span> <span class='ocrx_word' id='word_1_287' title='bbox 899 3136 1043 3219; x_wconf 86' lang='lat' dir='ltr'>precipit</span> <span class='ocrx_word' id='word_1_288' title='bbox 1064 3134 1222 3198; x_wconf 82' lang='lat' dir='ltr'>Dorninus</span> <span class='ocrx_word' id='word_1_289' title='bbox 1246 3149 1274 3198; x_wconf 90' lang='lat' dir='ltr'>et</span> <span class='ocrx_word' id='word_1_290' title='bbox 1297 3135 1393 3197; x_wconf 85' lang='lat' dir='ltr'>dicit:</span> <span class='ocrx_word' id='word_1_291' title='bbox 1424 3133 1548 3214; x_wconf 78' lang='lat' dir='ltr'>‘Hom-0,</span> <span class='ocrx_word' id='word_1_292' title='bbox 1580 3137 1612 3198; x_wconf 88' lang='lat' dir='ltr'>in</span> <span class='ocrx_word' id='word_1_293' title='bbox 1636 3157 1696 3218; x_wconf 85' lang='lat' dir='ltr'>quo</span> <span class='ocrx_word' id='word_1_294' title='bbox 1714 3136 1822 3222; x_wconf 84' lang='lat' dir='ltr'>fuerit</span> <span class='ocrx_word' id='word_1_295' title='bbox 1840 3159 1979 3206; x_wconf 59' lang='lat' dir='ltr'>masan.</span> 
     </span>
     <span class='ocr_line' id='line_1_29' title="bbox 171 3240 1822 3327; baseline 0.001 -24"><span class='ocrx_word' id='word_1_296' title='bbox 171 3243 294 3305; x_wconf 69' lang='lat' dir='ltr'>seracula</span> <span class='ocrx_word' id='word_1_297' title='bbox 318 3257 347 3304; x_wconf 90' lang='lat' dir='ltr'>et</span> <span class='ocrx_word' id='word_1_298' title='bbox 371 3245 495 3320; x_wconf 82' lang='lat' dir='ltr'>aicium,</span> <span class='ocrx_word' id='word_1_299' title='bbox 527 3266 588 3305; x_wconf 29' lang='lat' dir='ltr'>utcu</span> <span class='ocrx_word' id='word_1_300' title='bbox 611 3242 739 3306; x_wconf 78' lang='lat' dir='ltr'>accedat</span> <span class='ocrx_word' id='word_1_301' title='bbox 762 3243 875 3327; x_wconf 68' lang='lat' dir='ltr'>oller-re</span> <span class='ocrx_word' id='word_1_302' title='bbox 900 3241 983 3304; x_wconf 89' lang='lat' dir='ltr'>dona</span> <span class='ocrx_word' id='word_1_303' title='bbox 1007 3241 1095 3303; x_wconf 79' lang='lat' dir='ltr'>Deo&#39;.</span> <span class='ocrx_word' id='word_1_304' title='bbox 1146 3240 1210 3317; x_wconf 77' lang='lat' dir='ltr'>Que</span> <span class='ocrx_word' id='word_1_305' title='bbox 1234 3266 1302 3304; x_wconf 86' lang='lat' dir='ltr'>cum</span> <span class='ocrx_word' id='word_1_306' title='bbox 1326 3241 1477 3326; x_wconf 87' lang='lat' dir='ltr'>predicto</span> <span class='ocrx_word' id='word_1_307' title='bbox 1501 3255 1529 3304; x_wconf 89' lang='lat' dir='ltr'>et</span> <span class='ocrx_word' id='word_1_308' title='bbox 1557 3242 1729 3327; x_wconf 77' lang='lat' dir='ltr'>manifesta</span> <span class='ocrx_word' id='word_1_309' title='bbox 1759 3244 1822 3304; x_wconf 89' lang='lat' dir='ltr'>sint</span> 
     </span>
     <span class='ocr_line' id='line_1_30' title="bbox 169 3339 1843 3433; baseline 0.001 -23"><span class='ocrx_word' id='word_1_310' title='bbox 169 3349 268 3426; x_wconf 77' lang='lat' dir='ltr'>scobis,</span> <span class='ocrx_word' id='word_1_311' title='bbox 295 3351 455 3433; x_wconf 77' lang='lat' dir='ltr'>preceptis</span> <span class='ocrx_word' id='word_1_312' title='bbox 480 3348 601 3412; x_wconf 84' lang='lat' dir='ltr'>dicim‘s</span> <span class='ocrx_word' id='word_1_313' title='bbox 627 3373 747 3412; x_wconf 86' lang='lat' dir='ltr'>necesse</span> <span class='ocrx_word' id='word_1_314' title='bbox 771 3362 816 3412; x_wconf 89' lang='lat' dir='ltr'>est</span> <span class='ocrx_word' id='word_1_315' title='bbox 838 3349 984 3432; x_wconf 82' lang='lat' dir='ltr'>obsequia</span> <span class='ocrx_word' id='word_1_316' title='bbox 1009 3363 1115 3410; x_wconf 45' lang='lat' dir='ltr'>*nostra</span> <span class='ocrx_word' id='word_1_317' title='bbox 1141 3347 1328 3426; x_wconf 72' lang='lat' dir='ltr'>deserviant,</span> <span class='ocrx_word' id='word_1_318' title='bbox 1359 3372 1413 3411; x_wconf 88' lang='lat' dir='ltr'>nec</span> <span class='ocrx_word' id='word_1_319' title='bbox 1437 3371 1578 3432; x_wconf 89' lang='lat' dir='ltr'>persona</span> <span class='ocrx_word' id='word_1_320' title='bbox 1610 3350 1643 3411; x_wconf 91' lang='lat' dir='ltr'>in</span> <span class='ocrx_word' id='word_1_321' title='bbox 1667 3339 1843 3412; x_wconf 51' lang='lat' dir='ltr'>eiusmodi¹</span> 
     </span>
     <span class='ocr_line' id='line_1_31' title="bbox 171 3452 1823 3541; baseline 0.001 -25"><span class='ocrx_word' id='word_1_322' title='bbox 171 3456 261 3517; x_wconf 82' lang='lat' dir='ltr'>rebus</span> <span class='ocrx_word' id='word_1_323' title='bbox 290 3457 398 3540; x_wconf 76' lang='lat' dir='ltr'>nccs&#39;pri</span> <span class='ocrx_word' id='word_1_324' title='bbox 425 3470 480 3518; x_wconf 89' lang='lat' dir='ltr'>aut</span> <span class='ocrx_word' id='word_1_325' title='bbox 508 3454 646 3538; x_wconf 86' lang='lat' dir='ltr'>aliquid</span> <span class='ocrx_word' id='word_1_326' title='bbox 663 3457 810 3538; x_wconf 82' lang='lat' dir='ltr'>cuiquam</span> <span class='ocrx_word' id='word_1_327' title='bbox 842 3455 962 3540; x_wconf 79' lang='lat' dir='ltr'>lorpiri</span> <span class='ocrx_word' id='word_1_328' title='bbox 982 3467 1086 3539; x_wconf 87' lang='lat' dir='ltr'>potest</span> <span class='ocrx_word' id='word_1_329' title='bbox 1114 3455 1250 3517; x_wconf 72' lang='lat' dir='ltr'>listriana</span> <span class='ocrx_word' id='word_1_330' title='bbox 1282 3454 1490 3541; x_wconf 80' lang='lat' dir='ltr'>indulpentia,</span> <span class='ocrx_word' id='word_1_331' title='bbox 1523 3456 1579 3517; x_wconf 82' lang='lat' dir='ltr'>ubi</span> <span class='ocrx_word' id='word_1_332' title='bbox 1608 3452 1767 3518; x_wconf 84' lang='lat' dir='ltr'>intenditd</span> <span class='ocrx_word' id='word_1_333' title='bbox 1795 3469 1823 3517; x_wconf 92' lang='lat' dir='ltr'>et</span> 
     </span>
     <span class='ocr_line' id='line_1_32' title="bbox 130 3559 1822 3646; baseline -0.001 -22"><span class='ocrx_word' id='word_1_334' title='bbox 130 3581 132 3584; x_wconf 89' lang='grc'>·</span> <span class='ocrx_word' id='word_1_335' title='bbox 170 3562 266 3646; x_wconf 80' lang='lat' dir='ltr'>lepem</span> <span class='ocrx_word' id='word_1_336' title='bbox 290 3563 401 3626; x_wconf 82' lang='lat' dir='ltr'>tribzu&#39;t</span> <span class='ocrx_word' id='word_1_337' title='bbox 422 3561 534 3624; x_wconf 83' lang='lat' dir='ltr'>diuina</span> <span class='ocrx_word' id='word_1_338' title='bbox 550 3564 755 3646; x_wconf 75' lang='lat' dir='ltr'>prescriptio.</span> <span class='ocrx_word' id='word_1_339' title='bbox 796 3560 905 3645; x_wconf 80' lang='lat' dir='ltr'>Neque</span> <span class='ocrx_word' id='word_1_340' title='bbox 929 3563 1011 3624; x_wconf 87' lang='lat' dir='ltr'>enim</span> <span class='ocrx_word' id='word_1_341' title='bbox 1036 3563 1219 3624; x_wconf 85' lang='lat' dir='ltr'>inmemores</span> <span class='ocrx_word' id='word_1_342' title='bbox 1244 3586 1307 3624; x_wconf 87' lang='lat' dir='ltr'>esse</span> <span class='ocrx_word' id='word_1_343' title='bbox 1331 3561 1484 3640; x_wconf 82' lang='lat' dir='ltr'>delemus,</span> <span class='ocrx_word' id='word_1_344' title='bbox 1509 3561 1612 3645; x_wconf 60' lang='lat' dir='ltr'>quode</span> <span class='ocrx_word' id='word_1_345' title='bbox 1641 3559 1822 3624; x_wconf 81' lang='lat' dir='ltr'>adludens</span> 
     </span>
     <span class='ocr_line' id='line_1_33' title="bbox 66 3665 1822 3754; baseline -0.002 -23"><span class='ocrx_word' id='word_1_346' title='bbox 66 3675 68 3678; x_wconf 78' lang='grc'><strong>’</strong></span> <span class='ocrx_word' id='word_1_347' title='bbox 124 3692 151 3731; x_wconf 80' lang='grc' dir='ltr'>ιο</span> <span class='ocrx_word' id='word_1_348' title='bbox 163 3665 227 3751; x_wconf 86' lang='lat' dir='ltr'>per</span> <span class='ocrx_word' id='word_1_349' title='bbox 256 3667 396 3754; x_wconf 76' lang='lat' dir='ltr'>Esapam</span> <span class='ocrx_word' id='word_1_350' title='bbox 424 3668 614 3753; x_wconf 75' lang='lat' dir='ltr'>proplietam</span> <span class='ocrx_word' id='word_1_351' title='bbox 648 3668 765 3730; x_wconf 88' lang='lat' dir='ltr'>loc-utus</span> <span class='ocrx_word' id='word_1_352' title='bbox 798 3670 840 3730; x_wconf 89' lang='lat' dir='ltr'>sit</span> <span class='ocrx_word' id='word_1_353' title='bbox 870 3667 1026 3731; x_wconf 75' lang='lat' dir='ltr'>Doctrinae</span> <span class='ocrx_word' id='word_1_354' title='bbox 1060 3670 1228 3752; x_wconf 87' lang='lat' dir='ltr'>increpans</span> <span class='ocrx_word' id='word_1_355' title='bbox 1251 3681 1279 3730; x_wconf 90' lang='lat' dir='ltr'>et</span> <span class='ocrx_word' id='word_1_356' title='bbox 1311 3667 1492 3753; x_wconf 70' lang='lat' dir='ltr'>indipisces,</span> <span class='ocrx_word' id='word_1_357' title='bbox 1526 3666 1612 3751; x_wconf 86' lang='lat' dir='ltr'>quod</span> <span class='ocrx_word' id='word_1_358' title='bbox 1642 3669 1822 3751; x_wconf 79' lang='lat' dir='ltr'>contemptis</span> 
     </span>
     <span class='ocr_line' id='line_1_34' title="bbox 171 3772 1956 3859; baseline 0 -23"><span class='ocrx_word' id='word_1_359' title='bbox 171 3773 292 3837; x_wconf 79' lang='lat' dir='ltr'>diuinis</span> <span class='ocrx_word' id='word_1_360' title='bbox 308 3775 469 3859; x_wconf 80' lang='lat' dir='ltr'>preceptis</span> <span class='ocrx_word' id='word_1_361' title='bbox 492 3775 646 3837; x_wconf 84' lang='lat' dir='ltr'>lrurnanas</span> <span class='ocrx_word' id='word_1_362' title='bbox 670 3773 830 3837; x_wconf 86' lang='lat' dir='ltr'>doctrinas</span> <span class='ocrx_word' id='word_1_363' title='bbox 853 3788 1070 3858; x_wconf 80' lang='lat' dir='ltr'>sequerentur:</span> <span class='ocrx_word' id='word_1_364' title='bbox 1099 3773 1271 3859; x_wconf 74' lang='lat' dir='ltr'>‘Populus’,</span> <span class='ocrx_word' id='word_1_365' title='bbox 1301 3775 1413 3857; x_wconf 87' lang='lat' dir='ltr'>inquit,</span> <span class='ocrx_word' id='word_1_366' title='bbox 1446 3775 1513 3836; x_wconf 85' lang='lat' dir='ltr'>‘iste</span> <span class='ocrx_word' id='word_1_367' title='bbox 1537 3773 1634 3836; x_wconf 85' lang='lat' dir='ltr'>labiis</span> <span class='ocrx_word' id='word_1_368' title='bbox 1656 3795 1704 3835; x_wconf 79' lang='lat' dir='ltr'>nte</span> <span class='ocrx_word' id='word_1_369' title='bbox 1727 3772 1820 3836; x_wconf 78' lang='lat' dir='ltr'>dono·</span> <span class='ocrx_word' id='word_1_370' title='bbox 1840 3797 1870 3836; x_wconf 84' lang='lat' dir='ltr'>n.</span> <span class='ocrx_word' id='word_1_371' title='bbox 1880 3797 1912 3844; x_wconf 80' lang='lat' dir='ltr'>se,</span> <span class='ocrx_word' id='word_1_372' title='bbox 1923 3797 1956 3836; x_wconf 86' lang='lat' dir='ltr'>rs.</span> 
     </span>
     <span class='ocr_line' id='line_1_35' title="bbox 171 3876 1820 3966; baseline 0.001 -26"><span class='ocrx_word' id='word_1_373' title='bbox 171 3876 255 3959; x_wconf 76' lang='lat' dir='ltr'>rats,</span> <span class='ocrx_word' id='word_1_374' title='bbox 284 3904 337 3943; x_wconf 88' lang='lat' dir='ltr'>cor</span> <span class='ocrx_word' id='word_1_375' title='bbox 360 3895 461 3944; x_wconf 88' lang='lat' dir='ltr'>autem</span> <span class='ocrx_word' id='word_1_376' title='bbox 485 3882 626 3965; x_wconf 77' lang='lat' dir='ltr'>ipsorum</span> <span class='ocrx_word' id='word_1_377' title='bbox 652 3881 740 3966; x_wconf 77' lang='lat' dir='ltr'>lonpe</span> <span class='ocrx_word' id='word_1_378' title='bbox 763 3895 943 3965; x_wconf 88' lang='lat' dir='ltr'>separatum</span> <span class='ocrx_word' id='word_1_379' title='bbox 967 3894 1011 3943; x_wconf 85' lang='lat' dir='ltr'>est</span> <span class='ocrx_word' id='word_1_380' title='bbox 1032 3905 1052 3943; x_wconf 90' lang='lat' dir='ltr'>a</span> <span class='ocrx_word' id='word_1_381' title='bbox 1076 3905 1131 3942; x_wconf 92' lang='lat' dir='ltr'>me.</span> <span class='ocrx_word' id='word_1_382' title='bbox 1181 3878 1257 3943; x_wconf 83' lang='lat' dir='ltr'>Sine</span> <span class='ocrx_word' id='word_1_383' title='bbox 1281 3904 1375 3942; x_wconf 87' lang='lat' dir='ltr'>causa</span> <span class='ocrx_word' id='word_1_384' title='bbox 1400 3893 1501 3942; x_wconf 89' lang='lat' dir='ltr'>autem</span> <span class='ocrx_word' id='word_1_385' title='bbox 1525 3879 1629 3942; x_wconf 87' lang='lat' dir='ltr'>colunt</span> <span class='ocrx_word' id='word_1_386' title='bbox 1650 3902 1708 3958; x_wconf 91' lang='lat' dir='ltr'>me,</span> <span class='ocrx_word' id='word_1_387' title='bbox 1733 3901 1820 3942; x_wconf 84' lang='lat' dir='ltr'>rnen·</span> 
     </span>
     <span class='ocr_line' id='line_1_36' title="bbox 171 3985 1822 4072; baseline 0 -24"><span class='ocrx_word' id='word_1_388' title='bbox 171 3986 246 4049; x_wconf 76' lang='lat' dir='ltr'>clota</span> <span class='ocrx_word' id='word_1_389' title='bbox 270 4001 298 4050; x_wconf 89' lang='lat' dir='ltr'>et</span> <span class='ocrx_word' id='word_1_390' title='bbox 321 3986 479 4049; x_wconf 85' lang='lat' dir='ltr'>doctrinas</span> <span class='ocrx_word' id='word_1_391' title='bbox 503 3986 663 4049; x_wconf 77' lang='lat' dir='ltr'>hcrrsinum</span> <span class='ocrx_word' id='word_1_392' title='bbox 687 3987 847 4049; x_wconf 76' lang='lat' dir='ltr'>docentes&#39;.</span> <span class='ocrx_word' id='word_1_393' title='bbox 898 3986 990 4063; x_wconf 80' lang='lat' dir='ltr'>Quod</span> <span class='ocrx_word' id='word_1_394' title='bbox 1012 3989 1082 4050; x_wconf 88' lang='lat' dir='ltr'>item</span> <span class='ocrx_word' id='word_1_395' title='bbox 1107 3986 1264 4050; x_wconf 79' lang='lat' dir='ltr'>Dominus</span> <span class='ocrx_word' id='word_1_396' title='bbox 1295 3988 1329 4048; x_wconf 92' lang='lat' dir='ltr'>in</span> <span class='ocrx_word' id='word_1_397' title='bbox 1352 3986 1514 4072; x_wconf 79' lang='lat' dir='ltr'>euanpelio</span> <span class='ocrx_word' id='word_1_398' title='bbox 1542 3987 1653 4070; x_wconf 89' lang='lat' dir='ltr'>repetit</span> <span class='ocrx_word' id='word_1_399' title='bbox 1674 3999 1703 4049; x_wconf 91' lang='lat' dir='ltr'>et</span> <span class='ocrx_word' id='word_1_400' title='bbox 1726 3985 1822 4050; x_wconf 89' lang='lat' dir='ltr'>dicit:</span> 
     </span>
     <span class='ocr_line' id='line_1_37' title="bbox 171 4062 1958 4172; baseline -0.001 -17"><span class='ocrx_word' id='word_1_401' title='bbox 171 4093 316 4156; x_wconf 83' lang='lat' dir='ltr'>‘lleicitis</span> <span class='ocrx_word' id='word_1_402' title='bbox 339 4092 521 4156; x_wconf 88' lang='lat' dir='ltr'>mandatum</span> <span class='ocrx_word' id='word_1_403' title='bbox 546 4091 619 4172; x_wconf 86' lang='lat' dir='ltr'>Dei,</span> <span class='ocrx_word' id='word_1_404' title='bbox 648 4106 681 4155; x_wconf 88' lang='lat' dir='ltr'>ut</span> <span class='ocrx_word' id='word_1_405' title='bbox 703 4093 903 4156; x_wconf 80' lang='lat' dir='ltr'>traditionem</span> <span class='ocrx_word' id='word_1_406' title='bbox 930 4107 1061 4156; x_wconf 83' lang='lat' dir='ltr'>cestram</span> <span class='ocrx_word' id='word_1_407' title='bbox 1083 4093 1247 4156; x_wconf 78' lang='lat' dir='ltr'>statuatis’.</span> <span class='ocrx_word' id='word_1_408' title='bbox 1298 4092 1384 4168; x_wconf 79' lang='lat' dir='ltr'>Quae</span> <span class='ocrx_word' id='word_1_409' title='bbox 1407 4106 1477 4155; x_wconf 88' lang='lat' dir='ltr'>ante</span> <span class='ocrx_word' id='word_1_410' title='bbox 1501 4093 1605 4155; x_wconf 81' lang='lat' dir='ltr'>cardos</span> <span class='ocrx_word' id='word_1_411' title='bbox 1628 4092 1771 4156; x_wconf 81' lang='lat' dir='ltr'>babentes</span> <span class='ocrx_word' id='word_1_412' title='bbox 1795 4107 1822 4156; x_wconf 89' lang='lat' dir='ltr'>et</span> <span class='ocrx_word' id='word_1_413' title='bbox 1840 4062 1958 4165; x_wconf 53' lang='lat' dir='ltr'>iiiiii.</span> 
     </span>
     <span class='ocr_line' id='line_1_38' title="bbox 125 4170 1981 4284; baseline 0 -21"><span class='ocrx_word' id='word_1_414' title='bbox 125 4223 152 4263; x_wconf 79' lang='lat' dir='ltr'>ss</span> <span class='ocrx_word' id='word_1_415' title='bbox 171 4200 304 4263; x_wconf 81' lang='lat' dir='ltr'>sollicite</span> <span class='ocrx_word' id='word_1_416' title='bbox 327 4223 365 4262; x_wconf 88' lang='lat' dir='ltr'>ac</span> <span class='ocrx_word' id='word_1_417' title='bbox 388 4199 533 4284; x_wconf 78' lang='lat' dir='ltr'>relipime</span> <span class='ocrx_word' id='word_1_418' title='bbox 557 4199 789 4262; x_wconf 79' lang='lat' dir='ltr'>considerantes</span> <span class='ocrx_word' id='word_1_419' title='bbox 820 4201 854 4262; x_wconf 89' lang='lat' dir='ltr'>in</span> <span class='ocrx_word' id='word_1_420' title='bbox 877 4199 1130 4264; x_wconf 84' lang='lat' dir='ltr'>ordinationibus</span> <span class='ocrx_word' id='word_1_421' title='bbox 1159 4199 1353 4263; x_wconf 88' lang='lat' dir='ltr'>sacerdotum</span> <span class='ocrx_word' id='word_1_422' title='bbox 1385 4223 1446 4262; x_wconf 90' lang='lat' dir='ltr'>non</span> <span class='ocrx_word' id='word_1_423' title='bbox 1469 4201 1537 4262; x_wconf 75' lang='lat' dir='ltr'>nesi</span> <span class='ocrx_word' id='word_1_424' title='bbox 1565 4199 1772 4263; x_wconf 88' lang='lat' dir='ltr'>inmaculatos</span> <span class='ocrx_word' id='word_1_425' title='bbox 1795 4214 1823 4263; x_wconf 91' lang='lat' dir='ltr'>et</span> <span class='ocrx_word' id='word_1_426' title='bbox 1840 4171 1909 4208; x_wconf 51' lang='grc' dir='ltr'>’Μ’</span> <span class='ocrx_word' id='word_1_427' title='bbox 1919 4171 1937 4218; x_wconf 73' lang='lat'>⁷¹</span> <span class='ocrx_word' id='word_1_428' title='bbox 1948 4170 1981 4209; x_wconf 61' lang='lat'>13&#39;</span> 
     </span>
     <span class='ocr_line' id='line_1_39' title="bbox 173 4303 1917 4392; baseline -0.001 -22"><span class='ocrx_word' id='word_1_429' title='bbox 173 4309 306 4392; x_wconf 77' lang='lat' dir='ltr'>intepros</span> <span class='ocrx_word' id='word_1_430' title='bbox 329 4303 495 4368; x_wconf 80' lang='lat' dir='ltr'>&#39;antistites</span> <span class='ocrx_word' id='word_1_431' title='bbox 518 4305 631 4390; x_wconf 70' lang='lat' dir='ltr'>clepere</span> <span class='ocrx_word' id='word_1_432' title='bbox 656 4305 809 4384; x_wconf 83' lang='lat' dir='ltr'>debemus,</span> <span class='ocrx_word' id='word_1_433' title='bbox 841 4308 899 4389; x_wconf 84' lang='lat' dir='ltr'>qui</span> <span class='ocrx_word' id='word_1_434' title='bbox 926 4320 1029 4368; x_wconf 88' lang='lat' dir='ltr'>sancte</span> <span class='ocrx_word' id='word_1_435' title='bbox 1060 4320 1088 4369; x_wconf 89' lang='lat' dir='ltr'>et</span> <span class='ocrx_word' id='word_1_436' title='bbox 1111 4305 1204 4392; x_wconf 76' lang='lat' dir='ltr'>dipne</span> <span class='ocrx_word' id='word_1_437' title='bbox 1233 4307 1396 4392; x_wconf 71' lang='lat' dir='ltr'>sacrificia</span> <span class='ocrx_word' id='word_1_438' title='bbox 1420 4305 1488 4368; x_wconf 87' lang='lat' dir='ltr'>Deo</span> <span class='ocrx_word' id='word_1_439' title='bbox 1519 4307 1680 4390; x_wconf 85' lang='lat' dir='ltr'>offerentes</span> <span class='ocrx_word' id='word_1_440' title='bbox 1710 4305 1825 4370; x_wconf 84' lang='lat' dir='ltr'>audiri</span> <span class='ocrx_word' id='word_1_441' title='bbox 1839 4329 1917 4369; x_wconf 66' lang='lat' dir='ltr'>unu.</span> 
     </span>
     <span class='ocr_line' id='line_1_40' title="bbox 173 4411 1858 4497; baseline 0.001 -24"><span class='ocrx_word' id='word_1_442' title='bbox 173 4414 205 4474; x_wconf 89' lang='lat' dir='ltr'>in</span> <span class='ocrx_word' id='word_1_443' title='bbox 221 4413 373 4497; x_wconf 87' lang='lat' dir='ltr'>precibus</span> <span class='ocrx_word' id='word_1_444' title='bbox 397 4413 532 4496; x_wconf 87' lang='lat' dir='ltr'>possint,</span> <span class='ocrx_word' id='word_1_445' title='bbox 564 4435 643 4495; x_wconf 81' lang='lat' dir='ltr'>quas</span> <span class='ocrx_word' id='word_1_446' title='bbox 666 4412 800 4497; x_wconf 70' lang='lat' dir='ltr'>fiscia-nt</span> <span class='ocrx_word' id='word_1_447' title='bbox 824 4436 888 4496; x_wconf 85' lang='lat' dir='ltr'>pro</span> <span class='ocrx_word' id='word_1_448' title='bbox 913 4413 1019 4496; x_wconf 86' lang='lat' dir='ltr'>plebis</span> <span class='ocrx_word' id='word_1_449' title='bbox 1044 4411 1221 4475; x_wconf 87' lang='lat' dir='ltr'>dominicae</span> <span class='ocrx_word' id='word_1_450' title='bbox 1244 4413 1464 4490; x_wconf 88' lang='lat' dir='ltr'>incolomitate,</span> <span class='ocrx_word' id='word_1_451' title='bbox 1496 4435 1565 4475; x_wconf 90' lang='lat' dir='ltr'>cum</span> <span class='ocrx_word' id='word_1_452' title='bbox 1587 4414 1740 4496; x_wconf 70' lang='lat' dir='ltr'>scriptam</span> <span class='ocrx_word' id='word_1_453' title='bbox 1763 4415 1822 4476; x_wconf 89' lang='lat' dir='ltr'>sit:</span> <span class='ocrx_word' id='word_1_454' title='bbox 1853 4455 1858 4464; x_wconf 89' lang='lat'><strong>·</strong></span> 
     </span>
     <span class='ocr_line' id='line_1_41' title="bbox 170 4517 1960 4605; baseline 0 -25"><span class='ocrx_word' id='word_1_455' title='bbox 170 4517 268 4581; x_wconf 82' lang='lat' dir='ltr'>‘Deus</span> <span class='ocrx_word' id='word_1_456' title='bbox 284 4531 481 4602; x_wconf 87' lang='lat' dir='ltr'>peccatorem</span> <span class='ocrx_word' id='word_1_457' title='bbox 505 4541 566 4581; x_wconf 89' lang='lat' dir='ltr'>non</span> <span class='ocrx_word' id='word_1_458' title='bbox 589 4517 690 4597; x_wconf 26' lang='lat' dir='ltr'>aurdit,</span> <span class='ocrx_word' id='word_1_459' title='bbox 714 4519 771 4581; x_wconf 87' lang='lat' dir='ltr'>sed</span> <span class='ocrx_word' id='word_1_460' title='bbox 791 4521 824 4582; x_wconf 92' lang='lat' dir='ltr'>si</span> <span class='ocrx_word' id='word_1_461' title='bbox 845 4520 938 4603; x_wconf 73' lang='lat' dir='ltr'>puisg</span> <span class='ocrx_word' id='word_1_462' title='bbox 957 4518 1060 4581; x_wconf 87' lang='lat' dir='ltr'>Deum</span> <span class='ocrx_word' id='word_1_463' title='bbox 1077 4519 1208 4582; x_wconf 83' lang='lat' dir='ltr'>coluerit</span> <span class='ocrx_word' id='word_1_464' title='bbox 1231 4533 1259 4582; x_wconf 92' lang='lat' dir='ltr'>et</span> <span class='ocrx_word' id='word_1_465' title='bbox 1283 4519 1467 4582; x_wconf 83' lang='lat' dir='ltr'>uoluntatem</span> <span class='ocrx_word' id='word_1_466' title='bbox 1491 4520 1558 4582; x_wconf 86' lang='lat' dir='ltr'>eius</span> <span class='ocrx_word' id='word_1_467' title='bbox 1574 4519 1705 4605; x_wconf 86' lang='lat' dir='ltr'>fecerit,</span> <span class='ocrx_word' id='word_1_468' title='bbox 1730 4519 1821 4582; x_wconf 86' lang='lat' dir='ltr'>illum</span> <span class='ocrx_word' id='word_1_469' title='bbox 1841 4542 1960 4591; x_wconf 75' lang='lat' dir='ltr'>ronam.</span> 
     </span>
     <span class='ocr_line' id='line_1_42' title="bbox 170 4623 1821 4710; baseline 0.001 -23"><span class='ocrx_word' id='word_1_470' title='bbox 170 4624 280 4688; x_wconf 70' lang='lat' dir='ltr'>ondit&#39;.</span> <span class='ocrx_word' id='word_1_471' title='bbox 320 4623 453 4709; x_wconf 86' lang='lat' dir='ltr'>Propter</span> <span class='ocrx_word' id='word_1_472' title='bbox 477 4623 562 4708; x_wconf 83' lang='lat' dir='ltr'>quod</span> <span class='ocrx_word' id='word_1_473' title='bbox 577 4625 677 4709; x_wconf 85' lang='lat' dir='ltr'>plerm</span> <span class='ocrx_word' id='word_1_474' title='bbox 701 4624 869 4710; x_wconf 61' lang='lat' dir='ltr'>diligentia</span> <span class='ocrx_word' id='word_1_475' title='bbox 894 4638 923 4688; x_wconf 88' lang='lat' dir='ltr'>et</span> <span class='ocrx_word' id='word_1_476' title='bbox 945 4625 1159 4709; x_wconf 78' lang='lat' dir='ltr'>euplorotione</span> <span class='ocrx_word' id='word_1_477' title='bbox 1182 4627 1306 4688; x_wconf 86' lang='lat' dir='ltr'>sincera</span> <span class='ocrx_word' id='word_1_478' title='bbox 1330 4649 1381 4688; x_wconf 86' lang='lat' dir='ltr'>eos</span> <span class='ocrx_word' id='word_1_479' title='bbox 1404 4638 1523 4710; x_wconf 86' lang='lat' dir='ltr'>oportet</span> <span class='ocrx_word' id='word_1_480' title='bbox 1545 4625 1590 4688; x_wconf 88' lang='lat' dir='ltr'>od</span> <span class='ocrx_word' id='word_1_481' title='bbox 1611 4625 1821 4688; x_wconf 83' lang='lat' dir='ltr'>sacerdotium</span> 
     </span>
     <span class='ocr_line' id='line_1_43' title="bbox 124 4726 1821 4816; baseline 0.002 -24"><span class='ocrx_word' id='word_1_482' title='bbox 124 4755 152 4792; x_wconf 85' lang='lat' dir='ltr'>m</span> <span class='ocrx_word' id='word_1_483' title='bbox 172 4726 314 4816; x_wconf 72' lang='lat' dir='ltr'>diripih,</span> <span class='ocrx_word' id='word_1_484' title='bbox 345 4754 422 4814; x_wconf 83' lang='lat' dir='ltr'>quos</span> <span class='ocrx_word' id='word_1_485' title='bbox 445 4756 464 4794; x_wconf 89' lang='lat' dir='ltr'>a</span> <span class='ocrx_word' id='word_1_486' title='bbox 488 4730 555 4794; x_wconf 87' lang='lat' dir='ltr'>Deo</span> <span class='ocrx_word' id='word_1_487' title='bbox 580 4727 713 4794; x_wconf 82' lang='lat' dir='ltr'>constati</span> <span class='ocrx_word' id='word_1_488' title='bbox 744 4729 883 4794; x_wconf 65' lang='lat' dir='ltr'>audiri.⁴</span> <span class='ocrx_word' id='word_1_489' title='bbox 911 4729 979 4794; x_wconf 90' lang='lat' dir='ltr'>Nec</span> <span class='ocrx_word' id='word_1_490' title='bbox 1006 4732 1072 4794; x_wconf 87' lang='lat' dir='ltr'>sibi</span> <span class='ocrx_word' id='word_1_491' title='bbox 1090 4732 1184 4816; x_wconf 82' lang='lat' dir='ltr'>plebs</span> <span class='ocrx_word' id='word_1_492' title='bbox 1208 4731 1403 4810; x_wconf 86' lang='lat' dir='ltr'>blandiatur,</span> <span class='ocrx_word' id='word_1_493' title='bbox 1435 4733 1531 4815; x_wconf 85' lang='lat' dir='ltr'>quasi</span> <span class='ocrx_word' id='word_1_494' title='bbox 1552 4733 1691 4794; x_wconf 78' lang='lat' dir='ltr'>ittrrtrrnis</span> <span class='ocrx_word' id='word_1_495' title='bbox 1714 4755 1778 4795; x_wconf 86' lang='lat' dir='ltr'>esse</span> <span class='ocrx_word' id='word_1_496' title='bbox 1801 4757 1821 4794; x_wconf 90' lang='lat' dir='ltr'>a</span> 
     </span>
     <span class='ocr_line' id='line_1_44' title="bbox 171 4837 1820 4922; baseline 0.001 -22"><span class='ocrx_word' id='word_1_497' title='bbox 171 4839 351 4922; x_wconf 78' lang='lat' dir='ltr'>cantapione</span> <span class='ocrx_word' id='word_1_498' title='bbox 372 4837 482 4900; x_wconf 83' lang='lat' dir='ltr'>delicti</span> <span class='ocrx_word' id='word_1_499' title='bbox 496 4839 610 4922; x_wconf 87' lang='lat' dir='ltr'>possit,</span> <span class='ocrx_word' id='word_1_500' title='bbox 635 4861 704 4900; x_wconf 87' lang='lat' dir='ltr'>curn</span> <span class='ocrx_word' id='word_1_501' title='bbox 727 4837 885 4901; x_wconf 86' lang='lat' dir='ltr'>sacerdote</span> <span class='ocrx_word' id='word_1_502' title='bbox 903 4851 1068 4922; x_wconf 89' lang='lat' dir='ltr'>peccatore</span> <span class='ocrx_word' id='word_1_503' title='bbox 1092 4839 1324 4901; x_wconf 78' lang='lat' dir='ltr'>corrrmunicans</span> <span class='ocrx_word' id='word_1_504' title='bbox 1347 4837 1442 4901; x_wconf 90' lang='lat' dir='ltr'>etad</span> <span class='ocrx_word' id='word_1_505' title='bbox 1464 4839 1616 4901; x_wconf 86' lang='lat' dir='ltr'>iniustum</span> <span class='ocrx_word' id='word_1_506' title='bbox 1639 4851 1731 4922; x_wconf 83' lang='lat' dir='ltr'>atque</span> <span class='ocrx_word' id='word_1_507' title='bbox 1754 4838 1820 4901; x_wconf 91' lang='lat' dir='ltr'>illi-</span> 
     </span>
     <span class='ocr_line' id='line_1_45' title="bbox 171 4941 1936 5029; baseline 0.002 -23"><span class='ocrx_word' id='word_1_508' title='bbox 171 4945 265 5006; x_wconf 87' lang='lat' dir='ltr'>citum</span> <span class='ocrx_word' id='word_1_509' title='bbox 282 4945 445 5028; x_wconf 85' lang='lat' dir='ltr'>prepositi</span> <span class='ocrx_word' id='word_1_510' title='bbox 463 4946 518 5006; x_wconf 88' lang='lat' dir='ltr'>sui</span> <span class='ocrx_word' id='word_1_511' title='bbox 539 4945 750 5029; x_wconf 67' lang='lat' dir='ltr'>episcopatum</span> <span class='ocrx_word' id='word_1_512' title='bbox 772 4967 952 5008; x_wconf 76' lang='lat' dir='ltr'>corrsensum</span> <span class='ocrx_word' id='word_1_513' title='bbox 974 4967 1064 5007; x_wconf 77' lang='lat' dir='ltr'>strum</span> <span class='ocrx_word' id='word_1_514' title='bbox 1081 4943 1290 5024; x_wconf 78' lang='lat' dir='ltr'>comrnodans,</span> <span class='ocrx_word' id='word_1_515' title='bbox 1314 4943 1440 5028; x_wconf 78' lang='lat' dir='ltr'>qcmndo</span> <span class='ocrx_word' id='word_1_516' title='bbox 1457 4967 1521 5028; x_wconf 91' lang='lat' dir='ltr'>per</span> <span class='ocrx_word' id='word_1_517' title='bbox 1540 4941 1615 5006; x_wconf 87' lang='lat' dir='ltr'>Osee</span> <span class='ocrx_word' id='word_1_518' title='bbox 1631 4944 1822 5028; x_wconf 68' lang='lat' dir='ltr'>proplietam</span> <span class='ocrx_word' id='word_1_519' title='bbox 1840 4968 1936 5018; x_wconf 57' lang='lat' dir='ltr'>ouem.</span> 
     </span>
     <span class='ocr_line' id='line_1_46' title="bbox 171 5046 1825 5136; baseline 0.001 -24"><span class='ocrx_word' id='word_1_520' title='bbox 171 5046 372 5112; x_wconf 72' lang='lat' dir='ltr'>arnmoneatk</span> <span class='ocrx_word' id='word_1_521' title='bbox 400 5063 427 5112; x_wconf 88' lang='lat' dir='ltr'>et</span> <span class='ocrx_word' id='word_1_522' title='bbox 449 5049 536 5113; x_wconf 88' lang='lat' dir='ltr'>dicat</span> <span class='ocrx_word' id='word_1_523' title='bbox 558 5075 688 5114; x_wconf 72' lang='lat' dir='ltr'>cerasum</span> <span class='ocrx_word' id='word_1_524' title='bbox 713 5050 844 5113; x_wconf 84' lang='lat' dir='ltr'>diuino:</span> <span class='ocrx_word' id='word_1_525' title='bbox 874 5049 1056 5136; x_wconf 78' lang='lat' dir='ltr'>‘Sacrificio</span> <span class='ocrx_word' id='word_1_526' title='bbox 1080 5074 1186 5114; x_wconf 71' lang='lat' dir='ltr'>cortem</span> <span class='ocrx_word' id='word_1_527' title='bbox 1210 5064 1359 5135; x_wconf 81' lang='lat' dir='ltr'>tanquam</span> <span class='ocrx_word' id='word_1_528' title='bbox 1375 5053 1477 5136; x_wconf 77' lang='lat' dir='ltr'>panib</span> <span class='ocrx_word' id='word_1_529' title='bbox 1501 5051 1611 5129; x_wconf 67' lang='lat' dir='ltr'>luctata,</span> <span class='ocrx_word' id='word_1_530' title='bbox 1639 5052 1825 5135; x_wconf 80' lang='lat' dir='ltr'>omnesqui</span> 
     </span>
    </p>
   </div>
   <div class='ocr_carea' id='block_1_6' title="bbox 112 5260 1822 5524">
    <p class='ocr_par' dir='ltr' id='par_1_12' title="bbox 112 5260 1822 5524">
     <span class='ocr_line' id='line_1_47' title="bbox 279 5260 1822 5332; baseline 0.001 -17"><span class='ocrx_word' id='word_1_531' title='bbox 279 5262 305 5326; x_wconf 83' lang='lat' dir='ltr'>a)</span> <span class='ocrx_word' id='word_1_532' title='bbox 327 5271 502 5331; x_wconf 88' lang='lat' dir='ltr'>praeceptum</span> <span class='ocrx_word' id='word_1_533' title='bbox 521 5266 603 5330; x_wconf 85' lang='lat' dir='ltr'>suppl.</span> <span class='ocrx_word' id='word_1_534' title='bbox 676 5261 704 5326; x_wconf 90' lang='lat' dir='ltr'>b)</span> <span class='ocrx_word' id='word_1_535' title='bbox 727 5260 805 5315; x_wconf 66' lang='grc' dir='ltr'>(Ιῖιιιῐ9</span> <span class='ocrx_word' id='word_1_536' title='bbox 823 5283 851 5327; x_wconf 88' lang='lat' dir='ltr'>c,·</span> <span class='ocrx_word' id='word_1_537' title='bbox 870 5268 931 5316; x_wconf 87' lang='lat' dir='ltr'>vice</span> <span class='ocrx_word' id='word_1_538' title='bbox 950 5267 1144 5317; x_wconf 85' lang='lat' dir='ltr'>dominationis</span> <span class='ocrx_word' id='word_1_539' title='bbox 1158 5268 1229 5332; x_wconf 68' lang='lat' dir='ltr'>salso</span> <span class='ocrx_word' id='word_1_540' title='bbox 1249 5267 1309 5316; x_wconf 78' lang='lat' dir='ltr'>sur.</span> <span class='ocrx_word' id='word_1_541' title='bbox 1383 5263 1408 5327; x_wconf 89' lang='lat' dir='ltr'>c)</span> <span class='ocrx_word' id='word_1_542' title='bbox 1430 5267 1519 5316; x_wconf 87' lang='lat' dir='ltr'>saneti</span> <span class='ocrx_word' id='word_1_543' title='bbox 1541 5265 1616 5332; x_wconf 74' lang='lat' dir='ltr'>Oppr.</span> <span class='ocrx_word' id='word_1_544' title='bbox 1689 5263 1717 5327; x_wconf 91' lang='lat' dir='ltr'>d)</span> <span class='ocrx_word' id='word_1_545' title='bbox 1740 5267 1822 5318; x_wconf 85' lang='lat' dir='ltr'>inter·</span> 
     </span>
     <span class='ocr_line' id='line_1_48' title="bbox 126 5350 1822 5421; baseline 0 -16"><span class='ocrx_word' id='word_1_546' title='bbox 126 5365 154 5405; x_wconf 74' lang='lat' dir='ltr'>te</span> <span class='ocrx_word' id='word_1_547' title='bbox 173 5354 247 5404; x_wconf 88' lang='lat' dir='ltr'>cedit</span> <span class='ocrx_word' id='word_1_548' title='bbox 267 5354 342 5420; x_wconf 60' lang='grc' dir='ltr'>ΟΨ.</span> <span class='ocrx_word' id='word_1_549' title='bbox 422 5351 448 5414; x_wconf 83' lang='lat' dir='ltr'>e)</span> <span class='ocrx_word' id='word_1_550' title='bbox 471 5354 537 5418; x_wconf 84' lang='lat' dir='ltr'>quid</span> <span class='ocrx_word' id='word_1_551' title='bbox 559 5354 633 5419; x_wconf 74' lang='lat' dir='ltr'>eppr.</span> <span class='ocrx_word' id='word_1_552' title='bbox 714 5350 736 5414; x_wconf 84' lang='lat' dir='ltr'>f)</span> <span class='ocrx_word' id='word_1_553' title='bbox 757 5354 938 5405; x_wconf 87' lang='lat' dir='ltr'>honorificant</span> <span class='ocrx_word' id='word_1_554' title='bbox 957 5372 999 5405; x_wconf 90' lang='lat' dir='ltr'>me</span> <span class='ocrx_word' id='word_1_555' title='bbox 1021 5355 1096 5421; x_wconf 77' lang='lat' dir='ltr'>Oppr.</span> <span class='ocrx_word' id='word_1_556' title='bbox 1178 5352 1206 5420; x_wconf 85' lang='lat' dir='ltr'>g)</span> <span class='ocrx_word' id='word_1_557' title='bbox 1228 5356 1276 5405; x_wconf 83' lang='lat' dir='ltr'>sed</span> <span class='ocrx_word' id='word_1_558' title='bbox 1296 5357 1343 5419; x_wconf 87' lang='lat' dir='ltr'>qui</span> <span class='ocrx_word' id='word_1_559' title='bbox 1364 5355 1439 5421; x_wconf 80' lang='lat' dir='ltr'>Cypr.</span> <span class='ocrx_word' id='word_1_560' title='bbox 1522 5351 1550 5416; x_wconf 81' lang='lat' dir='ltr'>h)</span> <span class='ocrx_word' id='word_1_561' title='bbox 1577 5355 1611 5404; x_wconf 87' lang='lat' dir='ltr'>ad</span> <span class='ocrx_word' id='word_1_562' title='bbox 1637 5354 1822 5406; x_wconf 84' lang='lat' dir='ltr'>secerdotium</span> 
     </span>
     <span class='ocr_line' id='line_1_49' title="bbox 112 5439 1143 5524; baseline 0.001 -32"><span class='ocrx_word' id='word_1_563' title='bbox 112 5520 114 5524; x_wconf 28' lang='grc' dir='ltr'>Ι</span> <span class='ocrx_word' id='word_1_564' title='bbox 172 5443 226 5492; x_wconf 89' lang='lat' dir='ltr'>Dei</span> <span class='ocrx_word' id='word_1_565' title='bbox 245 5441 328 5508; x_wconf 85' lang='lat' dir='ltr'>deligi</span> <span class='ocrx_word' id='word_1_566' title='bbox 350 5441 425 5508; x_wconf 76' lang='lat' dir='ltr'>Cypr.</span> <span class='ocrx_word' id='word_1_567' title='bbox 498 5439 518 5503; x_wconf 89' lang='lat' dir='ltr'>i)</span> <span class='ocrx_word' id='word_1_568' title='bbox 540 5448 647 5493; x_wconf 87' lang='lat' dir='ltr'>constet</span> <span class='ocrx_word' id='word_1_569' title='bbox 667 5443 742 5509; x_wconf 79' lang='lat' dir='ltr'>Cppr.</span> <span class='ocrx_word' id='word_1_570' title='bbox 816 5440 845 5504; x_wconf 86' lang='lat' dir='ltr'>k)</span> <span class='ocrx_word' id='word_1_571' title='bbox 868 5445 1047 5494; x_wconf 86' lang='lat' dir='ltr'>comminetur</span> <span class='ocrx_word' id='word_1_572' title='bbox 1068 5444 1143 5510; x_wconf 76' lang='lat' dir='ltr'>Cypr.</span> 
     </span>
    </p>
   </div>
   <div class='ocr_carea' id='block_1_7' title="bbox 175 5639 1822 5823">
    <p class='ocr_par' dir='ltr' id='par_1_13' title="bbox 175 5639 1822 5823">
     <span class='ocr_line' id='line_1_50' title="bbox 282 5639 1822 5718; baseline 0.003 -22"><span class='ocrx_word' id='word_1_573' title='bbox 282 5641 311 5710; x_wconf 89' lang='lat'>1)</span> <span class='ocrx_word' id='word_1_574' title='bbox 337 5641 430 5716; x_wconf 85' lang='lat' dir='ltr'>Epist.</span> <span class='ocrx_word' id='word_1_575' title='bbox 456 5641 507 5712; x_wconf 78' lang='lat'>58,</span> <span class='ocrx_word' id='word_1_576' title='bbox 533 5661 555 5698; x_wconf 89' lang='lat' dir='ltr'>c.</span> <span class='ocrx_word' id='word_1_577' title='bbox 577 5641 626 5711; x_wconf 82' lang='lat'>10,</span> <span class='ocrx_word' id='word_1_578' title='bbox 653 5640 725 5716; x_wconf 86' lang='lat' dir='ltr'>Opp.</span> <span class='ocrx_word' id='word_1_579' title='bbox 752 5643 793 5698; x_wconf 89' lang='lat' dir='ltr'>cd.</span> <span class='ocrx_word' id='word_1_580' title='bbox 818 5641 976 5698; x_wconf 87' lang='lat' dir='ltr'>Vallarsius</span> <span class='ocrx_word' id='word_1_581' title='bbox 1000 5642 1023 5712; x_wconf 81' lang='grc' dir='ltr'>Ι,</span> <span class='ocrx_word' id='word_1_582' title='bbox 1049 5645 1098 5699; x_wconf 87' lang='lat' dir='ltr'>col.</span> <span class='ocrx_word' id='word_1_583' title='bbox 1122 5642 1195 5699; x_wconf 81' lang='lat'><strong>326.</strong></span> <span class='ocrx_word' id='word_1_584' title='bbox 1288 5641 1317 5712; x_wconf 82' lang='lat'>2)</span> <span class='ocrx_word' id='word_1_585' title='bbox 1345 5639 1485 5718; x_wconf 77' lang='lat' dir='ltr'>Cypriani</span> <span class='ocrx_word' id='word_1_586' title='bbox 1507 5642 1584 5718; x_wconf 82' lang='lat' dir='ltr'>epist.</span> <span class='ocrx_word' id='word_1_587' title='bbox 1607 5641 1658 5712; x_wconf 80' lang='lat'>67,</span> <span class='ocrx_word' id='word_1_588' title='bbox 1684 5661 1707 5697; x_wconf 90' lang='lat' dir='ltr'>c.</span> <span class='ocrx_word' id='word_1_589' title='bbox 1728 5641 1822 5713; x_wconf 88' lang='grc'><strong>1-5,</strong></span> 
     </span>
     <span class='ocr_line' id='line_1_51' title="bbox 175 5745 707 5823; baseline 0 -19"><span class='ocrx_word' id='word_1_590' title='bbox 175 5745 247 5823; x_wconf 88' lang='lat' dir='ltr'>Opp.</span> <span class='ocrx_word' id='word_1_591' title='bbox 273 5749 316 5804; x_wconf 88' lang='lat' dir='ltr'>ed.</span> <span class='ocrx_word' id='word_1_592' title='bbox 340 5747 452 5818; x_wconf 85' lang='lat' dir='ltr'>Hartel,</span> <span class='ocrx_word' id='word_1_593' title='bbox 471 5767 504 5822; x_wconf 87' lang='lat' dir='ltr'>p.</span> <span class='ocrx_word' id='word_1_594' title='bbox 524 5747 707 5805; x_wconf 76' lang='lat'><strong>735—739.</strong></span> 
     </span>
    </p>
   </div>
   <div class='ocr_carea' id='block_1_8' title="bbox 0 0 2299 6420">
    <p class='ocr_par' dir='ltr' id='par_1_14' title="bbox 0 0 2299 6420">
     <span class='ocr_line' id='line_1_52' title="bbox 0 0 2299 6420; baseline 0 0"><span class='ocrx_word' id='word_1_595' title='bbox 0 0 2299 6420; x_wconf 95' lang='lat' dir='ltr'> </span> 
     </span>
    </p>
   </div>
  </div>
 </body>
</html>
