4418 6412
538 336 949 395 ΒΕ1Ν11Ε8ΤΚ1ΑΤΙΟΝΕ
973 337 1226 394 ANTICHRISTI
1249 339 1284 393 L.
1300 339 1324 394 1.
1701 334 1763 397 3ll

107 522 301 590 scandalum
332 523 372 588 de
404 525 475 610 ipso
506 521 652 588 habitum
682 547 748 588 non
778 523 973 608 abstulisset,
1002 527 1113 612 utique
1137 535 1358 612 quantumque
1390 525 1430 590 de
1460 548 1560 591 661166
1589 525 1674 592 bene
1704 525 1767 592 sibi

106 630 261 696 conscius
284 630 372 718 apud
395 631 503 717 ipsum
526 652 647 696 nocens
671 633 842 696 extitisset.
888 631 1004 719 Itaque
1035 631 1237 696 subtilissimi
1268 631 1459 696 discussoris
1483 635 1696 719 acquiescens
1719 635 1767 698 in-

106 734 224 822 dagini
244 748 275 802 et
291 737 368 802 vivo
385 736 451 801 Dei
474 738 625 819 sermoni,
650 738 706 824 qui
731 747 780 802 est
802 737 1035 825 penetrabilior
1058 739 1145 802 omni
1169 737 1276 824 gladio
1301 739 1445 825 ancipiti,
1471 739 1655 825 compulsus
1680 739 1767 826 quod
1785 765 1925 816 ((66.1,16

105 845 215 929 potuit
239 855 271 912 et
293 845 412 909 interni
436 841 550 908 arbitri
580 843 701 909 iudicio
730 842 853 928 debuit,
883 845 945 910 hoc
975 844 1054 909 fecit
1084 845 1292 930 semetipsum
1317 843 1358 909 de
1382 846 1517 909 crimine
1541 844 1668 911 obiecto
1691 869 1766 933 pur—

68 972 83 1011 s
105 949 218 1034 gando
242 961 275 1015 et
298 949 339 1016 ab
364 949 505 1015 ecclesia
526 949 593 1014 Dei
616 950 805 1015 scandalum
829 951 1017 1016 auferendo
1066 950 1157 1017 Sicut
1184 953 1263 1016 item
1285 951 1459 1016 Marcellus
1470 957 1491 1034 1,
1516 952 1630 1018 eodem
1655 952 1765 1018 divino

104 1056 142 1119 in
159 1057 300 1122 ecclesia
315 1079 355 1122 ac
371 1080 431 1144 per
447 1055 618 1122 ecclesiam
644 1079 678 1122 sc
703 1056 916 1144 compellente
940 1058 1072 1140 iudicio,
1096 1057 1201 1122 libens
1225 1059 1258 1122 in
1275 1059 1484 1145 semetipsum
1501 1058 1766 1146 dampnationem

106 1161 256 1245 dictavit,
279 1186 321 1228 ne
344 1186 410 1228 non
426 1163 529 1228 solum
546 1163 658 1228 divino
682 1163 814 1246 iudicio,
838 1164 897 1229 sed
920 1175 952 1230 et
976 1165 1063 1252 apud
1080 1164 1251 1229 ecclesiam
1275 1187 1349 1229 reus
1366 1164 1514 1248 concilio,
1538 1167 1672 1253 insuper
1687 1189 1765 1232 vero

104 1269 257 1354 gehenne
274 1271 360 1356 ignis
375 1292 451 1334 16116
468 1272 633 1352 existeret,
658 1269 717 1334 sed
732 1270 926 1357 redargutus
943 1270 985 1336 ab
1002 1271 1142 1336 ecclesia
1161 1273 1195 1335 in
1211 1272 1419 1358 semetipsum
1436 1271 1593 1337 iudicium
1609 1271 1765 1360 dampna·
1783 1299 1890 1350 ((1611,
1899 1301 1931 1344 aa.

104 1377 205 1441 tionis
229 1401 293 1442 non
317 1377 453 1442 tulisset.
489 1376 584 1443 Nunc
600 1399 679 1441 vero
696 1377 774 1464 quia
790 1377 953 1443 iusticiam
968 1378 1044 1460 Dei,
1062 1379 1156 1464 quasi
1173 1377 1242 1443 celo
1266 1401 1326 1464 per
1341 1378 1512 1443 ecclesiam
1537 1401 1572 1444 se
1596 1392 1763 1466 arguente,

52 1485 263 1570 recognovit
286 1494 319 1548 et
342 1484 449 1549 eidem
472 1485 621 1548 iusticias
653 1486 863 1571 semetipsum
887 1483 1072 1549 damnando
1100 1485 1275 1572 acquievit,
1301 1485 1398 1550 etiam
1422 1486 1455 1549 in
1479 1509 1613 1551 numero
1638 1499 1763 1552 sancto·

103 1613 180 1655 mm
203 1593 354 1657 inventus
379 1602 437 1655 est.
473 1590 540 1657 Sed
564 1602 596 1655 et
619 1590 701 1656 illud
716 1591 861 1656 Simachi
885 1614 969 1678 pape
994 1591 1123 1679 aliaque
1147 1591 1306 1656 eiusmodi
1330 1591 1497 1657 sciendum
1522 1592 1562 1657 (16
1586 1592 1636 1656 his
1660 1592 1763 1659 solum

103 1696 262 1762 Romanis
284 1697 493 1785 pontificibus
516 1721 625 1784 agere,
650 1700 706 1785 qui
730 1709 762 1762 61
785 1698 844 1762 soli
868 1709 978 1763 tenent
1002 1699 1190 1763 cathedram
1213 1711 1247 1763 et
1269 1721 1405 1786 quorum
1428 1699 1577 1764 introitus
1594 1702 1762 1787 questione

104 1815 207 1869 caret.
253 1804 338 1870 Nam
363 1828 437 1870 cum
460 1804 501 1870 de
525 1804 652 1870 duobus
676 1806 769 1893 quasi
794 1805 982 1870 cathedram
1009 1804 1195 1870 tenentibus
1220 1804 1430 1892 disceptatur,
1456 1807 1528 1892 quis
1552 1829 1664 1871 eorum
1686 1830 1762 1893 apo-

104 1910 250 1994 stolicus,
282 1913 397 1999 quisve
428 1911 627 1998 apostaticus
658 1913 715 1995 sit,
745 1910 830 1977 bene
861 1911 983 1976 debent
1011 1913 1177 1977 introitum
1207 1935 1300 1976 suum
1332 1911 1471 1978 ecclesie
1501 1913 1566 1977 Dei
1598 1935 1762 2000 exponere

53 2039 82 2079 rs
105 2039 208 2104 seque
232 2019 317 2083 inter
340 2018 519 2083 confratres
543 2030 576 2084 et
599 2017 776 2105 discipulos
798 2018 958 2083 videndos
981 2041 1020 2084 ac
1044 2018 1224 2106 palpandos
1248 2018 1414 2102 exhibere,
1438 2028 1474 2083 ut
1497 2021 1585 2084 omni
1608 2019 1761 2085 scandalo

105 2146 146 2188 ac
171 2122 372 2190 dubitatione
396 2123 532 2190 sublatis
555 2127 684 2190 noverit
706 2125 847 2191 ecclesia
869 2125 934 2189 Dei
958 2123 1133 2213 reprobare
1158 2125 1278 2190 malum
1303 2137 1335 2190 et
1358 2125 1479 2212 eligere
1502 2125 1634 2190 bonum.
1675 2126 1761 2192 Sanc
1781 2153 1922 2203 (661616.

105 2230 185 2296 dum
200 2230 280 2296 illud
296 2231 441 2297 Simachi
456 2243 648 2296 annotamus
671 2231 732 2315 his,
758 2233 813 2319 qui
838 2242 870 2297 et
894 2231 953 2296 soli
970 2231 1085 2296 sedent
1101 2242 1133 2297 et
1149 2255 1286 2319 quorum
1303 2231 1458 2297 cathedra
1474 2232 1642 2319 questione
1662 2243 1760 2315 caret,

105 2361 172 2403 nou
196 2338 391 2403 destruimus
415 2361 478 2426 que
503 2361 601 2425 supra
624 2340 831 2422 asseruimus,
856 2339 1053 2424 generaliter
1075 2361 1115 2402 ve
1138 2339 1291 2403 intentari
1316 2340 1402 2403 omni
1426 2339 1558 2422 homini,
1582 2362 1760 2427 perquem

107 2444 296 2510 scandalum
320 2447 419 2529 venit,
452 2447 521 2510 sive
551 2445 604 2510 ille
634 2468 777 2510 summus
801 2447 870 2510 sive
893 2445 1024 2510 iniimus
1047 2444 1229 2510 mortalium
1254 2446 1305 2527 sit,
1336 2431 1394 2510 seu
1416 2443 1510 2510 brevi
1534 2456 1679 2533 tempore
1703 2469 1761 2511 seu

55 2576 86 2615 ao
107 2551 164 2616 diu
187 2551 374 2617 cathedram
398 2553 548 2616 tenuerit.
596 2552 802 2639 Quicumque
825 2575 903 2616 vero
928 2575 962 2617 se
986 2553 1103 2639 ipsum,
1134 2563 1290 2638 arguente
1314 2575 1349 2616 se
1373 2551 1443 2616 celo
1474 2551 1581 2617 idest
1610 2552 1760 2636 ecclesia,

105 2657 300 2723 iudicaverit
328 2681 394 2723 non
417 2660 529 2746 utique
560 2658 758 2724 iudicabitur
781 2681 800 2724 a
823 2659 976 2740 Domino,
1008 2660 1092 2723 sicut
1116 2657 1156 2723 de
1181 2658 1322 2745 quodam
1354 2682 1478 2723 summo
1509 2659 1678 2724 sacerdote
1702 2682 1762 2747 per

105 2764 269 2830 hominem
284 2766 350 2830 Dei
373 2765 559 2852 redarguto,
584 2765 641 2830 sed
664 2788 730 2830 non
746 2777 891 2830 correcto
915 2765 1064 2851 legimus,
1089 2764 1177 2852 quod
1200 2765 1310 2831 divino
1334 2765 1455 2830 iudicio
1476 2764 1516 2830 de
1541 2764 1932 2842 661166616661.666.(,16.

104 2883 281 2937 retrorsum
304 2872 416 2937 fractis
440 2871 624 2937 cervicibus
648 2882 792 2936 mortuus
816 2873 867 2936 sit.
915 2871 1070 2937 Similiter
1086 2882 1193 2937 autem
1210 2882 1242 2936 et
1257 2873 1395 2936 Romani
1411 2871 1544 2959 quidam
1562 2872 1641 2938 (11611
1656 2873 1759 2960 ponti·

105 2979 194 3060 lices,
219 2980 332 3066 quiin
355 2979 439 3044 malo
462 2982 647 3066 pertinaces
665 2983 781 3066 ‘usque
805 2979 839 3042 in
862 2978 960 3043 finem
984 2979 1203 3065 perstiterunt,
1228 2978 1268 3043 de
1294 2978 1442 3065 catalogo
1466 2980 1655 3065 pontificum
1679 2980 1759 3045 iudi·
1779 3005 1857 3054 mss

59 3109 86 3149 16
106 3095 201 3151 cante
230 3086 369 3151 ecclesia
400 3086 496 3150 etiam
529 3097 602 3174 post
631 3096 767 3150 mortem
798 3084 916 3150 sublati
944 3095 1029 3167 sunt,
1060 3097 1169 3172 preter
1192 3084 1272 3149 illud
1294 3084 1461 3167 iudicium,
1486 3109 1549 3172 quo
1575 3109 1594 3150 a
1617 3087 1760 3151 Domino

106 3203 181 3257 sunt
211 3193 398 3258 eternaliter
424 3193 568 3258 iudicati.
617 3193 770 3273 Qualium
798 3216 881 3257 unus
910 3193 1017 3257 extitit
1039 3192 1107 3256 Leo
1132 3191 1217 3274 illel,
1242 3193 1298 3278 qui
1323 3203 1434 3256 contra
1457 3191 1629 3278 Hylarium
1652 3193 1760 3258 Picta·

105 3323 238 3364 venscm
269 3301 303 3364 in
327 3300 464 3365 concilio
487 3310 735 3387 presumptuose
765 3299 892 3364 locutus
916 3311 975 3364 661.
1023 3299 1181 3379 Quamvis
1206 3321 1283 3384 ergo
1308 3299 1468 3385 quispiam
1493 3300 1533 3364 sit
1556 3299 1609 3363 vel
1633 3299 1760 3364 dicatur

105 3429 249 3470 summus
273 3407 467 3491 mortalium,
491 3430 556 3472 non
573 3417 781 3493 contempnat
797 3406 986 3494 pusillorum
1011 3404 1051 3470 de
1076 3428 1110 3469 se
1135 3403 1335 3470 scandalum.
1372 3405 1454 3469 Nam
1479 3407 1507 3469 si
1530 3427 1616 3491 pena
1638 3406 1758 3490 gehen-

104 3513 171 3577 nali
194 3512 346 3599 plectitur
370 3515 425 3600 qui
449 3512 720 3578 scandalizaverit
743 3536 842 3577 unum
867 3513 907 3576 de
931 3512 1066 3599 pusillis,
1091 3522 1211 3598 quanto
1235 3513 1339 3597 magis
1370 3511 1433 3576 illis
1456 3511 1612 3576 iudicium
1637 3513 1758 3598 reposi-
1778 3503 1922 3608 M„„⁰,f·„‚„

59 3644 86 3682 so
105 3629 174 3683 tum
198 3631 246 3683 est
270 3621 326 3706 qui
349 3619 573 3685 scandalizant
597 3620 770 3685 ecclesiam
793 3620 859 3683 Dei
883 3619 977 3683 simul
1001 3629 1032 3684 et
1055 3641 1168 3705 regna.

211 3727 297 3791 Hinc
322 3728 418 3810 enim,
442 3736 477 3790 ut
500 3727 534 3791 in
549 3728 786 3813 presentiarum
810 3728 983 3809 cernimus,
999 3736 1139 3791 vexatur
1162 3737 1194 3790 et
1217 3749 1282 3790 nou
1304 3725 1432 3790 modice
1456 3725 1604 3790 turbatur
1620 3725 1758 3791 ecclesia

51 3869 57 3880 ·
104 3833 171 3896 Dei
194 3835 395 3920 permaxime
420 3855 518 3920 super
540 3833 626 3898 illius
649 3834 754 3898 malae
778 3833 938 3920 pactionis
954 3832 1066 3916 verbe,
1090 3855 1164 3919 quo,
1190 3834 1274 3896 sicut
1297 3833 1471 3914 astruitis,
1497 3834 1553 3918 qui
1577 3831 1618 3896 ab
1643 3831 1757 3896 eodem

104 3941 235 4026 negotio
266 3963 300 4005 se
332 3938 532 4005 subtraxisse
563 3941 691 4023 dicitur,
715 3939 870 4005 videlicet
894 3940 1104 4020 Octavianus,
1129 3961 1226 4025 quem
1250 3939 1416 4004 Victorem
1448 3938 1570 4021 dicunt,
1601 3938 1695 4002 simul
1726 3949 1758 4002 61

104 4045 167 4110 11116
192 4045 422 4129 cardinalibus,
446 4046 601 4112 videlicet
623 4047 769 4111 Iohanne
792 4047 911 4111 Pisano
936 4056 968 4110 et
992 4044 1151 4110 Gwidone
1176 4044 1362 4128 Cremcnse,
1392 4045 1595 4132 divulgatum
1619 4056 1677 4126 est,
1702 4047 1756 4131 qui

59 4176 87 4216 ss
105 4153 212 4218 eidem
233 4154 374 4240 pessime
398 4154 641 4240 conspirationi,
667 4165 701 4218 ut
724 4153 874 4235 fatentur,
898 4153 1114 4216 interfuerunt
1137 4163 1169 4216 et
1192 4152 1276 4216 male
1301 4151 1376 4216 date
1401 4163 1433 4217 et
1457 4165 1591 4238 accepte
1607 4152 1756 4239 pecunie,

104 4271 141 4324 nt
163 4258 285 4342 dicunt,
309 4261 485 4347 participes
509 4261 588 4325 facti
611 4271 695 4342 sunt,
720 4259 760 4325 ab
785 4259 844 4342 his,
869 4261 1011 4346 inquam,
1037 4258 1237 4345 divulgatum
1254 4271 1296 4341 et,
1314 4259 1400 4346 quod
1420 4283 1478 4346 pro
1502 4271 1638 4345 accepta
1655 4258 1757 4324 Siculi

106 4377 138 4431 et
159 4366 453 4431 Mediolanensium
475 4369 615 4454 pecunia
638 4367 748 4432 domni
772 4367 974 4453 imperatoris
999 4367 1292 4431 excommunicatio
1317 4365 1376 4430 sub
1401 4368 1550 4438 cautione
1575 4388 1756 4430 sacramen-

105 4472 162 4537 tali
185 4473 392 4538 firmitudinis
415 4475 575 4560 promissa
597 4473 704 4555 fucrit,
729 4496 792 4559 quo
816 4483 912 4559 pacto
937 4473 1033 4536 etiam
1057 4472 1092 4536 id
1114 4473 1276 4537 firmatum
1294 4472 1421 4555 dicitur,
1446 4483 1606 4560 quatenus
1631 4472 1672 4537 de
1688 4470 1756 4537 illo·
1828 4545 1830 4548 ¹

105 4603 176 4644 rum
193 4591 277 4662 cetu,
294 4581 351 4667 qui
370 4579 435 4644 tale
455 4580 618 4667 piaculum
636 4581 865 4661 commiserint,
882 4602 964 4643 unus
981 4580 1015 4642 iu
1029 4602 1149 4666 papam
1166 4578 1341 4665 eligeretur
1363 4591 1436 4666 post
1456 4591 1592 4644 mortem
1608 4578 1755 4662 Adriani,

59 4711 87 4750 (ο
106 4708 203 4772 quam
226 4686 474 4772 promissionem
504 4688 538 4750 in
562 4685 742 4750 6166116116Ἰ
766 4685 879 4750 (11611111
902 4707 973 4748 6666
998 4685 1222 4772 6611161616613.
1271 4685 1377 4765 Quem
1402 4709 1480 4750 sane
1504 4686 1568 4750 tale
1592 4685 1756 4772 piaculum
1775 4709 1923 4760 (1166666.

105 4815 170 4856 non
199 4792 483 4857 scandalizaretb?
537 4791 634 4874 Quod
663 4793 774 4878 utique
806 4793 833 4854 61
863 4802 1085 4878 perpetratum
1115 4803 1279 4856 constaret
1308 4790 1390 4856 lude
1425 4793 1588 4857 traditoris
1622 4792 1756 4856 crimine

105 4897 308 4986 paulominus
333 4899 520 4964 sceleratius
545 4910 640 4964 esset.
687 4899 771 4963 Nam
794 4898 859 4962 illic
884 4897 1060 4984 discipulus
1084 4900 1283 4984 magistrum,
1315 4899 1368 4963 hic
1392 4911 1485 4984 pater
1507 4898 1608 4963 filium
1632 4898 1756 4963 aeccle-

105 5007 173 5070 siae
196 5016 286 5070 veste
316 5004 474 5071 nudatum
505 5005 651 5071 hostibus
681 5004 883 5087 tradidisset,
915 5017 971 5068 aut
994 5006 1071 5090 quia
1101 5016 1227 5068 tantum
1250 5005 1376 5070 facinus
1401 5005 1441 5069 de
1465 5016 1531 5070 tam
1555 5004 1755 5092 sapientibus

106 5111 196 5177 credi
218 5112 351 5177 difficile
376 5123 434 5194 est,
459 5114 608 5199 quamvis
632 5122 664 5176 et
687 5134 821 5176 munera
845 5111 944 5176 corda
968 5123 1127 5176 excecant
1150 5113 1343 5198 sapientum,
1368 5113 1395 5176 61
1418 5111 1554 5176 liberam
1578 5099 1924 5204 6611611166ξξξξῖ1ξξξ1

59 5219 239 5285 (6161611116
262 5220 402 5284 retinent
425 5221 668 5300 conscientiam,
693 5217 865 5283 ostendant
883 5219 981 5281 etiarn
997 5217 1135 5282 ecclesie
1152 5218 1218 5281 Dei
1241 5241 1333 5282 suam
1356 5220 1576 5284 innocentiam
1592 5219 1756 5306 piaculum

212 5418 239 5482 a)
261 5419 424 5471 electionem
442 5437 462 5470 c.
536 5417 564 5482 b)
586 5420 763 5470 scandazaret
781 5437 802 5470 c.

216 5583 244 5652 1)
268 5583 356 5640 Inrrno
381 5582 584 5654 Marcellinas;
606 5603 632 5640 o.
656 5602 746 5658 supra
764 5603 798 5658 p.
817 5581 889 5653 369,
914 5602 942 5638 a.
963 5581 990 5638 l.
1062 5581 1091 5650 2)
1118 5583 1244 5639 Leonem
1263 5582 1395 5653 comitem,
1414 5581 1463 5658 qui
1480 5581 1595 5641 concilio
1615 5582 1758 5640 Seleuciae

107 5691 198 5750 habito
215 5690 359 5769 praefuit,
384 5699 483 5748 auctor
506 5690 536 5748 in
559 5689 653 5748 animo
676 5689 944 5746 cotumaciam.
1038 5687 1068 5759 3)
1095 5687 1143 5760 Os.
1167 5707 1257 5764 supra
1281 5709 1305 5745 c.
1332 5689 1382 5746 53.

1490 5809 1542 5861 41*
