4396 6390
431 389 495 453 452
723 393 903 450 GERHOHI
927 391 1162 448 PRAEPOSI'I'I
1186 389 1594 447 REICHERSBERGENSIS
1618 389 1784 445 LIBELLI.

359 605 410 658 (ar).
537 579 733 646 Huiusmodi
756 579 877 664 regulis
893 577 934 642 de
950 577 1138 664 pontificum
1154 579 1357 663 promotione
1373 577 1585 664 promulgatis
1602 576 1788 641 excluditur
1803 574 1963 640 violentia
1978 596 2120 660 regum

431 712 489 754 seu
512 687 696 775 principum
720 697 966 771 ceterorumque
989 683 1146 748 laicorum
1174 686 1441 770 potestativorum
1470 683 1512 748 ab
1537 682 1751 748 electionibus
1775 694 1809 747 et
1832 681 2135 769 promotionibffi

431 797 667 882 episcoporum,
685 813 872 878 quanquam
888 803 976 856 recte
1000 792 1185 877 requiratur
1208 813 1359 855 assensus
1384 791 1541 878 cuiusque
1567 791 1708 854 civitatis
1731 789 1977 853 honoratorum.
2015 788 2156 853 ilua:

431 901 559 966 accedit
588 921 710 964 novum
740 920 824 984 pape
848 898 1031 962 Innocentii
1055 897 1233 979 decretum,
1258 919 1322 984 quo
1346 899 1525 984 precipitur
1555 897 1671 961 electio
1696 919 1716 960 a
1739 896 1909 960 canonicis
1941 897 2012 958 fieri
2043 919 2106 959 see
2147 937 2166 946 -

431 1007 573 1074 cundum
604 1004 774 1071 eonsilium
809 1004 1035 1090 religiosorum
1047 1009 1066 1067 ¹.
1121 1001 1248 1084 Quibus
1279 1003 1429 1068 omnibus
1464 1003 1638 1089 diligenter
1672 1004 1817 1088 pensatis
1849 1011 2015 1089 quatuor*
2045 1003 2195 1067 iix.-

431 1115 605 1179 veniuntur
635 1111 858 1177 distinctiones
888 1112 922 1175 in
947 1111 1105 1175 electione
1137 1113 1305 1174 canonica.
1351 1109 1436 1174 Nam
1464 1109 1624 1197 spiritales
1650 1121 1682 1174 et
1704 1108 1850 1195 religiosi
1874 1109 1940 1172 viri
1972 1105 2163 1174 habens-1
2194 1150 2198 1165 =

432 1220 611 1302 consulere,
636 1217 785 1282 canonici
808 1217 939 1302 eligere,
971 1216 1108 1303 populus
1132 1228 1253 1302 petere,
1284 1217 1433 1281 honorati
1457 1217 1626 1280 assentire.
1675 1215 1740 1296 Qui
1767 1227 1878 1280 tamen
1903 1216 1931 1278 si
1957 1214 2072 1279 consili

431 1327 656 1413 religiosorum
685 1335 814 1411 patrum
839 1335 871 1388 et
894 1323 1053 1388 electione
1077 1323 1269 1388 clericorum
1293 1346 1332 1388 ac
1356 1325 1519 1410 peticione
1543 1322 1654 1409 populi
1685 1331 1901 1387 concurrente
1933 1323 1968 1385 in
1993 1344 2038 1385 un
2069 1353 2075 1378 ι

431 1434 593 1499 noluerint
623 1429 761 1518 prebere
792 1453 970 1512 assensum,
1000 1453 1066 1494 non
1088 1439 1223 1516 propter
1245 1429 1306 1494 hoe
1331 1429 1413 1494 eritb
1437 1431 1528 1495 irrita
1557 1427 1731 1518 [electio⁰],
1763 1429 1789 1492 si
1813 1428 1895 1493 alias
1922 1439 1973 1492 est
1998 1451 2090 1492 eano—
2124 1469 2155 1484 a·

432 1542 516 1606 nica.
564 1539 650 1620 Quia
678 1557 785 1624 neque
815 1535 948 1622 regibus
978 1559 1084 1622 neque
1116 1536 1280 1600 honoratis
1311 1559 1382 1601 eam
1414 1536 1566 1601 cassandi
1596 1547 1645 1600 est
1674 1535 1741 1601 ulla
1769 1547 1927 1621 potestas,
1959 1534 2031 1616 sed,
2059 1559 2079 1598 u

434 1646 614 1733 Symaehus
637 1667 725 1731 papa
747 1643 856 1726 dieitl,
881 1641 1102 1730 subsequendi
1125 1645 1313 1707 necessitas.
1360 1643 1434 1708 Iure
1458 1642 1610 1729 denique,
1635 1643 1719 1706 sicut
1742 1641 1909 1707 fabricans
1934 1641 2172 1706 mundum--

302 1777 414 1826 seara.
432 1755 466 1818 in
489 1753 649 1839 principio
674 1751 752 1816 fecit
774 1750 866 1815 Deus
891 1750 1018 1814 caelum
1042 1760 1075 1814 et
1102 1761 1232 1833 terram,
1263 1751 1310 1814 sic
1340 1751 1374 1814 in
1397 1748 1591 1814 fabricanda
1619 1771 1707 1813 nova
1737 1760 1889 1814 creatura
1913 1751 2008 1835 prius
2032 1749 2104 1813 for-

434 1869 562 1924 mantur
592 1858 745 1922 caelestia
774 1867 806 1921 et
836 1857 1005 1944 spiritalia,
1036 1856 1154 1921 dehine
1184 1858 1351 1922 terrestria
1375 1868 1407 1921 et
1431 1856 1630 1944 corporalia,
1660 1867 1696 1920 ut
1719 1855 1873 1920 videlicet
1902 1855 2077 1942 spiritalite

434 1967 537 2031 eleeto
561 1977 593 2029 et
617 1965 790 2028 constituto
811 1964 964 2049 episeopo
988 1961 1106 2028 deinde
1128 1963 1266 2028 accedat
1287 1963 1443 2028 laicorum
1465 1964 1610 2028 assensio
1635 1973 1667 2026 et
1690 1962 1747 2027 illa
1769 1963 1930 2048 regalium
1947 1962 2126 2047 donatio,

434 2074 474 2138 de
499 2094 564 2159 qua
587 2072 796 2136 constitutum
825 2071 890 2134 iam
921 2070 1110 2156 episcopum
1133 2091 1194 2134 rex
1216 2069 1269 2134 vel
1299 2071 1476 2156 imperator
1504 2071 1661 2134 investire
1685 2067 1793 2152 habet,
1818 2069 1953 2156 quando
1981 2068 2121 2160 [tame]

433 2181 467 2243 in
490 2178 647 2244 electione
671 2179 725 2241 vel
749 2177 949 2263 promotione
974 2198 1105 2262 prorsus
1129 2199 1195 2240 non
1218 2187 1268 2240 est
1291 2176 1514 2241 contradictio

362 2311 413 2358 aa).
539 2285 634 2368 Nam,
658 2285 685 2348 si
709 2283 876 2348 electionis
899 2293 990 2369 patet
1006 2281 1217 2366 dissonantia,
1240 2284 1311 2347 iure
1334 2283 1368 2346 in
1384 2282 1502 2347 talibus
1527 2293 1718 2369 expectetur
1733 2282 1879 2347 iudicum
1896 2282 2101 2368 spiritalium

433 2393 602 2473 sententia,
627 2401 662 2455 ut
686 2390 788 2454 electo
812 2391 878 2454 iarn
902 2389 1090 2454 confirmato
1121 2388 1177 2452 liat
1206 2389 1365 2475 regalium
1394 2389 1542 2474 donatio;
1574 2412 1762 2477 quanquam
1786 2389 1903 2454 eadem
1927 2391 1996 2453 iam
2021 2412 2089 2453 aec-

434 2499 539 2564 clesiis
570 2498 646 2562 olim
677 2496 797 2561 donata
826 2497 860 2560 in
883 2497 1088 2582 possessione
1120 2497 1183 2560 sint
1213 2496 1458 2562 aecclesiastica
1488 2496 1663 2580 censenda,
1695 2495 1754 2560 sed
1776 2495 1936 2582 obsequio
1961 2495 2087 2561 decenti

433 2603 520 2690 apud
544 2625 653 2690 regem
678 2602 902 2684 deserviendo,
934 2625 998 2666 non
1028 2602 1070 2667 ad
1097 2613 1211 2666 nutum
1234 2605 1303 2666 eius
1328 2603 1495 2667 aecclesiis
1520 2605 1614 2690 quasi
1637 2625 1679 2668 ex
1702 2625 1788 2668 novo
1812 2601 2016 2667 conferenda
2039 2603 2083 2668 vel
2099 2632 2166 2663 a*

432 2709 621 2775 auferenda.
667 2710 775 2795 Reges
806 2711 892 2773 enim
923 2732 962 2774 ac
992 2710 1156 2795 principes
1186 2710 1220 2773 in
1244 2708 1301 2774 tali
1324 2708 1455 2774 malicia
1477 2711 1672 2796 pertinaces,
1697 2721 1732 2774 ut
1755 2709 1878 2774 vellent
1909 2709 1953 2773 ad
1977 2719 2082 2774 nutum

433 2840 525 2882 suurn
550 2817 732 2903 dispensari
756 2815 1000 2880 aecclesiastica
1022 2815 1075 2879 vel
1098 2816 1171 2901 ipsa
1194 2815 1326 2902 regalia,
1351 2838 1394 2880 ex
1417 2828 1510 2902 parte
1534 2816 1629 2881 fracti
1653 2826 1737 2899 sunt,
1768 2815 1948 2880 humiliatis
1972 2818 2082 2881 ceteris

342 2950 371 2989 η.
380 2951 413 2989 ιο.
433 2923 475 2988 ad
498 2923 718 2988 obedientiam
741 2933 874 2988 sanctae
898 2922 1095 3009 apostolicae
1121 2921 1224 2986 sedis:
1248 2924 1295 2987 ita
1317 2923 1441 2987 utiam
1465 2922 1557 2987 letari
1581 2945 1750 3009 possemus
1775 2924 1826 2986 'in
1851 2923 1902 2987 his
1920 2945 1985 3010 que
2003 2923 2083 2988 dicta

433 3041 507 3094 sunt
530 3040 562 3095 et
585 3041 669 3112 acta,
693 3031 727 3093 in
751 3029 882 3094 domum
901 3030 1035 3094 Domini
1059 3027 1210 3094 euntibus
1234 3029 1284 3093 bis
1308 3030 1364 3116 qui
1387 3030 1523 3094 veniunt
1547 3028 1588 3094 de
1612 3027 1770 3094 Babilone
1795 3031 1828 3093 in
1844 3029 2036 3111 Ierusalem,
2060 3033 2084 3094 si

431 3159 497 3201 non
519 3137 704 3201 videremus
729 3159 749 3200 a
772 3136 965 3224 quibusdam
989 3135 1173 3200 reedificari
1196 3134 1399 3219 Babilonem,
1430 3135 1465 3199 id
1489 3147 1539 3201 est
1565 3135 1654 3200 illam
1678 3136 1914 3218 confusionem,
1940 3159 2007 3223 qua
2029 3159 2082 3201 rex
2099 3159 2120 3198 a

432 3242 598 3308 Babilonis
629 3241 777 3307 diabolus
806 3245 841 3306 in
865 3242 980 3307 diebus
1010 3243 1081 3306 istis
1111 3243 1297 3308 novissimis
1328 3252 1460 3308 exossat
1489 3265 1622 3329 gregem
1646 3243 1791 3325 Domini,
1823 3244 1908 3307 sicut
1931 3243 2083 3308 Ieremias

283 3377 328 3417 ar.
336 3377 369 3426 se,
379 3377 411 3416 rr.
431 3350 578 3436 deplorat
601 3350 731 3414 dicens:
758 3350 846 3416 Grau
869 3351 1032 3437 dispersus
1054 3349 1190 3430 Israhel,
1215 3352 1317 3414 leo-aea
1340 3351 1538 3416 comederunt
1561 3375 1638 3415 euru.
1677 3349 1808 3415 Primus
1832 3351 1999 3416 decoravit
2021 3377 2083 3415 eum

431 3482 488 3522 rer
510 3458 623 3539 Asara,
649 3460 703 3522 iate
727 3460 915 3522 nouissimam
939 3460 1095 3521 caessavit
1117 3482 1185 3522 eum
1208 3457 1498 3522 Nabuchodonosor
1521 3482 1579 3522 rex
1601 3457 1780 3522 Babilom'a

361 3589 411 3638 (aa).
538 3563 627 3644 Quid
650 3563 737 3626 enim
753 3573 802 3626 est
824 3585 958 3648 gregem
975 3563 1110 3627 Domini
1134 3565 1289 3646 exossari,
1314 3563 1377 3626 nisi
1401 3585 1475 3628 eum
1499 3564 1544 3628 ita
1567 3563 1732 3645 fascinan',
1756 3573 1792 3626 ut
1814 3565 1847 3626 in
1872 3585 2017 3628 errorem
2041 3565 2085 3627 in-

255 3695 413 3745 umerare.
431 3669 601 3752 ducantur,
633 3670 660 3733 si
683 3669 754 3733 fieri
777 3680 892 3756 potest,
922 3680 954 3733 et
977 3669 1073 3734 electi
1101 3668 1228 3734 ossibus
1257 3691 1388 3733 carnem
1418 3669 1623 3756 portantibus
1647 3669 1826 3752 assimilati,
1858 3669 1918 3734 sed
1941 3673 2085 3756 peccatis
2103 3693 2125 3732 u

432 3775 639 3861 exigentibus
663 3799 774 3841 eorum
797 3798 932 3840 numero
957 3777 1070 3840 sociati
1091 3777 1146 3862 qui
1162 3778 1251 3840 cives
1268 3777 1375 3862 potius
1393 3776 1560 3841 Babilonis
1577 3799 1675 3863 quam
1691 3776 1870 3841 Ierusalem
1886 3778 2086 3842 censentur?

431 3881 534 3946 Verbi
564 3883 679 3968 gratia,
711 3883 745 3946 in
769 3882 854 3946 clero
877 3881 912 3946 hi
935 3883 991 3968 qui
1015 3904 1089 3946 cum
1113 3883 1177 3946 sint
1200 3883 1347 3946 valenter
1373 3883 1504 3964 literati,
1534 3882 1686 3948 dicuntur
1715 3893 1824 3948 tamen
1848 3894 1881 3947 et
1908 3895 1984 3947 sunt
2015 3907 2085 3948 ace-

431 3988 521 4074 phali
544 3999 585 4071 et,
609 3998 644 4053 ut
667 3990 713 4052 ait
737 3988 905 4071 Ysidorus,
932 3991 1163 4074 ypoeentauris
1187 3987 1355 4053 assimilati
1366 3993 1387 4071 ³,
1420 3992 1476 4076 qui
1499 4013 1560 4054 nec
1589 3990 1665 4076 equi
1688 4012 1748 4054 nec
1773 3989 1920 4054 homines
1948 3992 2084 4055 mixtum

258 1940 414 2008 [Deregali

301 2009 370 2076 bus]

279 3963 330 4030 [De
350 3983 411 4016 ace·

291 4033 398 4104 phalis]

431 4224 474 4265 ex
498 4223 536 4266 eo
561 4201 647 4288 quod
670 4211 829 4265 vocantur
851 4201 962 4265 clerici
985 4201 1038 4266 vel
1061 4203 1220 4285 canonici,
1250 4225 1324 4267 cum
1354 4203 1418 4267 sint
1448 4225 1616 4289 synagoga
1646 4213 1767 4284 satane,
1796 4203 1910 4268 volunt
1940 4227 1999 4290 pro
2029 4227 2085 4268 suo
2101 4225 2125 4264 a

431 4306 525 4371 libitu
549 4307 809 4372 aecclesiastIcos
832 4306 971 4371 honores
995 4309 1113 4393 partim
1137 4307 1200 4373 sibi
1223 4331 1391 4395 usurpare,
1422 4309 1541 4395 partim
1570 4311 1620 4373 sui
1648 4309 1806 4374 similibus
1830 4309 1883 4374 vel
1907 4312 2008 4374 etiarn
2032 4333 2085 4375 ne·

433 4411 600 4498 quioribus
624 4414 782 4478 conferre.
820 4413 945 4478 Horum
963 4414 1096 4499 quidam
1119 4416 1292 4500 precipuas
1315 4416 1350 4478 in
1366 4415 1527 4480 aecclesia
1551 4415 1725 4502 dignitates
1749 4428 1782 4480 et
1804 4415 1899 4481 sedes
1924 4428 2086 4502 occupant

432 4529 529 4604 atque
561 4521 649 4583 cives
672 4520 849 4584 Ierusalem
879 4531 968 4585 tanto
999 4523 1132 4606 gravius
1160 4533 1307 4607 gravant,
1337 4533 1458 4609 quanto
1482 4521 1631 4586 licentius
1661 4524 1695 4586 iu
1718 4523 1791 4608 ipsa
1813 4523 1992 4587 Ierusalem
2016 4523 2085 4607 regi

432 4624 598 4690 Babilonis
615 4625 763 4710 militant,
788 4627 948 4692 secularia
964 4626 1163 4713 spiritalibus
1179 4628 1346 4693 miscendo
1365 4640 1398 4693 et
1417 4630 1525 4693 omnia
1540 4629 1586 4694 ita
1602 4627 1841 4712 confundendo,
1860 4640 1906 4710 ut,
1927 4631 1955 4692 si
1971 4629 2084 4694 videas

432 4731 615 4795 huiusmodi
637 4732 810 4814 hominem,
841 4755 946 4819 neque
977 4732 1148 4798 inhabita
1170 4757 1277 4822 neque
1307 4736 1341 4798 in
1365 4737 1611 4800 conversatione
1635 4736 1747 4800 valeas
1770 4735 1975 4822 perpendere
1999 4735 2084 4800 illius
2101 4757 2125 4796 a

432 4837 675 4923 professionem.
723 4837 879 4904 Similiter
909 4851 942 4904 et
971 4842 1055 4904 iuter
1085 4840 1185 4905 laicos
1208 4842 1265 4904 vix
1296 4842 1444 4905 invenias
1474 4842 1507 4904 in
1540 4841 1652 4906 ordine
1683 4842 1815 4907 militari
1846 4843 1989 4929 aliquem
2019 4844 2084 4906 suis

432 4955 617 5009 contentum
642 4945 821 5031 stipendiis,
845 4946 887 5010 ad
911 4947 1091 5012 secederem
1115 4947 1269 5011 videlieet
1292 4947 1446 5012 miliciam
1469 4946 1724 5034 pertinentibus;
1749 4949 1795 5012 ita
1817 4959 1942 5013 utnon
1966 4947 2084 5013 habeat

432 5050 576 5114 decimas
605 5051 746 5116 miliciae
777 5052 913 5138 spiritali
943 5054 1050 5138 potIus
1081 5076 1179 5139 quam
1210 5053 1347 5118 seculari
1379 5052 1491 5117 divina
1514 5054 1717 5119 ordinatione
1741 5055 1930 5119 destinatas.
1977 5056 2022 5118 Et
2051 5056 2083 5119 hi

264 5185 411 5234 naturae,
432 5179 520 5242 ergo,
545 5157 644 5221 veluti
676 5181 718 5221 ex
746 5158 875 5222 diverso
906 5181 1025 5244 genere
1055 5160 1191 5241 confusi,
1216 5161 1305 5224 cives
1328 5159 1521 5224 Babiloniae
1553 5171 1636 5243 sunt,
1668 5171 1857 5247 separantes
1881 5185 1967 5248 quae
1990 5162 2083 5226 Deus

431 5263 601 5328 coniunxit
623 5273 655 5328 et
678 5265 848 5350 iungentes
872 5287 956 5351 quae
980 5267 1154 5352 separavit.
1200 5266 1307 5330 Huius
1338 5278 1445 5330 autem
1470 5267 1668 5331 confusionis
1692 5251 1841 5354 precipui
1865 5280 1940 5332 sunt
1963 5268 2082 5332 machi·
2100 5289 2124 5329 e

537 5461 564 5526 a)
586 5465 679 5512 1111(Π
701 5464 733 5513 B.
806 5463 834 5526 b)
856 5466 933 5515 irrita
953 5467 1004 5516 erit
1023 5466 1055 5515 B.
1129 5463 1155 5528 c)
1175 5467 1242 5516 decu
1260 5465 1293 5516 A.

539 5625 568 5696 1)
596 5625 679 5683 Coae.
707 5627 805 5683 Later.
830 5647 857 5683 a.
879 5627 971 5697 1139,
997 5649 1019 5684 e.
1042 5628 1092 5698 28,
1119 5629 1219 5686 ,uarat
1240 5629 1324 5699 XXI,
1350 5632 1400 5686 col.
1425 5630 1498 5686 534.
1570 5629 1600 5700 2)
1624 5631 1656 5686 V.
1676 5651 1710 5706 p.
1731 5631 1805 5702 451,
1831 5651 1859 5689 a.
1882 5631 1910 5687 4.
1983 5631 2012 5702 3)
2038 5631 2097 5709 De,

428 5733 527 5810 officio
543 5735 606 5789 cccl.
625 5733 665 5802 II,
684 5753 706 5788 c.
722 5732 750 5802 2,
767 5729 829 5806 §Q
847 5735 889 5789 ed.
907 5735 1047 5790 Arearalus
1064 5734 1112 5805 VI,
1125 5755 1157 5809 p.
1173 5735 1235 5790 416
1241 5757 1251 5804 ,·
1277 5736 1316 5806 cf.
1335 5736 1419 5807 iufra
1430 5757 1463 5811 p.
1479 5737 1539 5793 457
1548 5758 1558 5806 ,·
1583 5737 1629 5794 De
1644 5737 1768 5814 inuata.
1786 5738 1954 5795 Antichristi
1969 5739 1992 5808 I,
2011 5759 2033 5794 c.
2052 5739 2080 5793 4.
