4478 6396
696 353 934 410 OPUSCULUM
958 357 1010 410 DE
1036 355 1208 413 EDIFICIO
1233 358 1310 414 DEI.
1770 353 1831 416 195

174 539 295 620 cusari,
320 561 401 624 quos
426 539 469 604 ad
492 539 677 605 huiusmodi
694 539 974 605 exordinationem
990 543 1242 629 perpetrandam
1262 555 1408 608 nontam
1427 545 1619 632 constringit
1642 547 1831 627 necessitas,

174 667 275 730 quarn
299 647 433 732 propria
454 645 634 712 inflammat
659 647 830 734 cupiditas.
868 647 933 729 Qui
957 650 1066 731 etiam,
1091 651 1117 713 si
1134 649 1263 730 vellent,
1289 650 1375 714 istud
1401 651 1618 732 morticinum,
1640 654 1732 716 cuius
1756 674 1831 717 cou-

174 753 309 836 tagione
333 752 496 817 infirmum
519 776 620 839 pecus
644 753 834 835 maculatur,
859 766 992 841 possent
1008 757 1139 820 omnino
1164 756 1328 820 demedio
1353 756 1484 821 tollere:
1509 768 1544 820 ut
1567 756 1767 824 nullomodo
1789 759 1832 822 ad

175 881 232 922 cos
257 861 435 945 respiceret
457 859 512 924 illa
527 861 663 925 Domini
688 861 829 948 querela,
855 885 919 949 qua
943 885 1002 948 661
1025 863 1216 948 prophetam
1233 886 1273 926 ve
1298 864 1481 949 imprecans
1505 863 1690 949 pastoribus
1715 875 1831 929 semet·

142 989 156 1028 s
175 966 265 1051 ipsos
282 965 502 1052 pascentibus,
528 970 587 1048 lec,
612 969 725 1054 inquit,
750 971 965 1050 consedebant,
990 985 1019 1035 et
1038 971 1122 1034 lunia
1139 973 1385 1056 operiebamini:
1409 973 1558 1058 effectae
1573 987 1645 1036 0001
1660 997 1730 1036 ovea
1746 998 1831 1037 61006
1849 993 1962 1044 unum.

177 1075 210 1136 in
228 1073 444 1160 direptionem.
481 1073 573 1138 Istud
589 1098 669 1139 sane
686 1076 918 1162 improperium
935 1074 1082 1140 cavendo
1107 1086 1262 1140 caverent
1285 1100 1414 1162 quoque
1440 1076 1521 1141 illud
1543 1077 1725 1160 anathema,
1743 1077 1830 1163 quod

175 1190 291 1244 contra
314 1179 515 1245 decimarum
539 1182 733 1246 alienatores
757 1183 924 1246 continent
941 1180 1069 1247 Urbani
1093 1205 1197 1268 papae
1223 1194 1255 1246 et
1277 1184 1429 1269 martyris
1454 1182 1630 1247 decretalia
1654 1185 1784 1270 scripta.

288 1307 359 1370 165.
395 1305 469 1369 Hoc
487 1307 638 1370 nimirum
655 1307 828 1371 anathema
852 1329 912 1392 per
935 1307 996 1371 hoe
1020 1331 1085 1372 non
1109 1307 1260 1388 solvitur3
1286 1331 1360 1388 non,
1386 1307 1473 1395 quod
1496 1309 1530 1370 in
1546 1307 1732 1394 baptismali
1757 1331 1829 1374 aec·
1850 1331 1908 1372 110.

176 1411 286 1504 016616,
311 1411 368 1476 ubi
392 1414 577 1499 conportari
601 1425 634 1477 et
658 1413 840 1499 dispensari
865 1413 1044 1480 secundum
1061 1436 1202 1479 canones
1220 1413 1350 1494 debent,
1375 1437 1481 1501 neque
1507 1413 1630 1500 degunt
1654 1415 1764 1479 elerici
1789 1415 1830 1480 de

130 1542 156 1581 (0
176 1541 241 1582 nno
272 1518 452 1604 quadrante
484 1521 700 1585 cormnuniter
729 1530 761 1584 et
788 1519 981 1606 regulariter
1007 1521 1164 1607 pascendi
1195 1542 1301 1606 neque
1334 1519 1530 1605 colliguntur
1552 1520 1672 1586 viduae
1697 1534 1728 1586 et
1752 1546 1830 1608 pau·

176 1647 271 1710 peres
296 1637 328 1688 et
351 1625 470 1690 infirmi
494 1625 535 1690 de
559 1626 623 1691 alio
648 1625 829 1713 quadrante
853 1626 1019 1710 fulciendi,
1044 1651 1150 1714 neque
1174 1628 1264 1712 viget
1288 1626 1393 1691 cultus
1416 1629 1560 1692 matricis
1586 1628 1765 1693 aecclesiae
1791 1629 1831 1696 (16

176 1734 278 1796 161610
302 1732 485 1818 quadrante
508 1733 742 1798 restaurandae
767 1745 799 1797 et
823 1733 998 1798 ornandae.
1047 1732 1212 1819 Quicquid
1244 1734 1329 1796 enim
1358 1733 1397 1796 dc
1423 1733 1602 1819 quadrante
1634 1734 1676 1799 ad
1707 1737 1831 1822 episeo-

177 1862 253 1924 pum
276 1840 460 1924 pertinente
485 1851 611 1926 agatur,
636 1841 705 1905 sive
729 1840 854 1905 scilicet
878 1841 911 1904 in
934 1839 1120 1927 baptismah
1144 1840 1305 1904 aecclesia
1328 1853 1483 1926 precepto
1507 1840 1592 1904 illius
1615 1842 1649 1904 in
1666 1841 1831 1928 hospitali·

177 1947 251 2009 tatis
276 1945 384 2011 officio
408 1946 624 2032 expendatur,
649 1949 718 2011 sive
742 1947 785 2011 ad
800 1947 968 2011 matricem
993 1957 1024 2011 et
1049 1946 1269 2032 episcopalem
1292 1946 1485 2010 aecclesiam
1502 1945 1676 2029 deferatur,
1701 1959 1757 2012 aut
1773 1972 1831 2014 suc

131 2077 157 2114 ra
176 2052 356 2138 episcopali
380 2053 542 2140 stipendio
566 2054 788 2135 insumendus,
816 2065 872 2117 aut
895 2055 997 2139 ipsius
1021 2053 1236 2134 xenodochia,
1262 2053 1348 2140 quod
1373 2076 1501 2139 semper
1525 2054 1558 2116 in
1583 2055 1714 2118 civitate
1738 2078 1830 2142 pere·

176 2160 278 2244 grinis
303 2170 336 2223 61
359 2159 538 2224 viatoribus
562 2159 782 2226 consolatione
806 2160 1029 2245 indigentibus
1053 2171 1165 2246 patere
1190 2159 1297 2244 debet,
1327 2159 1459 2224 iubente
1487 2160 1542 2225 illo
1572 2161 1771 2244 inferendus,
1797 2175 1832 2228 ut

177 2266 247 2330 sive
272 2264 407 2330 absente
432 2267 501 2330 sive
525 2277 676 2352 presente
702 2268 856 2353 episcopo
880 2266 986 2331 nullus
1010 2278 1164 2348 transeat,
1192 2277 1288 2353 61061
1312 2266 1451 2331 facultas
1475 2267 1625 2349 admittit,
1650 2269 1830 2334 inconsola-

177 2383 244 2436 tus:
281 2372 438 2459 quicquid
473 2372 587 2437 horum
623 2372 663 2437 de
695 2374 841 2459 episcopi
872 2371 1051 2460 quadrante
1082 2373 1153 2455 fiat,
1186 2373 1225 2437 de
1258 2396 1336 2459 quc,
1368 2385 1403 2437 ut
1431 2373 1546 2437 beatus
1579 2372 1757 2460 Gregorius
1788 2375 1831 2440 ad

177 2479 411 2544 Martinianum
433 2479 659 2543 Ravennatem
690 2482 879 2566 episcopum
910 2479 1056 2545 scribens
1088 2491 1226 2544 testatur
1236 2485 1256 2562 ¹,
1289 2481 1357 2543 sive
1389 2479 1507 2544 absens
1539 2481 1606 2544 sive
1630 2505 1765 2566 presens
1790 2485 1832 2546 sit

131 2609 158 2649 ao
177 2587 362 2672 episcopus,
386 2585 613 2673 hospitalitatis
639 2597 670 2650 et
694 2588 909 2673 susceptionis
927 2586 1069 2652 officium
1085 2589 1119 2650 in
1136 2586 1315 2673 episcopali
1331 2586 1409 2650 sede
1425 2588 1596 2672 procurari
1611 2587 1710 2652 debet
1733 2599 1830 2675 atque

176 2691 262 2774 ideo,
286 2694 351 2757 nisi
374 2693 454 2780 quid
475 2691 522 2756 ibi
546 2693 822 2779 superhabundat,
848 2705 941 2758 extra
965 2695 1129 2758 civitatem
1147 2693 1290 2780 expendi
1312 2715 1377 2758 non
1402 2705 1537 2779 oportet,
1562 2693 1608 2757 illi
1632 2705 1742 2758 tamen
1765 2706 1831 2760 tres

177 2799 375 2886 quadrantes
400 2799 602 2883 elericorum,
627 2823 818 2887 pauperum,
843 2811 875 2864 et
898 2800 1079 2864 aecclesiae
1102 2823 1269 2887 nunquam
1287 2798 1407 2864 debent
1431 2823 1450 2863 a
1473 2800 1831 2888 60110011161666110-

177 2906 285 2970 chiam
309 2908 532 2994 transportari,
557 2906 695 2993 spoliata
718 2906 773 2970 illa
796 2905 983 2992 baptismali
1006 2905 1094 2988 sede,
1123 2907 1165 2971 ad
1189 2929 1286 2993 quam
1311 2907 1344 2969 in
1368 2907 1459 2970 initio
1484 2905 1614 2970 fuerunt
1638 2910 1829 2993 consignati.

288 3034 360 3096 166.
396 3031 620 3096 Veruntamen
650 3032 722 3117 ipsa
752 3030 847 3095 sedes
878 3030 1115 3096 rationabiliter
1139 3031 1178 3095 de
1202 3031 1274 3096 loco
1298 3031 1462 3095 inlocum
1486 3031 1642 3096 translata
1666 3034 1753 3118 cogit
1777 3033 1830 3097 dc-

130 3139 280 3202 sacimas
303 3137 403 3202 adse
428 3139 624 3224 conportari,
649 3161 712 3224 que
737 3161 756 3202 a
780 3137 907 3203 clericis
932 3138 1078 3202 ordinate
1095 3137 1281 3202 liventibus
1306 3149 1337 3202 et
1361 3137 1490 3224 popule,
1516 3139 1572 3224 qui
1597 3139 1740 3203 decimas
1760 3162 1830 3225 per·

177 3245 283 3326 solvit,
314 3244 562 3330 providentibus
593 3246 638 3308 ita
668 3244 789 3309 debent
819 3245 1011 3331 dispensari,
1042 3256 1078 3308 ut
1108 3267 1204 3308 unam
1236 3245 1417 3330 portionem
1448 3243 1508 3308 sibi
1539 3246 1708 3324 retineant,
1734 3269 1830 3310 unam

177 3349 311 3416 fabricis
341 3350 530 3437 inpendent,
560 3375 657 3416 unam
689 3350 888 3438 pauperibus
919 3352 1059 3416 ma'xime
1091 3351 1132 3415 de
1156 3350 1211 3414 illa
1235 3361 1267 3414 et
1290 3352 1323 3413 in
1347 3350 1404 3414 illa
1427 3350 1587 3415 aecclesia
1611 3351 1831 3437 indigentibus

177 3456 239 3521 sub
263 3457 319 3522 tali
343 3459 527 3523 testimonio
558 3458 755 3544 expendant,
787 3469 822 3522 ut
853 3481 927 3522 cunr
956 3458 991 3520 in
1022 3479 1132 3522 eorum
1164 3456 1337 3521 ordinabili
1369 3456 1505 3542 collegio
1536 3469 1629 3542 porta
1660 3459 1769 3543 gregis
1800 3469 1831 3522 et

177 3577 272 3650 porta
295 3566 443 3650 piscium,
471 3565 511 3629 (16
535 3563 653 3651 quibus
677 3588 775 3650 supra
799 3575 972 3629 tractatum
996 3575 1054 3646 est,
1079 3563 1231 3628 edificata
1254 3575 1414 3642 cernatur,
1439 3565 1473 3627 in
1497 3564 1626 3648 ptochio
1651 3587 1831 3650 pauperum

131 3696 159 3736 ao
176 3683 272 3757 porta
301 3671 438 3736 fontium
473 3673 507 3736 in
537 3672 748 3737 refectionem
784 3671 999 3758 indigentium
1034 3672 1155 3755 iugiter
1185 3680 1300 3756 patens
1331 3670 1532 3752 inveniatur3
1570 3681 1667 3756 atque
1699 3671 1733 3734 in
1764 3681 1830 3735 toto

177 3778 297 3864 populo
322 3779 363 3842 de
386 3777 474 3843 bona
496 3779 607 3842 matris
632 3778 813 3842 aecclesiae
837 3779 1016 3842 imitatione
1040 3777 1213 3841 informato
1230 3787 1324 3862 porta
1347 3775 1541 3861 sterquilinii
1565 3799 1624 3861 661
1640 3775 1746 3861 largas
1767 3777 1829 3841 ele-

177 3888 319 3950 mosinas
345 3885 536 3950 ‘fabricetur
559 3896 656 3971 atque
681 3885 731 3950 his
754 3885 971 3971 1111⁰=p01tis
996 3883 1169 3964 edificium,
1195 3882 1235 3946 de
1260 3905 1323 3968 quo
1347 3883 1484 3967 agimus,
1511 3882 1664 3946 decenter
1688 3895 1828 3947 ornetur.
1849 3909 1878 3951 ⁸.
1922 3937 1928 3950 .

176 3991 349 4057 Aecelesia
372 4015 450 4056 vero
482 3991 523 4056 de
554 4015 613 4056 sua
643 3993 790 4078 portione
822 4002 947 4056 tantum
970 3991 1097 4055 decoris
1124 3990 1157 4053 in
1181 3988 1283 4070 libris,
1307 3990 1509 4053 vestimentis
1534 4011 1573 4053 ae
1597 3990 1714 4054 ceteris
1738 4001 1828 4054 6166-

177 4097 291 4162 silibus
315 4099 465 4184 accipiat,
490 4109 525 4162 ut
549 4099 641 4184 quasi
666 4098 899 4163 candelabrum
930 4099 963 4162 in
986 4097 1093 4162 medio
1119 4095 1311 4160 collocatum
1342 4119 1406 4159 nen
1437 4095 1539 4160 solum
1569 4094 1740 4161 utilitatem
1770 4120 1830 4183 per

131 4229 158 4271 a
176 4205 356 4290 spiritalem
386 4205 668 4286 illuminationem,
700 4205 759 4269 sed
787 4206 883 4270 etiam
915 4204 1067 4269 decorem
1099 4215 1131 4268 et
1161 4203 1358 4267 exteriorem
1388 4201 1661 4288 pulchritudinem
1693 4204 1828 4268 circum-

177 4313 296 4376 iacenti
320 4309 512 4398 parrochiae
537 4310 683 4398 prebeat.

286 4439 359 4500 167.
403 4435 475 4516 Quo
506 4435 713 4522 pulchritudo
745 4447 777 4500 61
806 4435 927 4499 utilitas
958 4447 1026 4499 tota
1056 4435 1242 4520 dissipatur,
1274 4433 1405 4520 quando
1435 4432 1638 4520 baptismalis
1669 4433 1830 4498 aecclesia

177 4543 279 4607 tribus
303 4542 505 4630 portionibus
529 4543 616 4629 apud
642 4565 676 4606 se
700 4544 792 4606 iuxta
816 4564 957 4606 canones
981 4541 1208 4627 dispensandis
1226 4540 1278 4604 vel
1295 4563 1315 4604 a
1330 4541 1498 4605 monachis
1521 4563 1581 4626 per
1600 4540 1717 4604 falsam
1739 4542 1829 4605 iusti-

177 4651 271 4732 ciam,
296 4649 349 4715 vel
372 4673 393 4714 a
415 4649 570 4714 militibus
594 4671 653 4734 per
676 4659 822 4734 apertam
846 4649 1042 4713 iniusticiam
1067 4647 1232 4734 spoliatur.
1281 4646 1371 4728 Quos
1395 4657 1548 4733 utrosque
1573 4670 1624 4711 res
1649 4647 1828 4712 aecclesiae

131 4755 252 4822 scinde
277 4756 502 4821 abstrahentes
526 4755 692 4842 predictus
716 4778 802 4840 papa
826 4754 933 4820 multis
957 4756 990 4818 in
1007 4752 1109 4818 verba
1133 4776 1192 4817 sua
1215 4752 1469 4818 consonantibus
1494 4765 1525 4817 et
1549 4754 1719 4839 sacrilegio
1740 4767 1829 4819 nota·

176 4863 259 4927 biles
283 4864 362 4927 facit
385 4876 417 4927 et
441 4863 658 4942 anathemate,
683 4862 759 4925 licet
782 4886 868 4925 nune
893 4860 935 4925 ab
959 4861 1021 4925 illis
1046 4860 1204 4946 neglecto,
1230 4873 1338 4924 tamen
1362 4861 1562 4941 maranatha,
1587 4860 1620 4924 id
1645 4863 1751 4924 estin
1774 4861 1829 4925 ad-

177 4983 277 5034 ventu
307 4970 441 5034 Domini
476 4968 713 5033 manifestando
748 4968 905 5054 percellit.
959 4968 998 5031 In
1028 4978 1152 5031 tantum
1184 4968 1305 5052 quippe
1337 4966 1481 5030 ordinem
1518 4968 1740 5052 presignatum
1771 4990 1831 5054 per

176 5079 327 5142 matrices
352 5089 383 5140 et
406 5075 618 5161 baptismales
642 5074 819 5139 aecclesias
843 5074 1020 5162 perdurare
1037 5073 1148 5152 voluit,
1174 5085 1296 5137 utnon
1320 5073 1488 5136 monachis
1512 5085 1569 5137 aut
1586 5072 1740 5138 militibus
1761 5085 1829 5138 tan-

177 5195 254 5260 turn,
280 5183 338 5248 sed
362 5185 441 5269 ipsis
458 5184 556 5246 etiam
574 5183 736 5268 episcopis
754 5192 786 5245 et
802 5181 951 5245 omnibus
968 5182 1098 5244 omnino
1115 5181 1272 5266 personis,
1297 5180 1412 5243 futuris
1436 5192 1594 5265 perpetuo
1619 5179 1828 5266 temporibus

132 5315 159 5354 rs
177 5290 440 5376 dampnationem
473 5291 656 5369 intentaret,
688 5290 714 5351 si
746 5289 818 5374 quis
849 5287 1026 5374 apostolica
1051 5299 1083 5350 et
1107 5285 1283 5350 decretalia
1314 5287 1415 5372 ipsius
1447 5287 1622 5350 constituta
1646 5286 1829 5352 convellere

177 5399 343 5461 niteretur.
390 5396 429 5459 In
461 5394 578 5483 quibus
611 5395 701 5476 ordo,
733 5417 829 5480 quem
853 5395 1065 5480 prediximus,
1096 5405 1169 5479 post
1200 5392 1332 5456 multam
1364 5394 1543 5456 communis
1568 5394 1654 5456 vitae
1686 5394 1719 5457 in
1744 5394 1830 5458 clero

178 5526 236 5589 per
260 5525 372 5567 omnes
396 5502 573 5567 aecclesias
597 5501 758 5565 tenendae
784 5500 1097 5564 commendationem
1121 5499 1170 5562 his
1196 5497 1304 5562 verbis
1329 5497 1552 5563 confirmatur:

287 5707 315 5777 l)
343 5706 392 5780 Of.
420 5706 511 5782 Epist.
537 5707 590 5775 XI,
618 5707 668 5775 21,
698 5706 763 5762 BE.
789 5705 829 5775 ΙΙ,
850 5726 882 5781 p.
902 5704 983 5774 28‘2,·
1008 5705 1053 5778 cf.
1074 5704 1159 5775 infru
1178 5723 1210 5778 p.
1232 5703 1302 5759 199.
