4418 6412
452 391 516 453 384
744 395 924 451 GERHOHI
948 393 1182 450 PRAEPOSlTl
1205 393 1614 450 REICHERSBERGENSIS
1639 351 1805 450 LIllELLI.

450 583 624 671 peditionis
647 583 805 646 extitisse.
853 581 921 646 Sed
950 604 1014 645 non
1046 581 1119 646 ideo
1143 581 1357 646 lerosolimite
1388 593 1493 646 rnotus
1517 579 1663 646 eiusdem
1687 592 1836 646 auctores
1862 589 1960 644 extra
1985 578 2105 665 culpam
2192 603 2193 608 ¹

449 697 533 771 sunt,
558 687 645 776 quod
668 689 769 752 nostri
792 687 871 752 talia
894 689 962 774 pati
982 689 1167 752 meruerint.
1203 687 1278 752 Alia
1294 711 1423 775 quoque
1448 689 1541 774 signa
1565 687 1744 752 tenibilia¹
1768 687 1809 752 de
1833 686 1905 751 celo
1930 680 2107 750 monstrata

449 807 533 878 sunt,
558 799 708 860 cometal
730 794 885 859 videlicet
907 794 1003 880 longe
1020 817 1129 859 comas
1146 795 1354 880 protendens,
1375 794 1480 860 celum
1498 816 1627 882 quoque
1651 795 1728 858 totis
1751 792 1905 858 noctibus
1929 793 2108 876 sanguineo

448 901 567 968 rubore
590 901 768 988 pertusum,
793 923 907 966 carnes
932 923 1060 988 quoque
1085 902 1154 965 vise
1179 911 1253 966 sunt
1278 901 1318 965 de
1343 901 1413 965 celo
1442 903 1476 964 in
1499 900 1630 965 modum
1654 899 1807 964 imbrium
1831 897 2028 976 defluxisse,
2053 920 2109 984 qne

449 1032 529 1074 casu
552 1010 623 1096 ipso
647 1006 926 1094 dirmnpebantur,
951 1007 1057 1072 calore
1082 1029 1211 1094 quoque
1236 1007 1312 1072 solis
1337 1007 1499 1072 desiccata
1530 1007 1706 1093 perierunt,
1738 1007 1821 1070 sicut
1852 1005 1895 1069 de
1920 1013 2018 1068 tanto
2045 1003 2138 1068 fusos

449 1115 589 1180 hmnano
613 1115 771 1200 sanguine
788 1125 942 1200 tantaque
966 1125 1074 1200 strage
1098 1113 1348 1178 christianorum
1364 1113 1452 1178 nulla
1468 1112 1679 1178 memoranda
1694 1113 1746 1176 vel
1770 1112 1948 1176 manifesta
1975 1110 2111 1175 ecclesie

449 1222 513 1286 Dei
537 1222 688 1309 provenit
711 1221 842 1286 utilitas.
890 1221 978 1284 Ecce
1003 1219 1116 1307 quales
1146 1221 1270 1285 fructus
1301 1220 1342 1284 de
1370 1221 1512 1306 pessima
1542 1219 1652 1284 radice
1676 1218 1935 1282 lerosolimitane
1971 1218 2112 1280 avaricie

449 1327 649 1416 prodierunt.
685 1328 774 1392 Ecce
790 1328 871 1408 fera,
896 1328 1060 1415 pessima*
1084 1327 1228 1391 avaricia
1244 1328 1357 1413 quanti
1382 1327 1549 1412 sanguinis
1572 1327 1635 1390 fusi
1659 1347 1715 1389 rea
1740 1327 1873 1389 inventa
1898 1335 1960 1388 est.
2001 1322 2115 1388 Sedet

449 1436 513 1500 aha
528 1434 644 1517 bestia,
669 1433 823 1522 superbia
839 1434 993 1498 videlicet
1017 1434 1131 1499 domus
1154 1433 1239 1498 illius
1263 1433 1442 1520 hospitalia,
1467 1433 1551 1496 sicut
1574 1432 1718 1496 avaricia
1743 1430 1937 1518 corporibus
1963 1433 2014 1494 ita
2038 1429 2114 1494 mul·

448 1553 553 1606 torum
578 1541 749 1606 animabus
772 1542 952 1627 perniciem
975 1540 1113 1605 induxit.
1161 1541 1233 1606 Hec
1256 1539 1463 1628 patriarchae
1487 1562 1545 1603 suo
1568 1561 1737 1618 merorem,
1769 1539 1864 1602 matri
1894 1536 2115 1602 ecclesiarum
2132 1564 2154 1600 a

449 1648 604 1731 dolorem,
634 1647 773 1712 filiorum
798 1671 817 1712 a
840 1646 986 1734 patribus
1018 1649 1257 1734 separationem
1281 1646 1411 1734 odiique
1435 1646 1584 1733 perpetui
1611 1646 1778 1730 rnateriam
1804 1646 1951 1727 invexit3
1988 1644 2051 1708 hec
2075 1643 2114 1707 de

449 1754 609 1820 thesauris
641 1754 801 1818 ecclesiae
833 1755 903 1818 iura
933 1753 1157 1819 ecclesiastica
1187 1753 1356 1835 subvertit,
1384 1753 1542 1818 donorum
1571 1751 1795 1838 magnitudine
1826 1753 1956 1815 animos
1983 1773 2114 1837 qnoque

449 1862 630 1947 sapientum
656 1862 782 1940 evertit,
807 1871 842 1925 ut
866 1883 981 1925 aurum
1004 1861 1152 1925 iusticiae
1176 1861 1368 1947 preferrent,
1392 1859 1529 1925 salutem
1553 1859 1733 1923 animarum
1758 1881 1837 1924 auro
1861 1870 2113 1944 postponerent,

449 1967 629 2033 aecclesiae
646 1967 712 2032 Dei
735 1991 801 2031 non
824 1967 988 2032 modicam
1011 1990 1110 2054 super
1130 1966 1245 2031 eodem
1268 1967 1355 2032 facto
1379 1965 1536 2031 scandala
1559 1966 1724 2030 inferrent.
1760 1965 1833 2030 Hec
1858 1963 2000 2029 subesse
2025 1965 2113 2028 fasti-

449 2073 541 2139 diens
572 2075 613 2156 ei,
645 2074 701 2162 qui
732 2074 794 2139 sibi
825 2073 937 2139 divina
967 2074 1170 2140 ordinatione
1200 2074 1343 2161 prelatus
1373 2075 1489 2154 fuerat,
1520 2073 1590 2136 eius
1621 2071 1819 2159 pedissequa
1848 2073 1939 2136 facta
1971 2083 2033 2152 est,
2058 2073 2112 2158 qui
2131 2095 2153 2136 n

315 2207 429 2256 mian.
448 2181 557 2246 multis
582 2179 675 2246 donis
700 2194 814 2246 naune
838 2205 858 2245 a
873 2181 947 2246 Deo
971 2181 1116 2268 preditus
1140 2182 1174 2245 in
1190 2180 1288 2245 corde
1314 2203 1370 2245 suo
1396 2180 1494 2244 dixit:
1519 2180 1638 2244 Ponam
1662 2180 1764 2244 sedem
1790 2205 1892 2244 ancora
1916 2180 1965 2244 cd
1988 2181 2111 2264 oan'lo·

448 2313 517 2354 nem
541 2303 643 2353 atero
666 2291 785 2354 similis
813 2291 977 2354 arcerano.
1025 2287 1113 2352 Huic
1136 2288 1283 2352 Romana
1313 2287 1463 2367 ecclesia,
1494 2287 1592 2350 immo
1623 2287 1655 2349 in
1686 2286 1747 2350 hoc
1769 2285 1865 2349 lacto
1891 2297 1924 2350 ct
1948 2283 2111 2349 similibus

448 2395 552 2480 magis
576 2393 717 2458 dicenda
742 2395 842 2476 curia,
867 2417 964 2480 quam
989 2393 1138 2474 ecclesia,
1163 2394 1196 2457 in
1220 2395 1345 2458 ratione
1369 2393 1437 2458 dati
1461 2403 1492 2457 et
1515 2393 1643 2478 accepti
1659 2393 1914 2457 communicavit
1937 2415 2056 2456 aurum
2080 2403 2111 2455 et

447 2511 619 2586 argentum
650 2501 817 2587 accipiens
847 2500 888 2564 ab
919 2523 959 2564 ea
989 2511 1021 2564 et
1052 2501 1082 2564 ei
1113 2501 1146 2563 in
1175 2522 1233 2564 sua
1263 2497 1439 2564 rebellione
1471 2521 1665 2564 consensum
1689 2509 1721 2563 et
1745 2498 2029 2563 confirmationem
2053 2500 2110 2562 im-

448 2608 601 2693 pertiens.
1178 2617 1182 2627 ’
2128 2633 2153 2671 a

376 2791 430 2841 (n).
543 2769 596 2830 68.
630 2767 676 2830 In
701 2767 887 2832 ecclesia
910 2767 1011 2830 fieri
1034 2765 1349 2831 abhominabile
1373 2776 1429 2848 et,
1454 2767 1562 2854 quod
1585 2791 1659 2832 nec
1682 2767 1849 2854 legibus
1874 2765 2015 2832 seculi

493 2873 744 2938 conceditur
774 2874 891 2956 fieri,
923 2873 972 2938 ad
1000 2874 1290 2960 acceptionem
1319 2896 1529 2938 munerum
1557 2875 1833 2960 magistratus
1859 2873 2064 2938 ordinari.

554 2997 657 3062 Immo
680 3020 742 3062 nec
766 3008 854 3062 recte
878 2998 988 3062 curiae
1019 3019 1137 3062 nomen
1166 2997 1299 3080 obtinet,
1329 2997 1406 3062 dum
1437 2997 1497 3062 hoc
1528 2999 1562 3061 in
1586 2997 1817 3064 ecclesiasticis
1840 2997 1995 3079 admittit,
2021 2997 2111 3084 quod

343 3165 346 3180 ,
448 3106 481 3168 in
505 3103 706 3168 secularibus
731 3126 860 3191 quoqne
891 3104 991 3169 seculi
1022 3103 1149 3190 legibus
1179 3104 1378 3191 prohibitum
1409 3114 1468 3169 est.
1515 3104 1589 3168 Non
1619 3107 1705 3169 enim
1736 3105 1929 3170 conceditur
1954 3104 2011 3168 vel
2042 3104 2109 3169 illic

448 3233 506 3298 pro
530 3211 721 3297 acceptione
745 3233 914 3275 munerum
938 3213 1056 3275 mutari
1085 3211 1210 3276 iudices
1237 3211 1290 3275 vel
1319 3211 1434 3275 iudicii
1463 3212 1657 3276 sententiam
1680 3211 1779 3276 vendi
1803 3235 1822 3276 a
1845 3211 1972 3294 iudice,
2006 3211 2108 3276 sordi·
2127 3236 2150 3275 a

448 3317 588 3403 demque
619 3317 804 3381 huiusmodi
834 3339 1003 3381 munerum
1034 3319 1259 3404 acceptionem
1289 3327 1469 3403 nuncupat,
1505 3339 1564 3381 nos
1594 3340 1672 3382 vero
1704 3340 1761 3404 pro
1792 3317 1888 3382 huius
1920 3317 2108 3382 detestandi

447 3424 650 3488 mercimonii
684 3425 788 3510 primo
823 3435 955 3488 auctore
991 3425 1161 3488 simoniam
1195 3425 1362 3488 nominare
1393 3423 1543 3488 solemus.
1597 3423 1671 3488 Non
1701 3446 1778 3509 ergo
1808 3423 2014 3511 applaudant
2045 3425 2107 3490 sibi

447 3530 587 3595 Romani
609 3529 705 3595 huius
729 3530 782 3594 vel
806 3529 954 3595 similiter
976 3530 1072 3596 datae
1096 3532 1255 3617 pecuniae
1287 3540 1486 3616 acceptores.
1533 3528 1611 3594 Plus
1642 3531 1727 3594 enim
1758 3530 1799 3594 de
1829 3531 1942 3617 precio
1975 3533 2108 3618 pietatis

448 3647 481 3702 et
503 3636 652 3702 iusticias
676 3637 764 3723 apud
780 3660 892 3701 omnes
915 3638 1016 3702 iustos
1041 3659 1148 3701 renim
1165 3638 1366 3701 estimatores
1382 3635 1605 3722 perdiderunt,
1623 3659 1720 3722 quam
1737 3637 1783 3700 eis
1804 3636 1914 3702 lucelli
1937 3639 1974 3702 in
1990 3639 2107 3723 viginti

448 3744 576 3808 scriniis
600 3741 663 3807 illis
687 3744 814 3830 argenti
836 3743 941 3830 plenis
966 3745 1172 3808 accesserint.
1212 3743 1295 3822 Non,
1319 3745 1462 3830 inquam,
1487 3741 1687 3830 adplaudant
1710 3742 1773 3807 sibi
1796 3766 1897 3830 super
1919 3743 1981 3808 his.
2019 3744 2107 3808 Ecce
2126 3771 2150 3810 ao

448 3851 535 3914 enim
558 3872 617 3937 pro
641 3849 691 3914 his
715 3848 874 3914 similibus
907 3850 1070 3915 scandalis
1100 3850 1134 3914 in
1158 3849 1297 3914 ecclesia
1320 3849 1467 3914 Romana
1490 3851 1661 3914 occasione
1685 3851 1849 3914 avariciae
1874 3860 1906 3915 et
1931 3850 2107 3936 superbiae

448 3956 600 4038 subortis,
625 3956 766 4021 ecclesia
788 3956 864 4039 Dei,
889 3979 952 4044 que
975 3979 1041 4021 una
1064 3967 1113 4021 est
1137 3967 1169 4020 et
1192 3979 1321 4043 semper
1344 3979 1415 4019 esse
1438 3978 1504 4020 una
1528 3955 1635 4036 debet,
1666 3957 1699 4020 in
1730 3956 1811 4021 duos
1840 3958 1935 4043 quasi
1965 3968 2107 4045 papatus

351 4087 430 4138 aas.
449 4062 617 4145 scinditur,
648 4063 720 4128 aliis
744 4063 881 4145 Victori,
912 4062 984 4127 aliis
1011 4062 1200 4128 Alexandro
1231 4061 1473 4144 adherentibus,
1504 4063 1575 4126 aliis
1606 4062 1701 4128 huius
1726 4068 1837 4149 'atque
1869 4063 1942 4127 aliis
1956 4069 1957 4072 ’
1972 4063 2106 4128 alterius

448 4179 575 4255 partem
605 4167 870 4252 defendentibus,
906 4171 1014 4235 terciis
1045 4193 1123 4234 vero
1158 4192 1219 4234 nec
1249 4169 1306 4233 uni
1339 4191 1400 4233 nec
1436 4168 1529 4234 alteri
1565 4193 1599 4234 se
1632 4171 1717 4256 parti
1753 4192 1866 4234 secure
1902 4172 2106 4235 committere

448 4273 654 4340 audentibus.
701 4275 813 4340 Habet
836 4277 922 4341 enim
945 4277 979 4340 in
1001 4287 1093 4363 parte
1110 4275 1252 4340 Victoris
1275 4286 1461 4362 suspectam
1483 4276 1681 4362 paucitatem
1706 4276 1930 4358 cardinalium,
1954 4278 1990 4340 in
2014 4289 2106 4364 parte
2124 4303 2148 4345 a

449 4404 527 4446 vero
551 4381 734 4447 Alexandri
757 4384 945 4465 simoniace,
969 4392 1005 4448 ut
1028 4382 1155 4464 dicitur,
1187 4405 1226 4446 ac
1250 4383 1416 4446 cismatice
1440 4383 1689 4469 conspirationis
1713 4381 1887 4448 abhorrent
1911 4385 2106 4448 munerumb

449 4489 689 4576 acceptionem,
724 4489 907 4554 nescientes
941 4489 1037 4577 plane
1068 4489 1122 4554 cui
1152 4512 1186 4553 se
1217 4490 1325 4576 potius
1360 4490 1575 4571 committant,
1607 4511 1746 4576 quemve
1781 4489 1874 4554 alteri
1908 4491 2104 4577 praeligant,

448 4595 669 4679 Victoremne,
690 4597 745 4683 qui
769 4596 876 4661 missis
899 4598 934 4660 in
950 4595 1062 4661 orbem
1085 4595 1201 4660 litteris
1226 4596 1372 4660 confiteri
1394 4617 1461 4660 non
1484 4593 1622 4678 erubuit,
1647 4619 1748 4682 prave
1772 4597 2019 4662 consuetudinis
2042 4599 2105 4663 fra-

391 4753 395 4758 .
448 4712 532 4766 trum
564 4724 695 4766 suorum
719 4702 933 4767 cardinalium
963 4703 998 4766 in
1021 4704 1212 4788 acceptione
1243 4725 1412 4767 munerum
1436 4725 1470 4766 se
1494 4703 1593 4767 fuisse
1621 4702 1796 4789 aliquando
1819 4705 2017 4790 participem
2040 4728 2103 4770 me-

446 4807 596 4894 lioraque
626 4808 660 4871 in
689 4809 832 4873 futurum
862 4807 1084 4895 pollicentem,
1117 4831 1158 4872 an
1190 4821 1276 4873 certe
1307 4808 1546 4890 Alexandrum,
1578 4811 1634 4896 qui
1665 4811 1738 4874 cum
1769 4819 1801 4873 et
1830 4810 1900 4895 ipse
1932 4822 2105 4897 argentum
2122 4839 2147 4877 n

448 4914 931 5002 Hospitalensium,utpala1n
960 4927 1018 4996 est,
1047 4927 1217 5001 argentum
1242 4938 1371 5002 quoque
1395 4915 1449 4980 vel
1471 4939 1585 4980 aurum
1610 4914 1711 4982 Siculi
1736 4937 1775 4980 ac
1798 4915 2103 4998 lllediolanensium,

556 5075 583 5140 a)
603 5079 638 5129 sic
656 5097 685 5140 a,
703 5097 739 5130 aa
757 5079 944 5130 feracissima?
1018 5077 1045 5140 b)
1068 5097 1207 5132 numerum
1226 5099 1247 5132 c.

559 5203 588 5280 l)
614 5205 662 5277 Os.
687 5207 763 5264 Anu.
789 5207 819 5265 S.
842 5207 923 5264 Petri
945 5208 1142 5284 Erpbessurd.
1167 5229 1195 5266 a.
1213 5209 1307 5280 1148,
1333 5209 1387 5266 SS.
1404 5209 1489 5279 XVI,
1509 5229 1541 5284 p.
1559 5207 1618 5276 20;
1642 5209 1717 5264 Aun.
1744 5208 1849 5285 Pcpav.
1873 5229 1902 5266 a.
1919 5210 2014 5280 1147,
2039 5210 2103 5268 ibid.

444 5333 477 5389 p.
497 5313 577 5370 258:
603 5315 723 5386 Eclipsis
747 5315 813 5370 solis
829 5316 894 5371 VH.
910 5315 976 5371 Kal.
993 5316 1083 5384 Nom
1109 5313 1184 5372 Anu.
1211 5316 1241 5372 S.
1268 5315 1364 5372 Iocobi
1387 5317 1474 5372 Lcod.
1499 5335 1528 5372 a.
1544 5315 1644 5371 1147:
1670 5315 1734 5371 VH.
1751 5316 1818 5372 Kal.
1836 5317 1919 5384 Nou,
1946 5317 2002 5374 SS.
2020 5317 2103 5386 XVI,

443 5440 477 5495 p.
492 5420 552 5476 641
562 5442 572 5491 ,·
588 5420 665 5478 Ana.
680 5420 808 5493 Floreff.
825 5441 854 5478 a.
867 5421 965 5477 1145:
983 5423 1104 5494 Eclipsis
1121 5424 1197 5490 solis,
1215 5421 1269 5479 SS.
1283 5423 1367 5492 XVI,
1379 5442 1413 5498 p.
1429 5421 1507 5492 624,·
1524 5423 1599 5479 Aren.
1616 5422 1738 5480 Brona.
1755 5441 1784 5480 a.
1797 5423 1891 5493 1141,
1908 5423 1974 5480 ibid.
1986 5423 2103 5500 psat.
2121 5441 2147 5480 ss

450 5522 482 5598 2)
505 5525 581 5583 Anu.
607 5525 787 5604 Stedcrburq.
811 5547 839 5584 α.
857 5527 951 5598 1146,
981 5527 1035 5584 SS.
1061 5529 1145 5598 XVI,
1164 5549 1197 5604 p.
1216 5527 1295 5598 207,-
1326 5529 1401 5586 Ann.
1428 5529 1458 5586 S.
1483 5529 1579 5586 Iacchi
1601 5529 1688 5586 Leod.
1713 5549 1742 5587 a.
1758 5530 1853 5601 1144,
1884 5529 1949 5587 ibid.
1969 5551 2004 5606 p.
2023 5529 2102 5586 64οε

449 5633 583 5690 Cometes
606 5635 705 5703 ardet3
731 5633 806 5690 Anu.
824 5633 898 5691 liod.
923 5655 952 5692 a.
969 5634 1061 5706 1145,
1086 5635 1150 5691 ibid.
1170 5655 1203 5710 p.
1222 5634 1300 5706 417,-
1324 5636 1400 5692 Ann.
1418 5635 1607 5693 Bmaenwillor.
1631 5655 1660 5693 a.
1677 5635 1777 5692 1145:
1802 5656 1839 5692 m.
1856 5638 1941 5705 Maio,
1966 5657 1993 5706 a.
2008 5636 2103 5706 1141,

449 5738 513 5795 ibid.
533 5759 566 5815 p.
586 5738 659 5796 727.
