4544 6420
511 434 685 490 ARNULFI
710 432 908 488 SAGIENSIS
934 431 1220 487 ARCHIDIACONI
1244 431 1469 488 INVECTIVA.
1775 425 1816 487 95

162 619 321 685 sollicitus
344 621 492 684 minister
514 619 709 694 infunderet,
734 619 838 684 donee
862 621 963 684 coctis
987 617 1069 684 cibis
1093 617 1224 682 odorem
1250 619 1356 703 ipsum
1373 617 1562 682 transferret
1578 641 1675 682 cocus
1700 618 1817 682 artifex

162 728 197 790 in
222 751 383 813 saporem.
420 727 513 808 Quae
537 727 683 812 profecto
707 726 863 811 gulositas
888 736 1036 790 naturam
1062 747 1195 811 prorsus
1220 724 1429 788 humanitatis
1454 725 1605 788 excessit.
1652 725 1818 790 Humano·

164 857 238 898 rtun
261 835 382 920 quippe
407 856 561 898 sensuum
578 835 804 918 perceptiones
829 831 984 896 naturalis
1008 833 1090 896 ratio
1115 843 1204 910 certa
1228 830 1299 914 lege
1324 830 1489 910 discrerit,
1514 829 1649 916 singulis
1674 831 1818 916 singulas

165 963 274 1004 rerum
298 940 469 1027 qualitates
493 941 675 1025 assignans,
702 938 859 1025 ‘nihilque
885 938 1017 1003 confuse
1043 938 1139 1002 alicui
1164 959 1334 1000 commune
1359 960 1432 1000 eum
1449 937 1511 1001 alio
1536 936 1718 1024 dereliquit.
1755 939 1818 1002 Hie
1837 963 1922 1003 *ersa

131 1070 146 1110 s
165 1069 255 1128 vero,
280 1046 357 1110 dum
374 1045 475 1110 thuris
500 1045 580 1111 odor
596 1045 789 1110 transfertur
812 1047 845 1108 in
863 1045 986 1130 epulae,
1011 1045 1097 1130 quod
1114 1044 1266 1108 odoratus
1284 1057 1343 1124 est,
1368 1046 1475 1129 gnrstui
1493 1044 1694 1124 vendicetur,
1718 1044 1819 1131 fitque

165 1154 200 1217 in
225 1177 331 1218 rerum
356 1152 565 1239 qualitatibus
589 1154 723 1238 ignota²
747 1152 893 1216 confusio
918 1165 951 1215 et
974 1153 1006 1214 in
1023 1174 1176 1215 sensuum
1193 1149 1457 1237 perceptionibus
1482 1152 1731 1216 communicatio
1755 1175 1819 1216 non

167 1272 312 1324 naturae.
361 1259 458 1340 Quod
481 1259 593 1323 divino
618 1261 715 1322 etiam
740 1282 803 1322 non
828 1259 932 1344 potuit
956 1281 1067 1322 carere
1093 1269 1290 1344 contemptu,
1322 1257 1398 1320 dum
1428 1259 1462 1320 in
1486 1257 1548 1322 hoe
1572 1257 1699 1322 ardenti
1723 1258 1818 1343 gulae

167 1368 358 1453 peregrinus
383 1388 479 1452 sapor
502 1367 693 1452 exquiritur,
719 1364 807 1452 quod
831 1366 931 1428 saeris
957 1364 1104 1428 adoletur
1127 1363 1293 1445 altaribus,
1318 1364 1406 1450 quod
1430 1364 1471 1428 ad
1488 1367 1615 1449 signum
1633 1365 1762 1430 deitatis
1785 1366 1819 1428 in

167 1471 298 1536 Clnisto
322 1495 461 1558 presaga
485 1473 581 1536 trium
603 1495 772 1556 magorum
798 1471 927 1536 devotio
952 1472 1161 1558 presentavit,
1193 1470 1280 1556 quod
1311 1471 1413 1534 solum
1442 1471 1544 1535 utrius
1569 1471 1650 1556 legis
1675 1483 1819 1558 tempore

120 1603 148 1642 ro
167 1579 208 1642 de
233 1581 369 1643 terrenis
393 1578 491 1642 rebus
515 1593 642 1664 gratum
667 1577 739 1642 Deo
764 1601 835 1641 esse
860 1591 892 1641 et
915 1577 1014 1641 fuisse
1040 1577 1182 1642 ereditur
1206 1576 1438 1641 holocaustum.
1483 1576 1601 1660 Taceo,
1626 1577 1713 1664 quod
1738 1577 1819 1642 haec

167 1685 282 1750 effusio
307 1708 370 1750 non
395 1684 482 1770 apud
506 1684 624 1748 divites
649 1695 782 1764 tantum,
814 1683 872 1748 sed
903 1683 990 1769 apud
1021 1685 1134 1769 inopes
1164 1681 1265 1746 fiebat
1295 1683 1461 1764 ecelesiae,
1493 1681 1610 1770 quibus
1641 1695 1755 1770 postea
1785 1683 1818 1748 id

166 1791 256 1856 luere
281 1793 389 1856 multis
413 1793 542 1856 ieiuniis
567 1804 599 1855 et
622 1789 787 1876 algoribus
819 1802 991 1876 oporteret.
1039 1789 1186 1876 Cumque
1217 1811 1379 1876 pauperes
1411 1790 1581 1876 episcopos
1606 1790 1657 1853 ve]
1683 1789 1818 1856 abbates

167 1897 414 1984 profusioribus
443 1921 540 1984 quam
564 1897 650 1961 domi
674 1896 844 1978 didicerat,
869 1909 1023 1960 vexasset
1047 1899 1209 1982 expensis,
1241 1897 1275 1959 in
1298 1898 1370 1982 ipsa
1394 1896 1604 1960 eeclesiarum
1630 1909 1819 1961 (rnamenta

167 2007 247 2069 satis
271 2006 451 2092 impudenti
476 2005 647 2090 sacrilegio
672 2002 892 2090 grassabatur,
923 2015 958 2066 ut
981 2003 1077 2090 plane
1102 2026 1254 2089 sponsam
1278 2003 1412 2066 Domini
1436 2001 1575 2088 spoliare
1600 2005 1730 2089 suisque
1755 2005 1818 2090 pri·

120 2136 147 2176 rs
166 2135 246 2176 vare
271 2111 443 2176 monilibus
468 2135 549 2176 ausu
573 2111 745 2174 temerario
769 2110 945 2174 videretur.

275 2219 414 2282 Profusa
437 2241 514 2282 vero
540 2219 692 2282 convivia
714 2229 805 2281 tanta
831 2215 1003 2281 libidinum
1028 2217 1182 2302 spurcitia
1207 2213 1414 2301 sequebatur,
1445 2229 1481 2278 ut
1510 2215 1552 2279 ab
1583 2217 1654 2301 ipso
1686 2218 1817 2302 passim,

167 2325 325 2412 quiequid
350 2339 545 2406 occurreret,
570 2325 745 2388 adiretur¹.
793 2323 943 2388 Sororem
968 2323 1131 2409 'l'ropeam
1155 2361 1198 2369 —
1223 2321 1280 2386 sed
1304 2345 1365 2386 neo
1390 2321 1454 2386 dici
1479 2322 1528 2386 fas
1552 2335 1600 2386 est
1624 2322 1818 2387 —bestiali

167 2431 321 2519 polluisse
345 2443 495 2496 narratur
518 2435 645 2496 incestu
669 2445 700 2494 et
725 2455 765 2494 ex
791 2454 829 2494 ea
854 2428 1065 2494 abominabili
1089 2427 1239 2516 prodigio
1263 2428 1394 2492 eosdem
1419 2429 1586 2493 sustulisse
1611 2429 1704 2511 filios,
1737 2452 1818 2516 quos

168 2555 314 2626 nepotes,
333 2547 499 2626 ‘nepotum
515 2551 618 2625 pater,
643 2537 781 2602 tiliorum
797 2539 903 2602 factus
925 2535 1114 2618 avunculus,
1140 2537 1186 2599 sic
1204 2549 1339 2600 naturae
1359 2537 1429 2600 iura
1446 2536 1602 2616 confudit,
1627 2549 1662 2600 ut
1686 2537 1817 2600 eosdem
1838 2561 1929 2600 ·r.1ar.

122 2671 149 2710 ao
169 2645 231 2710 sibi
262 2648 403 2710 invicem
434 2646 549 2710 fratres
579 2647 703 2709 faceret
727 2657 759 2708 et
783 2659 949 2728 cognatos.
995 2643 1065 2706 Iam
1089 2666 1150 2706 neo
1174 2641 1294 2706 Iudeus
1319 2642 1460 2729 quidem,
1491 2643 1548 2707 scd
1572 2645 1669 2706 etiarn
1695 2643 1817 2707 ludeob

169 2752 326 2817 deteriori
363 2751 458 2816 Nulla
474 2775 621 2832 sexuum,
639 2751 726 2815 nulla
743 2749 805 2814 loci
823 2751 874 2814 vel
891 2751 1056 2836 temporis,
1073 2748 1161 2812 nulla
1177 2749 1412 2834 professionum
1424 2761 1445 2788 ⁰·
1457 2755 1488 2812 ².
1504 2799 1510 2813 .
1526 2798 1533 2813 .
1551 2749 1609 2813 sed
1625 2749 1705 2814 haec
1723 2749 1818 2814 silere

170 2859 347 2940 decentius,
371 2861 456 2923 nesi
475 2859 556 2922 haee
572 2861 679 2944 ipsum
703 2857 925 2920 indifferenter
942 2857 1111 2942 excepisse
1128 2855 1302 2942 protulero,
1327 2855 1492 2920 honestius
1509 2858 1668 2942 potuisset
1692 2856 1818 2921 silentio

170 2967 328 3056 preteriri.
377 2967 431 3031 Sic
455 2977 562 3030 actum
587 2964 685 3046 domi,
710 2987 770 3028 nec
795 2963 836 3026 ab
861 2963 983 3026 eisdem
1007 2962 1205 3047 legationum
1229 2975 1374 3048 tempore
1399 2974 1623 3049 temperatum.
1664 2963 1708 3027 Ut
1732 2965 1818 3027 enim

169 3074 314 3159 turpiora
338 3085 530 3159 preteream,
555 3068 860 3135 circumducebatur
883 3069 1001 3155 puella,
1026 3070 1079 3132 cui
1102 3069 1136 3132 in
1151 3069 1299 3132 fraudem
1316 3069 1495 3132 videntium
1515 3069 1730 3134 adolescentis
1748 3093 1818 3157 spe·

125 3205 151 3245 ss
170 3181 253 3243 ciem
271 3181 370 3244 restis
395 3192 426 3243 et
441 3191 573 3244 tonsura
591 3178 762 3257 conferret,
787 3199 870 3263 quae
888 3175 1032 3261 singulos
1049 3185 1136 3240 estus
1153 3175 1314 3258 toleraret,
1340 3175 1483 3262 singulos
1500 3174 1658 3241 solaretur
1673 3177 1819 3258 affeetuS,

170 3309 208 3350 eo
232 3287 354 3372 gratior
378 3297 409 3348 et
433 3287 525 3371 quasi
550 3285 691 3371 quodam
720 3284 873 3348 novitatis
902 3283 1054 3346 affectata
1078 3282 1244 3362 miraculo,
1277 3282 1363 3368 quod
1391 3282 1467 3346 dum
1492 3285 1596 3346 virum
1621 3283 1716 3362 facie,
1748 3283 1819 3346 reli-

170 3394 242 3479 quis
266 3391 432 3456 mulierem
456 3390 603 3479 partibus
628 3389 770 3470 exhibet,
796 3403 931 3476 uterque
956 3412 1054 3452 sexus
1078 3391 1139 3475 ipsi
1164 3391 1197 3452 in
1214 3389 1329 3453 eodem
1347 3412 1481 3476 corpore
1499 3387 1672 3453 videbatur
1688 3392 1819 3476 exponi.

171 3499 276 3562 Testis
301 3511 351 3563 est
373 3497 642 3584 Montispesulani
673 3497 811 3584 populus
835 3510 868 3560 et
891 3497 1101 3560 circumiecta
1128 3497 1297 3580 provincia
1321 3519 1355 3559 se
1379 3495 1512 3560 vidisse.
1559 3495 1603 3559 At
1626 3519 1666 3559 ne
1691 3497 1819 3559 satieta-

171 3617 234 3670 tem
257 3618 418 3692 prestaret
441 3605 605 3685 identitas,
637 3602 858 3690 querebantur
887 3613 919 3666 et
950 3601 1044 3682 aliae,
1076 3625 1212 3687 quarum
1243 3603 1313 3688 ipse
1344 3603 1510 3666 nocturnis
1541 3601 1731 3687 fungeretur
1754 3625 1818 3665 am-

127 3737 153 3776 to
171 3711 331 3798 plexibus,
363 3712 481 3799 quibus
512 3713 582 3798 ipse
614 3735 647 3774 se
679 3733 798 3797 papam
826 3709 969 3772 futurum
999 3710 1033 3771 in
1056 3709 1128 3794 ipsa
1152 3710 1237 3794 turpi
1263 3709 1481 3772 conmixtione
1506 3708 1650 3773 iactaret.
1698 3707 1819 3772 Multae

170 3820 203 3881 in
228 3817 343 3882 Galliis
367 3830 441 3882 sunt
465 3829 497 3882 et
519 3817 697 3904 Aquitania
728 3818 888 3898 civitates,
920 3837 1003 3902 quae
1034 3815 1069 3878 id
1099 3813 1186 3900 apud
1218 3837 1252 3878 se
1283 3815 1405 3878 dietum
1437 3827 1526 3879 certa
1556 3815 1620 3880 fide
1651 3825 1819 3880 testantur.

171 3923 376 4006 ‘Gratrdare’,
404 3926 518 4012 inquit,
545 3925 592 3988 ‘in
616 3925 696 3988 tanti
720 3936 751 3987 te
777 3924 837 3986 viri
863 3922 1047 3986 'devenisse
1073 3921 1272 4007 complexus,
1304 3944 1401 4007 quem
1424 3945 1543 4008 papam
1567 3921 1710 3986 futurum
1733 3933 1819 3986 totus
1839 3947 1925 3987 umas.

171 4031 257 4096 orbis
274 4032 451 4117 expectat’.
487 4029 654 4117 Numquid
670 4030 870 4116 apostolatus
887 4028 1034 4114 gradum,
1059 4029 1165 4109 Petre,
1190 4026 1249 4092 tibi
1273 4027 1345 4091 talis
1363 4030 1568 4092 conversatio
1584 4026 1818 4114 promittebat?

172 4137 336 4225 Numquid
359 4138 600 4224 dispensatores
625 4137 739 4202 doinus
764 4159 841 4200 suae
863 4135 1021 4216 Christus,
1046 4133 1204 4198 ecelesiae
1229 4157 1366 4220 sponsus
1391 4146 1423 4198 et
1446 4134 1607 4217 defensor,
1632 4134 1693 4198 hoc
1718 4133 1819 4199 verbo

127 4271 152 4311 ss
171 4244 280 4310 docuit
304 4245 356 4309 vel
379 4246 572 4309 monstravit
595 4243 772 4330 exemplo?
819 4244 935 4322 Estote,
958 4242 1072 4327 inquit,
1097 4245 1208 4320 soracti,
1233 4245 1381 4327 quonism
1405 4267 1458 4330 epo
1482 4257 1606 4306 soractae
1628 4267 1705 4305 erem.
1755 4242 1819 4322 Qui
1839 4266 1996 4318 aseraule.

171 4353 269 4436 igitur
292 4374 501 4416 successurus
525 4363 574 4416 est
597 4350 736 4432 Christo,
769 4360 895 4436 oportet
926 4371 1000 4412 curn
1031 4349 1115 4411 sieut
1145 4347 1197 4411 ille
1229 4347 1416 4428 ambulavit,
1449 4359 1481 4412 et
1512 4349 1617 4434 ipsum
1641 4345 1819 4434 ambulare.
1839 4329 1974 4430 „hiim

172 4459 302 4544 Siquis
326 4469 434 4522 autem
458 4469 531 4544 post
555 4459 660 4543 ipsum
691 4459 794 4520 itums
823 4467 882 4537 est,
914 4454 1054 4538 abneget
1085 4455 1293 4538 semetipsum
1325 4465 1357 4517 et
1388 4453 1479 4518 tollat
1508 4477 1638 4520 crucem
1667 4477 1759 4518 suern
1788 4469 1819 4518 et
1839 4445 1998 4547 mutim&

121 4613 124 4622 .
171 4575 324 4651 sequatur
347 4565 463 4650 ipsum.
511 4563 651 4628 Crucem
674 4586 751 4627 vero
776 4585 840 4626 non
864 4560 955 4643 tollit,
980 4561 1042 4623 nisi
1066 4561 1131 4646 qui,
1157 4561 1321 4645 castigans
1346 4584 1462 4646 eorpus
1487 4584 1581 4624 suum
1606 4573 1637 4624 et
1660 4563 1694 4624 in
1720 4563 1819 4625 servi-

170 4682 270 4734 tutem
293 4671 455 4756 redigens,
480 4671 514 4734 in
538 4667 851 4734 comessatimribusd
875 4678 907 4731 et
931 4665 1153 4748 ebrietatibus,
1177 4668 1212 4729 in
1236 4666 1396 4731 eubilibus
1421 4677 1453 4730 et
1475 4668 1689 4753 impudicitiis
1714 4667 1818 4753 legem
1839 4649 1944 4750 nodia
1953 4702 1986 4741 13,

126 4803 153 4842 so
171 4777 235 4841 Dei
257 4801 464 4864 nequaquam
481 4776 655 4841 dissolutus
672 4775 811 4840 excedit.
850 4774 962 4860 Ipsum
978 4795 1043 4836 non
1060 4774 1215 4858 sequitur,
1239 4775 1301 4836 nisi
1321 4775 1387 4859 qui,
1412 4773 1531 4838 divinis
1556 4775 1697 4838 intentus
1716 4776 1819 4861 operi·

171 4882 242 4966 bus,
272 4885 479 4948 ascensiones
510 4884 543 4947 in
568 4882 666 4948 corde
699 4905 756 4946 suo
783 4882 935 4967 disponit,
967 4879 1070 4943 donec
1096 4879 1136 4942 de
1160 4881 1277 4943 virtute
1308 4881 1341 4943 in
1366 4881 1518 4944 virtutem
1542 4879 1693 4944 videatur
1717 4880 1818 4944 Deus.

277 5137 303 5200 a)
326 5139 423 5204 ignora
442 5137 476 5187 D.
550 5133 577 5196 b)
601 5136 687 5186 ludeo
708 5137 789 5185 etiarn
810 5135 844 5184 D.
865 5135 895 5183 1’.
911 5135 942 5183 d.
1017 5134 1041 5188 ct
1064 5137 1218 5185 reverentia
1237 5135 1319 5199 suppl.
1340 5134 1369 5184 P.
1444 5133 1472 5198 d)
1493 5151 1635 5185 cornmess.
1656 5134 1689 5184 1).

267 5371 309 5442 ¹l)
340 5371 396 5428 His
424 5371 528 5428 similia
560 5371 752 5442 illanfredus,
789 5369 933 5446 episcopus
965 5369 1155 5438 illustriores,
1191 5369 1220 5425 in
1251 5368 1329 5443 epist.
1360 5369 1402 5425 ad
1430 5369 1597 5426 Lottarium
1626 5387 1720 5446 reyern
1752 5369 1821 5425 dato

172 5473 344 5552 (ll'atterict
367 5479 385 5534 l.
403 5498 425 5534 c.
446 5498 478 5553 p.
501 5477 574 5534 275.
590 5473 643 5552 76)
667 5477 818 5534 messoriae
840 5475 974 5533 tradidit:
1003 5474 1068 5544 Qui,
1093 5477 1161 5531 lieet
1184 5477 1346 5544 monachus,
1371 5478 1532 5548 presbyter,
1556 5477 1706 5532 cardinalis
1732 5485 1819 5542 esset,

126 5601 152 5641 st
171 5595 273 5654 scorta,
301 5587 477 5658 coniugatos,
506 5585 665 5650 monachas,
697 5603 819 5640 sororem
849 5583 1001 5655 propriam,
1033 5584 1118 5638 etiarn
1149 5584 1372 5656 consanguineas
1404 5585 1439 5638 ad
1470 5585 1558 5638 instar
1588 5586 1675 5651 canis,
1707 5601 1820 5656 quoquo

171 5694 252 5747 modo
275 5692 381 5748 habere
406 5694 509 5764 potuit,
533 5711 589 5746 non
613 5691 737 5758 defecit,
764 5691 804 5761 cf.
830 5689 968 5764 Nersport,
993 5687 1061 5746 Cod.
1082 5689 1149 5765 dipl.
1167 5689 1258 5745 Aloros.
1284 5689 1402 5761 11,63;
1429 5689 1613 5746 ΜϋΙιΙὸασΙιεν
1637 5691 1654 5745 l.
1673 5710 1695 5746 c.
1716 5711 1749 5765 p.
1768 5689 1819 5746 52.

173 5797 203 5867 2)
227 5797 291 5855 Hoc
313 5799 372 5854 loco
395 5798 547 5869 Amnisos,
566 5796 707 5872 pudicitia
730 5795 813 5872 quasi
835 5803 990 5866 eornntotus,
1015 5796 1169 5853 orationem
1194 5797 1312 5854 inediam
1337 5796 1515 5870 intercepisse
1538 5795 1655 5852 ridetur.
