4426 6398
433 389 498 454 680
683 455 684 458 ,
950 392 1184 450 ΤΒΑΟΤΑΤ118
1208 390 1499 448 EBORACENSES.
1533 393 1570 448 V.

539 579 675 670 Sinpulo
698 605 778 668 quae
797 604 904 668 papae
927 579 1103 668 irropcnda
1126 579 1219 644 duait
1240 579 1396 644 interdum
1420 583 1601 645 accuratius
1616 582 1767 667 perspici
1787 593 1953 666 nequem
1999 580 2084 646 Verbi

429 691 555 777 pratia:
578 687 617 753 de
639 711 777 774 quanam
793 688 921 752 abbatia
938 687 988 752 uel
1007 686 1044 752 de
1060 687 1174 772 quibus
1189 687 1353 752 abbatibus
1376 689 1411 751 in
1425 687 1562 751 secunda
1571 701 1678 773 porte,
1701 688 1759 752 ubi
1780 686 1819 751 de
1842 688 2082 772 exemptionibus

431 796 691 860 monasteriorum
715 795 831 882 opiter,
851 807 960 858 auctor
979 794 1170 880 copitaverit,
1194 816 1256 856 non
1279 794 1384 878 liquet.
1421 793 1471 858 De
1486 796 1685 858 moriosteriis
1708 793 1863 858 dioecesis
1879 792 2082 858 Eboracensis

428 925 546 989 parum
579 913 710 980 constat,
740 914 775 965 ut
805 900 880 966 baec
910 899 956 964 ad
985 899 1045 964 illa
1073 912 1213 985 spectare
1243 902 1383 965 conicere
1413 900 1527 965 liceret.
1575 899 1684 986 Neque
1714 925 1787 965 vero
1823 901 1911 964 litem
1946 901 2082 964 abbatiae

431 1033 455 1072 s.
480 1007 651 1072 Edmundi
670 1021 699 1072 et
720 1007 887 1072 Heriberti
907 1008 1051 1093 episcopi
1063 1006 1287 1086 Norwiceasis,
1311 1008 1419 1092 quia.
1440 1007 1596 1071 11022‘12.
1614 1008 1748 1092 fnestra
1771 1005 1894 1070 Romae
1910 1007 2106 1094 prinilsqias

431 1115 526 1179 buius
555 1115 699 1178 coenobii
726 1111 883 1178 destrunt
913 1111 1113 1178 contendebat
1122 1114 1144 1192 1,
1174 1111 1426 1198 reprehensiones
1455 1114 1547 1178 illius
1576 1137 1686 1178 ansam
1702 1113 1815 1200 fuisse
1840 1113 2080 1200 affirmaverim.

433 1220 529 1286 Fieri
555 1233 657 1285 auum
685 1233 799 1306 potest,
831 1234 864 1284 ut
895 1223 929 1284 in
959 1219 1019 1284 bae
1052 1242 1173 1305 quoque
1200 1232 1296 1305 parte
1327 1221 1442 1304 pouces
1476 1243 1516 1284 eu
1544 1220 1675 1306 epistola
1707 1219 1818 1284 Iuoms
1847 1219 1895 1282 ad
1924 1219 2081 1305 Hisponem

432 1326 704 1413 archiepiscopum
728 1325 969 1414 Lupdunensem
992 1325 1126 1390 adiectis
1148 1325 1345 1390 ncommlum
1374 1325 1529 1411 quendam
1558 1327 1738 1412 repetiverit
1764 1328 1833 1390 iam
1855 1339 1929 1390 ante
1953 1326 1995 1388 20
2012 1326 2082 1412 sere

431 1457 531 1498 annos
554 1432 724 1520 Rotomopi
744 1434 955 1519 compositum.
999 1431 1197 1496 Willtelmum
1221 1430 1248 1494 I.
1273 1433 1356 1496 enim
1379 1432 1650 1518 archiepiscopum
1676 1455 1737 1496 non
1759 1432 1877 1496 semel²
1900 1456 1972 1495 cum
1994 1433 2081 1496 ubba-

432 1540 515 1604 tibus
538 1538 690 1604 dioecesis
712 1563 787 1603 meae
808 1538 846 1603 de
862 1539 1108 1624 exemptionibus
1131 1539 1272 1626 litipcsse
1295 1552 1420 1604 constat.
1455 1537 1598 1618 Accedit,
1622 1538 1708 1624 quod
1730 1540 1764 1602 in
1779 1538 1837 1602 ltoc
1855 1538 1965 1602 libello
1988 1539 2081 1601 alium
2098 1564 2118 1600 n

432 1669 553 1731 quoque
577 1659 741 1710 tractatam
758 1644 905 1710 attibuit
920 1659 991 1710 tunc
1010 1645 1179 1724 conditum,
1203 1646 1382 1732 apolopiam
1399 1645 1520 1710 scilicet
1538 1645 1774 1731 archiepiscopi
1787 1643 2037 1730 Rotomapensis,
2059 1659 2084 1708 a

432 1752 573 1816 libellum
597 1751 635 1816 de
659 1753 888 1816 consecratione
903 1753 1092 1839 pontificum
1108 1765 1137 1816 et
1150 1775 1257 1838 rapum
1272 1775 1372 1838 supra
1387 1775 1549 1815 excussum
1565 1753 1690 1837 partim
1705 1750 1752 1815 ad
1766 1751 1895 1816 uerbum
1912 1753 2081 1836 emmtpsit.

437 1857 530 1922 Tales
553 1872 654 1922 numm
678 1860 885 1944 eremptiones
907 1871 979 1922 tunc
994 1859 1166 1944 permultis
1189 1859 1346 1944 episcopis
1373 1857 1516 1922 inuidiae
1539 1859 1649 1945 fuisse
1678 1881 1740 1921 non
1770 1860 1987 1944 spnoramusi'.
2035 1855 2085 1921 Vel

324 2001 325 2006 κ
432 1988 468 2028 ec
492 1963 531 2028 de
554 1989 650 2028 causa
673 1978 781 2028 auctor
804 1965 884 2028 banc
914 1964 1083 2050 quaedam,
1114 1987 1194 2050 quae
1223 1965 1269 2028 ad
1294 1978 1394 2028 certas
1423 1963 1579 2049 quasdzm
1608 1965 1753 2028 abbatiae
1781 1977 1925 2050 spectare
1955 1963 2082 2042 uidetur,

431 2071 505 2136 linio
529 2071 646 2150 libello,
677 2095 738 2156 quo
761 2084 855 2136 totum
878 2073 1015 2158 repimen
1039 2072 1147 2136 curiae
1170 2071 1325 2158 mstipcre
1347 2071 1414 2135 sibi
1430 2083 1649 2157 proposuerat,
1675 2069 1876 2134 inserendam
1900 2094 1965 2133 esse
1981 2071 2083 2157 facilc
2098 2093 2119 2132 a

430 2178 497 2241 sibi
511 2177 707 2264 persuadere
723 2179 836 2263 potuit.

322 2401 412 2453 seru.
539 2375 723 2440 ‘Romanus
738 2375 889 2461 pontifex
904 2373 978 2440 ideo
995 2374 1193 2462 apostolicus
1210 2375 1467 2460 cognominatur,
1492 2374 1578 2460 quod
1602 2372 1822 2460 apestolorum
1839 2375 1913 2438 vice
1931 2385 1965 2438 et
1981 2373 2082 2438 officie

430 2481 523 2568 fungi
547 2481 702 2564 creditur3
727 2480 856 2569 quibus,
881 2483 908 2545 si
931 2503 1009 2546 vere
1032 2481 1187 2567 iungitur,
1213 2503 1415 2568 consequens
1440 2491 1498 2564 est,
1522 2492 1557 2545 ut
1581 2482 1678 2544 etiam
1702 2480 1867 2567 apostolus
1891 2481 2080 2544 nominetur.

432 2587 498 2668 Qui
528 2589 556 2652 si
586 2610 664 2652 vere
695 2588 860 2674 apostolus
890 2588 1011 2653 Christi
1041 2599 1100 2670 est,
1131 2610 1151 2652 a
1181 2587 1310 2652 Christo
1340 2588 1451 2674 utique
1483 2589 1599 2652 missus
1630 2597 1689 2652 cst.
1735 2586 1914 2674 Apostolus
1945 2609 2082 2673 namque

433 2704 544 2758 nostra
567 2693 679 2780 lingua
701 2695 819 2759 missus
843 2697 1105 2781 interpretatur⁴.
1142 2693 1239 2776 Quod
1263 2695 1290 2757 si
1314 2717 1334 2758 a
1350 2693 1478 2759 Christo
1495 2695 1612 2758 missus
1630 2705 1688 2776 est,
1709 2693 1830 2758 Christi
1855 2693 2013 2758 mandata
2031 2693 2082 2756 ad·
2099 2714 2121 2752 so

430 2800 591 2884 nuntiare,
616 2799 738 2866 Christi
761 2801 898 2888 gloriam
923 2823 1070 2888 querere,
1095 2799 1216 2866 Christi
1239 2800 1438 2865 voluntatem
1469 2800 1567 2865 debet
1598 2813 1630 2865 et
1658 2802 1728 2888 ipse
1759 2801 1880 2882 facere,
1906 2813 1942 2864 ut
1966 2799 2083 2866 Christi

432 2928 529 2970 verus
553 2907 717 2994 apostolus
740 2908 843 2994 possit
866 2930 948 2972 esse.
995 2909 1078 2974 Nam
1109 2908 1136 2972 si
1167 2929 1226 2972 sua
1255 2907 1471 2990 mandaverit,
1503 2908 1530 2970 si
1562 2909 1725 2994 propriam
1756 2907 1895 2993 gloriam
1920 2907 2083 2992 quesierit,

432 3014 460 3076 si
489 3013 687 3078 voluntatem
717 3036 808 3078 suam
839 3015 952 3080 fecerit
983 3025 1015 3079 et
1044 3037 1109 3078 nou
1133 3014 1264 3096 Christi,
1296 3014 1369 3100 quis
1400 3036 1473 3078 eum
1490 2997 1617 3078 'remim
1649 3011 1769 3078 Christi
1800 3036 1872 3077 esse
1905 3012 2083 3099 apostolum

432 3119 552 3184 audeat
575 3120 747 3185 coiifiteri‘l
793 3121 905 3203 Porro,
930 3121 957 3184 si
982 3143 1045 3208 quq
1070 3120 1190 3185 Christi
1215 3132 1291 3185 sunt
1313 3120 1526 3200 mandaverit,
1551 3121 1707 3207 quesierit
1736 3131 1769 3185 et
1798 3119 1917 3183 fecerit
1940 3119 2084 3182 vulunta-

432 3236 497 3290 tem
521 3226 652 3309 Christi,
684 3227 911 3314 suscipiendus
941 3237 991 3291 est
1020 3249 1041 3291 a
1069 3226 1163 3291 nobis
1193 3229 1287 3313 quasi
1316 3226 1481 3313 apostolus
1510 3226 1630 3291 Christi
1660 3227 1694 3289 in
1725 3227 1811 3290 omni
1842 3227 2030 3290 reverentia
2056 3236 2085 3289 et
2101 3247 2123 3286 a

322 3360 412 3411 *paee
432 3332 553 3397 honore
576 3342 710 3420 propter
732 3334 888 3398 mittentis
912 3334 1147 3398 auctoritatem.
1184 3331 1363 3420 *Aliequin
1387 3343 1423 3396 ut
1446 3355 1466 3397 a
1488 3331 1582 3396 nabis
1606 3333 1727 3420 suscipi
1752 3330 1872 3396 debeat
1897 3332 1993 3419 quasi
2013 3355 2085 3418 apo-

432 3438 542 3522 stolus,
567 3437 657 3504 nulla
678 3437 772 3503 nobis
796 3438 956 3504 incumbit
978 3440 1166 3504 necessitas.
1214 3440 1286 3520 Que
1317 3450 1426 3504 autem
1457 3441 1521 3503 sint
1544 3437 1698 3503 mandata
1721 3438 1842 3503 Christi
1867 3462 1933 3524 quc
1964 3439 2085 3502 adnun-

431 3546 514 3610 tiare
538 3544 667 3628 debeat,
692 3569 755 3632 que
779 3546 940 3629 voluntas,
965 3559 1078 3611 saneta
1100 3569 1159 3610 nos
1184 3546 1322 3612 edocent
1346 3546 1527 3632 euangelia
1550 3557 1583 3610 et
1605 3545 1753 3610 doctrina
1777 3546 1872 3611 simul
1897 3547 2085 3632 apostolica.

431 3653 483 3716 Ea
505 3653 605 3739 igitur
629 3651 727 3716 debet
751 3652 906 3717 mandare
931 3651 1025 3718 nobis
1050 3652 1171 3718 Christi
1194 3653 1368 3740 apostolus,
1393 3676 1456 3739 que
1479 3652 1647 3717 mandavit
1677 3654 1710 3716 in
1734 3653 1915 3738 ewangelio
1940 3653 2086 3717 Christus

433 3769 465 3823 et
488 3781 551 3846 que
576 3770 707 3824 senatus
731 3761 840 3823 sanxit
862 3759 1070 3846 apostolicus,
1095 3761 1172 3847 quia
1186 3761 1335 3825 noluntas
1352 3758 1474 3825 Christi
1495 3771 1554 3841 est,
1579 3771 1614 3824 ut
1636 3761 1697 3824 hec
1713 3760 1816 3824 omnis
1840 3760 1952 3825 facere
1971 3759 2087 3825 debeat
2103 3778 2125 3817 ω

433 3865 639 3930 christianus.
679 3865 715 3931 Si
739 3876 847 3930 autem
872 3865 959 3930 aliud
982 3866 1196 3949 mandaverit,
1222 3869 1248 3930 si
1272 3866 1361 3931 aliud
1384 3865 1635 3947 adnuntiaverit,
1660 3865 1821 3952 quemodo
1837 3865 1872 3930 id
1889 3877 2086 3952 acceptare·

276 4001 327 4042 an.
337 4003 413 4051 1,s.s.
433 3970 621 4054 debeamus,
653 3983 784 4036 sauctus
816 3995 874 4036 nos
904 3973 1034 4037 instruit
1064 3973 1237 4059 apostolus.
1285 3973 1327 4037 Si
1351 3975 1433 4059 quis,
1464 3973 1578 4058 inquit,
1610 3975 1697 4037 cobis
1726 3973 1821 4037 aliud
1849 3973 2088 4038 adnuntiaverit

425 4093 535 4164 preter
565 4079 604 4143 id
632 4081 717 4166 quod
746 4080 1051 4167 euanyelinaoimusb
1076 4083 1163 4144 uobis
1192 4095 1220 4145 ct
1248 4082 1424 4166 accepistis,
1455 4082 1526 4144 licet
1552 4081 1682 4166 anpelue
1705 4080 1743 4144 de
1767 4081 1842 4159 celo,
1865 4095 2014 4144 anatema
2037 4084 2084 4144 sit.

433 4183 500 4249 Sed
529 4183 590 4249 hoc
615 4185 655 4248 de
679 4184 743 4248 lide
768 4184 888 4249 Christi
912 4185 991 4250 dicit
1019 4196 1052 4250 et
1078 4185 1299 4272 predicatione
1324 4187 1481 4250 veritatis.
1528 4186 1591 4248 Ete
1616 4197 1724 4248 tamen
1747 4185 1914 4249 Romanus
1939 4186 2085 4272 pontifex

431 4291 532 4355 multa
556 4290 620 4355 alia
643 4291 786 4374 mandat,
811 4315 894 4378 quae
918 4315 983 4356 non
1006 4291 1176 4356 mandavit
1194 4291 1352 4378 Christus,
1375 4291 1476 4356 multa
1499 4292 1563 4356 alia
1586 4292 1765 4373 adnuntiat,
1789 4314 1874 4377 quae
1899 4292 2008 4356 nullus
2033 4291 2085 4355 ad·
2103 4315 2126 4354 ss

432 4398 594 4461 nuntiavit
616 4397 790 4484 apostolus.
837 4397 972 4462 Mandat
996 4400 1081 4463 enim
1106 4409 1139 4462 et
1162 4409 1363 4463 sacramento
1396 4397 1560 4484 compellit
1590 4421 1701 4462 omnes
1732 4398 1999 4486 archiepiscopos
2028 4421 2087 4484 per

433 4502 576 4589 singulos
601 4527 703 4568 annos
726 4505 859 4568 visitare
882 4505 996 4569 limina
1018 4505 1236 4592 apostolorum
1248 4509 1269 4586 ⁵,
1293 4504 1428 4569 mandat
1457 4515 1489 4569 et
1519 4504 1674 4591 conpellit
1696 4506 1868 4591 episcopos
1893 4503 2016 4570 Christi
2040 4506 2085 4569 ire

539 4701 566 4768 a)
587 4711 715 4770 acaptare
733 4723 754 4755 c.
827 4700 855 4768 b)
876 4705 1126 4770 euuanglicnvimus
1146 4723 1166 4755 c.
1239 4704 1266 4767 c)
1287 4705 1368 4754 Et—
1383 4705 1556 4755 adnuntiavit
1575 4703 1717 4770 apostolus
1735 4704 1802 4778 liesca
1821 4705 1899 4754 mibra
1918 4705 2033 4770 incipiat

542 4883 572 4958 l)
596 4886 743 4956 Mobillon,
768 4888 895 4944 Anrtales
917 4887 948 4957 V,
968 4908 1001 4963 p.
1019 4887 1092 4943 433.
1201 4887 1231 4957 2)
1256 4888 1358 4946 Paullo
1375 4897 1527 4964 postquam
1551 4891 1650 4944 electus
1673 4897 1721 4958 est,
1746 4887 1898 4958 libertatern
1923 4888 2088 4945 ›nonasterii

434 4991 661 5050 Fontanellensis
684 4993 875 5070 impupnavit;
899 4995 939 5066 cs.
959 4994 1097 5052 Mabillan
1121 4997 1138 5051 l.
1156 4997 1174 5051 l.
1198 4995 1229 5064 V,
1249 5015 1282 5070 p.
1299 4994 1371 5051 181.
1406 4995 1517 5052 Eadem
1540 5003 1633 5053 aetate
1650 4994 1782 5065 fortasse
1804 4993 1946 5052 abbatiam
1963 4995 2086 5051 Beccen·
2104 5009 2128 5049 ut

431 5116 487 5153 sem
515 5097 567 5154 sibi
593 5098 717 5156 subicere
739 5100 851 5157 studuit.
899 5101 997 5176 Neque
1025 5121 1091 5158 vero
1121 5101 1274 5158 libertatem
1304 5101 1427 5158 coenobii
1450 5071 1653 5158 Fiscianensis
1682 5101 1805 5177 apnouit,
1836 5101 1911 5157 unde
1941 5121 1969 5158 a.
1991 5101 2085 5157 1089.

432 5202 579 5261 interdicto
603 5224 662 5280 per
691 5213 776 5263 totam
803 5205 1014 5264 Normanniam
1039 5207 1226 5282 pronuntiato
1256 5206 1330 5264 inter
1360 5227 1419 5263 eum
1450 5216 1476 5264 et
1503 5207 1656 5264 rizonucdos
1682 5207 1717 5264 lis
1745 5227 1853 5283 acapna
1879 5209 1999 5277 exaret,
2031 5227 2087 5283 qua

431 5309 574 5367 animatus
603 5320 698 5368 noster
728 5332 836 5389 proque
865 5314 1044 5370 nactamlum
1074 5314 1214 5388 quendam
1245 5313 1413 5371 condidisse¹
1429 5313 1547 5370 uidetur.
1596 5313 1712 5370 Sunmsa
1741 5313 1826 5390 ipimr
1856 5333 1918 5370 cum
1941 5313 2087 5390 diliyentia

432 5415 650 5473 iurisdictionem
667 5417 851 5493 episcopalem
868 5427 967 5476 contra
978 5419 1132 5496 priuilegia
1148 5420 1282 5476 Romana
1297 5420 1454 5491 defendere
1468 5409 1586 5488 solebam
1602 5420 1643 5490 cf.
1663 5418 1801 5475 Mabillon
1816 5421 1834 5475 l.
1848 5421 1866 5475 l.
1882 5420 1914 5488 V,
1927 5439 1960 5494 p.
1971 5420 2034 5475 631
2045 5439 2086 5495 sq.

436 5522 507 5578 187.
533 5522 636 5594 ussa
661 5521 761 5582 Gallia
784 5525 878 5582 christ.
904 5525 958 5594 XI,
983 5527 1033 5582 col.
1052 5525 1104 5582 39.
1212 5525 1242 5594 3)
1268 5525 1302 5582 L.
1324 5524 1507 5594 thomassini,
1532 5533 1608 5598 cetus
1631 5533 1657 5581 ct
1678 5545 1753 5582 noua
1776 5527 1841 5582 eccl.
1866 5525 1975 5600 discipl.
2003 5525 2037 5580 P.
2063 5525 2130 5594 Lu

432 5629 450 5684 l.
474 5627 535 5699 ΙΙΙ,
567 5649 591 5686 c.
616 5630 655 5686 36
673 5650 734 5707 sq.;
770 5631 811 5703 cs.
842 5650 950 5708 quoque
981 5631 1094 5702 Mater,
1127 5631 1368 5708 ‘Kircltenpesclu’
1399 5630 1442 5700 II,
1469 5650 1502 5706 p.
1523 5631 1581 5687 181
1600 5651 1661 5707 sq.;
1698 5631 1855 5702 Freuaan,
1887 5630 1937 5688 ‘N.
1957 5629 2000 5689 C!
2032 5631 2086 5701 IV,

428 5754 461 5810 p.
479 5733 678 5792 tos—414.
749 5735 780 5806 4)
807 5735 855 5808 Cf.
873 5737 941 5794 Isid.
961 5737 1055 5812 Etym.
1075 5738 1140 5810 VII,
1162 5737 1235 5807 9,1.
1306 5735 1337 5811 5)
1361 5738 1473 5795 Endera
1490 5739 1560 5809 fere
1583 5745 1678 5794 noster
1700 5738 1830 5814 esposuit
1850 5757 1942 5815 supra
1960 5757 1994 5814 p.
2012 5737 2085 5794 858.
