4426 6398
646 415 882 473 TRACTATUS
906 416 1195 475 EBORACENSES.
1227 419 1265 474 II.

931 711 979 785 11.

209 845 475 924 APOLOGIA
500 848 600 925 PRO
627 849 777 925 FILIIS
803 847 1155 924 SACERDOTUM
1181 848 1250 922 ΕΤ
1278 846 1698 925 OONOUBINARUM.

231 1003 326 1068 Anno
344 1005 439 1068 1078.
457 1004 527 1069 Ina.
544 1006 593 1069 15.
618 1005 757 1093 synodus
771 1005 968 1070 Pictooensis
984 1004 1117 1091 Hupoue
1140 1007 1286 1090 episcopo
1301 1003 1419 1069 Dionae
1443 1019 1567 1069 auctore
1587 1005 1785 1070 sacerdotum.

118 1110 212 1196 filios
234 1113 273 1176 ob
298 1111 410 1176 ordine
433 1111 595 1177 exclusitl.
636 1111 704 1190 Quo
728 1112 848 1177 decreto
866 1123 1058 1198 prouocatus
1074 1111 1243 1197 praelatus
1265 1109 1420 1196 quidum²
1435 1110 1674 1198 Rotomuperesis
1697 1111 1782 1176 dioe-

95 1219 205 1282 6666111
227 1219 353 1282 auctori
372 1218 538 1305 apologiae
560 1219 728 1284 mundasse
751 1219 886 1298 uidetur,
910 1231 944 1283 ut
964 1219 1021 1283 boc
1044 1217 1245 1282 interdictum
1269 1231 1297 1282 et
1318 1219 1496 1303 sorzpturoe
1522 1241 1633 1282 samoe
1656 1231 1685 1283 et
1699 1217 1786 1304 fidei

126 1323 315 1388 ortbodonoe
343 1347 521 1412 repugnare
542 1325 660 1414 fusius
689 1326 870 1412 explicaret.
918 1323 1064 1404 Accedit,
1095 1324 1182 1410 quod
1209 1337 1280 1388 tunc
1310 1326 1379 1410 11666
1406 1323 1641 1389 Wilbelmusl.
1689 1324 1783 1389 Bono

125 1428 254 1510 Auimo,
277 1417 517 1518 Rotomoputsis
539 1431 661 1512 electus,
685 1434 742 1496 uin
770 1457 791 1496 o
816 1429 972 1518 Gregorio
996 1430 1068 1495 VII.
1101 1433 1229 1516 eiusque
1252 1431 1351 1518 legato
1381 1431 1584 1516 confirmatus
1607 1434 1682 1510 est³,
1713 1455 1781 1495 eum

124 1536 296 1600 sucerdotis
311 1538 407 1623 filius
430 1550 516 1617 esset,
535 1537 691 1604 Rcdbodi
707 1539 837 1618 scilicet,
857 1540 1001 1624 episcopi
1014 1535 1208 1626 Septimiae
1245 1536 1362 1601 Paullo
1385 1559 1458 1623 erpo
1471 1550 1638 1622 postquam
1653 1536 1782 1602 Wilbel-

126 1667 193 1706 mus
208 1643 320 1707 electus
336 1657 381 1707 est
396 1642 439 1726 (o.
456 1644 550 1708 1079.
569 1643 652 1730 Sept.
670 1645 742 1730 ira),
767 1647 870 1731 apicius
885 1646 1034 1710 6116116616
1051 1644 1192 1708 libellum
1208 1643 1379 1730 Rotomagi
1393 1641 1551 1708 eonditum
1568 1667 1632 1708 esse
1650 1645 1780 1710 conicio.

82 1772 107 1809 ro
230 1749 324 1814 Duae
347 1763 448 1816 autern
471 1753 665 1816 recensiones
695 1753 745 1816 nel
768 1754 876 1838 potius
906 1751 969 1816 duo
999 1751 1141 1837 euemplo
1169 1751 1275 1814 libelli
1301 1751 1336 1816 iu
1359 1749 1568 1830 adversariis,
1592 1763 1627 1814 ut
1648 1749 1782 1830 uidetur,

125 1856 231 1920 relicti
257 1856 414 1942 bucusque
443 1859 478 1922 in
509 1856 615 1922 codiee
639 1857 768 1923 laudun
791 1871 1003 1937 assarentur,
1035 1861 1193 1944 copiosius
1218 1857 1275 1940 (A)
1297 1882 1334 1944 p.
1353 1857 1548 1937 tlt-264,
1571 1858 1698 1922 brevius
1722 1856 1781 1938 (B)

118 1987 154 2048 p.
182 1963 372 2026 lte-139.
426 1963 596 2048 Utrumque
626 1979 727 2029 tomen
758 1965 864 2029 eodem
889 1966 966 2052 fere
996 1977 1095 2030 oetote
1125 1965 1283 2029 coude'tum
1314 1978 1366 2045 est,
1398 1989 1467 2028 cum
1497 1987 1536 2028 ae
1565 1966 1599 2029 ia
1626 1965 1783 2050 ampliore

124 2069 262 2155 quidem,
287 2069 373 2156 quod
387 2070 503 2156 paullo
525 2074 628 2136 serius
650 2074 801 2158 scriptum
833 2095 897 2136 ease
927 2071 1062 2152 videtur,
1092 2074 1170 2136 novi
1196 2071 1371 2157 quidquam
1402 2070 1779 2156 6111166666661111611.

124 2175 194 2241 Η66
216 2179 386 2262 copiosius,
409 2179 470 2242 etsi
489 2201 527 2242 ue
547 2178 621 2242 buia
640 2178 767 2264 quidem
784 2179 896 2243 6111616
914 2203 1026 2242 monus
1049 2179 1188 2258 66666611,
1212 2178 1307 2265 infra
1329 2179 1501 2257 emrbt'mus,
1521 2178 1654 2241 ulterius
1677 2176 1781 2241 lectio-

80 2303 107 2342 16
123 2284 216 2347 nebus
238 2285 273 2348 iu
296 2297 386 2348 notos
408 2286 541 2349 reiectis.

229 2493 438 2581 Apologia
459 2519 532 2581 pro
563 2494 674 2560 filiis
704 2496 970 2562 sacerdotum
994 2507 1033 2561 et
1055 2496 1400 2579 concubinarum,
1432 2518 1513 2582 quos
1536 2517 1622 2560 nunc
1647 2494 1780 2581 quidam

123 2601 269 2666 iudicant
284 2600 326 2665 ad
344 2623 454 2666 sacros
471 2601 600 2667 ordines
619 2625 685 2667 non
700 2600 821 2667 debere
845 2602 973 2668 admitti
987 2626 1046 2690 pro
1066 2626 1105 2672 66
1122 2603 1210 2691 quod
1226 2625 1269 2667 ex
1285 2603 1428 2690 legitimo
1446 2603 1598 2689 coniugio
1622 2624 1688 2667 non
1706 2613 1781 2667 sunt

124 2709 280 2794 generati,
300 2709 420 2773 etiam·
437 2709 465 2772 si
480 2709 585 2774 sancti
601 2709 665 2774 sint
684 2720 716 2774 et
735 2709 841 2774 electi.
877 2709 974 2790 Quod
992 2710 1066 2776 ideo
1084 2710 1219 2793 faciunt,
1237 2721 1273 2774 ut
1292 2709 1443 2774 desinant
1461 2709 1607 2775 homines
1626 2709 1779 2774 fornicari

40 2819 44 2825 '
125 2823 157 2878 et
179 2814 359 2880 mundioris
382 2815 450 2903 vite
473 2815 620 2901 vestigiis
646 2814 836 2899 ‘ambulent
861 2816 978 2903 quibus
1003 2817 1046 2882 ad
1068 2839 1205 2903 regnum
1230 2815 1372 2882 celorum
1397 2815 1582 2902 expeditius
1605 2816 1778 2902 pervenire
1800 2836 1833 2876 ·.
1884 2866 1890 2884 .

79 2945 106 2984 so
122 2919 269 3002 valeant,
300 2921 395 3008 quasi
424 2943 489 2986 non
518 2931 654 3006 possunt
683 2921 746 3012 alie
776 2923 831 3013 vie
860 2924 997 3010 reperiri
1025 2933 1058 2988 et
1092 2923 1223 3011 quidem
1257 2922 1420 2988 faciliores
1456 2933 1488 2987 et
1516 2923 1620 3008 magis
1651 2921 1779 3011 idonee,

123 3026 241 3114 quibus
264 3027 299 3091 id
322 3027 408 3092 effici
433 3029 545 3114 possit.
593 3027 659 3093 Sed
683 3051 741 3094 cur
764 3052 830 3094 non
853 3029 1000 3094 similiter
1023 3029 1170 3094 iudicant
1194 3029 1234 3093 de
1257 3028 1333 3094 filiis
1357 3027 1593 3094 homicidarum
1617 3039 1650 3093 et
1673 3029 1779 3092 furum

124 3143 157 3198 61
180 3133 342 3217 similium,
366 3146 402 3199 ut
424 3156 536 3199 omnes
559 3135 613 3200 isti
638 3134 790 3199 desinant
811 3134 983 3222 malignari
1006 3147 1039 3200 et
1061 3135 1204 3200 melioris
1221 3137 1287 3225 vite
1309 3136 1456 3220 vestigiis
1479 3134 1644 3218 incedant,
1661 3133 1779 3221 quibus

125 3238 168 3304 ad
191 3263 327 3326 regnum
351 3240 494 3330 celorum
511 3242 696 3327 expeditius
712 3242 932 3327 perveniant?
965 3241 1019 3306 De
1042 3241 1117 3306 filiis
1142 3242 1349 3306 sacerdotum
1373 3252 1405 3306 et
1429 3239 1686 3306 concubinarum
1709 3252 1778 3305 tan-

124 3357 192 3412 tum
215 3346 277 3411 hoc
300 3346 454 3430 iudicant,
479 3357 512 3412 61
535 3348 605 3412 6166
629 3347 825 3413 discretione
842 3347 883 3412 de
900 3350 1021 3412 sanctis
1038 3346 1216 3435 electisque
1233 3370 1273 3413 ac
1289 3347 1385 3412 simul
1408 3347 1551 3434 indignis
1576 3355 1609 3412 et
1631 3346 1778 3434 reprobis

78 3475 106 3516 ss
124 3453 272 3542 equalem
300 3453 408 3518 ferunt
443 3455 647 3518 sententiam.
697 3454 794 3534 Quod
824 3465 933 3518 utrum
962 3465 1050 3519 recte
1081 3477 1123 3518 an
1154 3477 1327 3541 perperam
1358 3454 1496 3537 faciant,
1531 3455 1595 3540 ipsi
1626 3453 1777 3519 viderint.

123 3560 190 3624 Nos
215 3570 322 3624 autem
347 3558 441 3624 aliter
464 3562 621 3642 sentimus
653 3561 694 3625 de
718 3562 839 3626 sanctis
863 3570 896 3625 et
918 3560 1040 3642 electis,
1072 3560 1166 3626 aliter
1189 3560 1229 3625 de
1253 3560 1396 3646 indignis
1421 3570 1453 3624 et
1476 3559 1633 3646 reprobis.
1684 3560 1778 3625 Unde

124 3676 156 3730 61
179 3668 212 3730 16
235 3666 297 3730 boc
320 3689 418 3752 opere
443 3666 484 3732 de
508 3668 629 3732 sanctis
654 3677 686 3732 et
711 3667 823 3733 electis
847 3690 945 3754 agere
968 3669 1191 3732 necessarium
1215 3667 1377 3749 duximus,
1402 3689 1442 3732 ea
1464 3665 1687 3732 moderatione
1711 3689 1777 3730 ser-

122 3783 209 3856 vata,
233 3783 269 3836 ut
291 3796 353 3837 nee
380 3773 586 3839 fornicationi
617 3775 759 3840 feramus
787 3775 1015 3862 patrocinium,
1045 3797 1106 3839 nec
1136 3775 1281 3861 peccatis
1312 3773 1478 3838 hominum
1508 3773 1687 3855 faveamus,
1719 3773 1777 3837 sed

123 3879 169 3945 ita
199 3879 435 3966 dampnemusb
464 3861 722 3964 fornicationem,
752 3892 784 3946 et
811 3891 985 3968 peccatum
1014 3903 1216 3962 accusemus,
1240 3890 1276 3944 ut
1299 3903 1365 3944 non
1388 3879 1624 3966 dampnemush
1654 3878 1776 3944 bonum

78 4009 105 4049 sn
122 3995 237 4076 nature
260 4009 321 4050 nec
344 3985 433 4073 quod
455 3986 547 4052 Deus
570 4009 614 4052 ex
637 4009 676 4052 eo
700 3988 779 4052 facit
803 3989 975 4077 temerarie
999 3987 1216 4052 criminemur.
1265 3987 1329 4068 Qui
1354 4009 1427 4051 cum
1452 3987 1494 4050 611
1517 3987 1721 4073 omnipotens
1745 3997 1777 4051 61

122 4091 236 4174 bonus,
254 4105 289 4157 ut
303 4091 507 4179 Augustinus
530 4095 565 4158 in
581 4095 813 4160 encheridi0n⁰
837 4099 1005 4175 testaturf,
1030 4117 1094 4158 non
1110 4095 1312 4180 permitteret
1327 4092 1452 4180 aliquid
1475 4092 1552 4158 mali
1569 4115 1640 4157 esse
1664 4093 1698 4157 in
1718 4115 1776 4157 sua

122 4199 300 4286 republica,
331 4200 394 4264 nisi
418 4199 501 4265 adeo
526 4211 613 4265 66661
636 4211 669 4265 61
690 4201 806 4283 bonus,
830 4212 865 4266 ut
888 4201 1098 4266 benefaceret
1122 4211 1155 4264 61
1179 4200 1219 4265 de
1243 4200 1338 4265 malo.
1387 4200 1462 4281 Qua
1485 4201 1647 4264 sententia
1670 4210 1774 4264 osten-

122 4305 219 4390 ditur,
244 4305 332 4393 quod
353 4306 447 4371 Deus
469 4309 505 4370 in
528 4329 587 4372 sua
610 4306 779 4393 republica
801 4330 866 4373 non
888 4309 1091 4395 permitteret
1114 4330 1185 4372 6666
1209 4307 1465 4388 fornicationem,
1496 4307 1559 4371 nisi
1583 4305 1665 4371 adeo
1690 4317 1777 4370 66661

123 4414 327 4499 omnipotens
357 4423 390 4477 et
419 4411 540 4496 bonus,
571 4423 606 4478 ut
637 4411 847 4478 benefaceret
877 4425 909 4479 et
939 4414 980 4479 de
1010 4414 1075 4478 illa.
1128 4413 1225 4493 Quod
1255 4436 1332 4499 ergo
1363 4414 1533 4478 fornicatio
1563 4412 1685 4478 malum
1716 4422 1774 4494 est,

78 4542 105 4582 ss
125 4517 338 4606 dampnamus
362 4530 395 4585 et
418 4523 633 4602 'accusemus
659 4520 747 4605 quod
761 4543 840 4585 vero
857 4519 961 4586 bonus
977 4521 1070 4585 Deus
1087 4520 1128 4584 de
1144 4519 1199 4584 illa
1223 4519 1397 4602 benefacit,
1421 4518 1601 4600 laudemus,
1619 4529 1651 4584 et
1667 4518 1775 4605 dignis
1795 4543 1830 4594 ψ.
1839 4545 1888 4584 ιιι.

124 4624 359 4712 amplectamur
381 4625 568 4708 bonoribus,
593 4628 734 4691 maxime
758 4637 879 4709 tamen,
903 4627 991 4714 quod
1014 4637 1163 4692 sanctum
1179 4639 1228 4691 661
1251 4637 1283 4691 61
1299 4626 1448 4692 electum.
1481 4626 1605 4713 Sisque
1622 4648 1681 4690 nos
1698 4647 1774 4710 aga-

121 4755 204 4816 mus,
228 4743 264 4797 61
287 4741 563 4798 sacramentorum
586 4733 854 4818 magnitudinem,
879 4744 911 4798 et
934 4735 1038 4823 gratie
1061 4733 1307 4819 plenitudinem,
1332 4744 1365 4797 ct
1387 4733 1517 4798 honoris
1541 4731 1688 4818 gloriam,
1706 4733 1775 4819 qui·

59 4853 65 4864 ·
124 4838 185 4904 bus
203 4839 295 4904 Deus
318 4849 449 4904 sanctos
473 4861 548 4905 suos
571 4839 762 4922 sanctificat,
787 4839 900 4927 implet
923 4850 956 4905 et
979 4840 1125 4921 honorat,
1150 4839 1191 4904 de
1215 4861 1409 4927 quocunque
1434 4840 1585 4924 coniugio
1608 4840 1677 4904 nati
1700 4840 1774 4922 sint,

123 4969 188 5010 non
219 4945 327 5011 delore
358 4955 415 5012 aut
443 4968 606 5011 evacuare
636 4946 834 5011 studeamus.
883 4946 949 5011 Sed
981 4969 1061 5034 quos
1085 4946 1176 5011 Deus
1207 4946 1353 5030 honorat,
1377 4957 1409 5010 et
1432 4967 1491 5010 nos
1514 4945 1719 5028 honoremuS,
1744 4955 1777 5010 et

76 5173 104 5212 16
229 5163 256 5226 a)
279 5166 361 5215 etium
380 5164 904 5230 -36661661616650,1666611.
978 5161 1007 5226 b)
1029 5165 1178 5230 dapnemus
1197 5165 1231 5215 A.
1304 5163 1331 5227 c)
1351 5165 1386 5215 sie
1403 5181 1423 5214 6.

233 5346 262 5415 1)
280 5347 378 5421 Supra
391 5365 425 5421 p.
440 5345 513 5402 573.
584 5343 616 5418 2)
631 5344 722 5416 Infra
735 5365 769 5421 p.
784 5345 858 5402 656.
933 5342 964 5420 3)
982 5343 1117 5423 Gregorii
1132 5345 1209 5422 epist.
1227 5347 1269 5403 ud
1282 5346 1446 5416 Hubertum,
1471 5344 1609 5402 (11079.
1631 5343 1708 5420 Sept.
1724 5343 1775 5400 23.

123 5453 201 5522 dato,
225 5451 467 5524 Jaffl,Bitt.11,
487 5471 519 5526 p.
539 5450 617 5521 380;
641 5451 712 5527 llcp.
736 5471 782 5507 nr.
798 5450 893 5508 5135.
974 5450 1005 5525 4)
1032 5452 1177 5522 Mobillors,
1203 5453 1406 5511 Annalcsord.
1425 5452 1577 5509 6116661.
1597 5451 1629 5520 V,
1649 5471 1682 5526 p.
1703 5450 1774 5506 141.

124 5555 155 5630 5)
178 5557 300 5628 Accedit,
331 5559 408 5633 quod
428 5557 588 5615 ttsittelmus
617 5557 678 5633 s'pso
707 5570 784 5614 curso
811 5557 905 5614 1080.
930 5559 1112 5637 confirmabis
1135 5578 1193 5616 esse
1215 5559 1333 5616 uidetur.
1378 5557 1427 5631 Os.
1449 5557 1537 5635 Grep.
1563 5557 1651 5632 epist,
1682 5555 1775 5629 Joffe',

123 5663 196 5722 ltibl.
219 5664 260 5736 Il,
287 5685 320 5740 p.
338 5663 412 5735 469,
437 5663 509 5740 12⁶9.
533 5662 693 5732 (165204,
724 5664 771 5720 ubi
799 5664 828 5722 in
852 5665 934 5722 Wilb.
958 5665 1134 5723 acerbissime
1163 5665 1311 5734 inuoluitur,
1335 5666 1387 5722 sed
1414 5684 1475 5722 eum
1498 5664 1616 5741 legitime
1638 5663 1777 5720 iutbroai·

77 5789 104 5828 (6
122 5779 214 5828 :amru
240 5791 377 5829 essenon
400 5777 495 5848 negat.
588 5768 620 5845 6)
644 5771 690 5828 De
705 5770 769 5850 fide
790 5789 840 5847 spe
863 5779 889 5828 61
911 5771 992 5829 ecrit.
1017 5769 1133 5842 c,100‚
1157 5767 1246 5844 §26,
1272 5769 1345 5847 Opp.
1365 5770 1413 5841 VI,
1439 5772 1489 5828 col.
1508 5769 1580 5826 234.

194 5891 295 5944 Libelli
314 5892 347 5943 de
368 5891 424 5943 lite.
456 5893 510 5944 111.
1529 5891 1563 5941 82
