4418 6412
432 405 495 468 428
722 411 903 468 GERIIOHI
926 412 1158 470 PRAEPOSITI
1180 413 1589 470 REICHERSBERGENSIS
1612 413 1780 468 LIBELLI.

300 621 413 670 ruane.
431 597 510 662 Ideo
533 597 712 664 hereticum
742 599 906 663 hominem
929 611 1002 685 post
1025 601 1163 686 primam
1187 611 1219 664 et
1242 600 1419 665 secundam
1443 602 1679 686 correptionem
1704 600 1854 664 devitans
1879 601 2080 686 cumimpiis
2163 646 2197 688 ἦ

259 728 495 778 anarrinon
525 704 657 786 sedebo,
688 728 729 770 ne
760 705 841 769 forte
873 707 906 770 in
937 706 1116 792 periculum
1140 718 1285 771 vertatur
1315 706 1387 771 talis
1418 708 1592 788 consessio,
1622 718 1655 770 et
1684 729 1796 771 eorum
1825 728 1944 788 sermo,
1973 708 2029 794 qui
2049 719 2082 770 ut
2150 743 2204 798 ,1

431 834 549 876 cancer
573 813 682 898 serpit,
707 813 768 876 etsi
791 835 856 876 non
878 815 981 898 possit
1004 836 1055 877 me
1079 813 1187 878 facere
1212 815 1370 901 impietati
1394 825 1658 894 consentaneum,
1689 813 1790 878 faciat
1813 813 1931 877 saltem
1955 825 2081 876 conten·
2148 869 2206 892 ,ἣ

430 919 546 983 tiosum
570 918 613 983 ad
636 917 880 982 subversionem
906 919 1116 984 audientium.

488 1210 680 1286 INCIPIT
715 1211 989 1288 PROLOGUS
1025 1213 1079 1286 IN
1114 1210 1343 1286 TERCIAhI
1381 1213 1587 1286 PARTEM
1622 1211 1932 1288 TRACTATUS
1968 1213 2022 1286 IN

1086 1331 1421 1406 PSALTERIUM.

535 1468 622 1531 Fieri
646 1491 741 1554 posse
765 1467 870 1532 fateor
892 1469 925 1531 in
951 1467 1089 1550 Christo,
1114 1467 1261 1532 amabilis
1286 1478 1379 1553 pater
1403 1467 1528 1549 Chuno,
1553 1470 1716 1554 preposite
1733 1467 1939 1533 Chiemensis
1949 1473 1970 1550 ¹,
1996 1469 2139 1554 quodX

429 1575 574 1639 indixisti
599 1575 676 1638 mihi
701 1598 791 1661 opus,
812 1575 966 1640 videlicet
989 1576 1049 1640 hoc
1074 1586 1218 1639 nostrum
1235 1574 1320 1660 quod
1345 1575 1378 1638 in
1394 1574 1535 1660 psalmos
1552 1574 1592 1638 de
1610 1575 1705 1640 dietis
1730 1586 1762 1638 et
1786 1574 1937 1639 sensibus
1953 1587 2108 1661 patrum

428 1683 631 1746 conteximus
655 1705 675 1744 a
698 1681 791 1745 bonis
816 1693 847 1746 et
871 1682 1030 1767 religiosis
1055 1681 1240 1764 amandum,
1266 1682 1323 1745 sed
1339 1680 1381 1745 ab
1397 1681 1587 1767 in·eligiosis
1604 1681 1860 1768 despiciendum.
1897 1681 1988 1762 Quid
2005 1705 2103 1767 ergo»
2139 1731 2169 1770 ,0

427 1788 505 1852 mihi
529 1789 692 1873 agendum
716 1788 789 1852 est?
836 1787 918 1852 Nam
950 1789 1026 1874 quia
1056 1787 1204 1874 superbis
1236 1799 1267 1852 et
1296 1786 1485 1872 irreligiosis
1516 1787 1684 1874 despectui
1714 1788 1857 1852 futurum
1882 1811 1965 1875 opus
1996 1789 2091 1856 istut!

427 1894 604 1977 arbitraris,
637 1894 711 1959 ideo
742 1893 907 1958 silebImus
939 1905 971 1958 et
1001 1894 1244 1980 despectionem
1273 1895 1369 1958 istam
1400 1893 1598 1958 cavebimus.
1645 1895 1719 1958 Non
1747 1896 1793 1959 ita
1821 1895 1940 1959 suadet
1963 1897 2090 1960 caritas

426 2002 578 2082 fraterna,
604 2024 667 2087 que
691 2000 784 2065 nobis
803 2024 867 2088 per
884 2024 941 2065 ora
957 2001 1124 2065 humilium
1148 2001 1321 2086 diligenter
1343 2002 1442 2064 instat
1466 2013 1498 2064 et
1521 2003 1668 2087 imperat,
1693 2012 1728 2065 ut
1751 2025 1770 2065 a
1794 2000 1879 2065 bono
1905 2013 2001 2088 cepto
2026 2001 2080 2065 de-

427 2109 576 2172 sistamus
600 2119 734 2195 proptcr
756 2106 857 2171 malos
882 2120 914 2172 ct
937 2106 1104 2194 superbae,
1129 2109 1185 2194 qui
1208 2107 1269 2171 hoc
1294 2107 1477 2193 despiciunt
1501 2131 1623 2194 suoque
1648 2108 1804 2194 despectu
1827 2131 1886 2172 nos
1912 2109 2018 2194 magis
2041 2131 2078 2174 ae

272 2236 407 2286 exosas
426 2217 529 2300 magis
554 2214 596 2278 ad
620 2213 827 2278 scribendum
851 2213 1005 2278 alliciunt.
1053 2213 1088 2279 Si
1113 2216 1198 2278 enim
1214 2212 1352 2300 Abysag
1368 2213 1556 2298 Sunamitis,
1581 2213 1668 2300 quod
1692 2215 1925 2300 interpretatur
1950 2217 2072 2301 captiva
2089 2245 2122 2287 15

427 2343 484 2385 seu
508 2321 662 2408 despecta
673 2327 693 2402 ⁶2,
725 2321 800 2385 inde
832 2322 918 2406 regis
942 2321 1053 2385 David
1084 2321 1186 2384 servis
1218 2320 1422 2407 complacuit,
1447 2320 1536 2407 quod
1558 2323 1664 2406 ipsum
1688 2344 1799 2407 regem
1822 2343 1881 2408 pre
1905 2323 2009 2385 nimia
2030 2345 2071 2386 se-

426 2437 555 2492 nectute
578 2427 732 2514 frigidum
757 2427 936 2492 calefacere
961 2451 1000 2491 ac
1023 2428 1134 2491 fovere
1158 2427 1277 2492 idonea
1300 2428 1370 2509 fuit,
1391 2429 1446 2514 qui
1470 2427 1530 2491 sub
1554 2427 1912 2513 operimento'vestium
1937 2428 2070 2493 calefieri

426 2557 490 2598 non
513 2535 626 2621 potuit,
651 2535 786 2599 forsitan
810 2545 841 2598 et
865 2535 1025 2620 scriptura
1047 2544 1158 2598 nostra
1181 2544 1335 2620 tanquam
1353 2533 1529 2598 Sunamitis
1553 2535 1622 2598 veri
1647 2534 1759 2599 David
1782 2537 1885 2598 servis
1910 2535 1988 2599 inde
2010 2536 2071 2622 pla-

250 2627 522 2730 „„,1,⁰‚¹2·4,12‚cebit,
551 2640 639 2727 quod
669 2642 869 2726 intempore
894 2641 955 2705 hoc
979 2640 1211 2726 refrigescente
1236 2640 1407 2705 multorum
1433 2642 1577 2722 caritate,
1609 2640 1684 2706 licet
1708 2642 1749 2704 sit
1773 2641 1939 2728 despecta,
1970 2652 2072 2706 tamen

426 2749 588 2812 invenitur
612 2747 719 2812 calida
742 2759 773 2811 et
796 2748 838 2812 ad
863 2746 1121 2812 calefaciendum
1145 2769 1255 2832 regem
1276 2745 1440 2812 Christum
1463 2747 1583 2812 idonea
1605 2750 1710 2833 magis
1734 2771 1832 2834 quam
1856 2749 1958 2813 multa
1981 2752 2072 2813 vesti·
2088 2777 2109 2816 so

425 2865 544 2936 menta,
569 2877 653 2940 quae
677 2853 811 2939 intelligi
835 2865 970 2940 possunt
993 2853 1148 2939 infrigida
1171 2853 1226 2918 illa
1250 2865 1281 2918 et
1305 2854 1474 2940 multiplici
1499 2854 1689 2940 psalmodia,
1714 2856 1747 2918 in
1772 2878 1837 2941 qua
1861 2855 1955 2920 labor
1978 2855 2073 2920 labio-

425 2984 495 3024 rum
520 2961 644 3046 operiet
668 2983 722 3024 eos
747 2973 779 3024 et
801 2983 866 3024 non
890 2961 1040 3024 calefacit
1064 2962 1119 3046 qui
1142 2959 1338 3025 verbotenus
1369 2971 1493 3024 tantum
1524 2961 1692 3047 psallendo
1722 2960 1817 3026 labiis
1841 2963 1951 3026 Deum
1980 2962 2073 3027 hono-

250 3087 407 3138 r.cor.1r,rs.
425 3078 507 3149 rant,
533 3090 589 3131 cor
612 3079 719 3131 autem
744 3089 855 3131 eorum
878 3067 973 3152 longe
998 3081 1047 3131 est
1071 3090 1090 3130 a
1113 3068 1196 3149 Deo,
1222 3067 1297 3131 dum
1322 3067 1463 3153 psallunt
1494 3069 1608 3154 spiritu
1639 3078 1671 3132 et
1697 3092 1761 3133 non
1784 3079 1903 3151 mente,
1930 3093 2074 3155 quorum,

338 3196 406 3238 rurs.
426 3184 461 3237 ut
483 3175 528 3238 ait
552 3174 726 3260 apostolus,
751 3197 841 3237 ruens
865 3173 988 3259 absque
1012 3173 1119 3238 fructu
1137 3185 1186 3237 est
1208 3175 1294 3237 inter
1316 3173 1518 3259 psallendum
1542 3197 1649 3260 neque
1674 3175 1824 3239 ealefacit
1847 3175 1899 3239 vel
1924 3176 1967 3239 ad
1992 3199 2075 3240 amo-

426 3303 492 3344 rem
517 3281 567 3344 sui
591 3291 746 3366 provocat
769 3303 879 3366 regern
897 3303 1007 3344 verum
1025 3279 1146 3362 David,
1171 3281 1226 3367 qui
1250 3303 1314 3344 non
1338 3293 1404 3344 tam
1421 3279 1594 3345 verborum
1615 3282 1776 3364 decorem,
1801 3305 1899 3368 quam
1925 3305 2075 3346 sensuum
2093 3309 2116 3348 ss

426 3387 584 3451 fervorem
616 3388 649 3451 in
673 3387 840 3473 psallendo
872 3398 968 3450 amat.
1016 3387 1065 3451 Sit
1096 3410 1172 3472 ergo
1203 3388 1279 3451 licet
1308 3389 1430 3451 rustica
1459 3399 1490 3451 et
1518 3387 1673 3474 despecta
1703 3390 1736 3452 in
1761 3389 1936 3453 dictamine
1967 3399 2076 3453 nostro

426 3493 525 3558 facies
555 3493 658 3576 litere,
690 3494 886 3580 sperandum
916 3504 1025 3557 tamen
1049 3507 1098 3557 est
1128 3517 1201 3558 eum
1232 3493 1278 3558 illi
1310 3495 1444 3580 eiusque
1470 3496 1572 3558 servis
1597 3517 1668 3558 eam
1693 3496 1832 3581 plaeere,
1858 3497 1913 3582 qui
1939 3519 2013 3560 cum
2038 3498 2077 3560 sit

426 3600 561 3686 frigidus
586 3623 664 3685 erga
687 3600 822 3686 frigidos
844 3600 1030 3687 psalmistas
1054 3601 1193 3665 calidum
1219 3624 1252 3665 se
1277 3601 1339 3664 illis
1364 3603 1397 3664 in
1420 3601 1536 3664 ardore
1561 3601 1663 3665 divini
1687 3604 1804 3666 amoris
1829 3601 1971 3685 exhibet,
1998 3626 2077 3690 quos

426 3707 508 3770 iuter
531 3706 733 3793 psallendum
764 3707 890 3771 fervere
917 3720 1101 3792 cognoscet.
1149 3707 1201 3770 Tu
1224 3730 1301 3793 ergo
1326 3719 1359 3771 et
1383 3709 1483 3772 ceteri
1507 3708 1630 3790 fideles,
1655 3711 1711 3795 qui
1733 3711 1871 3795 prImam
1895 3709 1949 3773 vel
1973 3721 2007 3774 ct
2030 3734 2077 3774 se-

425 3813 564 3878 cundam
587 3814 682 3878 huius
706 3815 813 3900 operis
837 3825 962 3900 partem
979 3816 1172 3900 acceptastis
1190 3825 1222 3878 et
1238 3814 1452 3900 approbastis,
1476 3817 1615 3901 accipite
1641 3828 1673 3879 et
1696 3816 1779 3880 hanc
1797 3818 1923 3880 tertiam
1942 3817 2078 3902 Spiritui
2096 3843 2119 3881 so

425 3933 537 3984 saneto
560 3921 594 3983 in
613 3921 771 3984 Trinitatc
796 3921 907 4002 tertio;
934 3923 987 4007 qui
1013 3943 1103 3984 amor
1125 3921 1190 3984 Dei
1214 3933 1343 3985 eternus
1367 3933 1416 3985 est
1439 3921 1481 3985 ob
1506 3922 1566 3986 hoc
1592 3921 1787 4005 dedicatum,
1811 3935 1847 3986 ut
1870 3925 1939 4008 ipse
1964 3923 2078 4009 digne-

426 4037 477 4089 tur
499 4025 592 4090 nobis
616 4027 826 4112 psallentibus
843 4027 957 4092 adesse
975 4027 1197 4091 calefaciendo
1220 4051 1279 4090 nos
1297 4051 1375 4113 erga
1393 4028 1502 4092 Deum
1527 4039 1558 4092 et
1574 4029 1683 4092 Deum
1708 4051 1785 4114 erga
1808 4053 1866 4093 nos
1890 4031 1924 4093 in
1941 4031 2078 4094 caritate

262 4155 490 4204 r.oor.1a‚s.non
513 4133 598 4214 ficta,
623 4156 706 4219 quae
723 4156 888 4219 nunquam
913 4134 1054 4214 excidat,
1079 4134 1137 4197 scd
1161 4135 1194 4197 in
1214 4148 1360 4198 eternum
1383 4146 1574 4220 permaneat
1598 4147 1629 4198 et
1652 4135 1740 4198 illam
1764 4137 1797 4198 in
1820 4134 1914 4199 nobis
1938 4136 2077 4200 beatitu-

426 4238 500 4302 dine
531 4240 686 4326 perficiat,
712 4263 808 4326 quam
833 4241 975 4326 psalmus
999 4241 1110 4304 XXX.
1141 4243 1264 4327 primus
1296 4243 1452 4324 enuntiat,
1477 4265 1496 4305 a
1520 4265 1584 4328 quo
1614 4241 1675 4306 hec
1706 4243 1808 4306 tercia
1835 4265 1910 4328 pars
1935 4243 2076 4307 inchoat.

971 4363 1213 4439 EXPLICIT
1240 4365 1524 4442 PROLOGUS.
2095 4402 2119 4441 ss

954 4571 1146 4647 INCIPIT
1182 4571 1308 4647 PARS
1344 4571 1544 4647 TERCIA.

1023 4711 1079 4772 IN
1097 4710 1328 4774 Parianus
1345 4709 1472 4772 XXXI.

298 4884 304 4896 ’
343 4921 357 4962 r.
369 4921 408 4962 rr.
532 4901 606 4965 Non
628 4913 706 4989 puto
730 4903 889 4968 silendum
912 4905 1104 4968 miraculum
1133 4906 1250 4969 nostris
1275 4903 1475 4991 temporibus
1499 4916 1608 4970 aetum
1632 4917 1663 4970 et
1687 4906 1795 4971 multis
1820 4906 2076 4972 contestantibus

426 5007 637 5094 divulgatum.
684 5009 870 5075 Tridericus
894 5011 962 5075 dux
986 5009 1127 5076 Sueviae
1138 5017 1159 5094 ³,
1189 5012 1319 5094 homo⁸,
1348 5035 1445 5099 quem
1476 5013 1595 5076 seimus
1626 5035 1697 5077 esse
1727 5013 1890 5077 hominem
1920 5014 2076 5078 curialem
2093 5041 2118 5080 ro

426 5125 592 5200 totumque
616 5114 801 5198 urbanitati,
832 5139 872 5180 ne
897 5117 1043 5182 dicamus
1067 5119 1212 5200 vanitati,
1242 5118 1398 5202 deditum,
1431 5142 1551 5202 secum,
1575 5129 1612 5183 ut
1634 5119 1746 5202 fertur,
1777 5119 1889 5184 habuit
1912 5120 2077 5186 hominem

427 5220 662 5306 demoniacum,
691 5245 869 5309 perquem
894 5223 1012 5288 demon
1042 5224 1167 5289 solebat
1195 5227 1417 5311 improperare
1441 5236 1579 5312 peccata
1609 5239 1735 5291 secreta
1759 5226 1889 5291 atinde
1914 5228 1978 5314 ipsi
2001 5228 2077 5292 duci

533 5401 559 5466 a)
581 5404 647 5455 litteo
665 5405 735 5456 subd.
753 5406 803 5455 olio
821 5415 912 5456 otroas.
930 5424 951 5457 c.

535 5551 564 5619 1)
591 5549 679 5614 Quaem
702 5549 810 5607 inservis
832 5550 861 5607 in
885 5551 990 5608 chortis
1004 5549 1132 5609 Coeradi
1153 5552 1278 5628 archiep.
1297 5552 1519 5629 Solisburpeasis
1542 5574 1570 5610 a.
1587 5553 1682 5610 1139.
1700 5563 1726 5612 et
1743 5555 1836 5610 1144.
1861 5556 1943 5631 opud
1955 5555 2075 5626 Hansiz,

428 5653 587 5714 Oernroaia
601 5677 688 5713 sacra
704 5656 744 5727 II,
763 5677 796 5732 p.
815 5657 888 5713 236.
908 5657 980 5714 238.
999 5657 1072 5728 242,
1097 5659 1126 5715 ia
1142 5659 1243 5716 oborta
1260 5659 1426 5716 Eberhorcb'
1440 5660 1567 5736 archiep.
1584 5682 1606 5718 s.
1625 5663 1652 5718 d.
1677 5661 1711 5718 it.
1731 5682 1764 5738 p.
1784 5661 1858 5718 951.
1928 5661 1959 5732 2)
1976 5661 2076 5720 Nescio
2092 5678 2117 5719 sa

426 5763 500 5820 stade
524 5760 640 5820 Gerbok
663 5764 733 5820 laec
754 5764 911 5839 ucazpserit.
1004 5762 1034 5839 3)
1059 5765 1225 5823 Friclericus
1247 5765 1287 5836 II,
1313 5766 1361 5842 qai
1382 5767 1525 5823 a.1147.
1550 5776 1675 5826 moratus
1698 5777 1745 5825 est.
