4418 6412
533 365 585 420 DE
610 363 759 420 GLORIA
783 366 833 420 ET
857 364 1021 421 IIONORE
1045 365 1138 420 FILII
1161 364 1338 422 HOMINIS.
1708 358 1770 422 397

220 551 300 616 Post
321 551 508 636 Eugenium
531 573 609 616 vero
640 573 705 616 non
736 562 784 616 est
813 552 965 616 inventas
996 551 1109 616 similis
1139 550 1186 616 illi
1216 553 1251 616 in
1274 550 1415 618 ecclesia
1437 552 1586 617 Romana
1613 551 1772 638 pontifex,

121 659 170 746 qui
201 659 330 744 scriptis
361 659 441 722 meis
472 659 518 723 ita
546 656 688 744 benigne
719 657 887 741 arrideret,
916 659 1038 746 quique
1062 657 1169 724 oleum
1193 658 1443 745 superfunderet
1465 681 1504 724 ac
1528 658 1603 724 thus
1626 671 1772 746 poneret,
1792 684 1906 734 asnaa

120 766 191 852 quia
207 765 264 852 qui
282 766 311 829 ei
331 775 445 851 postea
468 777 697 830 successerunt
719 787 784 831 non
807 767 853 830 ita
876 787 928 830 me
952 763 1136 830 habuerunt
1157 776 1279 849 notum,
1304 775 1339 830 ut
1362 764 1426 830 ille.
1472 765 1628 830 Attamen
1652 767 1774 852 scripta

119 893 187 936 mea
211 873 306 958 quasi
330 871 469 936 similam
486 871 732 958 diligentissime
748 873 857 937 tritam
872 894 957 959 pape
973 871 1149 936 Anastasio
1173 873 1257 955 misi,
1278 870 1398 959 quibus
1421 870 1475 936 ille
1499 894 1562 937 non
1588 871 1771 959 respondit:

94 1000 179 1064 sque
204 977 246 1042 de
270 1001 370 1042 causa
399 1001 465 1043 non
495 978 614 1044 iudico.
661 978 818 1044 Similiter
840 977 987 1044 Adriano
1016 1001 1113 1066 pape,
1143 1001 1217 1044 oum
1248 989 1335 1045 esset
1362 979 1544 1044 Beneventi
1574 1001 1676 1064 agens
1705 977 1772 1044 illic

117 1084 155 1149 de
181 1085 357 1150 concordia
379 1087 464 1150 inter
487 1108 522 1152 se
546 1108 585 1150 ac
602 1085 748 1152 SIculum
765 1097 949 1173 tyrannum,
973 1095 1177 1173 presentatus
1202 1095 1252 1150 est
1274 1084 1402 1150 libellus
1426 1085 1598 1172 adipsum
1622 1086 1772 1168 dictatus,

116 1192 148 1255 in
172 1213 237 1278 qno
260 1193 422 1257 novitates
453 1191 548 1258 buius
578 1193 733 1279 temporis
757 1215 876 1279 magna
900 1215 942 1257 cx
965 1205 1057 1279 parte
1082 1193 1232 1279 congessi
1243 1197 1265 1276 ¹,
1296 1203 1393 1280 atque
1423 1191 1466 1257 ab
1496 1193 1551 1258 illo
1580 1215 1772 1279 responsum

116 1300 212 1384 petii:
237 1321 302 1385 quo
324 1298 379 1364 vel
402 1297 599 1386 approbaret
621 1299 675 1363 vel
698 1299 888 1387 inprobaret
916 1321 978 1386 que
1010 1299 1097 1364 sensi
1128 1311 1160 1363 et
1189 1299 1311 1382 sencio,
1341 1309 1475 1386 paratus
1506 1299 1552 1364 illi
1582 1322 1643 1386 per
1665 1300 1774 1364 omnia

116 1407 310 1489 consentire,
334 1407 413 1492 quia
439 1429 606 1493 nunquam
635 1408 669 1470 in
693 1406 841 1471 doctrina
864 1405 941 1471 fidei
966 1429 986 1470 a
1009 1417 1122 1471 sancta
1145 1405 1293 1471 Romana
1322 1405 1463 1472 ecclesia
1492 1405 1665 1471 dissentire
1688 1405 1774 1471 volo.

72 1539 98 1578 ro
116 1510 219 1578 Cuius
242 1512 412 1600 pontifices
436 1535 456 1577 a
478 1511 574 1577 beate
604 1513 759 1578 memorie
784 1512 913 1578 Calixto
937 1535 1023 1600 papa
1052 1513 1095 1578 od
1125 1514 1190 1578 iam
1221 1512 1344 1600 dicmur
1374 1535 1494 1600 papam
1517 1512 1702 1598 Eugenium
1726 1514 1773 1580 sic

115 1641 167 1683 me
192 1617 375 1684 habuerunt
405 1630 516 1685 notum
540 1631 574 1684 et
595 1621 702 1706 gratia
725 1621 775 1684 sui
798 1629 927 1706 gratum
950 1633 983 1684 et
1007 1643 1129 1703 carum,
1152 1631 1188 1684 ut
1211 1642 1323 1684 eorum
1346 1621 1466 1684 caritas
1491 1630 1577 1684 esset
1605 1620 1684 1684 mihi
1713 1643 1773 1707 pro

116 1725 295 1811 liquamine
318 1726 382 1790 olei
405 1725 501 1791 dictis
525 1737 557 1791 et
580 1727 748 1814 scripturis
778 1727 859 1791 meis
890 1725 1037 1792 ordinate
1068 1725 1241 1814 superfusi,
1273 1737 1371 1814 atque
1401 1749 1460 1812 pro
1489 1725 1582 1790 thure
1610 1726 1772 1792 odorifero

117 1833 224 1918 gratia
239 1855 350 1897 eornm
366 1832 529 1898 redoleret
550 1833 629 1897 mihi
654 1856 732 1920 sepe
756 1833 798 1898 ad
822 1835 909 1920 ipsos
934 1843 967 1898 et
990 1835 1100 1920 sepius
1124 1832 1166 1897 ad
1182 1832 1330 1898 dominos
1354 1832 1537 1898 cardinales
1561 1833 1672 1919 aliqua
1695 1835 1772 1898 scri-

117 1938 218 2004 benti.
270 1938 363 2005 Sicut
391 1941 577 2027 nuperrime
608 1939 650 2005 ad
681 1940 847 2006 dominum
877 1940 1068 2004 Heinricum
1100 1938 1299 2004 cardinalem
1328 1939 1556 2027 presbyterum
1587 1951 1773 2006 sanctorum

76 2071 100 2110 rs
118 2046 216 2110 Nerei
236 2057 268 2111 et
283 2045 424 2110 Achillei
446 2045 569 2112 dictavi
593 2069 636 2111 ex
659 2049 729 2112 eius
752 2047 916 2134 peticione
940 2047 1131 2134 opusculum
1153 2045 1195 2111 de
1211 2045 1295 2112 Fide
1306 2053 1327 2128 2,
1351 2045 1431 2111 illud
1447 2069 1632 2134 exponens:
1656 2048 1772 2114 Mulie·
1793 2072 1943 2121 amasam.

118 2178 183 2217 rem
198 2155 322 2242 fortem
345 2157 417 2240 quos
440 2155 599 2219 inveniet?

225 2259 379 2325 Romanis
396 2272 504 2324 autem
520 2259 728 2346 pontificibus
743 2261 919 2325 Anastasio
936 2271 968 2324 et
983 2259 1129 2325 Adriano
1145 2259 1223 2324 licet
1238 2259 1394 2325 nonnulla
1410 2261 1595 2347 scripserim
1604 2265 1627 2344 ³,
1650 2260 1773 2327 nullum

119 2367 208 2452 potui
238 2388 430 2453 responsum
459 2366 503 2431 ad
527 2368 712 2454 questiones
743 2389 832 2432 meas
863 2379 1076 2453 extorquere:
1107 2377 1185 2454 puto
1208 2389 1274 2431 non
1297 2365 1339 2432 ob
1364 2367 1462 2449 aliud,
1493 2368 1556 2432 nisi
1579 2369 1658 2454 quia
1680 2379 1774 2433 erant

119 2474 270 2559 occupati
294 2485 327 2538 et
348 2472 470 2538 turbati
494 2496 573 2560 erga
595 2473 744 2562 plurima.
790 2475 904 2561 Nuper
933 2486 1042 2538 autem
1066 2475 1196 2561 suscepi
1220 2474 1341 2560 scripta
1363 2496 1449 2561 pape
1472 2473 1654 2539 Alexandri
1678 2497 1772 2561 spon·

78 2579 235 2662 rodentis,
260 2579 349 2667 quod
370 2580 450 2645 velit
472 2602 525 2644 me
544 2580 665 2645 babere
688 2581 723 2645 in
739 2583 844 2666 gatis
867 2581 952 2645 sicut
974 2591 1198 2646 antecessores
1222 2581 1288 2664 sui3
1313 2582 1435 2666 gratim
1459 2581 1560 2668 igitur
1581 2579 1687 2647 habeo
1709 2583 1773 2669 ipsi

119 2685 161 2752 ad
191 2709 243 2751 me
274 2684 445 2770 scribentI,
476 2710 550 2752 cum
580 2709 642 2774 ego
671 2687 772 2752 nichil
802 2686 909 2752 adhuc
940 2688 1125 2774 scripserim
1156 2686 1199 2752 ad
1228 2693 1334 2770 euml,
1363 2688 1554 2774 prepeditus
1584 2711 1645 2775 per
1675 2687 1773 2754 chaos

118 2815 283 2880 magnum,
304 2793 394 2880 ,quod
419 2805 468 2858 est
497 2795 663 2859 internos
687 2805 719 2858 et
742 2795 864 2881 ipsum,
895 2795 942 2858 ita
963 2805 999 2859 ut
1024 2794 1085 2877 his,
1110 2795 1166 2881 qni
1189 2793 1303 2859 volunt
1332 2794 1408 2859 hinc
1438 2796 1577 2860 transire
1601 2794 1644 2860 ad
1666 2796 1773 2883 ipsum

118 2901 171 2964 vel
195 2899 238 2965 ab
261 2901 332 2987 ipso
355 2900 399 2965 ad
421 2923 489 2983 nos,
514 2899 651 2966 obsistat
680 2901 938 2988 inpedimentum
968 2900 1092 2987 grande
1122 2899 1208 2965 illius
1231 2900 1404 2984 discordie,
1429 2923 1492 2988 que
1516 2903 1601 2966 inter
1624 2902 1773 2968 sacerdo·

119 3007 205 3072 cium
236 3018 269 3072 et
298 3008 459 3094 inperium
489 3009 645 3072 suscitata
675 3019 725 3073 est
754 3009 898 3094 peccatis
929 3006 1147 3094 exigentibus,
1172 3008 1249 3095 quia
1271 3009 1341 3072 vita
1369 3019 1532 3073 rectorum
1562 3031 1622 3096 pro
1648 3011 1773 3074 meritis

78 3138 101 3178 u
119 3113 301 3200 disponitur
331 3113 543 3180 subditorum.
589 3115 678 3180 Dum
708 3116 819 3202 itaque
848 3116 883 3178 in
906 3113 1066 3180 sacrificio
1096 3125 1206 3179 nostro
1237 3115 1410 3200 sartaginis
1440 3115 1572 3180 auditur
1595 3117 1718 3182 sonitus
1742 3126 1775 3182 et

119 3221 272 3306 strepitus
295 3243 401 3308 neque
425 3221 468 3286 ad
484 3203 665 3287 Romanum
681 3222 870 3308 pontificem
893 3220 976 3286 liber
999 3245 1019 3285 a
1041 3219 1135 3286 nobis
1159 3243 1312 3286 accessus
1328 3231 1433 3308 patet:
1459 3223 1553 3308 quasi
1575 3221 1648 3287 loco
1670 3224 1773 3310 ipsias

120 3339 163 3410 tu,
187 3327 433 3414 archiepiscope
451 3328 657 3393 Iuvaviensis
681 3328 829 3412 ecclesie,
853 3351 911 3415 pro
935 3328 989 3393 illo
1014 3327 1150 3392 mihies
1174 3327 1296 3392 electus
1321 3351 1362 3392 ex
1386 3327 1534 3394 milibus:
1559 3331 1651 3394 cuius
1675 3331 1773 3395 etiam

119 3433 247 3498 hortatu
271 3435 332 3499 hec
356 3433 474 3518 scribo,
498 3445 534 3499 ut
557 3435 674 3499 similia
697 3458 756 3522 per
770 3458 822 3500 me
843 3433 903 3499 tibi
919 3433 1028 3500 oblata
1043 3446 1076 3499 et
1092 3435 1275 3498 minutatim
1299 3435 1497 3518 examinata,
1520 3434 1579 3499 ubi
1601 3436 1774 3522 apparebit

119 3540 341 3627 acceptabilis,
364 3552 419 3606 tue
442 3543 586 3606 caritatis
610 3539 681 3608 oleo
705 3541 876 3607 condiatur
898 3551 932 3606 et
954 3541 1047 3605 thure
1071 3539 1225 3605 odoriferi
1248 3542 1424 3606 testimonii
1446 3543 1495 3606 tui
1513 3553 1626 3607 contra
1650 3543 1773 3607 emulos

78 3673 102 3713 so
120 3647 323 3712 defendatur.

227 3844 280 3908 De
304 3844 365 3910 hac
388 3845 577 3910 adoratione
601 3845 737 3932 aliisque
760 3868 846 3910 nuno
870 3843 1049 3932 perstrictis
1066 3841 1289 3930 questionibus
1312 3854 1404 3908 tanta
1427 3843 1515 3909 dicta
1538 3855 1613 3909 sunt
1636 3867 1655 3909 a
1678 3845 1772 3910 nobis
1791 3869 1850 3910 ass.

120 3952 153 4015 in
176 3951 333 4037 opusculo
363 3951 405 4017 ad
435 3975 554 4039 papam
577 3951 965 4035 Adrianum,uteade1n
995 3960 1143 4037 repetere
1167 3949 1318 4014 videatur
1346 3973 1411 4015 non
1441 3953 1673 4035 necessarium,
1698 3975 1771 4016 cum

119 4058 246 4145 possint
274 4057 340 4124 illic
363 4071 494 4146 reperta
523 4060 711 4124 satisfacere
742 4058 855 4124 lectori
884 4056 1055 4141 benevolo,
1086 4058 1171 4122 sicut
1193 4056 1337 4143 perlecto
1361 4057 1477 4122 eodem
1500 4057 1655 4145 opusculo
1680 4060 1772 4123 satis·

77 4190 101 4230 ss
119 4165 242 4230 factum
258 4176 308 4229 est
322 4163 419 4230 beate
434 4167 589 4230 memorie
607 4165 736 4230 domino
752 4166 899 4230 Brunoni
916 4164 1081 4251 quondam
1095 4162 1395 4250 Babenbcrgensi⁸·
1406 4169 1428 4248 ⁵,
1445 4164 1608 4250 quondam
1620 4165 1771 4250 Argenti-

118 4273 213 4336 nensi
237 4271 401 4358 episcopa,
425 4272 577 4359 prudenti
592 4273 663 4337 viro
679 4272 826 4337 valenter
847 4271 986 4336 literato.
1023 4270 1089 4353 Qui
1112 4272 1210 4335 etiarn
1234 4270 1276 4335 ad
1300 4271 1385 4336 lecta
1408 4282 1441 4335 et
1463 4271 1629 4337 intellecta
1652 4273 1773 4358 scripta

117 4391 230 4444 nostra
251 4377 394 4465 benigne
417 4379 585 4465 respondit
608 4401 668 4466 per
690 4379 870 4465 epistolam,
895 4379 987 4442 cuius
1010 4378 1072 4443 hoc
1096 4388 1145 4442 est
1168 4379 1376 4464 rescriptum:
1530 4387 1532 4392 '

227 4576 254 4640 a)
276 4581 353 4630 multo
367 4579 503 4644 muitum
521 4587 660 4629 aucmento
677 4579 797 4644 scriptum
815 4594 835 4628 c.

230 4759 259 4830 1)
286 4759 342 4817 Ed.
366 4780 456 4836 supra
473 4780 507 4836 p.
526 4759 723 4816 288—304.
816 4755 847 4834 2)
870 4760 916 4816 De
939 4761 990 4818 lsoc
1013 4781 1037 4820 u.
1061 4761 1145 4818 Isaeo
1168 4763 1186 4816 l.
1205 4763 1222 4816 l.
1242 4781 1275 4836 p.
1293 4760 1363 4816 112.
1449 4757 1480 4834 3)
1502 4761 1534 4818 V.
1553 4761 1658 4837 praes.
1681 4781 1771 4837 supra

75 4886 101 4924 so
115 4889 148 4945 p.
168 4868 241 4924 133.
334 4865 364 4936 4)
391 4864 439 4938 Cf.
465 4865 542 4942 epist.
564 4865 614 4922 20.
639 4867 681 4924 ad
701 4867 898 4924 alemanorum
921 4868 939 4924 l.
960 4870 978 4924 l.
1003 4870 1054 4925 cot.
1080 4867 1160 4923 574:
1192 4867 1305 4940 Scripta
1327 4869 1498 4948 dignationis
1522 4876 1646 4936 vestrae,
1671 4870 1772 4941 quibus

120 4994 165 5032 me
189 4993 222 5032 ac
245 4975 348 5030 fratros
371 4993 449 5030 meos
471 4975 597 5030 uterinos
621 4974 778 5030 clementer
804 4975 948 5030 salutastis
974 4994 1027 5047 per
1054 4975 1171 5031 fratrem
1193 4976 1288 5032 Witor
1315 4975 1480 5032 monachum
1503 4975 1771 5044 Morimundeusem‚

120 5084 328 5158 gratantissime
352 5083 522 5154 accepimus,
546 5083 650 5154 gratias
674 5099 788 5154 magnas
811 5088 933 5154 agentes
956 5083 1076 5138 almitati
1093 5090 1217 5150 vestrae,
1239 5084 1314 5154 quod
1331 5101 1394 5138 cum
1417 5083 1486 5138 nihil
1510 5083 1602 5138 adhuc
1625 5085 1770 5155 scripseri-

120 5209 181 5246 mus
196 5191 287 5258 vobis,
308 5191 441 5262 dignatus
464 5189 557 5244 fixistis
580 5207 631 5245 nos
645 5190 795 5260 prevenire
812 5190 841 5244 in
857 5189 1103 5246 benedictionibus
1119 5191 1286 5258 dulcedinis,
1310 5191 1377 5245 mibi
1393 5190 1555 5262 specialiter
1569 5192 1772 5261 promittendo,

122 5300 197 5371 quod
213 5298 307 5354 velitis
330 5315 374 5352 mc
399 5297 427 5351 in
444 5298 536 5369 gratia
559 5297 659 5353 eodem
685 5293 820 5368 [habere],
845 5297 874 5352 in
890 5315 947 5368 qua
969 5316 1013 5352 mc
1037 5297 1198 5378 habueruut
1221 5304 1417 5352 antecessores
1433 5298 1530 5353 vestri.
1568 5296 1700 5372 Epistola
1723 5298 1772 5355 itta

76 5419 103 5458 ss
122 5403 285 5462 Alaraudri
298 5403 356 5460 III.
373 5404 415 5460 ad
429 5401 592 5461 Gerdolsum
608 5403 677 5460 dcta
700 5422 756 5459 noa
780 5400 836 5459 iura
853 5402 972 5459 existere
988 5402 1112 5472 arideum
1136 5403 1232 5472 oliam,
1258 5401 1312 5459 uui
1320 5402 1426 5474 fallor,
1451 5423 1479 5460 a.
1497 5402 1591 5474 1164,
1610 5403 1701 5460 Mart.
1721 5403 1771 5461 22.

122 5531 170 5588 ap.
194 5510 287 5584 Jafff,
310 5510 383 5587 1209.
407 5530 452 5568 ar.
470 5508 585 5566 11012.
609 5517 776 5567 annotatam
799 5509 918 5566 irsvsnio.
989 5506 1020 5583 5)
1044 5509 1111 5566 Scit.
1136 5509 1288 5578 carsonico;
1311 5509 1352 5581 cf.
1369 5509 1518 5586 Necrolrp.
1543 5508 1628 5586 capit.
1646 5509 1676 5568 S.
1694 5509 1775 5567 Petri

122 5617 310 5694 Babcnbcrpq
340 5617 433 5690 Jaffe',
459 5615 582 5689 Bittv,
609 5636 642 5692 p.
668 5614 741 5674 559.
781 5614 855 5674 Obiit
876 5615 1055 5692 Banaberyae
1077 5636 1105 5672 a.
1122 5616 1216 5687 1162,
1241 5616 1294 5673 Iul.
1316 5615 1364 5687 10,
1389 5617 1550 5692 episcopatu
1574 5616 1774 5692 Arymtincuai

123 5745 151 5783 a.
171 5725 265 5781 1131.
289 5723 464 5781 rotundato.
