4478 6396
596 396 788 453 EPISTOLA
813 397 869 452 AD
892 396 1170 455 INNOOENTIUM
1192 399 1339 460 PAPAM.
1735 393 1799 456 227

140 597 176 648 ut
200 587 235 648 in
260 611 321 650 rina
347 586 438 650 illam
461 586 659 651 comedamus
683 586 784 667 donno,
809 587 847 650 id
868 601 920 667 est,
944 609 982 650 ne
1005 600 1093 650 entra
1117 587 1299 650 aecclesiam
1325 587 1490 651 immolari
1509 612 1625 676 agnum
1640 603 1797 675 prete-rrius.

139 690 199 755 Eu:
220 717 282 778 qno
305 694 510 781 manifestum
533 708 587 774 est,
618 693 704 780 qnod
726 693 844 758 Iudaei
864 708 892 757 et
913 695 1024 758 cretici
1044 707 1072 756 et
1094 695 1201 757 omnio
1229 695 1441 758 conventiculo
1472 695 1650 782 dogmatum
1669 721 1798 782 perrer-

139 823 261 880 sorunr,
285 801 362 885 qaia
386 803 420 864 in
443 801 596 865 aecclesia
618 825 681 864 non
704 800 875 881 comedant,
899 823 960 864 non
984 824 1034 863 eos
1057 801 1136 887 oyni
1156 823 1276 880 carnes,
1299 799 1357 864 scd
1379 800 1528 864 draconis
1551 803 1718 884 comedere,
1743 806 1803 889 qui
1816 825 1937 877 raram

141 905 239 970 daras
261 921 306 970 est
335 909 368 970 in
392 931 493 970 escam
509 908 645 994 populis
668 907 849 993 litlriopnm.
896 906 966 970 Nos
995 931 1067 970 uero
1098 905 1288 971 comedimus
1318 909 1421 972 azima
1450 909 1642 973 sinceritatis
1666 924 1693 974 et
1716 913 1797 974 ucri·
1815 931 1974 980 erumnas

106 1015 227 1076 states.
262 1011 346 1076 Item
361 1012 522 1098 Origenes
546 1013 580 1076 in
595 1012 783 1076 Leviti001:
813 1013 904 1077 Talis
920 1016 971 1078 vir
986 1015 1138 1098 queritur,
1163 1015 1222 1097 qai
1242 1038 1352 1078 carnes
1374 1029 1499 1080 sanctos
1511 1018 1618 1101 possit
1640 1016 1797 1082 comedere

142 1133 174 1182 et
195 1119 353 1184 comedere
376 1144 437 1184 non
462 1123 495 1184 in
511 1145 693 1206 quocunqne
717 1121 793 1200 loco,
816 1120 874 1184 sed
896 1123 930 1184 in
947 1121 1012 1184 loco
1035 1134 1141 1184 sancto
1165 1122 1249 1184 intra
1274 1123 1391 1184 atrium
1411 1123 1614 1186 tabernaculi.
1652 1121 1798 1188 Audi-'ant

142 1225 213 1305 lrec,
244 1229 304 1312 qui
328 1227 476 1291 scindunt
504 1228 688 1292 aecclesiam
718 1241 746 1291 et
767 1230 959 1314 peregrinos
988 1252 1026 1292 ac
1049 1251 1174 1312 prurros
1206 1227 1383 1291 inducentes
1415 1227 1590 1308 doctrinas,
1618 1243 1736 1314 pataret
1764 1254 1796 1294 sc

141 1357 255 1397 sacros
284 1359 394 1398 curares
424 1348 512 1399 cntra
541 1336 689 1421 templum
720 1333 787 1398 Dei
814 1348 843 1399 et
871 1348 960 1398 ostra
990 1335 1097 1398 oalrm
1121 1333 1258 1398 Domini
1285 1359 1353 1397 eam
1375 1359 1472 1420 posse
1502 1335 1668 1400 comedere.
1716 1335 1794 1400 Pro·

140 1440 252 1525 plau-na
274 1455 346 1504 sunt
368 1465 472 1505 eornm
499 1443 673 1528 scorpio-eir,
705 1465 784 1526 qnae
814 1455 921 1505 contra
951 1441 1102 1505 nmndato
1133 1442 1210 1527 lepis
1238 1455 1397 1526 parantur.
1445 1440 1484 1504 In
1510 1442 1590 1504 *loco
1614 1457 1719 1507 sancto
1743 1442 1799 1508 edi
1814 1464 1885 1506 mss.

98 1571 124 1609 ro
143 1547 299 1627 iubentur,
330 1550 416 1612 a'rrtra
440 1551 531 1632 utria·
548 1548 747 1612 tabernaculi
767 1549 940 1612 testimonii
959 1562 1039 1627 sunt,
1070 1571 1150 1632 qnae
1166 1546 1253 1634 fidei
1273 1571 1381 1610 marus
1404 1548 1511 1627 ambit,
1541 1551 1614 1634 spei
1634 1550 1796 1614 columnae

142 1653 344 1739 suspendunt.
399 1654 463 1719 Ubi
490 1655 565 1719 laec
592 1679 654 1719 non
677 1669 757 1736 sunt,
788 1678 898 1719 carnes
927 1668 1052 1718 sanctae
1078 1678 1134 1718 ncc
1156 1654 1269 1718 haberi
1282 1669 1418 1740 possunt
1445 1679 1499 1718 nec
1523 1656 1652 1719 comedi.
1700 1654 1795 1720 Vade

142 1769 178 1822 tu
202 1783 289 1823 nunc
313 1759 356 1824 ad
379 1759 450 1824 illos
474 1769 546 1824 tuos
570 1758 849 1842 determinatores,
873 1782 938 1824 non
962 1758 1215 1841 aecclesiastice,
1240 1758 1299 1822 sed
1322 1759 1492 1824 scolastice
1517 1762 1710 1846 scripturam
1729 1761 1795 1825 Dei

143 1865 300 1951 legentes.
339 1866 432 1951 Roga
454 1865 514 1930 tibi
538 1867 585 1930 sic
608 1866 819 1930 determinari
842 1867 951 1931 omnia
967 1865 1164 1953 supradicta,
1181 1875 1216 1930 ut
1233 1876 1327 1929 extra
1342 1865 1408 1930 Dei
1430 1866 1596 1952 templum'
1609 1867 1796 1932 inveniatur

142 1971 198 2035 illa
221 1973 451 2060 propositionis
475 1995 599 2053 mensa,
624 1995 708 2059 quae
733 1971 955 2038 tantummodo
985 1973 1070 2036 intus
1102 1984 1216 2037 contra
1243 1971 1477 2037 candelabrum
1499 1972 1565 2036 VII
1588 1972 1795 2039 lucernarum
1814 1997 1939 2048 nunna.

98 2105 124 2144 rs
142 2091 192 2142 est
220 2079 389 2144 collocata.
435 2080 675 2164 Argumentare
706 2103 745 2145 ac
776 2079 915 2165 disputa,
948 2089 1104 2166 quantum
1132 2077 1223 2143 velis.
1270 2078 1375 2142 Extra
1404 2079 1472 2143 Dei
1500 2078 1699 2165 paradysum
1730 2103 1795 2145 non

142 2196 192 2250 est
214 2187 339 2251 fructus
369 2185 450 2272 ligni
473 2188 570 2268 vitae,
600 2185 663 2250 illis
687 2187 799 2273 utique
823 2185 1013 2271 denegatus,
1038 2208 1119 2272 quos
1143 2183 1185 2248 ab
1209 2185 1301 2250 horto
1325 2184 1515 2250 deliciarum
1540 2185 1720 2250 aecclesiae
1744 2209 1793 2251 se-

141 2302 237 2378 parat
266 2291 435 2357 flammeus
465 2292 519 2357 ille
550 2291 678 2378 gladius
708 2293 887 2356 acutissimi
916 2291 1143 2372 anathematis,
1175 2290 1263 2377 quod
1286 2314 1344 2355 vos
1376 2293 1613 2378 contempnitis,
1646 2294 1702 2379 qui
1733 2292 1794 2357 sub

142 2399 349 2464 anathemate
379 2398 564 2480 interdieta,
595 2399 688 2484 quasi
718 2399 851 2463 licentia
881 2399 1076 2484 presumitis,
1102 2408 1134 2461 et
1157 2398 1231 2462 ideo
1255 2397 1520 2462 anathematizati
1544 2399 1621 2463 estis
1645 2422 1714 2480 vos,
1739 2401 1795 2486 qui

142 2516 256 2592 sponte
282 2527 444 2569 canonum
466 2505 640 2570 violatores
664 2507 752 2588 estiS,
777 2506 863 2591 quia,
889 2504 1070 2569 affirmante
1094 2504 1205 2568 Leone
1230 2504 1328 2587 11112,
1358 2527 1469 2569 omnes
1494 2528 1655 2570 canonum
1679 2517 1794 2592 sponte

97 2641 124 2678 ro
141 2611 317 2675 violatores
340 2613 374 2676 in
391 2610 540 2676 omnihus
565 2613 736 2676 autenticis
761 2611 907 2676 conciliis
931 2610 1196 2692 anathematizati
1216 2622 1300 2676 sunt.
1338 2611 1486 2676 Gloriare
1511 2635 1597 2677 nunc
1621 2611 1662 2676 de
1687 2635 1794 2677 sacra-

141 2718 338 2783 mentalibus
361 2719 590 2804 mysteriorum
614 2719 726 2804 signis,
752 2741 836 2805 quae
860 2718 949 2805 apud
972 2717 1073 2782 altare
1096 2717 1179 2782 fiunt
1201 2719 1234 2782 in
1254 2720 1464 2805 expressione
1489 2720 1605 2801 crucis,
1629 2719 1664 2783 in
1688 2719 1794 2784 eleva-

141 2827 230 2889 tione
255 2825 377 2906 calicis‚
408 2826 442 2888 in
472 2826 662 2890 extensione
692 2847 856 2906 manuum,
888 2837 1069 2889 ceterorum
1099 2827 1376 2911 representatione
1407 2827 1572 2912 signorum
1598 2824 1718 2891 Christi
1742 2826 1795 2891 vel

140 2943 279 2996 mortem
309 2932 362 2996 vel
392 2933 662 2996 resurrectionem
693 2931 972 2996 sacramentaliter
1002 2933 1264 3018 exprimentium.
1318 2931 1385 2998 Sed
1415 2955 1506 3015 cave,
1537 2955 1578 2996 ne
1610 2943 1656 2998 tot
1686 2935 1795 3020 *signa
1814 2957 1892 2999 aaa.

140 3037 240 3102 rebus
265 3041 409 3103 carentia
432 3040 497 3102 sint
519 3038 575 3103 illa
598 3039 692 3125 signa
713 3037 896 3120 mendacia,
921 3059 1005 3124 quae
1030 3037 1069 3102 de
1094 3038 1249 3102 ministris
1272 3037 1465 3103 Antichristi
1489 3051 1564 3103 sunt
1590 3039 1794 3126 prophetata.

96 3173 122 3215 a
142 3145 227 3210 Sunt
250 3147 336 3210 enim
361 3146 552 3210 ereticorum
584 3155 789 3210 sacramenta
819 3146 1031 3238 sacramentis
1063 3144 1296 3210 catholicorum
1326 3144 1408 3210 adeo
1440 3146 1567 3228 similia,
1599 3147 1697 3211 immo
1727 3157 1794 3211 tam

140 3273 231 3334 vere,
256 3264 412 3339 quantum
442 3252 485 3316 ad
515 3252 652 3317 formam
683 3250 798 3316 eadem
829 3253 911 3338 ipsa,
942 3262 978 3315 ut
1007 3253 1040 3314 in
1070 3273 1212 3316 errorem
1242 3252 1484 3334 inducerentur,
1515 3254 1543 3316 si
1572 3251 1644 3316 fieri
1673 3265 1793 3340 posset,
1900 3325 1904 3336 ,

142 3359 249 3441 electi,
280 3361 342 3423 nisi
366 3358 454 3446 quod
477 3382 533 3424 eos
557 3359 618 3423 hoc
642 3357 783 3442 roborat,
809 3358 994 3445 quodcum
1016 3357 1131 3444 Moyse
1156 3370 1188 3422 et
1211 3357 1322 3423 Aaron
1347 3358 1485 3444 digitum
1507 3359 1573 3423 Dei
1605 3370 1794 3446 operantem

140 3465 265 3530 habent
288 3466 483 3548 sacerdotes,
508 3476 540 3530 et
563 3467 702 3531 ministri
725 3464 887 3546 catholici,
913 3465 1001 3551 quod
1024 3465 1066 3529 ad
1089 3465 1236 3529 ultimum
1260 3464 1456 3548 fatebuntur,
1481 3467 1599 3552 stipsi
1623 3488 1793 3551 magorum

143 3572 265 3637 similes
287 3573 467 3638 Pharaonis
491 3573 629 3636 ministri
655 3573 768 3636 cretici
791 3571 945 3636 videlicet
968 3573 1142 3658 cunctique
1167 3570 1208 3636 ab
1232 3572 1394 3636 aecclesia
1416 3574 1546 3658 precisi.

96 3709 123 3749 ro
252 3678 284 3744 S.
328 3679 418 3760 Quos
449 3691 593 3744 nostrum
625 3680 772 3764 assignas
802 3679 980 3743 ministerio
1010 3678 1205 3760 Pharaonis,
1237 3701 1311 3742 cum
1342 3680 1440 3742 simus
1472 3680 1580 3744 cuncti
1611 3678 1671 3743 suh
1701 3679 1793 3744 titulo

142 3785 312 3851 christiani
336 3785 500 3851 nominis?

250 3893 289 3957 R.
331 3893 446 3957 Nonne
478 3893 654 3979 complices
685 3903 718 3956 et
747 3893 889 3957 fautores
919 3891 1005 3956 illius
1035 3915 1139 3979 nuper·
1168 3890 1351 3979 dampnati,
1387 3893 1485 3956 immo
1520 3894 1585 3956 iam
1616 3893 1691 3957 olim
1721 3917 1794 3980 pre-

142 3999 312 4086 dampnati
341 4000 431 4064 Petri
460 3999 591 4082 Leonis,
622 3999 788 4064 Romanae
820 3999 999 4064 aecclesiae
1031 4000 1204 4080 invasoris,
1236 3999 1407 4064 manifeste
1438 4010 1513 4064 sunt
1542 4001 1680 4065 ministri
1709 4000 1794 4064 Pha-

142 4106 279 4170 raonis?
788 4171 791 4178 ,

98 4243 124 4282 a
252 4213 286 4278 S.
322 4213 410 4294 Quid
433 4213 477 4277 ad
499 4236 558 4278 nos
582 4213 623 4277 de
646 4213 728 4278 illo?

250 4319 288 4384 R.
324 4320 402 4384 Plus
425 4319 466 4384 ad
490 4331 521 4384 te
544 4321 656 4406 tuique
681 4319 812 4402 similes,
837 4342 936 4406 quam
960 4318 1077 4384 adme
1107 4320 1236 4405 meique
1267 4320 1388 4384 similes
1416 4322 1557 4406 pertinet
1585 4320 1639 4385 ille
1663 4321 1792 4407 impius.

143 4426 228 4490 Nam
252 4429 280 4490 si
302 4450 474 4513 percurres
505 4429 614 4490 omnia
644 4427 786 4491 claustra
816 4427 1045 4491 canonicorum
1076 4425 1284 4512 regularium,
1315 4449 1376 4491 nec
1399 4450 1498 4491 unum
1523 4427 1653 4514 quidem
1677 4429 1711 4490 in
1735 4429 1792 4510 eis,

143 4532 253 4615 credo,
281 4534 429 4598 invenies
452 4533 542 4598 Petri
564 4533 686 4598 Leonis
710 4543 974 4598 consentaneum.
1020 4531 1064 4596 At
1088 4532 1302 4596 saecularium
1327 4533 1518 4598 clericorum
1542 4534 1698 4616 nonnulli,
1721 4558 1792 4620 pre-

144 4641 239 4727 cipue
269 4641 507 4704 incontinentes
538 4649 570 4704 et
600 4639 806 4720 conducticii,
839 4640 907 4703 sive
939 4639 1153 4703 conductores
1185 4639 1295 4703 clerici
1326 4662 1400 4704 cum
1430 4640 1566 4705 Nicolao
1597 4642 1793 4706 fornicatore

99 4777 126 4816 ro
144 4769 183 4811 ac
201 4745 344 4833 Symone
360 4747 459 4832 Mago
484 4746 660 4833 dampnati,
685 4747 803 4832 partim
827 4745 963 4826 occulte,
988 4747 1106 4832 partim
1126 4768 1255 4832 quoque
1279 4746 1448 4810 manifeste
1473 4757 1586 4832 optant
1608 4747 1698 4812 illum
1721 4769 1792 4834 pre-

144 4852 254 4918 valere
278 4865 391 4918 ccntra
412 4875 532 4940 papam
547 4853 784 4935 innocentium,
802 4874 898 4940 quem
914 4853 1138 4917 Innocentium
1156 4876 1224 4934 noa,
1242 4853 1298 4938 qui
1314 4853 1481 4938 regulares
1498 4853 1661 4934 ‘dicimua
1681 4876 1793 4918 omnes
1812 4876 1842 4916 ⁸.

144 4961 313 5026 unanimes
337 4983 401 5025 uno
426 4983 481 5026 ore
504 4960 645 5024 fatemur
673 4982 895 5024 successorem
918 4959 1008 5023 Petri
1034 4958 1224 5044 legitimum,
1249 4981 1345 5045 quem
1370 4969 1402 5023 et
1425 4969 1500 5023 ante
1524 4971 1678 5046 papatum
1702 4961 1792 5025 novi-

144 5090 216 5131 mus
240 5068 398 5132 castitatis
423 5079 454 5132 et
477 5067 643 5152 religionis
667 5067 765 5131 fuisse
791 5067 940 5148 amicum,
972 5067 1057 5130 sicut
1078 5065 1170 5129 illum
1193 5065 1331 5129 alterurn
1354 5066 1420 5130 Dei
1444 5077 1476 5130 et
1499 5067 1679 5131 aecclesiae
1702 5067 1793 5131 novi-

145 5197 216 5240 mus
247 5175 346 5240 fuisse
377 5176 554 5240 inimicum.
602 5174 698 5256 Quod
730 5187 837 5239 autem
868 5175 950 5238 dicis
974 5195 1026 5236 me
1050 5171 1172 5236 dixisse
1198 5171 1237 5235 de
1262 5172 1490 5236 fornicantium
1515 5173 1720 5238 sacerdotum
1745 5195 1793 5237 se-

100 5308 128 5350 rs
147 5293 236 5346 creta
259 5293 291 5346 et
314 5293 427 5346 mutua
450 5282 664 5365 consessione,
689 5305 754 5369 qua
778 5304 852 5345 suos
876 5281 985 5366 lapsus
1001 5278 1155 5344 videntur
1171 5301 1295 5359 curare,
1321 5281 1405 5343 scias
1429 5279 1505 5344 hinc
1530 5282 1688 5361 evenisse,
1706 5279 1793 5366 quod

146 5388 320 5475 aliquando
345 5412 453 5454 coram
478 5388 592 5466 emulis
624 5389 874 5454 commemoravi
899 5385 1076 5472 capitulum
1099 5385 1305 5467 Hilerdense,
1330 5385 1416 5470 quod
1440 5387 1485 5449 ita
1509 5409 1543 5449 se
1567 5385 1703 5450 hahetss:
1735 5389 1793 5467 Hi,

254 5645 283 5720 1)
308 5645 439 5723 Oripenis
462 5646 586 5704 Hornilia
611 5646 664 5702 IV.
696 5646 725 5702 in
751 5645 911 5714 Leuiticnm,
945 5645 1049 5722 Rufino
1073 5644 1233 5718 interprete,
1264 5641 1394 5720 Oripcnis
1419 5641 1492 5720 opp.
1525 5641 1671 5718 (Basileus
1696 5639 1793 5718 1536)

147 5753 170 5824 1,
188 5775 221 5830 p.
239 5753 309 5810 155.
382 5752 412 5822 2)
439 5752 487 5825 Cf.
507 5753 606 5809 Lilrclli
628 5752 668 5822 ΙΙ,
689 5773 720 5828 p.
741 5751 802 5808 360
820 5773 861 5827 sq.
933 5750 963 5822 3)
990 5749 1020 5808 O.
1040 5750 1067 5818 5,
1097 5749 1194 5806 illansi
1216 5749 1296 5820 VIII,
1322 5752 1372 5807 col.
1391 5749 1452 5807 613
1462 5774 1472 5822 ,·
1496 5751 1650 5808 Hinsclrius
1668 5771 1701 5827 p.
1720 5750 1792 5808 347.

1529 5872 1580 5924 29*
