4418 6412
418 415 484 478 400
711 421 892 478 GERHOHI
915 419 1148 476 PRAEPOSITI
1171 419 1579 477 REICHERSBERGENSIS
1602 421 1774 508 LIBELLI.

417 635 478 697 qno
502 635 571 676 cum
595 623 656 676 toto
674 611 847 696 provincia
870 609 1001 674 ecelesia
1026 607 1336 696 Reielrersberqenseb
1351 605 1603 696 periclitaretur,
1627 633 1692 695 pro
1722 623 1817 674 certo
1833 609 1950 672 babere
1978 606 2079 684 veliet,

416 743 459 782 an
483 741 548 804 pro
578 719 660 781 insta
690 740 787 781 caasa
811 715 971 802 perieulis
998 716 1151 802 qrooibns
1180 740 1212 780 ee
1241 739 1359 801 suaque
1390 731 1563 802 capones-et,
1594 716 1679 801 qnod
1708 715 1915 794 desideraret,
1947 728 1982 776 nt
2004 711 2079 775 Ai-

417 823 540 889 mander
563 823 629 886 III.
655 822 792 912 foedere
816 821 925 886 Siculo
955 823 1074 886 abiecto
1105 825 1137 887 in
1163 824 1303 910 qratiam
1333 824 1536 909 imperatoris
1565 823 1690 887 rediret.
1738 821 1850 908 Neque
1880 824 1914 886 in
1945 819 2080 906 epistola

418 931 500 996 iila1
517 932 745 1017 praetermisit,
769 944 802 994 nt
824 931 935 994 iter-am
961 929 999 994 de
1015 929 1085 1016 fide
1108 943 1137 993 et
1159 929 1300 1016 doymote
1324 929 1498 994 christiano
1522 928 1707 1015 disputaret,
1732 953 1826 1014 qnam
1850 929 2081 1014 expositionem

417 1039 589 1102 omisimus.
2098 1054 2112 1094 s

525 1143 706 1230 Epistolom
735 1142 781 1206 od
808 1143 990 1207 cardinales
1020 1143 1112 1230 r'nsro
1144 1141 1297 1207 edendam
1313 1145 1444 1228 primns
1467 1141 1506 1205 Ε.
1532 1142 1740 1207 Mr'ihlbaelrer
1763 1145 1796 1206 in
1821 1143 1922 1206 iucem
1947 1141 2081 1219 traxit2,

417 1252 639 1316 commentario
662 1249 784 1328 addito,
807 1273 897 1334 qaam
910 1263 1002 1335 qrato
1017 1250 1124 1314 animo
1147 1252 1182 1312 in-
1199 1273 1274 1314 astra
1296 1263 1417 1314 nostros
1440 1252 1484 1314 ita
1510 1252 1668 1330 vertemus,
1694 1263 1899 1335 atperpanoa
1918 1272 1959 1312 ea:
1974 1262 2082 1312 rtooao

418 1357 567 1422 addenda
584 1357 775 1421 haberemus.
811 1353 1007 1421 Contab'mna
1023 1356 1123 1420 deserto
1139 1355 1276 1420 codicem
1293 1355 1604 1421 admuntensem
1628 1381 1676 1420 nr.
1694 1357 1771 1436 434,
1792 1357 1881 1434 mbr,
1898 1379 1981 1420 eaeo.
1997 1351 2082 1432 XII,

419 1467 466 1543 4⁰,
490 1465 547 1528 abi
568 1463 749 1550 opimentum
768 1464 802 1551 s.
821 1459 1043 1526 alm-2762*
1057 1465 1208 1548 scriptam
1234 1477 1285 1528 est.

555 1587 870 1666 Wratisiouiae,
894 1613 923 1650 a.
945 1587 1040 1666 1895,
1064 1611 1165 1650 inerme
1190 1585 1373 1673 Septembri.
1719 1586 1759 1650 E.
1786 1585 1985 1651 SACKUR.
2101 1606 2125 1644 ιο

526 1817 700 1882 Dominis·
721 1814 942 1882 cardinalibus
966 1827 1077 1882 sancte
1094 1815 1239 1881 Roma-ne
1264 1817 1423 1882 aecclesie
1446 1817 1547 1883 frater
1568 1815 1765 1906 G[erh0hus]
1791 1816 1831 1881 de
1855 1815 2082 1902 Richersperg

278 1925 614 2000 r·.so,1e.sacrificium
638 1924 770 2010 spiritus
795 1921 1012 1988 contribulati.

255 2059 331 2101 reor.
340 2059 373 2108 rs,
382 2059 401 2100 1.
527 2031 563 2097 Si
585 2030 705 2117 linguis
728 2029 894 2095 hominum
917 2029 1033 2117 loquar
1055 2041 1087 2094 θῖ
1111 2030 1309 2116 angelorum,
1333 2053 1398 2095 nan
1422 2053 1554 2118 possum
1578 2030 1744 2117 exphcare
1768 2029 1969 2117 adplenum
1993 2031 2079 2116 peri-

419 2138 502 2222 cula,
527 2135 644 2225 quibus
669 2137 818 2222 exposita
842 2145 891 2200 est
913 2136 1073 2202 aecclesia
1097 2139 1238 2202 maxime
1262 2139 1296 2201 in
1319 2161 1420 2224 regno
1437 2137 1627 2202 Teutonico.
1674 2137 1800 2203 Maiora
1823 2147 1897 2202 sunt
1922 2137 2079 2232 periculis

239 2255 402 2322 arcanam.
420 2246 517 2310 trium
539 2267 714 2332 puerorum
745 2242 878 2308 fornace
906 2241 1041 2308 ardente
1070 2245 1322 2330 agonizantium,
1347 2245 1423 2332 quia
1446 2267 1506 2332 per
1528 2244 1680 2331 angelum
1704 2244 1838 2309 Domini
1863 2267 2006 2308 excussa
2031 2254 2123 2309 estre

418 2351 550 2416 flemma
573 2351 725 2416 fornacis.
763 2349 808 2414 Αῖ
831 2347 925 2414 nobis
949 2351 1089 2414 anxiatis
1113 2349 1201 2415 nulla
1217 2352 1307 2416 venit
1331 2350 1508 2416 consolatio
1532 2360 1637 2416 stante
1662 2349 1927 2416 abhominatione
1952 2351 2080 2416 desola-

420 2459 516 2524 tionis
540 2459 574 2522 in
589 2457 661 2522 loco
686 2467 798 2521 saneto
822 2456 857 2519 in
871 2453 952 2520 urbe
969 2455 1081 2539 Roma,
1106 2480 1201 2543 quae,
1226 2469 1383 2544 quantum
1406 2457 1448 2522 ad
1465 2460 1619 2545 populum
1639 2458 1762 2540 attinet,
1787 2468 1836 2523 est
1860 2457 1963 2523 altera
1979 2456 2077 2522 Babi-

419 2565 538 2630 lonia⁸.
576 2562 629 2629 Ibi
645 2565 765 2651 quippe
790 2585 889 2627 aurea
914 2572 1019 2627 statua
1043 2586 1102 2650 per
1125 2563 1210 2628 illias
1234 2564 1344 2651 populi
1369 2565 1455 2629 sitim
1479 2563 1783 2652 inextinguibilemb
1801 2574 1850 2630 est
1874 2575 2079 2652 erectaque

420 2672 528 2736 sititur
550 2693 664 2736 aurum
688 2681 721 2734 et
744 2679 913 2756 argentum
937 2669 1153 2757 undecunque
1179 2669 1395 2758 colligendum
1420 2669 1463 2736 ad
1486 2671 1700 2758 mitigandum
1723 2671 1879 2759 populum
1895 2671 2078 2736 Romanum

420 2777 652 2842 tumultuosum
677 2786 709 2842 et
733 2798 979 2864 supergressum
1007 2777 1040 2840 in
1064 2778 1219 2865 nequitia,
1250 2777 1339 2842 illurn
1362 2778 1528 2865 populum,
1553 2779 1609 2864 qui
1632 2779 1768 2843 extorsit
1790 2801 1810 2842 a
1834 2789 1948 2843 sancto
1972 2780 2077 2865 ponti·
2096 2799 2121 2838 eo

243 2908 401 2962 eremana.
421 2885 481 2948 lice
498 2883 619 2966 Aaron,
643 2892 679 2948 ut
701 2883 825 2948 faceret
848 2882 910 2947 sibi
934 2882 1082 2970 sculptile
1105 2883 1146 2948 de
1171 2906 1249 2949 auro
1273 2883 1458 2967 conflatum,
1480 2883 1566 2972 qued
1582 2885 1703 2950 coleret
1726 2886 1819 2972 quasi
1834 2885 1955 2950 Deum.
1992 2885 2077 2949 Nam

421 2989 466 3055 illi
491 2989 531 3055 de
556 3013 634 3055 auro
659 3013 717 3054 suo
740 2989 888 3054 fecerunt
918 2989 998 3054 illud
1020 2989 1181 3054 conflatile
1206 2989 1322 3055 ablatis
1346 2990 1499 3056 videlicet
1526 2990 1694 3057 inauribus
1717 2991 1856 3056 fihorum
1881 3002 1913 3057 et
1936 2991 2076 3056 filiarum

285 3123 402 3174 nesam.
421 3120 551 3161 suarum
575 3106 672 3183 atque
698 3094 846 3160 conflatis
870 3096 903 3160 in
919 3095 1058 3179 idolum;
1083 3095 1142 3161 sed
1158 3098 1303 3163 avaricia
1325 3098 1469 3178 istorum,
1495 3121 1579 3186 quae
1604 3097 1834 3163 estidolorum
1860 3100 2011 3180 servitus,
2036 3097 2076 3162 de

309 3229 401 3273 anso.
421 3227 499 3268 auro
524 3202 698 3268 ‘conflatur
728 3201 844 3285 alieno,
876 3201 952 3267 dum
975 3203 1141 3267 Romanus
1164 3203 1312 3291 pontifex
1343 3205 1536 3292 conpellitur
1558 3205 1774 3292 undecunque
1799 3204 1964 3291 colligere,
1989 3205 2077 3292 quod

421 3309 586 3397 expendat
615 3310 649 3374 in
672 3310 836 3396 Romanos
865 3309 938 3396 plus
962 3309 1082 3374 Crasso
1113 3321 1250 3397 tyranno
1281 3334 1397 3376 avaros
1407 3317 1429 3395 ⁴,
1458 3313 1513 3399 qui
1544 3335 1669 3392 aurum,
1698 3312 1785 3398 qnod
1814 3312 1934 3398 iugiter
1965 3313 2075 3392 sitivit,
2094 3333 2119 3374 a

421 3418 561 3481 moriens
591 3414 675 3481 bibit
705 3425 737 3480 et
766 3417 813 3480 ita
842 3417 911 3480 sitis
942 3417 1011 3480 eius
1043 3418 1186 3482 extincta
1217 3422 1298 3482 esth
1344 3417 1405 3482 Ast
1435 3417 1481 3482 illi
1511 3417 1583 3504 plus
1614 3418 1668 3483 illo
1699 3419 1789 3484 avari
1818 3429 1922 3484 morte
1947 3420 2075 3483 animae

421 3524 538 3588 mortui
561 3522 667 3587 adhuc
691 3545 806 3587 aurum
830 3523 951 3588 sitiunt.
1879 3503 1883 3512 ’

243 3657 401 3706 amessa.
527 3629 601 3694 Non
631 3639 739 3693 autem
770 3629 873 3716 potuit
900 3627 1012 3694 Aaron
1042 3628 1118 3694 licet
1148 3617 1292 3696 sanetus
1309 3631 1428 3718 populo
1459 3631 1655 3697 tumultuoso
1686 3633 1836 3697 resistere
1867 3643 1923 3696 aut
1954 3631 2074 3696 idolum

421 3760 441 3801 a
471 3760 505 3801 se
537 3736 711 3802 conflatum
747 3736 966 3822 confringere,
1003 3735 1106 3801 donee
1136 3738 1226 3801 venit
1260 3739 1294 3801 in
1327 3737 1521 3802 adiutorium
1557 3738 1602 3804 illi
1637 3739 1739 3803 frater
1772 3761 1849 3803 suus
1880 3738 2014 3825 Moyses
2045 3749 2076 3802 et

421 3845 573 3930 princeps
604 3842 726 3931 populi.
785 3841 840 3907 Sic
870 3843 1035 3907 Romanus
1066 3842 1215 3930 pontifex
1248 3843 1325 3909 licet
1360 3855 1490 3910 sanctus
1525 3868 1591 3911 non
1624 3847 1742 3933 poterit
1777 3845 1903 3910 auferre
1941 3868 2074 3910 consue·
2093 3868 2118 3906 aa

421 3949 568 4015 tudinem
598 3950 764 4015 Romanae
800 3949 964 4013 avariciae
1000 3950 1068 4013 sine
1104 3949 1226 4014 auxilio
1257 3951 1414 4038 principis
1443 3950 1593 4037 legitimi,
1625 3953 1681 4039 qui
1711 3951 1753 4016 ad
1783 3952 1845 4017 hoc
1876 3974 1959 4038 opus
1990 3965 2076 4017 esset

243 4085 401 4135 seuram.
420 4056 607 4122 invitandus
631 4067 663 4120 et
687 4078 707 4119 a
729 4055 836 4120 levitis
860 4055 1075 4138 adiuvandus,
1099 4058 1163 4120 nisi
1186 4056 1247 4121 hoc
1272 4059 1390 4122 scisma
1413 4059 1595 4145 impediret,
1619 4081 1683 4145 quo
1708 4081 1865 4146 sequaces
1885 4058 2020 4123 Dathan
2044 4070 2075 4123 et

421 4162 547 4228 Abiron
577 4186 611 4227 se
643 4161 824 4227 diviserunt
853 4185 873 4227 a
903 4185 1044 4250 sequace
1074 4163 1235 4250 pontificis
1249 4163 1380 4252 Aaron,
1405 4166 1471 4251 qni,
1494 4175 1531 4229 ut
1554 4187 1596 4230 ex
1619 4166 1706 4230 fama
1737 4166 1944 4252 conperimus
1972 4178 2005 4230 et
2033 4189 2075 4230 ex

421 4270 535 4335 litteris
560 4269 671 4335 domni
694 4269 869 4334 cardinalis
892 4269 1052 4334 lacincti⁶
1075 4268 1117 4334 ad
1140 4293 1198 4334 nos
1222 4269 1355 4335 directis
1378 4272 1595 4357 percepimus,
1625 4296 1690 4336 non
1722 4271 1784 4337 sibi
1814 4273 1951 4360 sumpsit
1975 4272 2074 4337 hono-

420 4400 499 4459 rem,
531 4375 590 4441 sed
612 4387 747 4442 vocatus
772 4399 791 4440 a
813 4376 887 4441 Dea
918 4399 978 4464 per
1001 4377 1158 4441 electores
1188 4377 1349 4462 legitimos
1380 4387 1412 4442 et
1443 4388 1650 4443 consecratus
1680 4401 1741 4466 per
1764 4377 1966 4443 ordinatores
1996 4380 2074 4444 item
2093 4401 2117 4441 u

420 4484 582 4570 legitimos
612 4484 684 4548 iure
714 4475 850 4570 optinet
869 4481 975 4546 locum
998 4483 1097 4564 Petri,
1123 4495 1277 4570 quantum
1308 4484 1422 4549 attinet
1453 4484 1495 4549 ad
1519 4485 1706 4550 cathedram
1737 4485 1933 4573 pontificalis
1963 4485 2073 4566 officii,

315 4619 400 4660 naar.
421 4591 548 4654 etiamsi
577 4589 660 4654 forte
690 4612 755 4654 non
786 4591 827 4653 sit
857 4589 1003 4677 aequalis
1033 4591 1139 4654 meriti
1170 4612 1227 4653 seu
1254 4589 1340 4654 fidei.
1389 4591 1492 4655 'Nam
1520 4591 1596 4657 licet
1619 4591 1736 4657 Petrus
1760 4615 1779 4656 a
1803 4591 1932 4657 Christo
1960 4591 2075 4656 fuisset

242 4725 400 4775 narnrssr.
420 4695 614 4782 redargutus
637 4695 786 4760 modicae
809 4695 897 4779 fidei,
913 4705 1031 4778 tamen
1054 4696 1296 4782 comparatione
1320 4698 1480 4762 minorum
1503 4698 1565 4763 fuit
1586 4701 1620 4762 in
1644 4698 1708 4763 fide
1732 4721 1880 4786 magnus,
1902 4699 1981 4786 quia
2004 4721 2073 4763 ora-

260 4813 488 4882 massuetum
511 4813 561 4868 θεῖ
584 4802 731 4890 pro'illo,
756 4825 796 4866 ne
820 4802 974 4866 deficeret
997 4801 1078 4866 fides
1102 4804 1182 4867 eius.
1224 4803 1310 4868 Hinc
1335 4815 1384 4868 est
1406 4803 1460 4868 illa
1484 4804 1565 4869 fides
1589 4807 1622 4869 in
1647 4804 1889 4870 successoribus
1913 4807 1994 4888 eius,
2020 4808 2074 4893 qui

420 4909 571 4974 obviatur
594 4907 744 4974 omnibus
768 4906 936 4974 heresibus
966 4910 1000 4972 in
1023 4918 1090 4974 toto
1120 4909 1251 4992 mundo,
1283 4911 1366 4975 sicut
1396 4934 1500 4998 nuper
1524 4923 1572 4976 est
1595 4910 1763 4977 obviatum
1793 4913 1826 4976 in
1850 4912 1994 4976 Francia
2017 4933 2116 4999 perro

527 5089 554 5154 a)
576 5093 682 5144 initialis
700 5093 784 5144 littera
800 5092 867 5143 deest
884 5109 904 5144 e.
978 5089 1006 5153 b)
1028 5091 1263 5158 inertiaquibilenr
1280 5110 1301 5144 o.

532 5236 560 5312 1)
591 5239 654 5295 Hoc
682 5240 842 5314 opuscalam
874 5247 1070 5296 commemorat
1099 5238 1180 5296 etiam
1213 5237 1318 5296 Otr-oa.
1352 5239 1455 5316 Maqni
1484 5239 1695 5318 Reielrereberq.
1729 5241 1783 5298 SS.
1816 5240 1916 5310 XVII,
1942 5260 1976 5316 p.
1999 5240 2072 5296 495.

422 5345 452 5415 2)
479 5343 623 5404 Gerhocbi
643 5343 921 5422 Reiehcrsbcrqmsis
943 5346 985 5402 ad
1006 5345 1168 5402 cardinales
1192 5347 1226 5402 de
1247 5344 1394 5402 sebianate
1417 5345 1533 5421 epistola
1556 5348 1575 5402 l.
1592 5349 1610 5403 l.
1630 5367 1663 5422 p.
1683 5347 1873 5404 357-382.
1968 5345 2000 5420 3)
2025 5347 2072 5418 Cf.

421 5451 468 5510 De
482 5449 693 5528 investigatione
707 5450 874 5508 Antichristi
888 5451 912 5522 l,
929 5471 952 5507 o.
971 5451 1000 5521 3,
1020 5471 1053 5526 p.
1072 5451 1145 5508 312.
1215 5451 1246 5521 4)
1265 5450 1313 5523 Of.
1330 5451 1396 5508 ibid.
1413 5472 1436 5509 c.
1451 5453 1502 5522 49,
1522 5473 1612 5528 supra
1622 5473 1656 5529 p.
1671 5453 1733 5510 356
1751 5475 1793 5530 sq.
1863 5453 1893 5524 5)
1913 5453 1949 5509 L.
1962 5453 2075 5511 Annaei

422 5557 506 5616 Fieri
529 5557 607 5632 Epit.
631 5577 727 5615 rerum
748 5557 829 5615 Ronr.
852 5556 909 5627 111,
934 5577 958 5614 c.
979 5558 1034 5626 11;
1058 5558 1132 5615 Hist.
1157 5557 1232 5615 erac.
1256 5560 1274 5614 l.
1290 5557 1339 5628 VI,
1364 5579 1386 5615 c.
1406 5559 1456 5628 31,
1482 5561 1525 5616 ed.
1550 5559 1751 5634 Eyssenhardt
1766 5581 1799 5636 p.
1817 5559 1888 5618 152.
1961 5561 1997 5630 ,6)
2022 5561 2072 5617 Tit.
2091 5574 2117 5613 a

422 5664 454 5721 S.
480 5663 597 5720 Mariae
630 5663 659 5720 in
689 5662 852 5734 Goarnedin,·
887 5663 1017 5740 epistola,
1053 5684 1136 5740 qnam
1169 5664 1236 5721 dicit
1266 5663 1395 5735 Gerbolr,
1432 5685 1459 5723 v.
1490 5667 1570 5742 apud
1600 5666 1711 5744 dstqne,
1744 5667 1853 5724 Patrai.
1884 5669 1933 5725 lat.
1962 5677 1980 5724 t.
2001 5668 2072 5738 193,

422 5771 473 5828 col.
498 5769 570 5826 586.
