4544 6420
707 379 945 438 OPUSCULUM
967 381 1021 435 DE
1043 380 1217 436 EDIFICIO
1241 379 1319 435 DEI.
1776 372 1835 435 151

185 593 288 657 super
311 571 364 634 sui
387 570 545 635 electione
568 591 737 633 assensum
760 565 949 654 praeberet,
981 590 1056 648 non,
1085 566 1173 653 quod
1195 568 1372 653 imperator
1395 564 1530 631 haberet
1552 576 1746 654 potestatem
1770 589 1839 632 cas-

185 677 284 742 sandi
300 677 503 758 electionem,
528 675 587 740 sed
611 675 688 762 quia
705 673 884 761 Gregorius
907 673 1127 739 meditabatur
1149 674 1272 760 fugam,
1297 683 1329 736 et
1352 674 1403 736 sui
1426 671 1689 738 subtractionem.
1724 673 1839 760 Itaque

187 783 251 848 sub
282 784 477 871 imperatore
508 792 575 847 tam
606 782 733 846 Orienti
765 804 863 867 quam
895 781 1068 846 Occidenti
1102 779 1288 867 presidente
1301 785 1320 861 ¹,
1356 779 1468 865 fugam
1499 792 1532 844 et
1559 778 1718 844 latebram
1749 803 1840 846 suam

186 889 303 955 volens
327 891 436 955 facere
461 891 620 971 tutiorem,
645 889 802 974 cogitavit
825 886 940 952 litteris
964 889 1030 952 suis
1055 885 1097 952 ad
1120 886 1183 952 hoo
1206 885 1362 952 inducere
1389 897 1487 973 atque
1511 897 1643 973 captare
1667 888 1839 974 imperato-

150 1021 167 1060 ο
188 1019 271 1080 rem,
295 1021 336 1062 ne
359 1019 394 1061 se
419 995 461 1060 ab
486 996 643 1061 electione
668 993 888 1059 subtrahendo
912 993 1002 1060 illurn
1026 994 1215 1076 offenderet,
1240 992 1280 1057 de
1305 994 1397 1058 cuius
1421 993 1578 1059 latissimo
1601 1003 1679 1059 tunc
1702 995 1839 1082 imperio

189 1107 322 1190 penitus
353 1104 443 1168 exire
473 1126 539 1167 non
565 1112 684 1189 posset.
731 1101 803 1166 Hoo
827 1102 879 1166 vir
901 1101 966 1165 Dei
990 1102 1136 1186 cogitans
1161 1101 1238 1165 utile
1263 1123 1297 1165 se
1321 1102 1450 1187 putavit
1471 1102 1636 1166 invenisse
1660 1102 1840 1167 consilium.

191 1211 260 1276 Sed
290 1237 350 1276 noa
374 1212 604 1276 carceralium
636 1224 744 1274 contra
768 1209 948 1274 Dominum.
996 1207 1080 1272 Nam
1104 1230 1209 1293 neque
1232 1206 1345 1272 literae
1370 1209 1451 1272 istae
1475 1219 1696 1294 pervenerunt
1718 1208 1761 1273 ad
1783 1210 1841 1272 im·
1860 1234 1927 1279 rm.
1935 1234 1969 1284 rr,
1977 1234 2012 1274 ao.

190 1328 392 1404 peratorem;
423 1339 485 1382 nec
509 1318 537 1381 si
559 1317 795 1402 pervenissent,
827 1313 986 1402 impedire
1016 1315 1197 1400 potuissent
1224 1313 1426 1379 electionem.
1473 1314 1588 1379 Nullus
1613 1317 1734 1403 quippe
1758 1317 1842 1380 inter

191 1446 304 1488 omnes
328 1426 479 1510 antiquos
503 1434 535 1488 et
558 1421 734 1488 catholicos
759 1421 829 1487 illos
853 1423 1067 1508 imperatores
1090 1422 1255 1486 invenitur
1277 1423 1335 1507 qui·
1349 1421 1542 1487 electionem
1565 1421 1643 1487 cleri
1668 1445 1706 1487 ac
1729 1422 1842 1510 populi

144 1557 172 1596 ro
191 1553 323 1595 cassare
347 1541 403 1595 aut
426 1541 614 1612 retractare,
639 1531 708 1594 sive
727 1529 870 1615 aliquam
894 1529 928 1592 in
944 1551 984 1592 ea
999 1527 1063 1591 sibi
1078 1539 1271 1615 potestatem
1288 1527 1465 1592 vendicare
1481 1531 1705 1614 temptaverit3
1730 1552 1841 1616 quam-

191 1639 242 1700 vis
272 1649 349 1702 tunc
381 1639 535 1724 temporis
567 1659 606 1702 ea
637 1635 836 1701 consuetudo
868 1635 1054 1721 sollempnis
1084 1635 1191 1716 fuerit,
1223 1648 1259 1699 ut
1288 1634 1392 1700 electo
1415 1635 1537 1699 Romae
1569 1634 1658 1700 urbis
1688 1637 1841 1724 pontifice

191 1744 349 1831 scriptum
379 1767 478 1831 snper
507 1744 568 1809 hoc
598 1741 641 1806 ad
671 1745 901 1829 imperatorem
933 1743 1124 1824 mitteretur,
1156 1743 1307 1828 quatinus
1343 1765 1478 1806 assensu
1508 1742 1593 1808 illius
1623 1742 1665 1807 ad
1695 1743 1841 1808 favorem

191 1850 304 1938 populi
328 1851 505 1916 accedente
529 1852 601 1936 ipsa
625 1849 741 1915 electio
765 1849 887 1914 firmior
910 1847 1095 1912 haberetur.
1142 1848 1239 1930 Quod
1266 1861 1374 1912 tamen
1397 1870 1462 1913 non
1487 1871 1616 1936 semper
1639 1849 1840 1934 servabatur,

192 1958 251 2022 sed
274 1969 351 2023 tunc
375 1957 586 2039 solummodo,
611 1956 741 2043 quando
765 1956 886 2021 utilitas
911 1956 971 2020 hoc
996 1977 1173 2042 exposcere
1197 1954 1379 2037 videbatur,
1404 1958 1488 2020 sicut
1510 1957 1544 2020 in
1567 1955 1726 2022 electione
1749 1959 1842 2022 istius

147 2090 173 2130 rs
191 2064 281 2129 beati
305 2066 368 2128 viri
391 2074 515 2129 tantum
539 2065 718 2146 renitentis,
750 2075 794 2146 ut,
825 2063 909 2127 sicut
932 2086 1031 2149 supra
1055 2062 1096 2127 de
1119 2062 1216 2128 beato
1239 2061 1414 2128 Ambrosio
1439 2062 1591 2144 diximus,
1622 2066 1841 2129 necessarium

193 2170 360 2235 rideretur
383 2170 540 2235 auxilium
565 2181 597 2235 et
620 2193 772 2234 assensus
802 2171 1018 2256 imperatoris.
1065 2169 1187 2234 Beatus
1211 2192 1288 2232 vero
1313 2169 1467 2255 Pelagius
1498 2169 1711 2256 predecessor
1740 2172 1842 2258 ipsius

193 2279 361 2364 proximus
384 2277 566 2342 inconsulto
590 2278 786 2363 imperatore
810 2287 883 2362 post
905 2275 1025 2340 factam
1049 2275 1239 2341 electionem
1264 2277 1440 2361 evestigio
1464 2275 1526 2340 fuit
1544 2277 1711 2342 ordinatus
1722 2284 1742 2360 ²,
1767 2280 1844 2366 quia

192 2395 270 2448 tune
293 2406 360 2448 non
383 2394 453 2448 erat
475 2383 596 2448 utilitas
612 2383 665 2448 vel
680 2384 859 2448 necessitas
883 2381 957 2464 ulla,
981 2394 1016 2446 ut
1039 2383 1155 2448 electio
1179 2383 1264 2450 illius
1287 2384 1506 2448 innotesceret
1530 2385 1745 2470 ‘imperatori
1770 2407 1843 2450 cum
1861 2410 1938 2451 nau.

193 2490 316 2555 nullam
339 2491 373 2554 in
397 2490 555 2555 electione
579 2513 618 2554 ac
642 2491 844 2576 promotione
875 2489 1065 2576 pontificum
1088 2499 1282 2577 potestatem
1306 2489 1425 2554 habeat
1448 2489 1558 2576 aliqua
1581 2489 1665 2555 laica
1689 2503 1842 2577 potestas,

147 2601 279 2664 sesicut
302 2621 395 2662 sacra
419 2619 579 2662 canonum
603 2608 741 2662 testatur
763 2598 949 2662 auctoritas.
997 2596 1090 2677 Quae
1115 2619 1180 2661 non
1204 2596 1307 2660 solum
1332 2597 1513 2682 episcopos,
1545 2595 1603 2661 sed
1634 2599 1732 2662 etiam
1755 2622 1843 2686 pres·

194 2704 327 2792 byteros
351 2728 410 2791 per
433 2703 549 2768 laicam
573 2713 766 2790 potestatem
794 2702 970 2768 aecclesias
995 2703 1177 2768 obtinentes
1201 2725 1304 2789 usque
1328 2703 1410 2768 adeo
1435 2705 1620 2768 consecrari
1645 2715 1677 2769 et
1700 2705 1845 2777 ordinari

195 2811 375 2898 prohibeat,
406 2823 441 2876 nt
472 2809 674 2875 ordinatores
705 2810 817 2875 talium
847 2834 912 2875 non
943 2810 1046 2875 solum
1077 2809 1184 2874 officio
1208 2808 1384 2896 privandos
1415 2810 1546 2892 iudicet,
1580 2811 1638 2876 sed
1662 2813 1760 2877 etiam
1784 2812 1844 2878 sub

194 2919 401 2983 anathemate
425 2919 548 3004 positos
571 2916 703 2981 indicet.
750 2917 838 2982 Hinc
862 2929 920 3000 est,
946 2917 1033 3003 quod
1052 2928 1169 2981 octava
1192 2917 1335 3003 synodus
1353 2917 1545 2982 electionem
1560 2917 1670 2983 laicali
1683 2930 1844 3005 potestate

195 3025 266 3090 fieri
287 3023 356 3089 'sub
388 3024 592 3089 anathemate
624 3023 805 3089 interdicit:
837 3047 899 3110 que
923 3033 1062 3102 synodus³
1080 3046 1191 3104 petente
1211 3043 1238 3088 et
1256 3045 1382 3104 presente
1404 3037 1507 3089 Basilio
1527 3055 1625 3105 magno
1649 3027 1948 3113 imperatoremm.

149 3131 307 3198 cohabita
329 3132 399 3196 fuit.
447 3131 561 3218 Neque
586 3143 695 3196 tamen
719 3131 771 3195 vel
794 3132 865 3218 ipse
888 3131 1029 3195 Basilius
1052 3131 1106 3195 vel
1130 3132 1229 3195 ceteri
1254 3131 1405 3195 catholici
1428 3132 1640 3217 imperatores
1669 3148 1759 3212 questi
1782 3155 1845 3198 sunt

195 3245 247 3296 hoc
268 3245 301 3294 ad
321 3247 364 3295 sui
383 3251 570 3310 contemptum
588 3244 655 3302 fieri,
676 3250 706 3293 ut
723 3243 808 3293 nichil
828 3244 862 3293 de
882 3243 1041 3309 pontificum
1061 3242 1196 3294 electione
1216 3259 1310 3292 eorum
1330 3243 1477 3294 referret-ur
1489 3246 1633 3309 potestati:
1653 3247 1735 3296 immo
1754 3247 1844 3312 potius

196 3333 325 3399 leguntur
350 3341 507 3386 sanctorum
532 3339 640 3400 patrum
659 3334 847 3384 institutiones
866 3331 1013 3398 amplexati
1031 3333 1125 3392 luisse,
1145 3347 1247 3396 easque
1267 3332 1376 3397 quidam
1397 3348 1491 3382 eorum
1510 3341 1572 3399 post
1591 3336 1711 3398 quinque
1730 3336 1844 3400 patriar-

195 3433 307 3482 charum
331 3433 547 3498 subscriptiones
569 3433 627 3482 suis
652 3447 761 3496 quoque
780 3431 1027 3496 subscripti0nibus
1047 3432 1200 3480 roborasse.
1239 3415 1315 3478 Fuit
1339 3416 1424 3479 enim
1448 3427 1593 3502 tempore
1618 3417 1672 3482 illo
1695 3418 1788 3484 laicis
1811 3421 1844 3483 in

196 3525 336 3589 ecclesia
358 3547 423 3589 non
448 3524 559 3610 aliqua
582 3523 745 3588 statuendi
768 3535 920 3610 potestas,
952 3546 1016 3588 non
1040 3521 1222 3609 imperandi
1246 3523 1432 3604 auctoritas,
1463 3523 1522 3587 sed
1545 3522 1766 3610 subsequendi
1789 3547 1843 3590 ne-

150 3658 177 3696 ro
196 3633 331 3695 cessitas
356 3642 387 3696 et
411 3629 587 3696 obediendi
610 3631 784 3695 humilitas.

303 3759 356 3820 20.
392 3755 507 3821 Nonne
531 3757 601 3820 istis
626 3755 775 3820 omnibus
799 3754 1012 3820 consideratis
1036 3752 1274 3840 quodammodo
1294 3755 1457 3818 intuemur
1473 3753 1759 3820 clementissimum
1775 3756 1843 3821 vul-

196 3875 265 3927 tum
287 3885 401 3948 regum
425 3875 691 3949 caeterorumque
712 3863 896 3950 principum
920 3885 999 3947 erga
1022 3863 1165 3948 speciem
1181 3858 1292 3944 Iacob,
1317 3883 1414 3946 quam
1430 3860 1523 3924 Deus
1547 3861 1671 3944 dilexit,
1697 3873 1843 3928 sanctum
1863 3887 1970 3937 remu.

197 3968 350 4034 videlicet
373 3969 613 4034 sacerdotium·
637 3970 800 4056 quondam
823 3969 977 4033 fulsisse?
1025 3967 1092 4034 Sed
1122 3967 1218 4032 modo
1249 3968 1393 4053 peccatis
1422 3967 1628 4054 exigentibus
1652 3992 1717 4033 non
1740 3970 1843 4036 solum

197 4076 304 4140 vultus
328 4075 519 4141 clementiae
542 4077 576 4139 in
592 4074 724 4161 regibus
748 4087 797 4140 est
820 4086 972 4156 mutatus,
996 4075 1054 4139 sed
1078 4075 1175 4138 etiam
1199 4097 1291 4138 rarus
1316 4073 1453 4160 quilibet
1474 4075 1638 4139 invenitur
1661 4078 1843 4164 episcopus,

152 4209 178 4248 ιο
197 4183 230 4246 in
254 4206 317 4269 quo
341 4184 467 4269 species
491 4180 602 4265 Iacob,
634 4205 731 4269 quam
754 4182 846 4252 Deus
878 4181 993 4267 diligit,
1024 4183 1071 4245 sic
1102 4191 1269 4267 appareat,
1301 4190 1336 4244 ut
1359 4181 1491 4267 antiquo
1516 4181 1562 4245 illi
1585 4181 1684 4247 Iacob
1709 4184 1842 4271 speciali

197 4289 404 4354 similitudine
435 4291 696 4376 appropinquare
727 4288 871 4353 studeat:
903 4288 1057 4352 videlicet
1086 4289 1120 4351 in
1150 4287 1265 4352 baculo
1297 4289 1402 4352 crucis
1433 4311 1491 4352 seu
1514 4288 1647 4374 regulae
1673 4291 1844 4377 pastoralis
1862 4315 2021 4363 οιοοοοιιο.

196 4396 379 4479 iordanem,
403 4396 464 4460 hoc
489 4407 539 4460 est
560 4395 716 4460 mundum
738 4394 902 4477 fluentem,
926 4395 1135 4476 transcende,
1166 4417 1345 4482 pauperum
1369 4417 1487 4480 greges
1510 4397 1618 4482 potius
1642 4419 1739 4483 quam
1762 4398 1844 4462 mili·

197 4514 264 4567 tum
288 4501 436 4567 cohortes
461 4500 634 4589 pascendo,
659 4502 834 4566 Rachelem
859 4503 962 4588 magis
993 4525 1090 4588 quam
1114 4501 1206 4565 Liam
1239 4500 1415 4586 diligendo,
1447 4501 1505 4565 sed
1535 4512 1644 4568 tamen
1673 4514 1843 4592 utramque
1863 4530 1978 4582 maara

197 4609 433 4695 amplectendo,
458 4609 499 4673 de
516 4608 612 4674 domo
628 4608 753 4690 Laban,
777 4609 840 4673 hoc
863 4620 912 4673 est
934 4608 1047 4673 mundi
1070 4609 1264 4694 principum,
1289 4631 1362 4672 cunr
1385 4609 1452 4671 suis
1476 4607 1625 4674 omnibus
1648 4610 1843 4694 recedendo,
1862 4636 1972 4677 erran.

152 4867 180 4904 40
302 4835 345 4889 Ex
369 4834 486 4889 concilio
510 4833 669 4888 Antioceno
700 4851 762 4904 cap.
781 4825 928 4886 cxxffl:
962 4831 994 4887 Si
1016 4829 1077 4906 quia
1094 4829 1244 4906 presbyter
1272 4831 1316 4886 vel
1345 4829 1480 4887 ἀὶαοοιιιιο
1509 4861 1554 4870 -
1576 4861 1620 4870 -
1650 4840 1677 4888 et
1700 4831 1749 4888 rab
1771 4852 1844 4889 ana·
1862 4851 1926 4891 uae.

198 4940 315 4997 ίΙιειιιαιε
336 4940 401 5010 sint,
428 4939 500 4997 sicut
521 4939 626 5013 Syrnos
651 4939 757 5015 Mapas
779 4957 798 4994 a
822 4938 916 4994 Petro.
964 4938 1005 4992 Ex
1029 4938 1136 5008 synodo
1160 4936 1306 4992 Simmachi
1330 4955 1423 5009 papae
1447 4956 1510 4992 cum
1534 4936 1611 4992 CCX
1636 4945 1666 4994 et
1689 4939 1758 4995 VIII
1782 4941 1842 5012 epi-

197 5043 323 5119 scopia⁶:
349 5045 415 5104 Non
433 5045 546 5121 placuit
566 5046 652 5102 laicos
675 5076 719 5084 -
735 5075 778 5084 —
802 5043 846 5100 cai
867 5041 1051 5119 subsequendi
1072 5051 1167 5099 maaet
1189 5043 1347 5112 necesitas,
1372 5063 1429 5100 non
1453 5043 1606 5101 oucwritus
1629 5044 1798 5120 imperandi.

304 5235 331 5300 a)
352 5239 527 5290 sacerdotum
545 5255 566 5288 c.

307 5419 336 5490 1)
362 5419 411 5492 Cf.
435 5419 593 5477 Deasdadit
619 5420 638 5475 l.
663 5421 698 5476 t:
728 5419 917 5491 Imperatores
946 5435 1002 5472 non
1025 5418 1113 5473 solum
1139 5416 1260 5484 Orienti,
1291 5419 1342 5473 red
1371 5419 1457 5473 etiam
1481 5417 1632 5474 Occidenti
1661 5419 1843 5492 imperantes.

153 5542 179 5582 ιο
199 5527 230 5598 2)
255 5527 323 5585 Scit.
347 5527 482 5604 Pelopirw
497 5526 537 5584 II.
575 5525 623 5599 Cs.
643 5525 728 5583 Liber
737 5525 846 5601 pontis.
873 5525 916 5580 ad.
932 5523 1083 5580 Daciam
1106 5523 1130 5592 I,
1150 5543 1183 5598 p.
1202 5521 1275 5579 309.
1346 5523 1376 5592 3)
1403 5521 1452 5595 Os.
1469 5522 1626 5581 Deusdedit
1648 5525 1672 5595 J,
1696 5521 1716 5599 ξ
1736 5525 1765 5596 9,
1791 5528 1808 5583 l.
1826 5529 1843 5582 l.

193 5634 305 5710 paor
324 5655 366 5711 sq.
447 5634 478 5704 4)
505 5632 613 5691 Canon.
639 5642 729 5708 apost.
755 5651 777 5688 c.
797 5630 847 5700 30,
872 5631 1026 5687 fflnsclrius
1043 5650 1076 5706 p.
1095 5629 1146 5720 29.
1182 5630 1239 5686 Hic
1262 5638 1289 5687 et
1309 5649 1427 5705 aequem
1450 5632 1525 5687 aaa
1548 5651 1583 5687 erc
1606 5631 1714 5688 Dcusd.
1741 5632 1844 5702 Lei,

198 5738 263 5815 ξῖ,
289 5741 352 5799 [λὺ.
377 5740 417 5811 II,
436 5761 470 5817 p.
489 5739 562 5796 306.
632 5739 662 5810 5)
688 5739 794 5814 Synod.
821 5738 901 5795 Rern.
927 5758 955 5794 a.
974 5736 1047 5807 502,
1073 5757 1095 5793 c.
1114 5737 1143 5806 3,
1170 5737 1270 5794 Mami
1289 5735 1369 5806 VIII,
1394 5738 1444 5794 col.
1463 5736 1544 5806 2675
1575 5737 1654 5794 Tkiel
1675 5738 1699 5808 1,
1718 5759 1752 5815 p.
1771 5739 1844 5795 688.
