4478 6396
371 414 372 418 Ἰ
435 336 500 399 220
728 337 908 395 GERHOHl
931 335 1164 392 PRAEPOSITI
1187 333 1594 390 REICHERSBERGENSIS
1618 333 1782 388 LIBELLI.

543 529 576 595 S.
613 527 658 611 Si,
683 538 718 591 ut
740 538 776 591 ιιι
800 526 929 606 asseris,
958 523 1140 588 Nicolaitae
1164 535 1197 586 et
1220 522 1414 608 symoniaci,
1444 544 1580 607 quorum
1610 541 1676 584 non
1707 531 1756 583 est
1785 542 1949 600 numerus,
1979 519 2093 582 cuncti

338 661 415 702 tras.
436 647 510 702 sunt
534 637 656 716 cretici,
680 657 739 700 eur
763 656 829 697 non
853 631 894 696 ab
919 631 1060 716 antiquis
1085 629 1250 692 Romanae
1283 627 1368 692 sedis
1394 626 1616 714 'pontificibus
1645 638 1720 690 sunt
1747 627 1878 691 omuino
1903 637 1935 690 et
1958 648 2097 712 prorsus

436 743 720 824 excommunicati,
745 753 780 804 ut
803 739 936 803 Arriani
961 751 993 801 et
1016 735 1221 801 Sabelliani?

543 851 580 913 R..
617 849 693 914 Sola
723 846 895 912 multitudo
926 844 1037 908 talium
1066 841 1204 928 cogebat
1235 843 1403 928 expectari
1426 841 1611 905 universale
1643 840 1721 904 illud
1744 840 1973 905 ventilabrum.
2025 839 2096 905 Sed

437 981 510 1023 eum
534 957 596 1043 ipsi
620 967 752 1042 propter
768 951 981 1018 multitudinis
1000 949 1180 1014 cavendam
1197 951 1324 1012 ruinam
1348 951 1411 1012 sint
1435 948 1572 1012 iamdiu
1595 947 1732 1030 tolerati,
1757 970 1818 1012 nec
1842 948 1875 1010 in
1893 947 2093 1012 salutatione
2119 969 2133 1006 a

437 1063 490 1128 vel
514 1064 666 1128 convictu
697 1061 870 1142 interdicti,
903 1059 1162 1145 symoniacorum
1193 1067 1302 1119 tamen
1332 1067 1537 1120 sacramenta
1567 1055 1665 1119 etiarn
1696 1053 1737 1118 ab
1768 1056 1909 1141 antiquis
1939 1053 2093 1142 patribus

438 1171 589 1256 leguntur
611 1167 785 1233 exsufflata
797 1171 816 1230 ¹.
863 1165 1012 1230 Iacentes
1036 1187 1115 1227 vero
1143 1164 1176 1225 in
1200 1163 1412 1226 fornicatione
1437 1173 1535 1248 atque
1559 1163 1693 1247 insuper
1716 1175 1939 1247 presumentes
1963 1161 2094 1225 aeccle-

439 1278 571 1342 siastica
594 1275 702 1339 officia
726 1285 758 1338 et
779 1271 951 1352 beneficia,
976 1271 1034 1335 hos
1058 1269 1139 1334 tales
1164 1281 1275 1333 contra
1299 1267 1507 1332 interdictum
1531 1267 1665 1332 edentes
1689 1279 1722 1331 et
1745 1269 1941 1332 fornicantes
1966 1270 2095 1355 primus

439 1385 659 1449 Romanorum
689 1380 876 1467 pontificum
907 1377 1061 1441 Nicolaus
1092 1400 1178 1463 papa
1207 1377 1371 1440 invenitur
1393 1375 1573 1439 Nicolaitae
1603 1375 1798 1438 nominasse.
1845 1375 1976 1439 Extunc
2001 1375 2097 1438 velut

441 1493 634 1556 ereticorum
658 1499 839 1552 ceterorum
871 1484 979 1549 officia
1008 1484 1121 1548 talium
1151 1482 1359 1570 publicantur
1382 1481 1525 1562 vitanda,
1557 1483 1639 1545 sicut
1669 1480 1830 1545 idolatria.
1878 1482 1961 1546 Sunt
1991 1483 2097 1568 igitur
2124 1505 2149 1542 ιο

441 1599 520 1685 ipsis
543 1596 686 1661 nondum
711 1593 1010 1672 excommunicatis,
1035 1590 1144 1670 idest,
1170 1591 1202 1653 in
1227 1591 1378 1654 convictu
1403 1601 1435 1652 et
1459 1588 1650 1652 salutatione
1675 1612 1739 1653 non
1763 1587 1953 1672 interdictis,
1979 1612 2097 1653 eorum

441 1717 551 1769 tamen
575 1703 683 1767 officia
706 1702 835 1788 penitus
861 1699 1144 1762 excommunicata
1167 1697 1360 1784 penitusque
1384 1695 1568 1772 interdicta,
1599 1718 1663 1759 non
1688 1695 1827 1781 simplici
1851 1695 2097 1778 interdictione,

442 1811 501 1875 sed
523 1809 712 1874 Alexandro
736 1830 824 1894 papa
847 1815 986 1869 testante
1015 1803 1075 1868 sub
1099 1804 1446 1868 excommunicatione.
1494 1802 1598 1887 Igitur
1620 1801 1794 1866 interdicta
1818 1813 1850 1866 et
1874 1805 2100 1867 excommuni-

443 1929 517 1983 cata
540 1917 799 2003 symoniacorum
821 1924 853 1976 et
875 1911 1110 1976 Nicolaitarum
1134 1911 1242 1974 officia
1266 1920 1298 1973 et
1322 1921 1535 1990 sacramenta,
1560 1908 1616 1972 ubi
1639 1909 1721 1972 tales
1745 1909 1915 1974 manifeste
1939 1911 2099 1992 sciuntur,

442 2049 508 2092 non
535 2023 634 2088 dubie
666 2022 880 2101 coniciuntur,
912 2030 986 2083 sunt
1010 2017 1154 2098 vitanda,
1179 2027 1214 2080 ut
1237 2015 1365 2080 Nicolai
1392 2039 1498 2102 papae
1524 2026 1556 2080 et
1580 2015 1733 2101 Gregorii
1758 2016 1831 2079 VII.
1864 2015 1983 2081 docent
2013 2016 2100 2081 bene
2125 2037 2150 2076 rs

444 2145 574 2197 austera
598 2130 739 2210 decreta,
763 2150 803 2191 ne
828 2149 886 2190 nos
910 2126 1034 2212 pariter
1051 2124 1198 2189 involvat
1215 2124 1519 2202 excommunicatis,
1537 2145 1621 2208 quae
1638 2121 1809 2187 interdicto
1827 2135 1858 2186 et
1875 2128 2099 2188 excommuni-

445 2251 517 2304 cato
541 2240 626 2301 inest
650 2236 768 2316 officio,
799 2235 951 2297 nimirum
974 2245 1010 2296 ut
1032 2230 1222 2295 Alexander
1253 2252 1338 2316 papa
1368 2240 1515 2311 testatur,
1546 2228 1606 2292 sub
1637 2231 1974 2295 excommunicatione
1998 2232 2099 2294 inter-

437 2347 543 2427 dicto,
561 2357 596 2408 ut
612 2343 706 2407 Vll¹¹⁸
726 2340 904 2426 Gregorius
922 2349 1067 2420 testatur,
1092 2349 1228 2424 peccato
1245 2335 1403 2400 ariolandi
1420 2346 1517 2421 atque
1533 2335 1702 2400 idolatriae
1719 2337 1939 2422 comparando
1951 2344 1972 2401 ².
2009 2338 2098 2401 Vere

447 2453 518 2516 *hic
543 2450 705 2535 legitimus
724 2447 872 2534 pontifex
889 2447 929 2510 tle
947 2445 1069 2532 Spiritu
1092 2444 1147 2508 illo
1172 2443 1315 2507 creditur
1338 2465 1505 2523 accensus,
1530 2443 1563 2506 in
1587 2465 1651 2528 quo
1675 2442 1810 2528 loquens
1827 2443 1959 2529 Moyses
1984 2455 2099 2508 contra

446 2559 580 2624 Dathan
603 2567 636 2620 et
650 2554 776 2619 Abiron
793 2553 876 2617 dixit
899 2553 972 2616 filiis
989 2551 1106 2616 lsrael:
1131 2551 1279 2616 Ilecedr'tc
1302 2575 1322 2614 o
1345 2551 1556 2614 tabernuculis
1579 2551 1738 2613 bantinum
1756 2553 1936 2636 impiorum,
1961 2567 1990 2616 et
2004 2555 2099 2616 nolite
2119 2573 2145 2610 ιο

447 2683 571 2754 tarrpere
595 2689 674 2750 quac
698 2663 743 2726 ud
758 2687 808 2726 eos
817 2665 986 2747 pertinent,
1012 2685 1047 2724 nc
1074 2661 1284 2724 irreofcumfnc'
1306 2659 1490 2744 inpeccatis
1507 2683 1620 2721 eorrau.
1659 2655 1774 2721 Nonne
1791 2657 1824 2719 in
1841 2657 1957 2721 eodem
1974 2657 2097 2744 Spiritu

447 2773 582 2859 loquens
607 2772 666 2834 iste
684 2768 779 2832 Vll¹¹³
798 2766 976 2851 Gregorius
994 2766 1085 2846 dixit,
1110 2777 1146 2828 ut
1169 2787 1267 2850 supra
1283 2763 1492 2844 ostendimus
1518 2785 1572 2826 eos
1591 2764 1757 2826 incurrere
1774 2774 1945 2849 peecatum
1963 2767 2099 2851 pagani-

447 2881 533 2960 tatis,
558 2878 614 2964 qui
638 2877 779 2940 scienter
802 2882 1035 2958 contempnunt
1058 2870 1191 2935 obedire
1216 2868 1437 2934 saluberrimis
1461 2871 1623 2956 preceptis
1648 2869 1845 2955 apostolicae
1871 2870 1967 2953 sedis,
1997 2874 2099 2935 mani-

447 2986 529 3050 feste
553 2983 823 3048 incontinentium
846 2979 955 3044 officia
978 2976 1227 3041 interdicentis?

556 3090 589 3156 S.
626 3090 690 3152 Iste
716 3088 790 3151 VII.
809 3085 987 3172 Gregorius
1012 3084 1142 3152 videtur
1164 3083 1258 3148 nobis
1282 3085 1415 3148 nimium
1439 3083 1540 3147 fuisse
1564 3094 1712 3147 austerus
1736 3095 1768 3148 et
1791 3107 2018 3170 perproperus,
2044 3087 2099 3172 qui
2120 3107 2147 3146 ιι

450 3222 505 3263 eos
529 3198 608 3262 dicit
631 3205 801 3283 peccatum
833 3194 1030 3280 paganitatis
1059 3193 1235 3274 incurrere,
1260 3214 1341 3277 quos
1365 3213 1423 3254 nos
1447 3192 1505 3254 vix
1528 3191 1765 3277 acquiescimus
1789 3191 1850 3256 hoe
1875 3193 2042 3274 meruisse,
2066 3205 2101 3257 ut

450 3305 612 3391 increpari
636 3302 793 3367 deberent
817 3303 909 3365 iuxta
932 3298 1148 3384 errangcliurn,
1173 3299 1277 3383 primo
1303 3297 1362 3361 snb
1387 3321 1451 3360 uno
1475 3309 1566 3379 teste,
1592 3297 1709 3361 deinde
1735 3297 1794 3362 sub
1819 3297 1955 3381 duobus,
1980 3299 2099 3364 deinde

451 3435 560 3477 coram
590 3410 766 3491 aecclesia3
803 3419 839 3472 ut
868 3407 921 3471 vel
955 3405 1039 3469 hanc
1071 3404 1239 3468 audientes
1275 3416 1383 3468 essent
1418 3404 1599 3484 christiani,
1632 3403 1684 3468 vel
1719 3428 1783 3468 non
1819 3405 1988 3470 audientes
2023 3416 2101 3470 tunc

450 3521 589 3607 primum
613 3529 722 3581 essent
745 3517 828 3579 sicut
853 3513 972 3578 ethnici
997 3525 1028 3576 ct
1053 3510 1228 3598 publicani.

557 3625 595 3688 R.
630 3625 683 3687 De
708 3621 842 3686 occultis
867 3632 899 3683 et
922 3619 1062 3683 necdum
1086 3617 1284 3682 iudicialiter
1307 3617 1490 3703 dampnatis
1522 3617 1629 3680 causis
1659 3617 1818 3682 tenendus
1851 3630 1900 3683 est
1929 3621 1989 3683 iste
2022 3619 2101 3684 ordo
2121 3643 2148 3682 so

451 3732 701 3818 redargutionis,
748 3729 793 3792 At
822 3725 878 3792 ubi
910 3725 1032 3812 aliquid
1063 3724 1122 3788 sub
1153 3735 1220 3787 tarn
1244 3721 1379 3786 terribili
1411 3723 1639 3787 interdictione
1663 3725 1870 3809 cognoscitur
1893 3725 2101 3811 prohibitum,

451 3852 487 3904 ut
509 3840 547 3920 is,
572 3839 627 3924 qui
651 3838 792 3900 scienter
813 3835 875 3897 hoc
892 3833 1134 3919 presumpserit,
1159 3829 1278 3894 habeat
1302 3841 1415 3893 contra
1439 3853 1473 3893 se
1497 3829 1693 3894 iudicialiter
1709 3830 1761 3894 vel
1778 3830 1985 3896 decretaliter
2001 3832 2102 3896 dicta-

452 3959 519 4011 tum
547 3943 601 4008 vel
631 3942 830 4030 synodaliter
859 3938 1108 4026 promulgatum,
1139 3947 1175 4000 nt
1204 3936 1375 4000 anathema
1407 3937 1457 4017 sit,
1482 3936 1534 4000 vel
1563 3937 1646 4000 sicut
1670 3937 1817 4001 ethnicus
1847 3949 1879 4001 et
1908 3938 2103 4024 publicanus

452 4051 620 4132 habeatur,
645 4051 700 4137 qui
723 4049 785 4112 hoc
808 4047 861 4110 vel
885 4046 946 4110 hoc
970 4045 1094 4126 fecerit,
1119 4044 1172 4107 ille
1196 4043 1258 4107 hoc
1281 4042 1335 4106 vel
1358 4043 1419 4106 hoc
1443 4043 1567 4107 faciens
1592 4055 1623 4106 et
1647 4045 1840 4108 sententiam
1863 4046 2007 4131 agnitam
2028 4069 2103 4110 con-

452 4170 634 4246 tempnens,
664 4159 698 4220 in
728 4157 799 4242 ipso
829 4153 915 4217 facto
947 4152 1156 4237 semetipsum
1186 4152 1233 4214 sie
1264 4149 1305 4214 ab
1334 4149 1494 4214 aecclesia
1518 4162 1679 4236 segregat,
1704 4162 1739 4215 ut
1763 4151 1919 4238 Spiritum
1943 4165 2148 4235 senatumne

342 4293 383 4335 ιιι
401 4297 425 4335 ιο
453 4267 509 4353 qui
533 4266 638 4329 estin
661 4263 831 4344 aecclesia,
862 4283 927 4324 non
951 4257 1079 4338 habeat,
1110 4259 1203 4322 iuxta
1226 4257 1314 4344 quod
1337 4258 1493 4342 scriptum
1517 4267 1581 4320 est:
1612 4258 1779 4322 Αιιίοοοίοο
1800 4263 1980 4345 scrnctr'psos
2001 4286 2102 4348 aepre-

451 4388 569 4462 pootes,
599 4374 747 4458 spiritum
772 4395 832 4433 aon
856 4370 1007 4432 babentes.
1056 4363 1151 4428 Unde
1175 4366 1297 4450 primus
1322 4363 1510 4449 Gregorius,
1540 4365 1631 4428 cuius
1660 4365 1720 4428 iste
1745 4365 1839 4428 Vlla*
1865 4377 1935 4430 erat
1958 4366 2103 4452 pedisse-

454 4502 547 4566 quus,
579 4501 679 4563 agens
710 4476 750 4540 de
781 4475 918 4538 Maximi
942 4473 1123 4538 Salonitani
1154 4481 1268 4534 contra
1297 4470 1400 4534 simile
1432 4471 1640 4534 interdictum
1671 4471 1920 4553 ordinatoribus,
1952 4495 2016 4536 non
2047 4496 2103 4538 eos

453 4588 621 4666 meruisse,
653 4582 711 4648 sed
741 4583 805 4645 ianr
837 4581 1037 4644 contraxisse
1069 4578 1209 4641 asseruit
1239 4579 1619 4658 excommunicationem,
1651 4576 1798 4642 scribens
1829 4578 1873 4642 ad
1899 4579 2039 4644 eundem
2070 4582 2105 4644 in

454 4693 535 4757 haec
555 4689 694 4756 vertat:
719 4690 883 4753 Auditura
906 4687 1085 4750 sirroodr'tron
1110 4687 1213 4773 nestas,
1238 4685 1323 4770 qood
1338 4699 1414 4770 post
1436 4685 1685 4749 *interdictionem
1708 4711 1829 4771 qaoque
1852 4701 2000 4768 nostram,
2026 4713 2106 4774 qaae
2124 4713 2152 4752 ιο

454 4803 509 4865 sub
534 4800 848 4864 eacorumaar'cutr'one
871 4792 1000 4859 ιοοοιι·ιιὴ
1025 4793 1301 4877 ordfaontr'ronque
1325 4806 1351 4854 te
1368 4791 1465 4878 factu
1490 4806 1542 4870 est,
1574 4795 1652 4856 cesis
1667 4795 1864 4879 presbyteria
1887 4804 1934 4858 et⁰
1960 4795 2105 4859 diaconi-

455 4910 521 4987 bus,
545 4907 685 4970 militari
705 4929 799 4967 οοιιιιιο
823 4903 868 4965 od
889 4902 1025 4964 medium
1051 4899 1168 4963 diceris
1192 4899 1349 4962 deductus.
1390 4897 1491 4974 Quam
1511 4900 1547 4962 ob
1563 4923 1628 4962 rem
1644 4923 1700 4962 nos
1716 4903 1975 4964 corwecratfonam
2001 4902 2106 4966 dicere

455 5014 542 5078 orello
566 5012 656 5075 aaodo
673 5034 852 5096 possennus,
884 5031 963 5093 quae
986 5009 1025 5069 ab
1050 5007 1324 5070 eruto-oronmt'eutt's
1347 5005 1525 5068 bominibus
1548 5020 1593 5069 eet
1614 5007 1776 5069 celebrato.
1827 5005 1861 5070 Si
1887 5017 1996 5070 autern
2021 5007 2106 5072 arbi·

455 5119 549 5183 traris
580 5119 677 5180 istum
701 5113 896 5199 Gregorium
912 5111 987 5176 VII.
1012 5111 1065 5174 vel
1093 5113 1127 5174 in
1157 5111 1218 5175 hoo
1246 5133 1266 5174 a
1289 5111 1436 5196 vestigiis
1466 5111 1562 5196 primi
1587 5109 1740 5196 Gregorii
1771 5111 1985 5198 discrepasse,
2017 5113 2106 5199 quod

455 5222 690 5291 fornicantibus
714 5220 882 5286 interdixit
906 5219 1015 5283 altaris
1032 5218 1255 5298 ministerium,
1280 5217 1362 5302 lege,
1389 5227 1421 5280 et
1444 5219 1591 5281 invenies
1615 5217 1676 5282 lioe
1700 5218 1762 5281 illis
1787 5243 1807 5283 a
1822 5219 1926 5305 primo
1945 5217 2105 5306 Gregorio
2127 5247 2155 5284 ιο

564 5421 591 5487 a)
613 5425 722 5474 additur
742 5422 787 5472 Gr.
862 5421 889 5481 b)
911 5425 958 5470 tua
979 5419 1024 5468 Gr.
1099 5418 1124 5479 c)
1145 5418 1211 5468 deest
1231 5417 1277 5468 Gr.

567 5587 596 5658 1)
634 5586 682 5660 Gs.
720 5585 820 5656 erbt,
858 5584 924 5640 ‘Die
959 5582 1120 5639 Publicistt'lt
1154 5603 1205 5638 aur
1236 5582 1301 5637 Zcr't
1335 5579 1462 5657 Grepcrs
1492 5581 1568 5637 VII!
1604 5577 1734 5660 (Leipa'p
1768 5579 1874 5661 1894),
1905 5605 1938 5661 p.
1965 5585 2106 5661 372sqq.

459 5698 489 5768 2)
521 5698 551 5753 V.
576 5715 665 5770 οιιρνιι
684 5715 716 5769 p.
735 5693 807 5748 215.
901 5691 931 5761 3)
958 5689 1050 5765 Epist.
1075 5689 1128 5758 IV,
1155 5689 1205 5759 20,
1232 5689 1300 5744 ΕΕ,
1325 5687 1349 5757 I,
1368 5709 1401 5762 p.
1421 5687 1484 5743 254
1501 5709 1561 5763 sqq.
