4568 6428
321 376 476 431 LIBELLI
499 371 668 430 HONORII
691 369 1073 430 AUGUSTODUNENSIS
1097 372 1339 428 PRESBYTERI
1364 374 1413 427 ET
1437 372 1704 429 SCHOLASTICL
1796 369 1834 430 31

181 564 363 634 enitendum,
387 588 460 650 erpo
483 565 596 628 cle-rici
617 561 777 649 reputares
801 577 897 624 erasit.
945 561 988 624 Et
1035 563 1067 624 in
1090 585 1240 641 sermone,
1264 563 1323 646 qui
1343 561 1472 624 babetur
1503 563 1583 625 iuter
1605 564 1787 626 carnonicum
1813 576 1841 625 et

182 671 370 735 irnorutcbum
394 671 542 735 debeata
565 670 657 734 Petro
680 677 846 753 sanctuque
870 667 1025 732 Miebaele
1048 669 1247 754 arebanpelo,
1266 667 1448 732 Honoriun¹
1464 671 1648 732 canonicum
1672 670 1840 732 vincentem

175 778 274 864 seuit.
308 776 476 842 Praetereo
501 778 628 857 tibrum,
652 799 742 861 quem
765 775 895 860 scripsit
918 775 955 838 de
981 775 1077 838 libe-ro
1101 776 1267 854 arbitrioi,
1294 774 1485 838 Godescalco
1511 776 1638 838 cuidam
1655 778 1840 861 praeposito

184 885 377 964 ‹tedicus-ut
409 887 467 969 qui
496 885 585 948 baud
614 884 706 948 dub-ie
739 901 799 946 uon
832 883 876 962 id,
908 882 994 966 quod
1022 880 1066 944 W.
1092 881 1224 945 Scberer
1256 882 1351 960 donec,
1382 883 1479 945 abbas
1510 885 1695 946 ruouastere'i
1715 897 1840 946 nnncuoe

147 1013 163 1051 s
189 990 303 1056 Crucis
326 995 359 1055 in
378 992 512 1056 Austm'a
536 994 601 1071 siti,
624 991 682 1054 sed
703 985 850 1054 ecciesiae
874 991 1056 1076 coliepiatae
1073 991 1278 1074 praepositus
1300 989 1510 1074 Honoriique,
1534 1003 1568 1052 ut
1590 989 1724 1069 uidetur,
1740 1014 1838 1075 prae·

176 1100 288 1184 senties
311 1115 385 1163 erat.
426 1098 527 1162 Porro
551 1123 621 1162 cum
636 1097 800 1161 Honorius
823 1098 912 1160 titulo
928 1097 1111 1182 presbyteri
1132 1110 1160 1160 et
1182 1096 1365 1158 scholastici
1385 1096 1533 1160 ecciesiae
1548 1096 1839 1182 Aupnutoduacruis

186 1220 300 1286 cruitur,
324 1208 472 1270 clericum
497 1231 576 1285 ciem,
600 1229 659 1268 vuon
684 1199 868 1268 manandum
884 1205 1005 1291 ⁸fierine,
1022 1204 1130 1290 faciie
1151 1204 1298 1266 cornicine.
1331 1201 1388 1265 Ad
1409 1203 1465 1266 boc
1480 1204 1608 1287 saepius
1617 1205 1841 1290 perepriuatus

183 1313 344 1398 fratribus
362 1315 394 1376 in
410 1312 569 1399 ‘callepio’
594 1313 713 1376 relictis
729 1311 849 1375 ttae-rus
866 1311 1024 1394 librosque
1041 1312 1157 1388 irrisit&
1181 1309 1267 1394 quod
1281 1309 1449 1372 uronacbus
1469 1312 1524 1372 ¹oric
1539 1311 1655 1394 ‘facere
1673 1313 1836 1396 potuisset,

185 1443 255 1482 cum
277 1422 436 1483 coare-rsus
458 1444 498 1483 eu
520 1421 718 1482 inormem-riis
749 1415 909 1482 discedere
940 1419 998 1480 illa
1030 1431 1127 1481 nemu
1151 1441 1290 1502 perraro
1322 1417 1435 1480 liceret.
1484 1416 1629 1501 Denique
1659 1442 1728 1480 cum
1759 1441 1838 1480 com·

136 1547 164 1586 ιο
178 1526 292 1610 plures
308 1526 407 1589 libros
421 1549 598 1590 sermonum
615 1525 757 1588 Honorii
771 1525 820 1587 uel
834 1523 1024 1588 bobearnus⁵
1048 1525 1096 1586 trel
1111 1526 1233 1587 nomiae
1256 1526 1465 1601 ‘uouerimusffl
1491 1523 1635 1587 ritrbimri
1649 1549 1710 1587 uon
1725 1539 1839 1610 potest,

184 1634 263 1716 quin
285 1635 478 1696 contionatur
493 1633 621 1696 sedulus
644 1633 756 1718 fuerit,
780 1643 871 1716 atque
896 1631 933 1694 id
954 1655 1085 1716 qtroqae,
1109 1632 1258 1694 clericum
1281 1655 1350 1694 eum
1366 1632 1476 1717 fuisse
1497 1633 1679 1717 sr'priijicare
1704 1631 1836 1695 uidetur.

183 1737 261 1802 Illis
294 1742 376 1802 enim
411 1741 601 1824 teunporibus
633 1753 703 1803 aute
735 1735 875 1803 conditos
910 1737 1037 1802 ordines
1071 1737 1307 1802 Ueste-reiensem
1341 1753 1369 1801 et
1401 1739 1543 1824 fratrum
1577 1737 1839 1802 Praedicatorum

184 1847 333 1909 monachi
345 1849 510 1910 rarissime
520 1847 768 1932 praedicabant,¹
790 1847 883 1909 imnto
900 1869 971 1909 vcro
987 1847 1168 1930 suscriptis
1184 1844 1342 1930 liutperti,
1358 1847 1481 1909 abbatis
1502 1846 1672 1910 Tuitieusis
1682 1848 1702 1924 ⁷,
1728 1848 1839 1909 nostri-

184 1978 244 2037 que
268 1953 429 2016 Honorii⁸
452 1968 595 2039 apparet,
620 1953 750 2017 dubium
773 1965 898 2016 eatenus
914 1953 1035 2040 fuisse,
1066 1977 1138 2014 num
1169 1952 1330 2015 rnonacbis
1347 1953 1541 2037 praedicare
1572 1955 1696 2016 ornrriuo
1721 1955 1837 2016 liceret.

140 2081 165 2119 is
188 2059 275 2136 Quae
298 2085 366 2124 cum
393 2064 435 2124 ita
459 2064 531 2142 siut,
554 2063 587 2124 si
607 2061 786 2124 Houorium
810 2063 994 2123 sanctonicum
1018 2061 1193 2145 reputarem
1209 2061 1320 2145 fuisse
1349 2059 1572 2139 ‹sonmudimna
1603 2062 1674 2144 quis
1701 2075 1753 2138 est,
1784 2062 1843 2145 qui

187 2191 242 2230 nos
265 2169 429 2230 temera-rii
449 2170 568 2231 erroris
591 2169 735 2231 accuset?
765 2166 810 2230 Et
838 2191 875 2230 ue
898 2167 1036 2246 nistre-ru,
1067 2166 1153 2252 quod
1177 2167 1230 2231 itte
1260 2167 1370 2229 ultimo
1402 2169 1482 2230 uitae
1506 2182 1640 2252 tempore
1670 2168 1839 2231 inonachus

185 2274 274 2337 based
297 2275 389 2338 dtrbie
413 2289 441 2338 et
462 2276 626 2338 solitarius
642 2275 734 2361 fuit:
750 2297 906 2360 persaepe
930 2300 966 2339 ca
990 2287 1087 2337 aetate
1111 2288 1139 2338 et
1161 2275 1273 2337 clerici
1303 2275 1471 2359 repimus,
1503 2299 1571 2336 erem
1601 2277 1838 2354 ‹tornienuisscrm

186 2384 305 2446 artiori
325 2383 451 2467 repulus
475 2383 695 2445 ruonacborum
717 2406 750 2444 se
773 2377 988 2446 strbdiderunt.

295 2487 436 2551 Maximi
456 2503 557 2552 autem
580 2491 728 2552 momenti
748 2489 794 2551 ad
815 2491 996 2552 scrutantium
1021 2503 1158 2552 riostram
1175 2488 1378 2572 probandam
1398 2490 1487 2552 uobis
1510 2489 1636 2572 quidem
1662 2489 1698 2552 id
1715 2490 1839 2553 'un-'detur

140 2625 168 2663 ευ
186 2620 261 2674 esse,
286 2595 371 2679 qinod
385 2594 548 2658 Hono-rius
564 2633 606 2641 -
625 2597 688 2658 iam
705 2597 732 2659 b.
751 2621 789 2657 m.
810 2593 848 2656 (i.
867 2591 965 2659 Waitz
987 2596 1044 2658 boc
1054 2597 1195 2681 pressit9
1220 2633 1261 2641 —-
1288 2598 1319 2659 iu
1337 2595 1442 2659 codice
1466 2596 1602 2680 qirodam
1622 2600 1748 2681 primae
1773 2597 1839 2660 edi-

187 2704 282 2766 tiouis
306 2702 418 2780 libelii,
442 2704 501 2786 qui
521 2717 565 2764 est
588 2702 648 2766 ‘Dc
672 2705 809 2788 imapiue
832 2703 971 2782 muudi',
996 2704 1150 2787 quietim
1167 2703 1242 2788 fuit
1264 2705 1449 2790 morraeterii
1469 2727 1493 2765 s.
1511 2702 1638 2766 Mariae
1663 2706 1697 2765 in
1717 2701 1840 2767 Salisio

188 2812 222 2872 in
251 2809 372 2895 Anplia
402 2811 460 2872 siti
486 2809 639 2893 hodieque
670 2810 703 2872 iu
733 2807 919 2873 bibliotheca
949 2811 1078 2896 cotteym·
1106 2808 1243 2894 ‘Corpus
1272 2809 1408 2874 tj'husu’
1443 2809 1667 2896 Oautunbriqiae
1697 2825 1840 2874 seruatur

96 3003 99 3006 ι
188 2915 250 2996 (ur.
268 2917 319 2979 66.
345 2918 469 2980 merrrbr.
502 2941 581 2979 saec.
607 2915 686 2978 XII.
719 2916 821 2979 taedii
848 2915 896 2979 cel
924 2917 1124 2996 ensentium),
1156 2917 1285 2979 disertis
1315 2919 1418 2981 uerbis
1448 2919 1617 2981 canonicato
1641 2920 1840 2980 cornicatur:

186 3022 254 3086 Iste
270 3022 442 3103 Henricus,
468 3024 523 3108 qui
540 3022 625 3086 hunc
641 3021 759 3086 librum
776 3020 889 3103 edidit,
910 3019 971 3085 tuit
990 3023 1166 3086 canonicus
1183 3047 1207 3085 s.
1222 3021 1347 3086 Mariae
1364 3023 1506 3086 civitatis
1523 3023 1701 3107 Megaride,
1726 3025 1760 3086 in
1776 3047 1842 3108 qua

139 3159 167 3198 25
187 3128 328 3193 ecelesia
343 3139 417 3192 sunt
431 3129 581 3218 canonici
595 3127 646 3192 bis
660 3139 775 3215 quater
787 3138 966 3214 quaterque
979 3129 1065 3192 deni.
1097 3130 1182 3194 Nam
1200 3155 1233 3194 eo
1250 3130 1336 3215 quod
1350 3132 1406 3194 boc
1423 3133 1488 3195 loco
1506 3155 1622 3194 acorion
1637 3134 1669 3194 in
1680 3135 1844 3216 proce-nui

187 3238 365 3322 epistolisll
394 3237 531 3321 aliisque
562 3236 729 3322 ''Insapn'ais
759 3237 887 3300 nauudi’
918 3237 1079 3300 codicibus
1109 3263 1178 3300 cum
1209 3253 1312 3301 nostro
1346 3241 1400 3301 ius
1428 3239 1698 3302 cohaerentibus¹²
1731 3263 1839 3302 nomen

186 3344 330 3408 Hono-rii
358 3347 391 3406 ia
422 3343 608 3406 ‘Hearicus'
632 3359 797 3429 corruptus
827 3358 879 3416 est,
910 3344 1039 3408 nuinime
1063 3346 1295 3429 perturbemur,
1331 3348 1406 3429 quia
1438 3347 1593 3408 librariae
1624 3347 1759 3410 litteram-
1786 3346 1841 3426 H„

187 3477 269 3535 quae
292 3467 358 3515 erat
382 3453 415 3514 iu
438 3451 604 3536 arclsetppo
630 3455 730 3514 riustri
751 3477 889 3543 quaeque
914 3453 948 3514 itt
972 3452 1078 3514 multis
1101 3453 1188 3531 aisis,
1220 3476 1299 3536 quae
1323 3454 1412 3515 nobis
1439 3455 1595 3537 inspicere
1618 3455 1718 3532 licuit,
1742 3478 1840 3516 creor·

182 3561 333 3645 plaribus
358 3561 524 3636 incenit-ur,
549 3561 672 3623 nomiae
695 3573 758 3621 tirus
782 3561 894 3622 usitato
918 3557 1107 3622 ‘Humi-'cus'
1132 3561 1321 3642 oppressisse
1345 3558 1533 3644 omnisomnis
1557 3573 1608 3621 est.

140 3693 168 3731 uo
296 3666 490 3752 Mopuntiam
517 3668 621 3730 urbem
651 3669 744 3729 etiam
769 3679 904 3728 eatrcrna
928 3667 1087 3728 annotatio
1105 3667 1234 3750 primae
1258 3665 1407 3728 editionis
1429 3665 1578 3728 ostendit:
1613 3664 1677 3728 Hic
1709 3667 1843 3740 (scilicet

188 3773 347 3836 Hearicus
383 3777 510 3858 quintae
545 3776 730 3859 iinmerator)
766 3771 807 3834 V.
839 3794 924 3835 anno
959 3772 1053 3855 regni
1087 3772 1136 3833 sui
1168 3773 1301 3856 accepit
1325 3769 1527 3852 Mathildnm,
1564 3770 1662 3834 filiam
1693 3772 1839 3854 Headui,

188 3880 275 3964 regis
305 3878 438 3966 Anglie,
476 3881 509 3942 in
540 3880 726 3964 coniugium
757 3901 841 3942 anno
873 3876 914 3941 ab
944 3879 1168 3941 inanimatione
1198 3878 1331 3941 Domini
1366 3881 1460 3942 1110.
1515 3877 1597 3958 Quis
1628 3889 1737 3942 autem
1767 3891 1841 3965 post

188 3985 274 4049 hunc
299 4009 432 4071 regnum
457 3985 634 4072 adepturus
658 3986 708 4066 sit,
741 3985 913 4071 posteritas
939 3981 1073 4048 ridebit.
1121 3985 1213 4049 Annio
1241 3987 1333 4049 1110.
1359 3987 1519 4050 Mortuos
1547 3985 1730 4072 Mopuntiae
1754 4012 1839 4051 coro-

189 4097 309 4171 carew,
340 4119 421 4157 cerrito
446 4094 568 4158 denium
595 4095 689 4156 1114.
716 4093 834 4157 ibidem
857 4094 1046 4178 imperatori
1068 4095 1267 4156 triatrimouio
1291 4095 1436 4178 copidata
1461 4097 1548 4156 estu.
1599 4093 1685 4170 eras
1710 4097 1836 4180 rcrprtias

1807 4204 1814 4217 Ι

1808 4251 1809 4254 ’
1818 4248 1823 4263 Ι

142 4226 169 4264 ss
190 4200 352 4264 Honorius
383 4225 451 4264 cum
482 4203 680 4264 coronatione
711 4215 843 4285 quatuor
873 4202 967 4262 anuis
990 4212 1060 4262 ante
1091 4200 1244 4263 celebrata.
1276 4203 1310 4263 iu
1335 4225 1428 4263 nentem
1459 4201 1643 4288 conscidisse
1667 4203 1840 4265 'uerisimile

300 4368 328 4436 1)
353 4367 480 4424 ‘Serennia
509 4367 575 4423 XII
592 4367 776 4442 ascentionum,
809 4367 837 4422 iu
867 4367 964 4443 quibus
990 4367 1146 4442 praecipue
1174 4368 1329 4442 qtcaeritur,
1361 4387 1426 4424 utem
1456 4389 1479 4425 s.
1504 4370 1693 4445 arcbanpelue
1719 4369 1844 4426 naemu

190 4475 215 4528 b.
234 4475 317 4532 Petro
332 4477 467 4550 apostolo,
484 4495 523 4530 art
542 4475 642 4530 Petrus
660 4473 795 4531 Michaeli
803 4475 978 4550 praecedat'
1004 4473 1073 4547 (Per
1089 4477 1107 4530 t.
1126 4495 1148 4530 c.
1167 4477 1217 4532 cot.
1237 4474 1296 4531 201
1313 4471 1380 4551 sa).
1450 4474 1480 4545 2)
1501 4476 1554 4532 Pcz
1571 4478 1589 4530 t.
1608 4497 1631 4530 c.
1649 4477 1699 4532 col.
1719 4476 1779 4531 237
1798 4497 1840 4551 sq.

191 4581 222 4650 3)
246 4583 434 4649 (100801ιαί00,
465 4581 522 4638 fide
548 4591 577 4637 et
601 4599 687 4654 opere
713 4584 825 4638 sudanti
854 4584 882 4636 in
906 4589 1003 4637 sancto
1027 4583 1182 4653 proposito,
1208 4585 1295 4638 verbo
1320 4592 1349 4639 et
1374 4589 1501 4654 exemplo
1524 4585 1605 4655 gregi
1628 4583 1732 4638 Christi
1756 4602 1839 4655 prue-

188 4691 280 4760 posito
304 4697 354 4745 etc.
433 4687 463 4754 4)
486 4689 567 4746 Velut
580 4688 719 4765 ‘Sipilium
735 4689 760 4744 b.
780 4689 921 4758 Muriae’,
939 4687 1137 4758 ‘breuitabiie’,
1156 4689 1316 4764 ‘Speculum
1332 4690 1477 4746 ecciesiae’
1495 4699 1544 4746 ctc.
1634 4689 1663 4758 5)
1682 4689 1841 4766 ‘Speculum

143 4823 171 4860 40
190 4796 345 4853 ecclesiae'.
445 4794 476 4864 6)
502 4795 705 4868 ‘Refectiouaa
728 4795 858 4852 rrtcutium
882 4797 915 4852 dc
932 4795 1019 4866 sestis
1042 4795 1159 4852 Domini
1182 4805 1208 4852 ct
1228 4799 1416 4866 sarrctorum',
1442 4797 1589 4852 ‘Pabulum
1606 4798 1679 4853 uitae
1701 4799 1735 4854 de
1752 4815 1841 4871 prae-

190 4901 277 4977 cipuis
293 4903 407 4975 sestis'.
500 4903 530 4971 7)
558 4901 606 4974 Os.
632 4903 689 4959 cius
712 4903 938 4959 ‘Aitcrratiouem
962 4903 1093 4958 urouacbi
1114 4911 1140 4959 et
1162 4903 1263 4972 elerici,
1288 4905 1365 4978 quod
1385 4904 1467 4960 liceat
1487 4905 1631 4961 rrrauacbis
1649 4904 1840 4980 praedicarc’

190 5005 278 5084 (opp.
302 5012 345 5066 ed.
370 5011 463 5066 Veri-et.
482 5010 501 5064 I
505 5010 535 5078 V,
562 5009 623 5065 320
640 5005 696 5084 sq.)
726 5018 752 5065 ct
773 5009 872 5065 tibrum
896 5010 989 5065 acticus
1011 5009 1143 5065 ineditum
1167 5009 1302 5080 ‘Questim
1328 5019 1419 5066 utrum
1443 5011 1586 5067 irroreacbis
1616 5012 1699 5067 liccat
1721 5010 1841 5086 praedi-

191 5119 282 5186 carc’,
306 5137 387 5194 quem
409 5116 477 5173 aiibi
499 5137 535 5172 ca
558 5118 617 5173 cod.
642 5137 701 5192 rep.
730 5117 844 5173 Monac.
872 5115 978 5172 22225
1005 5111 1044 5190 ff.
1062 5111 1116 5170 43¹
1131 5111 1186 5191 sq.)
1211 5116 1314 5173 edituri
1335 5137 1437 5174 sturnus.
1523 5117 1553 5186 8)
1579 5117 1677 5182 ‘Quod
1698 5117 1841 5173 rrnonacbis

190 5223 272 5278 liccat
287 5224 479 5298 praedirarc'
501 5219 583 5298 (curt.
604 5223 683 5280 Mon.
710 5221 829 5278 22225,
848 5224 880 5293 f.
898 5217 1034 5297 44‘sq71.
1127 5223 1158 5293 0)
1184 5223 1423 5280 ‘Ncrccsdrcbiu'
1448 5223 1616 5294 166411,
1711 5223 1761 5294 10)
1789 5223 1838 5299 Cf.

146 5331 210 5392 451.
234 5351 257 5386 c.
278 5351 311 5406 p.
330 5331 391 5386 043
408 5351 451 5406 sq.
575 5329 626 5400 11)
649 5332 779 5402 Epistola
803 5331 919 5385 Henriei
950 5333 986 5385 ud
1018 5332 1207 5396 Henrieunr.
1235 5371 1241 5385 .
1269 5373 1275 5385 .
1307 5332 1466 5403 Rescriptio
1491 5333 1606 5387 Heni-ici
1634 5375 1639 5386 .
1667 5375 1672 5386 .
1700 5375 1706 5386 .
1737 5332 1841 5401 Incipit

190 5439 313 5508 profusio
338 5439 453 5493 Henriei
483 5446 533 5493 ctc.
628 5437 678 5504 12)
705 5437 745 5492 Et
767 5437 849 5493 ctiam
877 5437 905 5493 iu
932 5436 1000 5494 Cod.
1028 5435 1134 5494 Cirttou.
1158 5437 1240 5512 Vesp.
1266 5437 1302 5492 B.
1320 5437 1374 5494 IV.
1400 5437 1568 5495 ‘liutmun’
1588 5459 1645 5513 pro
1669 5438 1840 5495 ‘licinanius’

190 5544 336 5600 scribitur:
369 5545 499 5616 Epistola
521 5546 638 5600 Henriei
669 5547 704 5600 nd
729 5544 892 5599 Henrieum.
939 5543 1042 5615 Incipit
1072 5545 1145 5600 liber
1172 5545 1299 5612 Bennoi,
1331 5547 1379 5616 qui
1409 5547 1513 5600 ‹licit-ur
1542 5547 1633 5618 inungo
1664 5547 1759 5600 mundi
1790 5553 1839 5600 cte.

194 5649 261 5707 Cod
285 5670 392 5725 atroque
415 5653 545 5726 Arrprlou.
573 5651 643 5722 Erf.
670 5650 750 5706 028
782 5651 822 5706 sic
851 5650 963 5726 incipit:
991 5652 1114 5707 Hearieo
1139 5651 1295 5722 septiformi
1327 5661 1376 5708 etc.
1502 5651 1551 5722 13)
1579 5653 1628 5723 Cf.
1654 5651 1840 5720 (sicuti-uta,

193 5757 341 5814 ‘Duetscbe
363 5757 538 5816 Kaiscrceit'
563 5753 641 5828 111⁵,
667 5757 741 5814 801.
838 5757 887 5826 14)
913 5757 958 5813 Ib.
981 5779 1014 5832 p.
1033 5757 1107 5813 831.
