4386 6390
214 1391 701 1526 GUALTERI
746 1393 871 1524 AB
916 1391 1282 1528 INSULIS
1333 1393 1793 1528 CARMINA.

923 1671 1085 1735 EDIDIT

786 1870 847 1965 H.
879 1869 1219 1967 BOEHMER.

294 2116 378 2197 Duo
394 2132 469 2194 baec
492 2133 636 2195 earmina
660 2155 739 2216 quae
763 2155 802 2194 ea
815 2133 896 2196 serie
913 2131 1015 2196 decem
1032 2134 1207 2195 canusinum
1225 2129 1344 2194 codicis
1359 2129 1510 2195 Parisini
1531 2131 1628 2211 3245,
1652 2156 1731 2196 saec.
1750 2133 1787 2196 X
1794 2134 1824 2197 V.

142 2239 280 2303 emedio
309 2240 432 2324 scripti,
464 2236 545 2301 rende
568 2237 613 2300 W.
638 2237 823 2302 Mueldener
846 2263 874 2302 a.
896 2239 990 2301 1858.
1014 2240 1143 2323 primus
1159 2239 1291 2323 publici
1317 2239 1401 2302 iuris
1416 2239 1534 2324 feeitl,
1565 2239 1638 2302 buia
1669 2253 1747 2304 tomo
1779 2243 1826 2304 in·

175 2345 309 2410 serenda
337 2347 596 2425 existimavimus,
626 2347 708 2408 sicut
734 2359 834 2409 cenna
863 2370 884 2408 a
913 2346 1019 2409 scriba
1045 2343 1197 2409 Gttaltero
1227 2345 1266 2408 ab
1296 2343 1418 2408 Insulis
1448 2343 1530 2409 decta
1562 2345 1600 2409 de
1628 2345 1826 2427 Castellione,

172 2454 343 2539 praeclaro
371 2452 427 2516 ¹illi
447 2451 703 2515 Aleraudreidos
732 2454 864 2531 auctori,
892 2453 1103 2538 assequantur.
1153 2450 1246 2528 Quod
1267 2475 1327 2536 quo
1352 2454 1420 2516 iure
1437 2453 1566 2538 factum
1589 2455 1641 2532 sit,
1665 2453 1769 2517 adbuc
1792 2455 1825 2517 in

177 2561 400 2645 disceptatione
429 2571 580 2622 versatur.
627 2557 796 2642 Postquam
827 2561 909 2622 enim
936 2557 1112 2637 Ouduu2‚
1143 2560 1202 2642 qui
1215 2559 1345 2644 primus
1376 2557 1413 2622 de
1437 2558 1487 2623 liis
1516 2560 1656 2623 versibus
1683 2561 1827 2624 retulisse

179 2666 310 2745 ridetur,
335 2664 538 2744 Fabricius3,
562 2663 617 2727 Du
638 2663 768 2744 Miril4,
795 2663 1014 2728 Giesebrecbt⁵
1035 2666 1183 2744 scribam,
1208 2664 1246 2729 de
1269 2667 1359 2728 eteius
1374 2665 1444 2751 fide
1473 2687 1535 2729 non
1559 2665 1752 2746 dubitabant,
1780 2690 1825 2731 se-

134 2775 343 2852 multisunt,
366 2774 496 2858 primus
519 2770 703 2836 Mueldener
726 2773 761 2834 in
784 2771 1002 2835 dessermtione
1033 2771 1070 2835 de
1101 2774 1165 2835 oeta
1189 2773 1338 2859 maqistri
1360 2771 1510 2836 Gualteri
1537 2774 1730 2858 composito⁶
1760 2797 1825 2838 rem

178 2882 210 2942 in
235 2879 456 2944 dubitationem
488 2880 619 2958 uocauit,
648 2878 707 2942 sed
723 2891 832 2964 postea
862 2879 898 2942 in
921 2877 1056 2942 editione
1086 2879 1260 2942 carminum
1291 2880 1472 2942 senteutiam
1503 2881 1713 2942 retractauit&
1765 2878 1830 2944 Orci

177 2987 321 3049 a.18'll.
345 2985 384 3049 L.
410 2985 604 3071 Bellanqer⁸
626 2987 791 3049 assentitus
819 2998 871 3064 est,
901 2984 959 3048 sed
979 2983 1020 3047 B.
1046 2983 1223 3048 Haurlau⁹
1245 2998 1366 3048 strenue
1396 2987 1591 3072 repuqnaoit.
1642 2985 1728 3063 Quae
1756 3011 1825 3050 eum

178 3095 223 3156 ita
245 3095 318 3172 sint,
341 3092 485 3178 equidem
500 3114 562 3154 non
578 3093 720 3178 iquames,
744 3114 838 3175 quam
854 3105 964 3155 ternere
980 3091 1071 3155 illius
1094 3093 1205 3156 aetatis
1227 3093 1349 3155 scribae
1373 3105 1401 3155 et
1424 3093 1557 3156 librar-ii
1578 3095 1721 3156 earmina
1746 3117 1825 3178 quoe

179 3199 274 3263 latius
297 3201 504 3278 innotuerant,
527 3199 626 3262 claris
642 3199 747 3282 poetis
769 3199 938 3262 attribuere
959 3197 1050 3261 soliti
1068 3199 1141 3277 sint,
1166 3197 1203 3261 de
1227 3199 1471 3282 uniuscuiusque
1494 3212 1618 3262 auctore
1640 3200 1823 3286 sinqulatim

139 3325 160 3364 n
178 3321 206 3369 et
227 3319 371 3370 accurate
395 3305 635 3390 disquirendum
655 3329 719 3368 esse
728 3319 818 3390 puto,
842 3305 1081 3390 quamobrem,
1105 3327 1174 3368 eum
1199 3303 1236 3368 de
1260 3317 1321 3367 tota
1344 3307 1425 3368 serie
1448 3328 1540 3390 apere
1563 3305 1687 3392 lonqum
1710 3308 1762 3387 sit,
1786 3304 1824 3369 de

178 3413 227 3476 bis
250 3411 459 3476 tantummodo
482 3435 562 3496 quae
584 3412 678 3497 infra
701 3410 824 3474 edimus
847 3411 1000 3475 disserere
1023 3410 1107 3475 mibi
1126 3411 1258 3474 uidetur.

283 3518 332 3582 Ao
354 3520 498 3604 primum
529 3518 655 3603 quidem
686 3520 830 3581 carmina
860 3541 896 3581 ea
927 3530 1034 3597 aetate,
1065 3542 1126 3602 qua
1153 3516 1325 3581 Gualterus
1362 3518 1416 3580 ille
1443 3519 1569 3604 floruit,
1604 3517 1731 3582 condita
1759 3542 1824 3582 esse

177 3639 318 3712 apparet.
371 3624 514 3688 Alterum
548 3627 645 3704 enim,
681 3647 741 3709 quo
764 3638 860 3710 poeta
890 3637 924 3687 ut
954 3623 1155 3688 Gertotus1⁰
1188 3624 1239 3687 uel
1271 3637 1379 3688 auctor
1409 3623 1546 3710 Dialoqi
1573 3623 1611 3688 de
1633 3626 1823 3711 pontificatu

176 3732 338 3796 Romanae
362 3732 545 3796 eeclesiae¹¹
568 3732 619 3795 uel
636 3731 811 3816 complures
833 3733 892 3816 qui
912 3756 941 3794 a.
954 3731 1047 3793 1062.
1067 3729 1149 3816 Sept.
1161 3731 1189 3792 7.
1214 3729 1333 3816 synodo
1357 3733 1391 3793 iu
1407 3731 1536 3794 ecclesia
1553 3733 1658 3794 sancti
1670 3729 1823 3795 lobannis

134 3859 159 3897 eo
175 3839 620 3925 Louensurmerfue-runt12,
643 3851 747 3901 unum
755 3861 881 3923 papam
897 3839 1069 3925 leqitimum
1084 3837 1210 3900 baberet
1232 3850 1260 3900 et
1280 3838 1441 3922 reciperet,
1457 3831 1701 3916 uodtudteaun,
1724 3837 1821 3900 sabis-

176 3959 255 4010 mate
284 3948 416 4023 ineunte,
444 3958 609 4029 antequam
636 3944 774 4031 synodus
797 3969 911 4031 maqna
932 3943 1123 4008 Turonensis
1148 3943 1190 4024 (a.
1212 3943 1305 4006 1163.
1331 3943 1412 4007 Mai.
1433 3945 1487 4028 19)
1511 3942 1731 4006 Alexandrum
1755 3942 1821 4006 III.

175 4064 345 4138 aqnouerat
373 4065 401 4115 et
429 4052 682 4137 confirmaverat,
712 4053 914 4136 compositum
944 4073 1009 4114 esse
1038 4050 1171 4114 uidetur.
1222 4049 1366 4114 Alterum
1397 4074 1469 4114 uero
1500 4074 1559 4135 quo
1587 4049 1731 4113 Colimus
1755 4049 1820 4112 HI.

176 4158 437 4221 uehementissime
460 4160 641 4245 castiqatur,
665 4157 711 4220 ad
730 4157 866 4221 schisma
890 4170 991 4221 autem
1015 4156 1258 4242 componendum
1281 4171 1337 4221 aut
1358 4157 1446 4221 sedes
1468 4158 1594 4243 reqiu¹³
1618 4170 1673 4220 aut
1690 4157 1825 4242 praesul

175 4265 313 4328 ciuiuus
335 4266 457 4350 iqnotae
473 4264 586 4328 litteris
601 4285 664 4348 cys
678 4265 885 4349 siqniflcatae,
909 4263 1106 4348 quiquidem
1124 4263 1163 4327 ab
1179 4262 1525 4350 Alenandripartibus
1535 4265 1660 4343 steterit,
1677 4265 1822 4348 apprime

131 4391 156 4432 n
174 4385 329 4451 evocatur,
354 4395 423 4435 uere
446 4371 586 4434 a.1171.
611 4371 762 4455 seriptum
786 4394 850 4433 esse
873 4372 1004 4433 conicio.
1044 4369 1074 4432 Τ
1072 4395 1130 4433 urie
1154 4371 1235 4434 enim.
1254 4369 1484 4434 Fridericusl.
1504 4384 1532 4433 et
1549 4369 1732 4434 Ludooicus
1748 4369 1821 4450 VII,

174 4501 232 4542 rer:
248 4477 417 4557 Francius,
442 4480 500 4562 qui
519 4501 638 4541 summo
661 4477 765 4541 studio
781 4501 895 4562 pacem
915 4477 1062 4540 ecclesiae
1086 4477 1300 4563 redinteqrore
1323 4478 1488 4556 nitebatur,
1512 4501 1581 4540 cum
1604 4477 1711 4540 multis
1734 4478 1821 4540 nobi·

151 4591 154 4594 ’
175 4585 258 4649 libus
282 4586 315 4648 in
339 4585 422 4649 ualle
442 4583 541 4648 Oniae
564 4586 645 4648 inter
665 4583 791 4647 Tullum
816 4598 844 4647 et
863 4583 1073 4647 Vareoouleurs
1095 4585 1156 4646 sita
1180 4587 1421 4646 corroerzerunt¹⁴
1444 4598 1472 4647 et
1487 4583 1643 4667 colloquio
1667 4583 1704 4646 de
1725 4584 1821 4647 saltis-

175 4705 255 4755 mate
278 4705 307 4754 et
326 4691 364 4756 de
380 4691 633 4755 Brabontionum
648 4692 776 4775 rapinis
792 4691 896 4755 bubito
912 4689 1056 4754 Pontium
1074 4690 1214 4753 abbatem
1235 4687 1519 4753 Claraeuallensem
1540 4688 1707 4752 Tusculum
1730 4692 1822 4754 mise-

175 4812 257 4878 runt,
281 4800 341 4883 qui
353 4797 574 4862 Aleanndrum
596 4797 635 4862 de
650 4797 887 4862 condicionibus
909 4823 929 4860 a
952 4798 1077 4884 reqibus
1092 4796 1272 4882 propositis
1295 4799 1455 4860 certiorem
1467 4797 1603 4882 faceret.
1643 4795 1727 4873 Quin
1751 4821 1822 4884 erqo

132 5052 157 5092 so
285 5035 314 5106 1)
340 5034 391 5091 ‘10
410 5033 545 5093 Gedicbte
568 5036 616 5093 des
639 5035 765 5092 Waltber
786 5056 840 5093 von
866 5034 1019 5094 Obatillon’
1045 5029 1173 5111 (1858).
1267 5033 1297 5103 2)
1322 5033 1368 5090 De
1389 5032 1520 5108 scriptor.
1545 5042 1571 5090 et
1592 5033 1705 5109 seriptis
1728 5037 1821 5092 eccles.

176 5145 216 5215 ΙΙ,
242 5145 292 5202 col.
314 5142 407 5199 1668.
515 5139 546 5216 3)
569 5142 633 5199 Bib.
658 5145 706 5199 lat.
731 5144 802 5200 med.
827 5151 853 5199 et
875 5143 931 5213 inf.
956 5150 1010 5198 aet.
1036 5142 1078 5198 ed.
1106 5139 1205 5198 Mobsi
1228 5140 1284 5210 III,
1304 5161 1337 5216 p.
1354 5139 1426 5196 112.
1536 5139 1566 5210 4)
1593 5140 1704 5198 Poe'sies
1721 5144 1821 5217 popul.

175 5254 223 5308 lat.
244 5271 277 5327 p.
294 5249 355 5306 144
372 5270 414 5327 sq.
506 5248 537 5320 5)
563 5249 689 5327 ‘Allqenn
709 5249 944 5319 Monutssclunft’
969 5241 1088 5322 (1853)
1107 5267 1140 5323 p.
1159 5247 1232 5303 363.
1326 5245 1356 5314 6)
1382 5245 1534 5323 Gottinqae
1557 5267 1584 5302 a.
1605 5247 1698 5304 1854.
1718 5269 1751 5323 p.
1771 5248 1821 5303 21.

177 5355 207 5432 t)
233 5357 281 5429 Cf.
306 5355 460 5429 Praefatio
478 5376 511 5431 p.
530 5356 559 5413 5.
651 5354 682 5425 8)
707 5355 753 5412 De
775 5355 833 5412 uita
857 5353 1016 5412 Gualtbcri.
1057 5354 1143 5411 These
1168 5354 1261 5410 1877.
1297 5353 1417 5430 Anqers.
1510 5350 1541 5426 9)
1565 5353 1688 5410 ‘Notices
1711 5362 1737 5410 et
1760 5353 1822 5411 Ea-

176 5463 271 5520 traits’
290 5463 341 5534 29,
360 5463 389 5534 2,
401 5483 434 5538 p.
454 5462 516 5518 293
533 5483 593 5538 sqq.
680 5461 730 5533 10)
757 5460 805 5533 Os.
822 5481 912 5537 sup-ra
923 5481 955 5536 p.
975 5461 1037 5516 363
1054 5481 1095 5536 sq.
1196 5459 1247 5530 11)
1274 5459 1323 5532 Os.
1340 5479 1429 5534 supra
1440 5479 1473 5534 p.
1492 5459 1553 5515 545
1571 5480 1612 5535 sq.
1703 5459 1754 5528 12)
1773 5459 1821 5532 Cf.

132 5584 264 5646 utsupra
283 5590 316 5645 p.
336 5569 409 5627 530.
504 5568 555 5640 13)
582 5568 630 5642 Os.
654 5569 740 5641 infra
757 5589 790 5644 p.
810 5568 883 5638 560,
907 5588 935 5624 n.
954 5567 983 5624 5.
1083 5568 1133 5638 14)
1160 5566 1347 5634 Giesebrecbt,
1373 5565 1421 5620 Ἥ.
1442 5565 1517 5621 KZ!
1542 5567 1572 5636 V,
1592 5586 1625 5641 p.
1644 5565 1705 5622 669
1715 5588 1725 5636 ,·
1751 5565 1822 5628 Oar-

176 5677 284 5748 tellieri,
311 5676 437 5753 ‘Philipp
461 5675 501 5733 II.
526 5676 653 5754 domest!
678 5670 861 5750 (Dissertatio
885 5675 981 5731 Berol.
1001 5671 1098 5748 1891)
1118 5695 1151 5750 p.
1171 5672 1323 5729 20-24,

1559 5795 1609 5846 to*
