4410 6406
773 348 890 404 LIBER
913 350 965 406 DE
989 349 1222 406 stuoutncls.
1759 346 1823 408 255

165 542 284 627 possit.
332 541 499 626 Propenat
521 539 620 610 alius:
652 535 811 602 Diabolus
835 557 938 600 verax
962 547 1020 600 est.
1066 537 1110 601 Et
1139 537 1199 602 hec
1231 539 1334 602 oratio
1362 537 1589 603 nichilominus
1613 549 1663 603 est
1686 541 1822 626 integra,

168 670 212 711 ex
229 648 362 712 nomine
387 645 512 710 scilicet
535 657 568 710 et
583 643 684 708 verbo
702 645 891 727 constituta3
916 643 974 708 sed
989 666 1196 730 nequaquam
1213 655 1357 726 astrata,
1375 646 1526 730 quoniam
1543 667 1620 733 sepe
1637 647 1840 712 invenitur⁸'

167 754 355 835 falsificata,
378 752 456 816 licet
478 750 640 816 interdum
664 762 697 815 et
720 748 868 816 diabolus
885 771 965 814 vera
987 749 1076 815 dicat
1099 773 1158 814 seu
1173 751 1374 832 verisimilia,
1399 763 1434 815 ut
1456 752 1654 837 persuadeat
1676 775 1716 817 ea
1739 777 1823 840 quae

169 862 304 924 omnino
328 858 431 925 falsab
457 868 541 922 sunt.
576 858 726 922 Dicimus
744 879 821 943 ergo
838 880 961 939 secure,
979 859 1133 943 quoniam
1148 856 1209 922 hec
1226 859 1420 945 propositio:
1447 857 1617 923 ‘Diabolus
1634 883 1736 924 verax
1753 861 1822 943 est',

131 991 148 1028 s
170 968 304 1032 omnino
322 978 371 1031 est
386 967 478 1031 irrita
494 976 526 1030 et
541 963 633 1048 falsa,
657 964 763 1028 inanis
780 976 812 1028 et
828 986 848 1028 a
863 965 1000 1028 veritate
1016 985 1133 1044 vacua,
1150 964 1348 1050 suffragante
1365 963 1459 1028 nobis
1475 966 1659 1030 testimonio
1676 969 1823 1033 veritatis

170 1074 214 1138 de
238 1076 309 1160 ipso
335 1071 464 1138 diabolo
488 1073 669 1152 testantis⁰,
700 1075 777 1158 quia
800 1072 937 1136 utendum
959 1086 1003 1136 eat
1025 1085 1052 1135 ct
1068 1086 1164 1157 puter
1187 1074 1254 1136 eitra
1277 1087 1306 1136 ct
1334 1072 1411 1157 quia
1441 1075 1476 1136 ia
1499 1075 1627 1138 raritate
1649 1098 1711 1138 uon
1732 1079 1822 1140 stetit.
1842 1099 1962 1148 nasu.

281 1181 326 1246 Ut
355 1181 455 1266 igitur
484 1179 526 1242 ad
555 1201 639 1259 rem,
672 1177 712 1242 de
744 1201 809 1264 qua
838 1199 944 1241 sermo
976 1189 1038 1258 est,
1074 1175 1261 1259 redeamus,
1293 1177 1547 1264 unumquodque
1572 1183 1824 1246 'sacramentum
1843 1208 1911 1250 *tet

170 1301 223 1353 est
245 1289 340 1374 quasi
365 1285 551 1374 quoddam‘l
580 1295 683 1350 totum
706 1286 885 1370 integrum,
916 1282 1015 1348 habet
1039 1285 1125 1347 enim
1149 1297 1258 1370 partes
1282 1285 1518 1366 constitutivas,
1542 1285 1672 1371 quando
1696 1287 1825 1353 accedit

170 1393 312 1459 verbum
346 1393 389 1458 ad
423 1392 618 1457 elementum
653 1403 686 1455 et
718 1391 756 1456 fit
789 1401 1039 1455 sacramentum.
1092 1387 1195 1455 Verbi
1233 1392 1352 1476 gratia,
1389 1415 1462 1456 cum
1500 1390 1686 1478 baptizabit
1720 1397 1822 1481 aquis,

122 1525 150 1562 ιο
170 1501 234 1566 hoc
258 1500 413 1566 verbum:
446 1501 514 1587 Epo
545 1501 664 1564 babtizo
694 1513 721 1564 ta
752 1501 786 1563 iu
817 1501 939 1562 rio-nu'ue
961 1497 1070 1562 Putris
1098 1513 1126 1562 et
1149 1497 1236 1562 Filii
1256 1513 1284 1563 et
1307 1498 1449 1585 Spiritus
1478 1503 1593 1582 suncti,
1624 1501 1752 1566 accedit
1782 1502 1824 1567 ad

171 1632 257 1695 aque
281 1606 420 1672 visibilis
452 1607 657 1686 elementum,
686 1615 718 1668 et
747 1604 783 1668 lit
812 1602 985 1668 invisibilis
1016 1605 1119 1689 gratie
1151 1617 1399 1687 sacramentum,
1430 1604 1471 1669 de
1495 1604 1597 1670 verbo
1628 1605 1764 1672 audibili
1793 1621 1824 1674 et

171 1738 258 1801 aqua
281 1713 404 1779 visibili
433 1724 588 1799 tanquam
619 1711 660 1776 de
683 1710 830 1798 partibus
857 1710 1083 1798 principaliter
1105 1711 1320 1776 constitutivis
1351 1712 1540 1798 perfectum.
1586 1713 1671 1778 Num
1696 1724 1823 1781 ceterae

171 1845 299 1908 preces,
324 1843 409 1907 quae
432 1819 487 1884 illa
510 1822 575 1884 iam
599 1819 688 1883 dicta
711 1816 835 1882 verba⁰
859 1818 1041 1904 precedunt
1063 1817 1115 1881 vel
1138 1830 1307 1900 secuntum
1334 1830 1365 1882 et
1389 1829 1498 1883 cetera
1521 1842 1604 1906 quae
1627 1833 1737 1907 preter
1760 1822 1823 1887 ele-

170 1938 317 1993 mentum
347 1950 452 2015 aquae
483 1927 548 1991 illic
579 1925 729 1991 adhiberi
759 1925 913 1990 sollemne
944 1923 997 1990 vel
1027 1927 1181 1989 usitatum
1211 1937 1269 2006 est,
1301 1935 1336 1990 ut
1365 1924 1472 1990 oleum
1502 1949 1560 1990 seu
1591 1928 1710 1992 crisma
1737 1929 1824 2015 quod

125 2059 152 2097 is
172 2035 335 2100 babtismo
360 2035 549 2120 permisceri
574 2033 665 2114 solet,
689 2032 818 2118 aliaque
835 2030 1019 2096 huiusmodi
1036 2055 1101 2096 non
1117 2042 1191 2096 sunt
1206 2032 1405 2118 principales
1421 2033 1473 2096 vel
1491 2035 1697 2099 constitutive
1714 2046 1823 2122 partes

174 2141 377 2206 babtismalis
397 2142 601 2222 sacramenti,
626 2139 685 2203 sed
708 2137 822 2220 selum,
839 2148 874 2202 ut
889 2138 969 2220 dixi,
994 2138 1055 2202 hoc
1071 2137 1224 2203 verbum:
1249 2139 1319 2228 Epo
1335 2141 1453 2205 babtiw
1477 2154 1504 2205 te
1528 2143 1562 2205 iu
1577 2145 1701 2207 reorrriae
1716 2142 1824 2208 Patrai
1874 2211 1877 2218 ,

172 2265 200 2314 et
224 2251 312 2314 Filii
333 2265 361 2314 et
384 2248 526 2336 Spiritus
548 2251 660 2328 euracli,
689 2246 772 2310 ritef
797 2245 958 2310 accedens
989 2245 1031 2309 ad
1055 2244 1250 2310 elementum
1280 2268 1364 2332 aque
1389 2246 1556 2310 constituit
1586 2258 1823 2314 sacramentum

171 2358 346 2442 integrum,
377 2356 446 2419 sive
474 2356 509 2417 in
536 2353 676 2417 ecclesia
699 2354 768 2417 sive
792 2362 886 2417 extra
909 2351 1082 2416 ecclesiam
1106 2353 1153 2416 sic
1178 2351 1361 2418 celebretur
1384 2376 1466 2440 eque
1494 2353 1685 2440 perfectum.
1731 2355 1824 2420 Haec

172 2461 276 2526 verba
302 2461 425 2526 visibili
452 2483 539 2547 aque
571 2458 758 2524 adhibenda
788 2481 853 2522 non
887 2457 929 2523 ab
960 2459 1105 2544 apostolo
1141 2470 1197 2524 aut
1226 2460 1385 2546 propheta
1416 2469 1489 2524 sunt
1519 2459 1658 2526 ecclesie
1689 2461 1824 2545 tradita3

127 2595 154 2632 aa
172 2570 232 2634 sed
256 2569 397 2655 desuper
420 2578 583 2649 contexta,
614 2567 753 2632 textrice
783 2551 854 2652 ipsa
878 2566 944 2629 Dei
975 2567 1145 2650 sapientia,
1177 2567 1260 2630 sicut
1283 2577 1315 2630 et
1337 2566 1393 2630 illa
1416 2564 1528 2649 verba,
1553 2589 1616 2654 que
1640 2591 1739 2656 super
1762 2569 1824 2634 ele-

173 2687 318 2741 mentum
341 2677 434 2763 panis
459 2676 574 2739 etvini
594 2673 697 2738 effusa
713 2673 889 2737 conficiunt
912 2695 1029 2758 corpus
1054 2683 1086 2736 et
1109 2674 1300 2758 sanguinem
1317 2672 1449 2754 Christi,
1473 2674 1636 2760 desuper‘
1653 2687 1727 2740 sunt
1750 2699 1825 2740 con·

173 2795 264 2848 texta
286 2806 346 2869 per
366 2793 478 2847 totum.
513 2781 544 2846 A
568 2781 635 2846 sole
660 2781 747 2844 enim
764 2763 892 2844 Christo
917 2779 1088 2844 exordium
1110 2777 1224 2844 habuit
1247 2791 1383 2866 utraque
1407 2779 1548 2863 traditis,
1573 2791 1639 2846 tam
1664 2780 1846 2857 babtisma,

172 2890 365 2978 perficiendi
388 2912 486 2976 quam
510 2911 628 2975 corpus
652 2897 684 2952 et
708 2887 900 2971 sanguinem
922 2888 1025 2973 ipsius
1050 2886 1254 2968 conficiendi,
1273 2893 1345 2973 ‘per
1364 2886 1420 2951 illa
1442 2888 1593 2952 nimirum
1611 2887 1723 2970 verba,
1741 2911 1824 2976 quae
1845 2916 1920 2959 ruer.

174 2998 214 3061 de
239 2999 341 3084 ipsius
358 2996 479 3061 Christi
502 3018 559 3060 ore
583 3007 657 3059 sunt
679 2995 819 3080 primum
842 2993 967 3079 prolata
989 2993 1043 3056 vel
1066 2990 1123 3056 ubi
1146 2990 1309 3056 babtisma
1331 2994 1470 3058 instituit
1488 2993 1617 3059 dicens:
1643 2996 1699 3077 Ite,
1714 2998 1825 3062 ,docete
1844 3022 2001 3074 usitatae.

129 3129 155 3168 ss
174 3130 279 3170 omncs
300 3120 413 3192 parites,
437 3106 624 3168 bubtr'zuutea
648 3127 699 3167 eoa
722 3105 756 3166 iu
779 3104 903 3166 bairaina
917 3100 1027 3166 Patrue
1043 3115 1070 3165 ct
1088 3101 1175 3166 Filii
1188 3115 1216 3164 et
1231 3099 1373 3187 Spiritus
1395 3105 1505 3166 eoacti.
1541 3100 1603 3165 Vel
1626 3100 1682 3166 ubi
1707 3123 1824 3189 corpus

174 3221 207 3274 et
230 3212 423 3296 sanguinem
446 3233 539 3274 suum
557 3209 596 3273 de
613 3230 708 3294 pane,
734 3207 797 3271 deh
813 3208 889 3270 vino
913 3207 1063 3288 confecit,
1088 3216 1121 3269 et
1144 3205 1312 3293 discipulis
1336 3209 1413 3288 suis,
1438 3219 1474 3272 ut
1497 3207 1651 3294 idipsum
1669 3209 1843 3291 facerent,-

174 3319 322 3404 precepit
345 3317 473 3381 dicens:
498 3317 568 3380 Hoc
584 3318 691 3404 facite
715 3318 748 3379 iu
772 3340 870 3379 urceum
897 3317 1238 3379 'comittemorutioucua
1287 3313 1381 3394 Quae
1406 3325 1514 3378 autem
1538 3314 1590 3378 vel
1615 3316 1647 3378 in
1672 3314 1825 3380 babtismi
1844 3343 1980 3392 rueram.

174 3423 228 3488 vel
257 3425 292 3487 in
321 3425 419 3488 misse
450 3421 669 3487 celebratione
699 3421 774 3485 huic
806 3419 986 3501 traditioni,
1017 3418 1092 3484 huic
1123 3418 1224 3484 verbe
1257 3431 1478 3484 consummato
1508 3444 1568 3507 per
1599 3419 1762 3492 Christum
1793 3433 1825 3486 et

175 3529 366 3595 adbreviata
390 3529 660 3616 superadduntur,
692 3550 758 3591 non
781 3529 885 3612 magis
908 3527 1073 3613 perimunt
1094 3527 1311 3610 integritatem
1336 3539 1623 3608 sacramentorum,
1652 3530 1679 3591 si
1703 3540 1824 3614 preter-

130 3663 156 3701 ω
174 3639 354 3719 mittuntur,
378 3659 440 3701 nec
463 3636 646 3723 perficiunt,
671 3637 697 3698 si
722 3633 895 3715 adduntur,
920 3633 1030 3720 quaml
1052 3635 1230 3698 orationem
1254 3655 1297 3697 ex
1320 3634 1450 3698 nomine
1474 3635 1536 3698 ach
1552 3633 1653 3700 verbo
1678 3645 1826 3700 constan-

175 3755 240 3807 tem
263 3746 427 3832 perimunt
450 3765 508 3807 seu
531 3742 705 3828 perficiunt
727 3741 872 3828 reliquae
897 3740 1050 3804 orationis
1075 3751 1182 3825 partes
1207 3740 1412 3828 appendicis,
1435 3741 1565 3827 dempta
1581 3741 1635 3805 vel
1659 3741 1780 3806 addite.

283 3849 439 3937 Cogimur
451 3851 536 3914 enim
552 3871 638 3912 nuuc
651 3847 762 3913 talium
777 3869 906 3933 quoque
922 3848 1090 3911 neniamm
1103 3848 1150 3911 uti
1167 3845 1386 3914 similitudine.
1420 3846 1506 3912 Olim
1519 3850 1639 3934 quippe
1655 3871 1721 3913 non
1736 3859 1825 3914 tanto
1875 3891 1876 3894 =

175 3959 347 4022 exterioris
371 3966 530 4043 apparatu
547 3955 673 4020 decoris
690 3956 862 4018 missarum
878 3953 1046 4017 sollemnia
1066 3952 1325 4036 celebrabantur,
1349 3976 1412 4018 nec
1436 3952 1479 4018 ab
1495 3977 1559 4020 uno
1576 3953 1722 4041 quolibet
1743 3955 1826 4022 haec

175 4067 280 4130 onmis
304 4063 447 4150 religiosi
478 4061 626 4148 obsequii
657 4063 762 4147 gratia
786 4071 1010 4125 consummata
1034 4071 1066 4124 et
1088 4060 1248 4146 perpolita
1273 4071 1331 4125 est.
1377 4061 1553 4126 Pontifices
1577 4085 1717 4148 namque
1742 4065 1827 4128 sacri

131 4196 157 4236 ae
175 4170 349 4259 splendida
370 4171 515 4235 Romane
547 4168 633 4258 sedis
664 4169 835 4232 luminaria
865 4169 950 4231 sicut
980 4167 1117 4231 diversis
1148 4167 1347 4253 temporibus
1371 4167 1570 4250 affulsenmt,
1602 4171 1648 4233 ita
1670 4170 1826 4256 paulatim

176 4278 274 4343 studii
298 4279 348 4342 sui
372 4276 518 4342 claritate
542 4285 746 4340 venustatem
776 4275 871 4338 huius
902 4274 1051 4338 salutaris
1082 4273 1182 4340 officii
1211 4274 1435 4360 perfecerunt3
1468 4285 1500 4340 et
1523 4277 1607 4339 sicut
1630 4276 1784 4341 traditum
1808 4300 1828 4340 a

175 4385 319 4450 Domino
342 4407 402 4471 per
424 4383 562 4469 Meysen
586 4381 737 4446 sacrificii
762 4383 882 4444 veteris
906 4381 1052 4445 ordinem
1077 4382 1231 4467 precipue
1256 4381 1367 4445 David
1391 4393 1423 4446 et
1446 4381 1597 4448 Salemen
1622 4383 1827 4448 sacerdotum

176 4505 208 4556 et
231 4491 403 4556 levitarum
434 4491 624 4569 ministerio,
655 4499 824 4552 cantorum
854 4487 1024 4573 multiplici
1055 4510 1199 4570 numero,
1230 4487 1427 4574 psalmorum
1458 4488 1643 4554 divinorum
1672 4490 1826 4576 tripudio,

175 4598 288 4686 templi
311 4597 363 4662 vel
387 4597 497 4661 altaris
525 4594 642 4660 illustri
672 4595 776 4681 gloria
804 4616 1035 4680 sacrorumque
1059 4593 1264 4658 multitudine
1288 4617 1440 4659 vasorum
1464 4594 1666 4681 splendidius
1690 4596 1826 4683 amplifi-

131 4731 158 4768 ιο
177 4715 344 4788 caverunt,
370 4705 417 4768 sic
440 4703 595 4768 traditum
618 4725 638 4766 a
660 4702 803 4766 Domino
827 4698 999 4765 mirabilek
1022 4701 1099 4765 novi
1124 4701 1275 4765 sacrificii
1299 4702 1396 4765 ritum
1419 4723 1479 4787 per
1502 4703 1622 4788 primes
1649 4704 1826 4789 ‘apostolos
1845 4731 1874 4771 ι.
1912 4757 1919 4770 .

176 4823 291 4877 sancta
312 4811 460 4876 Romana
491 4809 631 4874 ecclesia
661 4809 852 4894 suscipiens,
883 4807 1037 4892 religiosa
1066 4806 1132 4872 fide
1163 4807 1349 4893 amplexata
1379 4818 1438 4890 est,
1469 4807 1558 4872 fideli
1589 4832 1667 4873 cura
1698 4833 1826 4874 conser-

176 4920 276 5000 vavit,
308 4917 454 5004 diligenti
485 4926 646 5005 apparatu
676 4916 856 4996 exornavit,
888 4913 1076 5000 proferens¹
1103 4913 1144 4978 de
1168 4913 1319 4978 thesauro
1343 4937 1407 4978 -suo
1439 4937 1524 4978 nova
1554 4916 1685 5001 pietatis
1716 4929 1825 4981 monu-

176 5036 325 5106 mentam,
350 5024 515 5112 quoddam
530 5024 620 5088 velut
642 5046 684 5086 ex
708 5043 787 5086 auro
811 5018 1041 5107 lapidibusque
1064 5021 1221 5106 preciosis
1245 5020 1389 5106 religiosi
1413 5020 1512 5086 officii
1529 5033 1641 5087 sancto
1666 5009 1825 5088 sacrificio

176 5131 349 5198 fabrefecit
377 5131 539 5213 diadema,
570 5129 646 5194 dum
677 5128 761 5192 alius·
787 5128 1006 5205 Romanorum
1035 5126 1224 5212 pontificum
1255 5127 1434 5192 antifonam
1463 5128 1507 5192 ad
1536 5130 1712 5212 introitum,
1744 5130 1826 5194 alius

131 5264 158 5302 se
176 5241 274 5304 Kim'e
297 5241 429 5326 elapsae,
460 5237 542 5301 alius
569 5239 684 5302 Gloria
708 5239 743 5300 iu
766 5237 906 5314 cacabus,
937 5245 1035 5319 atque
1066 5233 1148 5297 alius
1179 5232 1268 5298 aliud
1297 5234 1332 5296 in
1355 5236 1455 5298 missa
1481 5236 1620 5300 instituit
1643 5236 1826 5301 canendum

177 5347 229 5411 vel
253 5345 427 5411 dicendum
449 5367 514 5409 non
538 5343 670 5431 quidem
694 5341 736 5406 ad
760 5340 944 5427 augendum
968 5339 1049 5404 illud
1071 5341 1203 5404 unicum
1227 5352 1476 5422 sacramentum,
1502 5341 1560 5405 sed
1584 5341 1627 5406 ad
1645 5343 1826 5408 ornandum

176 5437 323 5542 eiusdem
354 5451 549 5517 sacramenti
580 5450 702 5516 cultum
733 5449 971 5513 divinissimum
1002 5458 1035 5511 et
1065 5446 1108 5510 ad
1137 5433 1360 5511 venerandum
1391 5447 1554 5532 singulare
1586 5449 1781 5514 sacrificium
1805 5473 1826 5515 a

284 5657 311 5713 a)
333 5659 374 5703 est
393 5655 455 5703 23.
527 5647 554 5710 b)
577 5669 597 5700 s.
616 5651 634 5700 t'.
655 5653 679 5700 3.
744 5647 770 5708 c)
792 5649 971 5699 contestantis
990 5649 1014 5698 2.
1089 5645 1116 5702 dt
1139 5649 1274 5712 qnondam
1295 5650 1319 5698 2.
1392 5645 1418 5708 c)
1441 5647 1483 5700 vel
1503 5649 1601 5699 odim.
1673 5649 1695 5712 f)
1715 5651 1781 5700 deest
1802 5653 1825 5700 l.

176 5743 206 5808 g)
227 5743 293 5792 dcem
311 5745 335 5793 3.
433 5742 461 5802 h)
483 5749 510 5791 et
529 5743 553 5790 2.
650 5737 671 5800 i)
694 5755 775 5803 qrram
795 5737 1025 5788 —similitudine
1051 5737 1292 5802 iuniury.add.l.
1384 5735 1413 5798 k)
1434 5737 1584 5788 mirabilem
1605 5739 1629 5788 ⁸2.
1721 5737 1739 5800 l)
1762 5755 1822 5805 pro-

132 5832 322 5896 auferensque
342 5834 366 5882 2.
439 5829 475 5890 m)
498 5831 662 5882 monimenta
685 5831 707 5878 1.
