4426 6398
554 369 740 440 Mortuum
762 368 906 428 exulus
929 369 960 426 ὃς
983 369 1200 436 LAUBEN'III
1225 367 1475 428 OPUSCULUM.

675 555 740 638 Qui
764 567 989 622 concrematus
1012 554 1142 643 ignibus

621 662 712 730 Odor
734 664 905 730 suavitatis
929 673 1011 747 θεῖ’,

558 786 594 836 50
673 769 728 834 Ex
750 769 850 834 rivab
874 769 1001 836 faetus⁰
1025 769 1164 836 hostiae.

619 1088 710 1154 Eone
733 1088 870 1154 desertis
893 1089 979 1155 redit
1000 1111 1022 1153 a
1044 1088 1207 1156 Florinis¹

618 1195 678 1261 Ille
701 1217 875 1283 precursor
897 1196 1032 1262 Domini
1054 1195 1227 1278 Iohannes,

618 1302 770 1367 Afferens
794 1304 929 1368 scissam
953 1304 1107 1386 tunicam,
1131 1301 1246 1368 cameli

672 1408 804 1475 Vellere
827 1420 962 1476 textam.
1059 1479 1060 1482 ,

575 1532 591 1582 t
619 1516 694 1582 Non
718 1527 789 1582 erat
811 1539 959 1604 sponsus,
984 1515 1043 1582 sed
1065 1517 1190 1581 amicus
1214 1516 1315 1599 eius2,

518 1672 521 1680 .
618 1623 663 1689 Et
684 1634 804 1706 temen,
829 1645 982 1711 sponsam
1005 1623 1084 1711 quio
1105 1621 1272 1708 diligebat,

619 1730 848 1796 Fomioatores
872 1740 905 1795 et
927 1728 1148 1796 adulterantes

675 1836 800 1904 Oderat
822 1858 944 1902 omnes.
1277 1907 1279 1910 ,

618 1944 758 2031 Propter
779 1943 851 2027 boo,
876 1944 926 2008 ira
948 1941 1121 2029 subigente
1144 1943 1239 2026 iusta,

559 2065 593 2117 10
621 2049 745 2133 ‘Sunt',
769 2051 824 2134 ait,
849 2051 948 2116 ‘iuste
971 2051 1108 2116 nimium
1131 2047 1273 2138 querele,

622 2157 712 2240 Quas
736 2159 804 2243 agit
826 2157 980 2222 coniunx.
1026 2155 1153 2222 Poteris
1176 2155 1336 2242 malignos

672 2264 795 2329 Vivere
818 2262 977 2328 meobos‘l
1117 2316 1119 2320 .
1261 2335 1263 2338 ,

622 2371 704 2454 Quis
727 2371 820 2454 ferat,
844 2368 932 2458 quod
954 2369 1125 2453 Leodium,
1148 2368 1277 2436 fidelis⁰

621 2476 747 2544 Civitas
771 2476 945 2565 quondum,
970 2477 1123 2564 Symouia
1145 2476 1252 2542 forum
1275 2475 1342 2542 sit?

559 2601 592 2650 tt
621 2583 704 2651 Cum
727 2595 784 2650 tua
807 2605 927 2671 sponsa
949 2583 1046 2650 modo
1068 2581 1218 2649 vendidit
1240 2605 1292 2648 me

672 2690 834 2757 Venditor
855 2688 941 2756 illel.

621 2796 709 2880 Quid
732 2796 829 2863 modo
853 2819 974 2882 cessas,
998 2797 1129 2882 Petre‘‚
1153 2798 1209 2884 qui
1232 2795 1362 2864 solebas

619 2903 762 2970 Fortiter
783 2902 948 2991 quondam
971 2903 1080 2990 gladio
1103 2902 1211 2987 ferire,

619 3009 695 3076 Non
717 3009 826 3075 ferens
848 3031 974 3097 pennas
998 3009 1150 3098 Symonis
1173 3033 1331 3098 proeaees

559 3133 593 3182 20
673 3115 752 3181 Alta
775 3115 933 3182 subirei⁴

618 3222 713 3288 Mitte
737 3223 803 3288 iam
825 3221 920 3290 verbi
943 3222 1085 3290 iaculum
1107 3224 1267 3311 potentis:

618 3329 686 3396 Uo
710 3328 809 3394 cadat
830 3353 941 3395 rursus
964 3329 1131 3396 redivivus
1155 3329 1265 3414 bostis,

619 3435 760 3519 Quando
783 3436 884 3502 iudex
907 3447 972 3501 tom
995 3437 1158 3524 patienter
1180 3458 1292 3503 omnes

672 3543 786 3608 Portat
808 3543 984 3631 iniquorh‘.

557 3667 591 3718 to
620 3651 674 3714 ‘In
697 3650 762 3715 Dei
785 3648 908 3732 verbo’,
931 3649 1048 3723 Petrus
1070 3652 1185 3738 inquit,
1210 3655 1365 3739 ‘unquam

619 3757 674 3822 Nil
697 3779 804 3843 agam,
827 3753 922 3821 verbi
944 3755 1007 3820 nisi
1035 3757 1077 3821 sit
1097 3755 1256 3822 voluntas.

619 3863 745 3950 Nempe
769 3864 796 3927 si
819 3861 928 3946 vellet,
952 3861 1049 3928 modo
1072 3863 1289 3930 vindicassem

672 3971 728 4035 Me
751 3991 881 4058 quoque
904 3980 1023 4036 tecum.
1063 4041 1064 4044 Ἴ

620 4078 673 4142 Tu
695 4076 789 4143 vides
811 4075 921 4143 illum¹
947 4075 1083 4144 Bronii¹¹
1104 4075 1273 4160 latronem,

558 4199 593 4250 30
621 4182 687 4264 Qui
709 4183 823 4249 domus
847 4182 957 4250 eleves
981 4184 1058 4270 quia
1079 4206 1145 4249 non
1167 4182 1320 4268 babebat,

619 4290 764 4355 Presulis
786 4289 862 4377 palo
886 4289 949 4356 sibi
973 4289 1084 4355 clausa
1106 4289 1219 4356 subtus

674 4397 805 4462 Limina
827 4395 955 4462 fodit'5.

301 4636 328 4701 a)
348 4656 371 4688 o.
382 4639 427 4688 49.
446 4645 471 4688 et
489 4637 531 4688 50.
550 4637 579 4688 in
596 4635 682 4687 erdem
699 4635 774 4685 liaeo.
864 4631 893 4696 b)
909 4631 1020 4699 fortem
1037 4633 1102 4684 vivo
1120 4633 1292 4684 mnieierrdam
1308 4641 1353 4685 ert.
1443 4633 1469 4696 o)
1490 4634 1519 4684 in
1538 4635 1588 4686 loeo
1606 4651 1671 4685 roeo.
1762 4630 1791 4696 d)
1811 4637 1850 4686 orl

156 4757 159 4760 ·
192 4728 260 4790 inde,
278 4727 345 4794 quod
361 4726 428 4777 hano
444 4725 572 4792 stropium
586 4732 661 4791 poeto
678 4721 850 4789 imperfectam
866 4722 970 4788 reliquit
984 4737 1064 4788 neqroe
1080 4729 1198 4774 mmo
1213 4739 1330 4774 omarum
1342 4724 1464 4775 tlt—50.
1479 4723 1556 4789 pedes
1573 4722 1676 4788 ryllodia
1692 4724 1848 4775 mammuti-

192 4818 237 4868 bru
254 4817 294 4868 vel
308 4815 491 4877 morientibus,
509 4821 540 4864 ut
555 4830 634 4879 surpra
651 4812 738 4863 solitar
755 4819 798 4872 eat,
816 4810 955 4872 soritium,
981 4811 1026 4861 tori
1049 4810 1109 4862 lireio
1131 4812 1238 4862 sororini
1262 4820 1397 4863 moenum
1421 4829 1524 4862 monam
1548 4829 1599 4862 ron
1621 4813 1847 4864 messanenses.

147 4926 176 4964 ro
194 4903 220 4968 e)
240 4907 356 4958 o.13.et
374 4906 416 4955 14.
435 4904 463 4954 in
475 4902 560 4954 eodem
578 4903 660 4964 liam
678 4901 715 4950 ito
732 4900 761 4952 ia
778 4899 824 4952 boo
840 4898 951 4950 somnino
968 4899 1068 4965 saepius
1084 4899 1216 4967 rhythmos
1232 4899 1353 4965 omissum
1370 4910 1412 4952 ert.
1466 4899 1488 4963 I)
1508 4902 1620 4954 oPetre
1633 4918 1669 4966 c.¹;
1688 4901 1755 4967 qaod
1766 4909 1848 4952 tomen

192 5012 249 5046 eom
272 5003 350 5046 metro
370 5000 480 5060 prrqrrot.
569 4987 598 5056 g)
625 4997 652 5041 et
669 5008 690 5040 o.
787 4986 816 5051 b)
841 5003 929 5055 nquos
952 4987 1006 5039 olio
1027 5005 1118 5040 monor
1136 5005 1199 5040 corr.
1218 4991 1335 5055 iniquos.
1425 4988 1446 5051 i)
1471 5007 1550 5040 mona
1571 4990 1705 5040 resentiore
1727 5007 1848 5055 stipem.

194 5081 223 5146 li)
243 5091 382 5150 morsurus
399 5099 453 5132 uno
471 5081 555 5133 littero
572 5095 643 5130 oraro
661 5086 685 5128 et
703 5079 786 5129 litmo
805 5093 828 5128 o.

304 5292 332 5376 1)
351 5295 400 5369 Cf.
418 5297 515 5355 cllroo.
532 5315 555 5355 r.
573 5294 694 5352 Huberti
708 5294 853 5372 Andopin.
871 5294 945 5352 eto
962 5287 1048 5370 (82),·
1068 5293 1123 5352 SS.
1138 5292 1219 5366 VIII,
1238 5314 1272 5371 p.
1291 5294 1365 5352 602.
1401 5293 1545 5360 Iohannes
1560 5293 1696 5371 Baptista
1705 5303 1850 5370 patronus

194 5403 359 5464 monaterii
381 5402 560 5462 Floriuenair
576 5401 648 5475 suit.
741 5391 772 5481 2)
798 5399 847 5474 C's.
868 5400 929 5460 Iolr.
953 5401 982 5472 3,
1006 5400 1058 5458 29.
1150 5392 1180 5477 3)
1206 5401 1337 5460 Florioia
1362 5399 1490 5460 Otdertus
1514 5398 1698 5464 &lateam
1723 5400 1848 5460 oddotem

148 5527 177 5568 eo
195 5511 392 5582 wmtiarorat5
415 5510 456 5582 cs.
481 5508 578 5568 odron.
602 5530 626 5567 s.
643 5507 765 5566 Huberti
786 5509 805 5564 l.
827 5508 846 5565 l.
938 5500 968 5585 4)
987 5505 1036 5579 C'f.
1053 5507 1126 5565 Acta
1148 5528 1171 5565 r.
1189 5506 1270 5564 Petri
1284 5507 1358 5565 Lino
1376 5525 1478 5584 popae
1499 5507 1628 5583 ascripto
1651 5527 1675 5566 o.
1694 5507 1753 5575 105
1776 5506 1848 5566 Aeta

196 5616 364 5676 Sanctorum
380 5615 458 5676 Iunii
479 5624 499 5674 t.
518 5617 551 5688 V,
569 5636 604 5692 p.
622 5615 695 5672 42⁹1.
775 5607 805 5694 5)
821 5613 879 5672 ffic
896 5612 1025 5673 Otbertao
1041 5611 1265 5674 Guironundom
1288 5613 1461 5684 intrarent,-
1484 5614 1581 5674 odron.
1597 5635 1624 5672 a
1642 5613 1763 5674 Huberti
1777 5616 1795 5671 l.
1813 5616 1848 5682 l.,·

195 5723 298 5782 Pomm
319 5722 484 5781 monosterii
504 5721 673 5782 Bronierrsis
689 5726 835 5797 panorm
850 5720 922 5794 soit.
