4568 6428
452 370 493 432 10
669 374 862 431 semrom
885 375 937 429 os
961 373 1140 429 uranos
1163 370 1277 428 mssa
1299 357 1582 426 uxonuroaun
1606 347 1884 425 sacauooru'u.

451 579 479 629 et
500 563 682 627 medullitus
706 587 745 625 ea
767 575 826 626 toto
851 561 943 625 corde
967 563 1150 646 compatior,
1168 573 1304 646 paterno
1327 559 1442 644 affectu
1465 559 1595 622 obtestor
1617 571 1708 642 atque
1732 554 1859 633 umdeo,
1888 567 1922 617 ut
1944 554 2004 617 ab*
2034 553 2098 616 illi-

451 673 512 734 cita
535 694 567 734 se
591 671 722 754 quisque
746 669 958 731 communione
981 665 1153 753 susspendat
1175 680 1203 730 et
1225 689 1302 750 quos
1325 665 1499 751 apostolica
1521 663 1610 728 sedes
1637 665 1672 727 in
1695 663 1849 725 consortio
1874 661 2100 723 communionis

450 801 525 840 suae
548 800 610 839 non
633 771 802 861 respicit,
833 776 958 838 omnino
982 774 1138 860 resep-iat,
1169 797 1206 836 ne
1236 771 1308 835 inde
1337 795 1408 835 reus
1435 785 1505 834 ante
1533 783 1727 855 compertum
1755 770 1856 831 eterni
1876 765 1995 831 iudicis
2019 765 2100 829 unde

448 897 572 969 poterat
593 882 719 946 salvari
739 883 895 945 romescot.
942 878 1117 963 Accipiunt
1140 878 1238 941 etiarn
1262 875 1342 940 illud
1365 875 1544 939 Zachariae
1569 896 1654 960 pape
1679 873 1722 937 ad
1742 871 1949 936 Bonifacium
1964 870 2099 956 Mogon-

451 989 629 1053 tiaoensem
653 988 879 1072 episeopum1:
907 985 986 1063 eris
1009 985 1124 1049 babens
1146 986 1275 1069 sapiens
1298 1007 1351 1047 cor
1366 1007 1417 1046 eos
1440 985 1558 1046 estimet
1578 981 1763 1060 sacerdotes,
1788 982 1847 1064 qui
1866 1003 1963 1063 neque
1987 1004 2006 1040 a
2023 978 2133 1064 for-e

451 1096 663 1160 remotionibus
692 1095 846 1158 abstinent
874 1116 971 1177 neque
1001 1092 1039 1155 ab
1071 1092 1221 1176 qffusione
1250 1091 1440 1176 sanquinis⁰
1476 1112 1587 1151 manus
1616 1101 1742 1151 serornn
1771 1086 1942 1150 innoxias?
1986 1085 2100 1161 Qursee

339 1228 433 1277 rear.
453 1225 558 1266 eorum
580 1203 753 1288 sacrificiis
776 1200 879 1262 Deum
902 1198 1010 1262 credat
1036 1222 1100 1261 esse
1117 1193 1336 1282 placandumd
1364 1195 1483 1258 dicente
1504 1194 1680 1280 propbeta:
1710 1193 1838 1256 ‘Virum
1862 1195 2050 1278 sanquinum
2074 1205 2102 1254 et

453 1308 595 1372 dolosum
619 1307 852 1371 abominabitur
875 1303 1056 1368 Dominus?

562 1411 710 1492 Qualiter
740 1423 848 1474 autem
879 1409 920 1473 de
950 1408 1130 1472 manifestis
1161 1408 1268 1471 causis
1297 1405 1460 1491 agendum
1491 1405 1546 1486 sit,
1578 1405 1726 1490 quamvis
1756 1426 1821 1467 non
1851 1426 1966 1489 parum
1997 1425 2100 1488 usque

453 1518 549 1583 modo
581 1517 750 1582 videamur
780 1516 917 1596 dixisse,
953 1525 1062 1578 tamen
1086 1513 1166 1578 libet
1196 1512 1303 1577 adhue
1333 1512 1442 1598 aliqua
1475 1510 1664 1576 declarandi
1700 1512 1805 1596 gratia
1840 1533 1937 1596 super
1968 1509 2099 1573 addere.
2121 1541 2147 1579 10

356 1655 435 1695 ·r.1u.
453 1625 599 1689 Primum
622 1626 713 1688 iuvat
736 1623 886 1708 ‘proferri
917 1622 1110 1686 sententiam
1139 1621 1235 1706 primi
1258 1618 1395 1698 Nicolai‚
1428 1618 1468 1682 de
1499 1641 1563 1704 quo
1594 1619 1841 1680 insurrexerunt
1864 1619 1896 1680 in
1919 1639 1978 1680 nos
2001 1627 2100 1680 testes

312 1760 434 1810 rasura.
453 1732 557 1817 iniqui
588 1746 616 1795 et
642 1734 768 1796 mentita
799 1744 843 1794 est
873 1732 1026 1813 iru'quitas
1055 1730 1126 1792 sibi.
1179 1725 1333 1790 Nicolaus
1364 1747 1451 1811 papa
1477 1723 1600 1788 Karolo
1635 1725 1859 1809 imperatori-³:
1896 1724 2102 1788 Accusatores

285 1867 435 1917 spanaio.
453 1839 566 1902 babere
589 1837 775 1900 [rotharium
805 1861 866 1900 non
897 1838 967 1899 nitri
989 1837 1048 1920 qui
1074 1841 1255 1898 accusatore
1293 1835 1325 1896 in
1349 1833 1542 1918 Apocaltpsi
1562 1831 1715 1895 lobannis
1744 1832 1924 1918 appellatur
1956 1845 1984 1894 et
2006 1854 2101 1917 opera

455 1947 531 2024 eius,
564 1969 621 2028 que
645 1956 673 2006 et
696 1945 766 2028 ipsa
791 1942 929 2006 eiusdem
953 1943 1080 2026 critiqui
1101 1941 1197 2004 bostis
1221 1942 1369 2004 instinctu
1390 1953 1574 2025 patrantur,
1598 1939 1746 2023 profecto
1771 1940 1985 2022 comperimus.
2037 1937 2101 2013 ere

313 2080 434 2127 omaro.
455 2075 526 2115 vero
548 2050 722 2114 Lotbarius
746 2045 835 2126 reas,
867 2062 963 2111 vester
987 2072 1091 2132 nepos,
1119 2060 1277 2132 operatur,
1301 2059 1480 2110 accusatore
1502 2069 1564 2108 non
1589 2045 1736 2130 indiqent.
1784 2043 1962 2131 Manifesta
1985 2047 2102 2130 quippo
2121 2072 2146 2110 rs

454 2156 593 2242 apostolo
617 2169 687 2218 teste
710 2169 782 2218 sum
804 2177 899 2239 opera
923 2157 1040 2232 carnis,
1071 2179 1129 2238 que
1158 2167 1230 2216 srrnt
1245 2153 1436 2238 fornicatio,
1468 2151 1666 2214 inmundicia
1697 2151 1880 2235 etreliqua.
1929 2148 2010 2212 Item
2033 2150 2101 2213 Leo

453 2283 540 2348 papa
563 2260 666 2323 Leoni
691 2263 864 2344 august0³:
897 2258 961 2335 Que
978 2261 1144 2345 qratefucta
1167 2272 1241 2322 sunt
1263 2283 1412 2342 qemerere
1428 2271 1456 2320 et
1471 2282 1528 2341 que
1546 2258 1695 2344 perfecta
1717 2271 1789 2320 suut
1804 2271 1972 2320 retractare
1995 2270 2023 2320 et
2045 2283 2103 2342 que

453 2383 525 2432 sunt
548 2367 694 2455 diffinita
719 2367 900 2444 conuellere,
931 2365 1011 2450 quid
1040 2365 1134 2429 aliud
1161 2379 1213 2444 est,
1245 2389 1337 2450 quam
1370 2364 1407 2427 de
1438 2363 1562 2448 adeptis
1589 2366 1727 2450 qratiam.
1759 2387 1819 2426 non
1850 2365 1973 2451 referre
2004 2378 2032 2428 et
2060 2365 2105 2428 ad

455 2475 639 2539 interdictae
655 2474 781 2536 arboris
797 2473 899 2534 cibum
917 2473 1064 2556 inprobos
1086 2474 1242 2557 appetitus
1258 2471 1444 2558 mortiferae
1460 2469 1645 2554 cupiditatis
1661 2470 1846 2534 estendere?
1876 2469 1936 2532 His
1954 2471 2104 2555 congruit

455 2578 533 2643 illud
558 2577 751 2663 exlegibus
775 2576 928 2640 Martiani
957 2577 1184 2661 imperatoris⁴
1207 2575 1249 2639 ab
1274 2575 1389 2639 eodem
1413 2597 1500 2661 papa
1521 2575 1634 2638 Leone
1664 2574 1878 2639 confirmatis:
1914 2575 2102 2642 Caesetium
2122 2603 2150 2643 so

450 2689 597 2775 profana
621 2688 782 2764 contentio,
806 2709 879 2747 narn
905 2708 973 2747 uere
997 2686 1115 2769 impius
1138 2699 1229 2768 atquo
1252 2683 1427 2768 sacrilequs
1451 2689 1503 2762 es't,
1534 2685 1593 2767 qui
1607 2697 1682 2768 post
1703 2683 1898 2746 sacerdotum
1922 2686 2103 2748 sententiam

455 2795 603 2880 opinioni
622 2817 697 2856 suae
720 2791 850 2876 aliquid
871 2789 1067 2854 tractandum
1098 2791 1257 2875 relinquit.
1305 2789 1453 2853 Eutrerne
1481 2792 1597 2874 quippe
1628 2789 1799 2853 dementiae
1828 2804 1872 2852 est
1894 2791 1929 2853 in
1951 2789 2054 2852 irradio
2078 2803 2106 2852 et

452 2901 621 2986 perspicuo
652 2899 704 2963 die
734 2899 980 2962 conunenticium
1012 2898 1115 2959 laurea
1144 2899 1313 2981 inquirere.
1371 2895 1525 2980 Quisquis
1555 2898 1635 2958 enim
1660 2911 1736 2981 post
1764 2899 1918 2960 ueritatem
1950 2910 2104 2980 repertam

455 3005 585 3091 aliquid
606 3006 737 3070 uberius
761 3005 898 3084 discutit,
923 3003 1119 3066 mendacium
1143 3005 1274 3087 quaerit.
1322 3000 1515 3064 Ambrosius
1540 3022 1637 3085 super
1661 3000 1829 3086 epistolam
1854 3001 1947 3064 Pauli
1976 3000 2018 3064 ad
2042 2999 2104 3064 Co-

302 3139 436 3182 nausea
455 3111 600 3206 rinthios,
625 3108 682 3174 ubi
706 3111 746 3174 de
771 3109 824 3173 illo
848 3109 964 3194 agitur,
990 3109 1045 3193 qui
1070 3130 1205 3171 [uxorem
1228 3109 1329 3192 patris
1354 3105 1475 3186 habuit,
1505 3107 1551 3168 ita
1575 3105 1722 3169 scribit5:
1759 3107 1887 3194 Coqnito
1911 3132 2002 3193 opere
2027 3107 2106 3172 dicit
2124 3134 2150 3174 rs

455 3220 614 3305 apostolus
631 3218 815 3304 pellendum
840 3218 930 3281 illum
946 3217 1056 3304 fuisse
1080 3215 1207 3278 deceta
1222 3216 1452 3301 fraternitatis.
1496 3211 1609 3276 llrrsrres
1632 3217 1714 3276 enirn
1738 3216 1855 3298 crimen
1878 3216 1946 3277 eius
1967 3216 2107 3278 sciebant

456 3340 484 3390 et
506 3350 567 3389 non
590 3325 769 3410 arquebant.
817 3321 946 3386 Publice
969 3323 1052 3385 enim
1083 3345 1246 3384 nouercam
1275 3344 1365 3383 suam
1395 3321 1460 3383 loco
1485 3322 1594 3383 umoris
1618 3319 1756 3398 babebat.
1789 3323 1822 3382 in
1852 3344 1914 3404 qua
1945 3345 1978 3385 re
2008 3344 2105 3404 neque

456 3433 582 3496 testibus
605 3455 682 3516 opus
706 3444 773 3494 erat
801 3453 897 3513 neque
928 3429 1181 3513 terqioersatione
1212 3426 1322 3511 aliqua
1346 3440 1473 3511 poterat
1502 3427 1571 3512 teqi.
1625 3422 1803 3509 Gregorius
1834 3447 1921 3511 papa
1942 3426 1969 3489 I.
2001 3425 2104 3490 Felici

457 3538 646 3623 episeoposs:
681 3536 860 3623 Manifesta
884 3547 1017 3620 peccata
1047 3557 1108 3596 non
1138 3547 1210 3596 srrnt
1236 3532 1354 3596 occulta
1390 3535 1577 3595 correctione
1595 3531 1779 3617 purqanda,
1810 3532 1867 3596 sed
1890 3534 2005 3619 palam
2034 3549 2107 3597 sunt

456 3644 615 3731 arquendi
635 3645 694 3728 qui
707 3643 822 3728 palam
846 3655 963 3719 nocent,
987 3654 1028 3719 ut,
1060 3639 1134 3702 darn
1158 3653 1267 3724 aperta
1299 3639 1513 3724 obiurqatione
1542 3652 1705 3716 sanantur,
1736 3639 1773 3701 bi
1793 3641 1852 3723 qui
1877 3664 1927 3702 eos
1951 3640 2150 3706 imitandam

457 3751 664 3836 deliquerant,
696 3750 904 3834 corriqantur.
959 3745 1045 3808 Dum
1076 3746 1158 3808 enim
1189 3769 1268 3807 renus
1298 3745 1485 3829 corripitur,
1514 3745 1628 3829 plures
1662 3745 1873 3822 emendantur.
1928 3744 1971 3808 Et
2005 3744 2103 3808 multi

456 3855 571 3920 melius
596 3866 654 3934 est,
679 3865 714 3917 ut
737 3875 796 3938 pro
820 3851 991 3915 multorum
1016 3848 1195 3912 salvatione
1219 3872 1302 3912 unus
1327 3848 1593 3934 condempnetur,
1619 3873 1716 3935 quarn
1739 3873 1799 3936 per
1822 3852 1917 3914 unius
1941 3851 2104 3916 licentiam

457 3962 549 4026 multi
572 3959 805 4048 periclitentur.
837 3955 954 4020 Melius
979 3966 1028 4018 est
1051 3956 1148 4035 enim,
1172 3967 1208 4018 ut
1230 3954 1306 4018 mali
1322 3955 1492 4018 manifeste
1510 3957 1721 4041 conigantur,
1747 3980 1844 4043 quam
1867 3979 1925 4042 pro
1942 3956 2004 4020 illis
2027 3957 2105 4021 boni

279 4070 438 4172 mm:
457 4079 603 4155 pereant.
651 4065 867 4150 ’Augustinus
892 4064 925 4125 in
950 4083 1097 4124 sermone
1122 4061 1234 4125 XIIII.
1260 4061 1300 4125 de
1324 4059 1434 4125 verbis
1458 4061 1592 4125 Domini
1616 4062 1941 4149 superMatheu1n⁷:
1975 4063 2015 4128 Si
2029 4089 2103 4151 pcc-

458 4190 560 4238 catum
592 4177 625 4238 in
648 4187 762 4237 secreto
786 4185 839 4251 cst,
870 4172 994 4254 corripe
1020 4171 1052 4232 in
1075 4182 1206 4250 secreto‚·
1236 4171 1269 4232 si
1282 4183 1447 4253 peccatum
1470 4170 1638 4254 publicum
1669 4185 1713 4234 est
1741 4185 1769 4233 et
1798 4185 1951 4255 apertum,
1978 4174 2105 4259 publice
2124 4196 2150 4236 ss

459 4283 594 4366 corripe,
624 4294 657 4342 ut
680 4294 707 4342 et
730 4279 786 4342 ille
809 4276 985 4341 emendetur
1010 4289 1038 4338 et
1060 4277 1155 4338 ceteri
1175 4277 1310 4338 timeant.
1358 4273 1449 4337 Idem
1474 4296 1572 4359 super
1601 4273 1760 4359 psalmum
1785 4273 1849 4338 0⁸:
1881 4277 2015 4364 Propter
2038 4305 2104 4344 eor·

458 4391 629 4474 reptionem
653 4400 787 4450 mnemrts
816 4408 872 4447 nos
903 4384 996 4446 etiam
1027 4407 1046 4444 a
1070 4382 1236 4467 fratribus
1259 4383 1374 4444 nostris
1405 4395 1433 4445 et
1462 4405 1528 4445 eum
1554 4383 1599 4445 eis
1623 4405 1684 4444 non
1707 4386 1920 4464 corsuioamur,
1951 4400 1984 4448 ut
2006 4388 2104 4450 corri-

566 4583 592 4646 ει)
612 4585 679 4636 deest
698 4585 771 4649 Greq.
843 4579 872 4643 b)
894 4582 992 4646 recipit
1013 4579 1086 4645 Grcq.
1154 4577 1180 4640 c)
1200 4581 1364 4644 sanguicum
1384 4579 1458 4629 heb.
1524 4575 1552 4638 d)
1574 4578 1711 4646 placatum
1731 4581 1806 4632 taen
1868 4581 1894 4642 e)
1916 4599 1973 4634 ecc.
1992 4584 2105 4634 fratrum

459 4676 514 4728 Nec.
587 4673 608 4734 i)
631 4670 663 4725 ur
681 4691 727 4725 rex
747 4690 809 4723 corr.
829 4688 850 4721 r.
870 4687 896 4721 u.
914 4688 934 4720 c.

569 4855 598 4924 1)
624 4855 692 4911 En.
717 4852 774 4922 111,
793 4873 826 4928 p.
846 4851 926 4920 303;
949 4850 1036 4924 Jaffi
1056 4849 1152 4905 2264.
1251 4849 1282 4920 2)
1308 4849 1400 4926 Epist.
1419 4851 1469 4908 55.
1494 4853 1536 4908 ad
1558 4851 1729 4908 Ludovieum
1752 4871 1853 4928 repom,
1881 4852 1981 4910 Mansi
2002 4862 2020 4910 t.
2038 4855 2105 4925 XV,
2125 4870 2151 4908 so

460 4967 509 5022 col.
529 4963 609 5030 330,·
632 4960 719 5034 Jaffe'
732 4958 826 5014 2884.
861 4958 907 5015 De
918 4958 1005 5029 falsa
1020 4955 1201 5031 inscriptione
1223 4976 1248 5012 o.
1266 4949 1396 5013 Stratus
1411 4959 1428 5014 l.
1446 4960 1464 5013 l.
1484 4977 1516 5032 p.
1534 4957 1605 5026 160,
1630 4978 1658 5014 n.
1675 4958 1701 5014 l.
1725 4966 1751 5014 et
1765 4959 1811 5016 De
1827 4959 1857 5016 S.
1875 4959 1990 5018 Nicolai
2003 4961 2064 5017 PP.
2082 4960 2105 5017 I.

460 5071 639 5146 epistolarum
663 5067 742 5124 codd.
767 5065 931 5140 quibusdam
954 5083 1018 5119 mss.
1043 5058 1175 5136 (Vratirl.
1204 5057 1300 5137 1882)
1323 5082 1356 5137 p.
1383 5062 1434 5119 22.
1558 5063 1588 5130 3)
1615 5064 1706 5139 Epist.
1735 5064 1805 5134 162,
1838 5085 1861 5121 c.
1889 5067 1915 5122 1.
1965 5065 2037 5142 Opp.
2063 5069 2105 5124 ed.

459 5172 840 5244 Battuiuiitcot.1339;
863 5170 949 5243 Jaffe'
962 5169 1035 5227 539.
1136 5169 1167 5236 4)
1193 5167 1285 5243 Epist
1309 5168 1501 5226 Valentiniani
1523 5178 1549 5227 et
1565 5171 1713 5227 Marciani
1734 5170 1764 5227 in
1780 5171 1840 5228 Act.
1859 5173 1955 5230 concil.
1975 5171 2105 5231 Cbalced.

459 5302 487 5338 a.
513 5281 586 5350 451,
611 5300 659 5354 ap.
684 5278 830 5347 Harduin,
856 5278 927 5333 Acta
950 5276 1047 5333 concil.
1071 5274 1112 5345 ΙΙ,
1131 5295 1164 5350 p.
1184 5274 1265 5343 659;
1295 5273 1368 5351 opp.
1394 5274 1424 5332 S.
1450 5276 1553 5333 Leonis
1576 5276 1599 5332 Ι.
1625 5278 1667 5334 ed.
1692 5277 1847 5334 Ballerinii
1868 5278 1924 5348 III,
1950 5281 2000 5337 col.
2026 5278 2088 5334 238
2097 5301 2107 5348 ;

460 5388 580 5456 Haemi,
607 5384 716 5462 Corpus
739 5387 827 5461 lequm
851 5392 917 5441 ante
932 5382 1119 5439 lastinianum
1142 5383 1265 5438 latarum
1288 5375 1418 5458 (Lipsiae
1435 5379 1532 5458 1857)
1548 5403 1580 5458 p.
1600 5383 1672 5440 255.
1751 5383 1781 5454 5)
1808 5383 1957 5443 Comment.
1981 5385 2107 5461 spurium
2126 5399 2152 5438 es

459 5494 488 5550 in
505 5494 582 5568 epist.
599 5493 641 5549 ad
663 5490 789 5549 Corinth
815 5489 838 5560 1,
864 5490 906 5546 cd.
923 5488 1031 5544 Bened.
1056 5487 1096 5556 tt,
1122 5486 1151 5557 2,
1177 5506 1210 5562 p.
1231 5486 1290 5542 127
1309 5487 1345 5544 Β.
1467 5487 1497 5558 6)
1522 5489 1646 5547 Decreta
1675 5491 1784 5566 spuria,
1813 5491 1967 5549 ffinsclrius
1984 5513 2017 5569 p.
2033 5491 2106 5548 752.

461 5599 491 5668 t)
518 5599 566 5671 Of.
592 5599 707 5674 Auqust.
731 5615 822 5653 sermo
846 5593 1004 5662 LXXXII,
1029 5613 1052 5650 c.
1072 5593 1110 5648 18
1127 5613 1180 5669 eq„
1205 5592 1278 5656 §10
1294 5612 1336 5668 sq.
1361 5595 1404 5651 ed.
1422 5594 1529 5652 Bened.
1553 5596 1585 5666 V,
1609 5598 1660 5654 col.
1679 5597 1752 5668 444,
1776 5597 1823 5654 ubi
1844 5597 1955 5667 dania,
1979 5600 2108 5657 sednon

460 5706 556 5763 cadem
580 5712 700 5761 exstant.
793 5700 824 5771 8)
850 5700 1012 5758 Enarratio
1035 5700 1064 5757 in
1082 5697 1211 5775 psalC,
1237 5719 1260 5756 c.
1286 5699 1315 5770 8,
1342 5697 1415 5775 Opp.
1433 5699 1487 5770 IV,
1513 5703 1563 5758 col.
1584 5702 1718 5760 108813.
