4418 6412
454 332 517 395 364
745 337 925 394 GERHOHI
948 337 1181 394 PRAEPOSITI
1204 335 1615 394 REICHERSBERGENSIS
1638 335 1805 391 LlBELLI.

354 549 432 600 aas.
451 527 558 612 potius
583 536 696 590 contra
710 525 783 606 hoc,
800 523 888 611 quod
903 523 1087 589 Antiooena
1110 535 1143 589 et
1166 524 1445 589 lerosolimitana¹
1470 523 1607 588 ecclesie
1632 523 1746 588 favere
1771 523 1926 587 dicuntur
1950 520 2108 607 ‘partibus

451 630 642 714 Alexandri,
667 654 730 718 que
754 653 880 712 causas,
905 633 1063 714 ateium,
1087 632 1256 717 utriusque
1280 633 1382 718 partis
1406 641 1517 716 utpote
1541 631 1756 694 transmarine
1785 628 1826 694 de
1850 629 2033 715 longinquo
2057 651 2111 713 per

450 739 671 803 internuncios
696 749 727 802 et
750 737 874 802 litteras
890 749 1051 802 noverunt
1074 749 1130 802 aut
1153 737 1236 803 forte
1253 739 1348 802 unius
1364 737 1468 802 solum
1484 738 1586 825 partis
1603 737 1765 801 maritima
1784 746 1817 801 et
1839 747 1954 822 portus
1972 735 2112 798 tenentis

450 844 662 930 allegationes
692 867 751 932 per
780 845 904 908 litteras
935 855 1153 930 agnoverunt,
1189 843 1321 909 alterius
1356 846 1497 908 minime.
1553 843 1644 908 Sicut
1676 865 1735 908 nos
1766 865 1913 930 quoque,
1950 842 2113 927 inquiunt,

450 952 593 1016 Victoris
618 961 650 1015 et
674 973 794 1032 eorum,
819 952 875 1037 qui
899 973 974 1016 cum
998 973 1036 1016 eo
1061 962 1145 1033 srmt,
1169 949 1380 1037 allegationes
1405 974 1460 1016 ore
1484 949 1527 1016 ad
1544 974 1579 1017 os
1604 951 1816 1037 cognovimus
1839 959 1872 1014 et
1889 951 1989 1036 quasi
2014 950 2143 1012 mani-s

450 1057 511 1123 bus
535 1059 568 1122 in
591 1058 768 1144 Papiensi⁸
793 1057 930 1122 concilio
954 1058 1235 1144 pertractavimus
1258 1058 1396 1123 aliorum
1419 1080 1497 1123 vero
1522 1057 1732 1144 allegationes
1755 1080 1815 1143 per
1837 1057 1952 1122 literas
1976 1065 2116 1138 tantum,

451 1176 484 1230 et
505 1166 594 1252 ipsas
618 1165 690 1230 aliis
714 1165 864 1246 directas,
896 1167 1089 1251 agnovimus
1113 1187 1162 1248 eo,
1187 1165 1275 1252 quod
1304 1166 1448 1230 invitatis
1471 1166 1618 1251 utrisque
1647 1163 1795 1250 partibus
1826 1162 1867 1227 ab
1900 1162 2118 1250 imperatoria

450 1273 619 1336 maiestate
654 1271 696 1336 ad
727 1271 901 1336 concilium
930 1272 1108 1358 Papiense,
1144 1282 1268 1337 semoto
1303 1273 1390 1336 omni
1425 1271 1565 1336 seculari
1599 1270 1734 1353 iudicis,
1768 1269 2009 1334 celebrandurn
2042 1291 2117 1348 una,

449 1378 632 1443 Alexandri
647 1377 811 1460 videlicet,
836 1401 912 1465 pars
933 1401 968 1442 se
990 1378 1127 1444 concilio
1152 1378 1324 1461 subtraxit,
1347 1402 1413 1443 non
1432 1380 1511 1464 quin
1535 1377 1701 1442 sufficiens
1726 1378 1755 1442 ei
1780 1377 1941 1442 securitas
1957 1375 2119 1440 veniendi

451 1496 484 1549 et
506 1485 675 1550 asserendi
698 1509 760 1572 que
783 1485 882 1550 vellet
905 1484 983 1550 data
1006 1484 1046 1550 ds
1069 1497 1162 1571 parte
1186 1487 1391 1572 imperatoris
1414 1486 1538 1567 fuisset,
1564 1485 1621 1550 sed
1639 1485 1716 1572 quia
1739 1482 1812 1568 sibi,
1836 1494 1872 1548 ut
1895 1485 2003 1563 aiunt,
2029 1482 2118 1546 suffi-
2138 1508 2162 1546 n

451 1594 540 1657 ciens
563 1593 597 1656 in
621 1615 655 1656 se
679 1594 752 1656 visa
775 1603 824 1657 est
847 1603 967 1679 etque
991 1615 1064 1658 cum
1088 1593 1128 1657 de
1153 1591 1302 1658 omnibus
1333 1591 1468 1658 haberet
1497 1592 1643 1658 iudicare
1668 1591 1797 1656 concilii
1825 1589 1938 1656 subire
1966 1612 2039 1654 non
2063 1589 2118 1653 de-

450 1698 544 1764 beret
566 1699 735 1764 iudicium.
1241 1681 1243 1686 ,

220 1795 283 1850 neb
304 1815 336 1884 90
357 1799 431 1864 <1⁰0⁶
556 1805 631 1870 Non
655 1807 701 1870 sic
725 1806 896 1889 Dominus,
927 1829 993 1870 non
1016 1807 1073 1871 sic.
1121 1806 1185 1889 Qui
1217 1829 1291 1872 cum
1321 1807 1363 1871 de
1394 1807 1631 1872 resurrectione
1659 1805 1863 1871 dubitaretur
1885 1827 1907 1869 a
1931 1803 2118 1889 discipulis,

220 1873 431 1992 ῑῗὲῑῗέξῗοξ.
451 1911 539 1998 apud
562 1935 643 1999 quos
667 1913 765 1976 etiam
780 1911 883 1976 verba
905 1912 1076 1977 mulierum
1099 1914 1328 1978 resturectioni
1353 1915 1421 1978 eius
1445 1915 1666 1978 attestantium
1690 1915 1784 2001 quasi
1807 1911 2030 1977 deliramenta
2045 1911 2119 1974 visa

233 2029 296 2064 ¹¹⁰¹ss
315 2012 423 2079 optulit.
452 2029 535 2101 sunt,
565 2042 641 2102 non,
672 2020 815 2105 inquam,
846 2020 893 2084 sic
918 2020 1078 2084 Dominus
1110 2019 1342 2107 discipulorum
1373 2021 1548 2086 conventui
1578 2021 1611 2084 in
1634 2019 1825 2084 infidelitate
1850 2027 2018 2106 prostrato
2044 2039 2116 2104 pre-
2137 2041 2160 2080 a

452 2127 589 2191 sentiam
619 2148 711 2190 suam
742 2124 909 2209 subduxit,
941 2125 999 2190 sed
1029 2138 1117 2190 stans
1147 2127 1181 2190 in
1205 2127 1313 2192 medio
1337 2149 1448 2192 eorum
1473 2124 1622 2191 omnibus
1647 2127 1693 2190 eis
1718 2149 1752 2190 se
1776 2127 1884 2212 ipsum
1915 2148 1982 2190 non
2009 2124 2116 2189 solum

294 2257 432 2306 nuaram.
451 2233 639 2316 videndum,
664 2232 721 2296 sed
746 2243 777 2296 et
800 2232 1000 2319 palpandum
1015 2231 1164 2298 exhibuit
1179 2233 1308 2298 dicens:
1334 2235 1467 2321 Pulsate
1491 2248 1519 2299 et
1542 2234 1651 2315 videte,
1676 2236 1753 2320 qaia
1774 2235 1910 2320 spiritus
1933 2257 2065 2297 carnem
2089 2247 2118 2296 et

452 2364 522 2405 osso
545 2365 607 2405 non
630 2341 728 2418 habet,
751 2343 833 2405 sicot
855 2365 901 2405 me
920 2341 1032 2406 uidetis
1048 2341 1169 2406 dobere.
1207 2340 1272 2422 Qui
1296 2351 1328 2405 et
1352 2363 1386 2405 se
1410 2341 1445 2404 in
1460 2340 1515 2404 via
1531 2339 1698 2426 discipulis
1715 2337 1842 2403 duobus
1866 2336 2115 2403 ambulantibus

322 2471 432 2511 auae.
451 2447 567 2529 iunxit,
591 2469 700 2510 coram
725 2445 853 2532 quibus,
878 2447 938 2510 etsi
962 2469 996 2510 se
1020 2445 1148 2533 longius
1172 2445 1215 2511 ad
1238 2459 1365 2534 tempus
1389 2447 1485 2511 finxit
1508 2447 1565 2529 ire,
1597 2447 1730 2510 intravit
1757 2457 1965 2510 tamencum
1990 2443 2058 2508 illis
2082 2453 2116 2508 et

303 2577 432 2626 asnaa.
451 2554 485 2616 in
508 2553 666 2618 fractione
689 2553 783 2639 panis
807 2554 936 2639 agnitus
960 2563 1018 2618 est.
1066 2552 1132 2619 Sed
1159 2576 1266 2640 neque
1290 2577 1390 2618 unum
1413 2553 1645 2640 discipulorum
1669 2553 1828 2618 Thomam
1859 2553 1892 2616 in
1915 2549 2115 2615 infidelitate
2134 2576 2159 2614 a

452 2658 635 2746 relinquere
651 2658 762 2742 voluit,
780 2661 858 2746 quin
881 2661 989 2746 potius
1005 2660 1175 2725 vulnerum
1199 2683 1330 2724 suorum
1355 2661 1524 2726 cicatrices
1548 2662 1579 2724 ei
1601 2657 1783 2748 palpandas
1807 2658 1946 2724 offerens
1970 2655 2115 2722 infideli-

452 2766 526 2830 tatis
549 2786 614 2830 non
638 2764 741 2830 solum
764 2765 859 2848 illius,
891 2765 950 2831 sed
973 2777 1081 2832 nostre
1106 2789 1235 2854 quoque
1259 2766 1435 2832 dubietatis
1466 2767 1499 2830 in
1523 2788 1561 2832 co
1585 2767 1703 2831 vulnus
1734 2767 1871 2831 sanavit.
1919 2763 1988 2830 Cur
2013 2766 2117 2851 igitur

452 2895 516 2937 non
540 2895 614 2936 eum
636 2871 828 2937 Alexander
856 2874 976 2938 imitari
998 2873 1111 2957 voluit,
1141 2875 1232 2939 cuius
1262 2875 1340 2939 dum
1370 2885 1507 2961 papatus
1530 2873 1754 2961 phantasticus
1777 2897 1842 2938 non
1871 2873 1922 2956 sit,
1947 2894 2053 2959 quare
2079 2894 2116 2936 se

453 2977 589 3044 ecclesie
613 2979 647 3043 in
670 2978 808 3044 concilio
832 2979 994 3044 adunatae
1017 2979 1195 3045 videndum
1219 2992 1252 3046 et
1274 2979 1475 3068 palpandum
1497 3002 1562 3045 non
1586 2978 1725 3068 prebuit,
1750 2980 1879 3045 dicens:
1904 2978 2056 3066 ‘Palpate
2082 2989 2116 3042 et

451 3085 570 3169 videte,
596 3086 672 3172 quia
696 3086 811 3151 electio
841 3097 980 3174 papatus
1010 3090 1075 3151 mei
1106 3110 1237 3152 carnem
1262 3097 1294 3152 et
1317 3110 1393 3152 ossa
1413 3087 1522 3170 habet,
1548 3109 1622 3152 ossa
1648 3088 1801 3152 nimirum
1830 3088 1864 3150 in
1889 3084 2115 3174 spiritualium
2134 3111 2160 3150 ss

273 3217 432 3266 arontam
453 3191 699 3276 collaudatione,
724 3215 838 3258 carnes
854 3216 932 3258 vero
956 3195 990 3258 in
1011 3193 1123 3281 populi
1138 3195 1277 3259 Romani
1300 3193 1574 3259 acclamationel’
1611 3193 1721 3275 Quare
1738 3193 1854 3258 videns
1877 3193 1991 3279 lupum
2015 3192 2113 3278 fugit,

453 3300 508 3386 qui
538 3321 572 3364 se
602 3309 767 3386 pastorem
796 3300 985 3386 legitimum,
1017 3300 1115 3365 alium
1139 3323 1218 3366 vero
1247 3300 1360 3387 lupum
1391 3299 1550 3388 agnovit?
1598 3300 1708 3383 Quare
1738 3323 1803 3364 non
1833 3301 1940 3387 potius
1967 3298 2113 3363 Paulum

452 3406 634 3493 apostolum
656 3407 799 3471 imitatus
823 3417 872 3471 cst
895 3407 1056 3472 veniendo
1080 3407 1133 3472 vel
1157 3407 1292 3472 idoneos
1315 3407 1440 3494 legatos
1464 3406 1508 3472 ad
1531 3407 1705 3472 concilium
1729 3417 1761 3471 et
1784 3429 1918 3472 causam
1941 3429 2036 3470 suam
2053 3428 2114 3470 ex·

287 3537 432 3587 senuas.
452 3513 612 3600 ponendo,
645 3514 729 3578 siout
757 3513 811 3578 ille
835 3513 983 3578 ascendit
1004 3514 1227 3579 lerosolimam
1251 3513 1294 3580 ad
1317 3514 1480 3602 apostolos
1504 3524 1537 3579 et
1560 3514 1695 3580 contulit
1718 3537 1792 3579 cum
1817 3515 1863 3577 eis
1888 3511 2111 3599 euangelium,

453 3618 540 3707 quod
562 3619 755 3706 predicabat
783 3621 817 3684 in
840 3619 1002 3707 gentibus,
1033 3643 1074 3684 ne
1098 3621 1180 3685 forte
1211 3621 1246 3685 in
1268 3644 1408 3686 vacuum
1433 3632 1579 3686 curreret
1602 3631 1658 3686 aut
1680 3619 1903 3686 cucurrisset?
1950 3618 2021 3684 Cur
2043 3642 2113 3684 non
2132 3647 2158 3686 so

452 3727 595 3791 imitatus
612 3737 661 3792 est
677 3727 809 3792 Petrum
833 3727 1014 3813 principem
1031 3726 1260 3814 apostolorum,
1285 3727 1504 3792 submittendo
1528 3750 1563 3791 se
1588 3727 1708 3792 iudicio
1731 3727 1922 3791 inferiorum
1946 3727 2111 3814 archicpi-

452 3855 634 3920 scoporum,
659 3833 813 3898 videlicet
836 3845 868 3898 et
892 3835 1119 3920 episcoporum
1144 3833 1345 3920 aliorumque
1362 3833 1500 3898 ecclesie
1524 3845 1663 3921 patrum,
1688 3833 1849 3921 siquidem
1872 3833 1936 3916 ille,
1961 3831 2020 3898 ubi
2043 3857 2112 3898 non

321 3965 432 4006 aaran.
451 3951 539 4005 recte
563 3938 751 4023 ambulavit,
776 3939 818 4004 ad
833 3941 1004 4004 veritatem
1021 3940 1183 4027 euangelii
1199 3964 1266 4005 non
1281 3939 1455 4006 recusabat
1474 3940 1515 4006 de
1539 3963 1574 4005 se
1591 3940 1746 4005 iudicium
1770 3962 1805 4004 se
1828 3940 1996 4026 arguentis
2012 3940 2113 4006 Pauli

451 4046 669 4133 apostolorum
692 4045 865 4110 mininri‘l‘²
911 4045 1008 4127 Quod
1032 4048 1059 4110 si
1083 4070 1182 4111 causa
1205 4048 1285 4130 eius,
1310 4047 1425 4113 electio
1449 4046 1604 4112 videlicet
1626 4048 1751 4111 insum
1773 4046 1870 4129 sacta,
1895 4069 2007 4112 coram
2032 4070 2110 4112 con-

452 4154 525 4218 cilio
549 4152 743 4239 allegatione
767 4154 974 4218 convenienti
999 4155 1149 4240 exposita
1178 4153 1220 4224 ab
1244 4154 1360 4219 eodem
1384 4153 1521 4218 concilio
1545 4153 1684 4240 probata
1707 4163 1739 4218 et
1762 4153 1953 4218 confirmata
1979 4154 2109 4236 fuisset,
2130 4179 2155 4220 rs

450 4259 605 4345 gaudium
629 4259 833 4345 provenisset
856 4260 1036 4324 aecclesiae
1060 4262 1243 4344 universae,
1267 4283 1335 4347 pax
1359 4271 1391 4325 et
1414 4261 1521 4324 unitas
1545 4272 1577 4324 et
1601 4258 1777 4324 concordia
1800 4260 1951 4325 scismate
1975 4261 2110 4347 penitus

451 4366 593 4431 excluso.
641 4365 696 4431 Sic
727 4367 813 4430 enim
836 4366 952 4431 Victor
981 4367 1022 4432 ad
1046 4367 1218 4431 concilium
1243 4369 1343 4450 venit,
1373 4377 1409 4430 ut
1439 4389 1573 4431 causam
1603 4389 1694 4431 suam
1725 4367 1953 4453 episcoporum
1983 4366 2109 4432 iudicio

352 4498 430 4548 sart.
450 4471 574 4558 absque
604 4473 798 4537 retractione
829 4471 1042 4538 submitteret.
1092 4473 1202 4555 ‘Quod
1231 4475 1257 4539 si
1285 4471 1477 4538 Alexander
1506 4473 1593 4538 idem
1623 4473 1764 4556 fecisset,
1796 4472 1876 4559 quid
1904 4473 1969 4537 nisi
1999 4475 2109 4538 unitas

449 4580 600 4644 scismate
625 4577 772 4643 submoto
793 4580 1022 4665 provenisset?
1056 4579 1196 4666 insuper
1211 4603 1290 4646 vero
1315 4591 1347 4646 et
1371 4581 1432 4646 hoe
1455 4579 1643 4667 temporalis
1668 4580 1875 4645 emolumenti
1899 4580 2108 4646 commodum

448 4683 656 4750 subsecutum
679 4685 804 4768 fuisset,
829 4684 917 4772 quod
940 4685 1119 4772 quilibete
1144 4685 1270 4752 duobus
1302 4688 1335 4751 in
1365 4710 1486 4774 papam
1516 4686 1558 4752 ab
1589 4688 1753 4774 episcopis
1783 4689 1970 4773 recognitus
2001 4699 2034 4752 et
2065 4687 2106 4752 ab
2126 4713 2152 4751 to

448 4793 640 4878 imperatore
670 4791 913 4858 notificantibus
944 4794 1106 4880 episcopis
1138 4793 1253 4858 fuisset
1282 4806 1433 4882 receptus
1456 4817 1534 4858 mox
1564 4804 1597 4859 et
1625 4795 1660 4858 in
1683 4795 1879 4880 patrimonia
1901 4793 1992 4859 beati
2015 4795 2106 4859 Petri

447 4909 601 4985 tanquam
625 4921 761 4985 sponsus
791 4899 955 4986 legitimus
985 4901 1019 4964 in
1043 4923 1160 4986 sponse
1184 4899 1273 4965 bona
1296 4901 1412 4965 fuisset
1440 4900 1643 4966 introductus
1666 4900 1719 4965 vel
1742 4902 1957 4985 intromissus,
1981 4911 2018 4965 ut
2041 4923 2106 4966 non

446 5027 581 5070 necesse
605 5004 740 5070 haberet
763 5006 927 5093 stipendia
949 5017 1088 5093 papatus
1115 5009 1164 5072 sui
1188 5007 1241 5072 vel
1265 5007 1381 5094 gladiis
1405 5007 1582 5094 pugnando
1599 5007 1652 5072 vel
1675 5007 1903 5094 undecumque
1927 5007 2105 5073 mutuando

447 5124 479 5176 et
502 5112 702 5198 expiscando
727 5115 933 5200 conquirere,
957 5125 1013 5178 aut
1037 5125 1136 5197 certe,
1162 5115 1248 5200 quod
1273 5125 1322 5180 est
1346 5114 1468 5198 durius,
1492 5114 1569 5179 licet
1600 5114 1780 5179 secundum
1804 5114 1913 5179 Deum
1936 5116 2048 5198 tutius,
2072 5115 2105 5178 in

446 5220 575 5283 nomine
600 5228 632 5283 et
656 5219 812 5305 dignitate
844 5218 975 5285 sublimi
998 5221 1087 5286 victu
1112 5221 1274 5286 cotidiano
1299 5220 1432 5286 destitui
1456 5231 1488 5286 et
1512 5221 1554 5286 ad
1577 5220 1723 5286 ultimam
1748 5223 1845 5286 immo
1870 5231 1902 5286 ct
1924 5221 2011 5285 infra
2034 5220 2105 5285 ulti·
2124 5245 2148 5285 a

555 5417 581 5480 a)
604 5421 764 5486 papa-piensi
782 5437 803 5470 c.
876 5417 905 5482 b)
926 5421 1003 5471 atinio
1023 5421 1049 5471 in
1068 5439 1147 5487 story.
1167 5439 1187 5472 c.

558 5583 585 5654 1)
612 5581 661 5655 Cf.
685 5582 828 5640 Helmoldi
852 5582 956 5641 Clrroa.
983 5584 1060 5641 Sion.
1087 5583 1111 5654 I,
1141 5604 1163 5641 c.
1188 5583 1238 5655 90,
1272 5584 1326 5641 SS.
1352 5583 1435 5656 XXI,
1462 5606 1495 5661 p.
1519 5585 1579 5654 82,·
1611 5585 1691 5643 Will.
1716 5585 1796 5660 Tyrii
1818 5585 1892 5642 Hist.
1917 5586 2104 5660 Hierosolym.

445 5688 563 5760 XVIII,
591 5689 642 5761 29,
667 5691 709 5746 cd.
735 5689 769 5746 Ρ,
788 5690 876 5748 Poris
900 5687 1000 5767 (Paris
1018 5687 1115 5764 1880)
1140 5689 1180 5761 II,
1203 5710 1233 5766 p.
1253 5691 1312 5747 241
1333 5711 1374 5767 sq.
1453 5690 1483 5762 2)
1511 5690 1560 5763 Cf.
1587 5692 1679 5767 Epist.
1704 5693 1746 5749 ad
1768 5692 1879 5750 cardia.
1904 5694 1922 5748 l.
1939 5693 1958 5748 1.
1978 5713 2012 5769 p.
2032 5691 2104 5748 370.
