4418 6412
565 394 618 448 DE
642 391 977 450 INVESTIGATIONE
1000 391 1254 448 ANTICHRISTI
1276 393 1351 448 1..1.
1729 389 1792 451 347

124 581 255 646 occisio
273 581 430 668 Syrorum
454 579 622 668 prophete,
646 580 724 645 licet
746 578 995 667 inculpabiliter,
1019 579 1206 666 imputatur,
1231 579 1417 644 sacerdotes
1441 580 1631 667 euangelica
1647 582 1793 646 cantatis

125 687 349 774 perpendant,
374 697 497 775 quanta
520 709 554 752 se
578 686 748 773 diligentia
771 708 903 752 servare
926 685 1069 751 debeant
1091 709 1111 750 a
1135 687 1303 772 sanguinis
1333 709 1399 751 non
1428 687 1532 752 solum
1562 689 1703 774 negotio,
1735 687 1793 754 sed

125 796 234 858 etiam
258 795 460 882 quaestione.
502 794 548 858 At
570 793 718 880 plerique
741 795 849 858 minus
872 791 933 858 hec
957 793 1196 880 perpendentes
1219 815 1280 858 usu
1303 794 1457 858 nimimm
1480 795 1633 880 antiquae
1658 817 1792 860 consue-

124 901 257 966 tudinis
286 902 412 966 inducti
435 900 488 965 vel
511 902 681 987 potestatis
712 899 908 964 sublimioris
940 899 1102 964 desiderio
1134 900 1263 964 attracti
1294 899 1447 965 ducatum
1478 902 1655 987 sanguinis,
1680 903 1791 989 utique

83 1029 101 1068 s
124 1009 265 1094 negotio
289 1007 478 1090 obnoxium,
501 1007 554 1072 vel
578 1007 677 1072 aliam
692 1007 885 1093 dignitatem
902 1007 1061 1071 eiusmodi
1085 1005 1230 1092 regalem
1246 1004 1405 1070 laicaliter
1428 1029 1447 1071 a
1470 1006 1603 1093 regibus
1627 1009 1793 1094 accipiunt

126 1115 337 1202 eandemque
361 1117 425 1202 ipsi
448 1113 678 1179 nichilominus
694 1113 853 1178 laicaliter
868 1113 1059 1200 impertiunt
1081 1112 1133 1176 vel
1158 1123 1246 1177 certe
1270 1112 1303 1177 in
1319 1113 1460 1178 minores
1475 1125 1652 1200 potestates
1669 1115 1791 1203 disper-

126 1222 219 1316 tiunt
248 1220 476 1288 benedictione
508 1219 701 1286 sacerdotali
732 1221 861 1285 interim
889 1221 1089 1306 quiescente.
1137 1218 1225 1300 Quid
1255 1221 1354 1304 igitur
1378 1220 1418 1284 de
1442 1220 1499 1285 tali
1523 1221 1692 1287 sacerdote
1717 1224 1791 1287 esti-

125 1328 289 1394 mandum
313 1337 371 1410 est,
399 1329 437 1408 si,
461 1339 619 1414 utsupra
649 1327 828 1408 docuimus,
859 1349 974 1391 manus
1004 1325 1162 1413 prophete
1194 1325 1343 1391 manibus
1373 1329 1461 1413 regia
1492 1330 1696 1415 superposita
1726 1352 1789 1394 non

128 1434 238 1499 solum
262 1457 282 1498 a
304 1436 463 1520 sanguine
488 1433 644 1521 Syrorum
667 1433 770 1498 effuso
795 1433 903 1498 aliena
930 1443 1077 1515 nonest,
1109 1433 1167 1498 sed
1191 1434 1222 1498 ei
1245 1433 1298 1498 vel
1321 1435 1463 1499 maxime
1488 1435 1609 1500 occisio
1634 1434 1789 1522 Syrorum

68 1566 102 1604 ro
128 1563 194 1626 pro
217 1541 302 1606 illius
325 1543 480 1628 temporis
511 1543 636 1606 ratione
666 1539 908 1626 inculpabiliter
937 1539 1139 1627 imputatur?
1184 1540 1309 1604 Vemm
1333 1541 1421 1627 quod
1444 1564 1502 1628 pro
1526 1540 1611 1606 illius
1636 1544 1789 1628 temporis

128 1649 260 1712 ratione
283 1650 316 1713 in
333 1647 557 1713 sacerdotibus
574 1647 709 1712 Domini
731 1669 796 1711 non
817 1646 921 1712 solum
943 1646 1152 1734 inculpabile,
1178 1647 1236 1712 sed
1260 1659 1292 1712 et
1314 1647 1479 1714 laudabile
1502 1647 1564 1714 fuit
1579 1648 1734 1714 videlicet
1756 1651 1789 1712 in

128 1754 243 1840 gladio
258 1765 440 1841 perentam,
465 1757 497 1818 in
515 1754 778 1819 christinianismi
803 1753 985 1818 sacerdotio
1009 1754 1105 1840 culpa
1129 1756 1227 1818 etiam
1243 1754 1417 1819 sacerdotii
1433 1756 1652 1841 peremptoria
1677 1778 1788 1821 carere

127 1885 199 1926 non
222 1859 372 1926 arbitror.

436 1990 490 2050 40.
523 1985 799 2071 Augmentum
823 1984 1014 2050 scandali
1039 1997 1078 2050 et
1102 1985 1148 2050 de
1172 2007 1274 2050 nece
1297 1985 1484 2050 Arnoldi.
1807 2011 1859 2063 (a).

71 2135 108 2174 rs
239 2111 349 2198 Auget
371 2134 449 2176 vero
473 2120 506 2176 ct
529 2111 590 2175 hoc
614 2109 803 2174 scandalum
819 2109 944 2197 pusillis
961 2109 1092 2193 Christi,
1112 2110 1200 2196 quod
1223 2109 1308 2174 idem
1325 2111 1390 2174 iam
1407 2111 1486 2175 dicti
1509 2113 1611 2176 nostri
1634 2113 1789 2199 temporis

129 2219 279 2304 episcopi
311 2218 455 2282 decimas
486 2217 631 2303 aliasque
663 2215 843 2281 oblationes
872 2217 1016 2281 fidelium
1051 2218 1084 2280 in
1114 2240 1208 2280 usum
1239 2216 1312 2281 Deo
1343 2218 1553 2282 servientium
1585 2228 1616 2282 ct
1646 2219 1788 2283 maxime

128 2325 233 2388 vitam
250 2347 453 2389 communem
478 2325 665 2410 degentium
688 2345 749 2387 nec
773 2347 837 2388 non
862 2323 998 2387 aliorum
1018 2345 1199 2410 pauperum
1216 2323 1374 2388 ecclesiae
1390 2323 1456 2388 Dei
1480 2323 1616 2389 traditas
1640 2326 1703 2411 ipsi
1728 2325 1788 2391 sub

128 2430 244 2496 usibus
261 2431 381 2495 diuinis
398 2431 577 2496 alienantes
600 2429 717 2496 laicale
733 2429 929 2496 beneficium
949 2430 1073 2495 faciunt
1096 2439 1138 2512 et,
1161 2430 1248 2494 unde
1271 2431 1396 2494 minimi
1413 2429 1534 2496 Christi
1557 2455 1597 2496 ac
1613 2432 1687 2496 Deo
1705 2433 1788 2497 mili-

128 2547 238 2602 tantes
262 2539 368 2602 iuvari
392 2537 581 2620 debuerant,
605 2548 642 2601 ut
664 2560 759 2602 nemo
790 2538 894 2601 ineis
919 2559 1019 2623 egens
1049 2537 1260 2618 inveniretur,
1291 2536 1367 2600 inde
1397 2536 1518 2602 mundo
1549 2538 1725 2602 militantes
1750 2561 1788 2603 ac

81 2672 110 2710 so
132 2667 314 2732 pauperum
339 2667 549 2731 oppressores
573 2644 707 2709 ditantl.
745 2642 842 2724 Quod
864 2645 977 2730 utique
999 2643 1182 2708 voluntarie
1206 2643 1373 2726 facientes,
1398 2643 1477 2730 quid
1501 2643 1589 2709 aliud
1613 2667 1710 2731 quam
1734 2644 1788 2709 de-

131 2751 324 2816 solationem
347 2750 546 2838 pauperibus
570 2749 691 2815 Christi
713 2750 786 2815 Deo
811 2749 1024 2815 militantibus
1046 2750 1206 2815 inducunt
1229 2752 1340 2837 sicque
1365 2749 1640 2815 abominationem
1664 2751 1788 2817 desola-

131 2859 237 2941 tionis,
263 2858 350 2945 quod
373 2857 488 2922 deesse
504 2856 686 2939 videbatur,
710 2857 845 2943 implere
869 2879 927 2942 pro
952 2880 1011 2922 sua
1033 2859 1181 2944 portione
1206 2857 1382 2944 satagunt?
1428 2857 1513 2922 Nam
1530 2857 1617 2944 qnod
1642 2859 1788 2946 episcopi

130 2963 264 3052 regibus
295 2965 438 3029 hominia
466 2965 590 3028 faciunt
613 2974 645 3028 et
668 2963 710 3028 ab
734 2964 806 3028 aliis
830 2965 1006 3052 accipiunt,
1032 2964 1184 3051 quodque
1209 2987 1267 3050 pro
1291 2964 1456 3050 regalibus
1480 2964 1665 3030 obtinendis
1689 2987 1787 3051 nego-

131 3072 186 3136 tiis
215 3094 249 3136 se
277 3071 479 3136 secularibus
508 3070 677 3157 implicant
706 3080 738 3135 et
769 3071 810 3136 ad
840 3082 1055 3136 commeatum
1086 3069 1235 3136 ducendo
1265 3071 1420 3136 miliciam
1450 3083 1590 3159 pergunt
1622 3084 1654 3136 et
1678 3083 1787 3136 cetera

84 3204 112 3244 as
132 3178 292 3243 eiusmodi
314 3177 479 3264 regalibus
503 3177 685 3242 obediendo
710 3179 873 3264 preceptis
897 3188 1086 3260 execuntur,
1111 3177 1350 3263 quantumlibet
1376 3178 1618 3265 inculpabiliter
1641 3189 1672 3243 et
1696 3180 1785 3243 inno-

132 3297 243 3350 center
259 3285 374 3350 eadem
390 3287 510 3372 exequi
534 3285 693 3368 studeant,
718 3307 779 3371 ego
803 3283 845 3348 ad
861 3285 1023 3349 senariam
1046 3285 1143 3348 immo
1169 3295 1201 3348 et
1224 3286 1473 3370 sexagenariam
1497 3284 1585 3349 illam
1603 3285 1786 3350 cubitorum

132 3391 334 3457 altitudinem
357 3393 520 3479 portinere
545 3390 693 3473 arbitror,
718 3391 761 3456 ad
784 3414 882 3478 qnam
905 3391 1060 3476 templum
1085 3414 1127 3454 ex
1150 3413 1263 3477 regum
1280 3392 1454 3456 Persarum
1471 3403 1504 3456 et
1519 3391 1689 3456 Medorum
1710 3415 1785 3457 con·
1805 3415 1957 3468 sareas.

132 3501 279 3563 cessione
310 3523 330 3563 a
359 3499 435 3563 Iesu
466 3499 634 3563 sacerdote
665 3521 783 3583 magno
815 3508 846 3562 et
876 3496 1060 3562 Zorobabel
1090 3497 1173 3562 duce
1204 3497 1287 3563 Iuda
1317 3497 1512 3562 fabricatum
1543 3511 1601 3580 est,
1630 3498 1785 3563 videlicet

131 3605 240 3670 media
262 3617 354 3692 parte
377 3607 495 3692 prioris
525 3605 610 3670 illius
639 3605 840 3670 celsitudinis
865 3609 922 3668 ‘ex
946 3627 1058 3689 regum
1088 3605 1289 3669 institutione
1321 3603 1439 3669 ablata.
1487 3604 1656 3691 Siquidem
1681 3606 1785 3669 omnis
1804 3629 1880 3680 aas.

87 3739 114 3779 so
131 3713 193 3776 ista
217 3735 259 3776 ex
282 3712 440 3799 regalium
464 3714 673 3776 concessione
702 3712 862 3776 ecclesiae
886 3711 951 3775 Dei
981 3711 1176 3796 proveniens
1208 3711 1365 3776 celsitudo
1397 3711 1439 3776 ad
1469 3713 1589 3776 senarii
1621 3711 1784 3798 decuplati

131 3817 275 3883 laborem
298 3819 439 3905 pertinet
462 3841 578 3906 parum
608 3829 663 3883 aut
693 3841 795 3905 prope
825 3817 925 3882 nichil
956 3817 996 3882 de
1021 3818 1181 3904 spirituali
1205 3816 1407 3883 sabbatismo
1433 3820 1467 3882 in
1490 3818 1654 3905 plerisque
1679 3841 1783 3882 saeer-

132 3925 261 3990 dctibus
292 3948 463 4013 superesse
494 3927 603 3990 sinens
633 3924 839 4012 mediamque
870 3935 996 4010 partem
1026 3924 1202 4011 spiritualis
1232 3923 1318 3989 illius
1347 3925 1548 3990 celsitudinis
1575 3924 1783 4006 detruncans,

132 4055 193 4119 que
217 4055 277 4119 per
300 4031 397 4096 CXX
421 4030 546 4098 cubitos
576 4033 692 4119 prioris
721 4031 834 4119 templi
864 4031 1053 4114 altitudinis,
1077 4043 1235 4117 utsupra
1266 4033 1487 4119 exposuimus,
1519 4031 1701 4118 significata
1725 4040 1783 4096 est.

236 4138 281 4204 At
296 4162 374 4204 vero
391 4140 509 4204 senarii
526 4139 587 4203 hec
603 4138 798 4226 mysterialis
814 4139 977 4225 quantitas
993 4139 1027 4202 in
1043 4137 1138 4202 domo
1155 4138 1230 4221 Dei,
1255 4161 1318 4225 que
1336 4149 1384 4204 est
1400 4139 1550 4220 ecelesia,
1574 4161 1639 4202 non
1664 4137 1705 4201 ad
1722 4138 1783 4202 hoc

87 4273 112 4313 ao
130 4245 267 4332 proficit,
288 4257 324 4310 ut
346 4246 461 4311 domus
477 4246 542 4311 Dei
565 4245 674 4310 taliter
690 4245 839 4309 ordinata
862 4245 977 4309 domus
993 4245 1058 4309 Dei
1081 4267 1146 4309 non
1170 4246 1221 4326 sit,
1246 4244 1304 4310 sed
1327 4245 1472 4332 presules
1497 4267 1608 4309 earum
1631 4268 1696 4308 non
1721 4246 1784 4309 sint

130 4354 286 4439 episcopi,
309 4353 582 4440 quemadmodum
599 4351 732 4439 quidam
754 4362 864 4416 nostro
887 4361 1044 4438 tempore,
1068 4351 1232 4416 Amoldus
1255 4354 1386 4417 nomine
1397 4358 1418 4434 ²,
1443 4351 1661 4417 docmatizare
1686 4374 1783 4416 ausus

130 4469 188 4542 est,
219 4457 331 4545 plebes
356 4481 375 4523 a
398 4459 510 4523 talium
541 4460 767 4546 episcoporum
798 4457 985 4522 obedientia
1015 4458 1177 4523 deortans.
1224 4459 1288 4523 Pro
1317 4481 1382 4545 qua
1411 4460 1509 4523 etiam
1540 4458 1689 4524 doctrina
1718 4482 1783 4523 non

129 4565 231 4630 solum
259 4565 301 4631 ab
326 4565 466 4631 ecclesia
488 4565 554 4630 Dei
584 4565 798 4630 anathematis
828 4587 982 4629 mucrone
1013 4575 1181 4651 separatus
1211 4566 1345 4650 insuper
1375 4567 1473 4630 etiam
1504 4565 1679 4652 suspendio
1709 4567 1783 4631 neci

128 4672 276 4754 traditus,
301 4674 379 4759 quin
403 4683 436 4737 et
458 4683 684 4759 postmortem
706 4671 858 4737 incendio
882 4681 1045 4735 crematus
1068 4680 1166 4759 atque
1189 4673 1223 4736 in
1239 4670 1376 4758 Tybrim
1391 4671 1527 4737 fluvium
1543 4673 1706 4758 proiectus
1724 4682 1782 4754 est,
1804 4697 1863 4738 uss.

83 4807 111 4846 ao
129 4801 169 4844 ue
194 4778 348 4844 videlicet
370 4779 535 4845 Romanus
558 4779 707 4865 populus,
733 4801 830 4865 quem
853 4801 912 4843 sua
934 4777 1083 4842 doctrina
1105 4777 1265 4860 illexerat,
1297 4777 1360 4843 sibi
1388 4801 1462 4843 eum
1492 4789 1668 4866 martyrem
1693 4777 1782 4842 dedi·

130 4896 228 4950 caret.
276 4885 382 4966 Quem
410 4908 471 4972 ego
495 4884 612 4950 vellem
643 4908 701 4972 pro
731 4884 788 4949 tali
819 4884 966 4950 doctrina
993 4907 1052 4948 sua
1075 4885 1225 4972 quamvis
1248 4907 1350 4971 prava
1373 4885 1427 4949 vel
1451 4886 1548 4950 exiho
1573 4885 1625 4950 vel
1650 4907 1782 4950 carcere

129 5003 184 5056 aut
208 4991 272 5056 alia
294 5015 380 5079 pena
402 5002 512 5079 preter
531 5002 668 5056 mortem
683 4993 832 5079 punitum
848 5013 919 5056 esse
936 4991 989 5056 vel
1005 4991 1111 5056 saltim
1128 4991 1236 5056 taliter
1251 4993 1406 5074 occisum,
1423 5002 1458 5057 ut
1473 4993 1620 5057 Romana
1643 4992 1782 5057 eeclesia

129 5121 187 5162 seu
210 5099 302 5163 curia
325 5101 395 5164 eius
418 5100 508 5164 necis
532 5099 701 5185 questione
725 5108 860 5163 careret.
907 5098 991 5162 Nam
1016 5100 1053 5180 si,
1077 5109 1113 5163 ut
1136 5099 1236 5180 aiunt,
1268 5097 1391 5184 absque
1422 5100 1567 5184 ipsomm
1591 5100 1726 5164 scientia
1751 5108 1783 5162 et

130 5227 290 5270 consensu
313 5229 333 5270 a
355 5206 501 5292 prefecto
524 5204 638 5270 urbis³
660 5205 783 5270 Romae
814 5205 855 5270 de
885 5204 946 5270 sub
973 5227 1085 5270 eorum
1108 5203 1266 5286 custodia,
1298 5205 1332 5268 in
1356 5228 1421 5291 qua
1444 5204 1626 5288 tenebatur,
1651 5214 1782 5292 ereptus

83 5340 110 5379 ra
128 5334 168 5376 ae
190 5334 249 5398 pro
273 5312 410 5400 speciali
432 5335 532 5378 causa
554 5313 682 5377 occisus
706 5311 748 5376 ab
773 5312 842 5377 eius
866 5313 969 5376 servis
993 5321 1052 5394 est,
1083 5313 1259 5376 maximam
1286 5311 1448 5398 siquidem
1473 5311 1600 5376 cladem
1624 5334 1665 5376 ex
1689 5334 1782 5377 occa-

129 5419 218 5483 sione
242 5419 388 5484 eiusdem
412 5419 580 5484 doctrinae
609 5417 698 5483 idem
727 5418 890 5507 prefectus
915 5441 934 5482 a
957 5418 1112 5483 Romanis
1136 5416 1262 5482 civibus
1285 5440 1460 5504 perpessus
1484 5418 1591 5483 fuerat
1614 5458 1658 5467 —
1681 5441 1782 5506 quare

238 5640 266 5711 1)
290 5642 338 5700 De
360 5641 469 5722 edeficic
492 5640 550 5699 Dei
572 5661 596 5699 c.
616 5640 655 5699 15
672 5660 744 5719 sqq,
767 5661 858 5717 supra
875 5661 910 5720 p.
929 5639 990 5698 145
1006 5659 1067 5718 sqq.
1182 5637 1212 5709 2)
1240 5637 1289 5712 Cf.
1308 5637 1401 5698 Ottoa.
1420 5638 1509 5700 Certa
1534 5641 1678 5702 Frfderier'
1700 5643 1719 5698 l.
1740 5641 1780 5712 II,

129 5767 152 5804 c.
171 5745 222 5818 28,
247 5746 303 5806 SS.
327 5748 396 5820 XX,
414 5769 449 5825 p.
467 5746 529 5805 403
546 5768 590 5827 sq.
683 5745 714 5822 3)
739 5747 788 5821 Cf.
815 5746 870 5806 Ort.
896 5747 1023 5825 Frisinp.
1047 5749 1066 5805 l.
1086 5749 1105 5805 l.

1515 5869 1567 5920 44*
