4426 6398
439 361 504 426 668
933 363 1182 426 ,mortuus
1205 363 1495 422 monacensem
1528 365 1581 422 1v.

439 564 472 620 et
494 551 629 624 tutelam
653 551 790 641 ecclesie
814 562 847 616 et
868 560 1063 638 potestatem
1092 550 1228 638 regendi
1254 549 1410 639 populum
1432 549 1509 631 Dei,
1533 550 1590 636 qui
1620 560 1669 614 est
1697 549 1857 636 templum
1878 549 1949 614 Dei
1970 550 2035 614 vivi
2057 565 2086 615 et

440 659 581 748 scalena
603 669 739 724 saneta·
762 679 883 745 sponsu
898 656 1019 724 Christi
1042 656 1166 722 domini
1188 657 1300 722 nostri.
1333 655 1432 738 Quod
1453 665 1564 722 autem
1586 667 1789 744 terrenarum
1810 677 1925 721 rerum
1948 654 2086 721 dominu·

438 767 571 848 tionem,
600 764 637 830 id
659 775 709 830 est
731 763 882 830 villarum
904 764 1155 851 possessionem,
1183 765 1254 828 iure
1276 783 1391 850 regum
1413 762 1580 849 possideat
1601 762 1787 850 episcopus,
1817 771 1960 828 testatur
1980 760 2087 848 Augu·

440 873 543 938 stinus
565 873 600 936 in
618 869 683 936 fine
706 871 792 936 sexti
814 870 973 937 sermonis
995 892 1094 957 super
1108 869 1297 952 Iohannem,
1313 867 1371 934 ubi
1390 868 1507 934 dicit²z
1531 869 1614 934 Ecca
1635 884 1709 934 eunt
1729 871 1814 955 cille.
1854 869 1924 948 Quo
1948 872 2018 934 iure
2040 870 2088 936 de·

433 978 552 1068 fendis
574 978 695 1044 cilina?
739 977 861 1042 Divino
891 1001 934 1042 aa
963 977 1122 1042 hunuano?
1166 975 1407 1064 Respondeant:
1429 974 1586 1042 Divinum
1608 977 1660 1041 ius
1682 978 1913 1063 inscriptionis
1936 975 2115 1057 hebernum

441 1085 610 1150 humanum
640 1085 692 1149 ιἰιι
721 1085 757 1148 in
786 1083 906 1170 lapibus
935 1107 1052 1170 rapum.
1105 1082 1194 1148 Unde
1223 1085 1355 1169 quisque
1377 1081 1533 1170 possidet,
1563 1081 1651 1168 quod
1674 1082 1826 1168 possidet,
1850 1085 1923 1148 iure
1946 1083 2087 1148 humano.

442 1189 529 1256 Nam
551 1191 622 1255 iure
645 1188 756 1256 diuino
778 1189 916 1254 Domini
943 1203 987 1254 eet
1013 1203 1098 1254 terra
1128 1203 1157 1254 et
1171 1188 1340 1276 plenitudo
1363 1190 1439 1254 eius.
1486 1186 1648 1275 Pauper-aa
1669 1203 1699 1252 et
1720 1187 1836 1254 diuites
1858 1188 1950 1253 Deras
1973 1188 2012 1252 de
2034 1213 2092 1254 uao

442 1294 540 1362 limo*
557 1295 653 1384 fecit,
676 1309 706 1362 et
721 1318 882 1381 pauperes
904 1309 933 1360 et
954 1295 1069 1360 dimus
1090 1319 1155 1360 una
1177 1309 1263 1360 terra
1284 1295 1454 1380 subportat
1489 1293 1565 1359 Iure
1587 1308 1689 1359 tomen
1710 1295 1848 1360 humano
1867 1295 2007 1360 debatur:
2028 1295 2093 1379 Hae

442 1401 523 1467 cithu
545 1425 615 1467 mea
637 1415 692 1483 eet,
721 1401 776 1487 hee
806 1401 917 1466 ἅοιιιιιι
945 1424 1026 1482 mea,
1056 1402 1108 1467 tie
1129 1424 1239 1466 seruus
1260 1425 1346 1466 mmor
1369 1413 1421 1466 eet
1468 1399 1544 1465 Iure
1566 1425 1639 1488 erpo
1661 1402 1808 1482 humano,
1831 1403 1904 1467 iure
1927 1403 2092 1487 imperato

332 1533 423 1584 mur.
442 1532 522 1573 rum.
572 1506 701 1586 Quare?
747 1507 848 1584 ‘Quia
878 1509 951 1594 t'pm
973 1509 1048 1574 iura
1071 1509 1209 1573 humana
1226 1531 1289 1594 per
1311 1510 1516 1593 imperatores
1539 1520 1568 1572 et
1588 1531 1676 1595 repes
1697 1508 1799 1573 seculi
1818 1507 1910 1572 Deus
1933 1507 2094 1573 dmrstao
2108 1528 2129 1568 u

440 1615 553 1703 penori
572 1614 717 1680 humano.
761 1613 873 1694 Vultis,
897 1613 1036 1702 Quotus
1059 1614 1141 1700 lapse
1162 1616 1388 1700 imperatorum
1411 1627 1440 1678 et
1459 1613 1629 1678 seeundum
1652 1615 1741 1700 t'JJaae
1764 1637 1897 1702 mamus
1921 1614 1961 1678 de
1983 1614 2095 1679 villici

445 1719 486 1785 Si
512 1722 583 1785 iure
612 1720 748 1785 hunuano
778 1719 873 1784 cultis
895 1719 1074 1806 possidere,
1102 1721 1266 1784 roeitemus
1289 1720 1370 1806 lapse
1391 1721 1627 1805 imperatorum.
1674 1719 1855 1800 Videamus,
1877 1723 1913 1784 si
1933 1721 2095 1786 volueram

444 1825 575 1912 aliquid
601 1827 641 1890 ab
668 1825 834 1890 hereticis*⁵
854 1825 1026 1913 possideri.
1073 1823 1140 1892 Sed
1167 1825 1249 1912 quid
1276 1825 1360 1891 mitt
1385 1839 1431 1892 eet
1458 1826 1655 1913 imperator?
1700 1824 1880 1891 Secundum
1910 1829 1964 1892 ius
1993 1829 2095 1913 opsita

438 1931 588 2019 possides
617 1945 742 1996 terram
789 1931 856 1996 Aut
883 1932 956 1996 tolle
986 1933 1061 1997 iura
1090 1934 1315 2018 imperatorum
1338 1945 1368 1998 ot
1388 1933 1461 2018 quob
1483 1931 1579 1997 audet
1600 1931 1723 1997 dicere:
1753 1956 1822 1997 mea
1845 1946 1890 1998 eet
1919 1933 1982 1999 illa
2005 1934 2094 2014 edla,

445 2053 501 2104 am
521 2063 607 2103 mem
629 2051 674 2102 at
694 2039 752 2104 nn
774 2059 893 2118 ιινυιιι,
916 2052 972 2103 ant
993 2037 1103 2102 mmm
1125 2039 1180 2123 tec
1201 2061 1271 2104 nea
1294 2039 1361 2104 att
1394 2037 1437 2103 Si
1455 2052 1558 2103 arcem
1580 2052 1615 2102 m
1635 2052 1796 2103 ιιιιαιιιιιν
1810 2041 1873 2104 ism
1896 2041 1938 2104 ab
1961 2040 2094 2105 tamini-
2111 2058 2132 2098 ιι

445 2147 511 2226 bue,
535 2147 611 2210 iura
633 2157 818 2230 aecepeount
838 2167 957 2232 aequm,
979 2145 1086 2224 oulm'e,
1107 2143 1293 2210 recitemusd
1316 2146 1407 2232 lepos,
1430 2159 1465 2209 ut
1482 2143 1661 2232 gaudeatis,
1683 2147 1761 2231 quia
1783 2146 1834 2210 vei
1854 2170 1953 2210 unum
1974 2146 2094 2210 hornam

445 2251 575 2332 babath,
598 2263 627 2316 et
647 2273 709 2315 non
731 2252 891 2336 imputote‘e
916 2251 985 2315 nisi
1004 2251 1242 2316 mansuetudini
1261 2252 1409 2337 columbe,
1439 2253 1516 2336 quia
1545 2251 1597 2316 vet
1623 2251 1675 2316 ihi
1699 2253 1788 2317 vobit
1804 2255 2005 2338 permittitur
2021 2277 2094 2338 per-

445 2357 595 2422 manere?
638 2355 832 2444 Rolepuntur
860 2358 944 2421 enim
973 2356 1055 2444 leges
1077 2359 1256 2443 manifeste,
1285 2359 1343 2422 ubi
1362 2372 1574 2446 preceperunt
1593 2359 1800 2444 imperatores
1822 2381 1883 2440 eos,
1914 2362 1975 2445 qui
1987 2374 2096 2446 preter

446 2464 572 2549 ecclesie
601 2461 752 2548 catholice
780 2464 1024 2526 communionem
1053 2477 1210 2549 usurpant
1236 2464 1303 2529 sibi
1333 2487 1442 2528 nomm
1477 2465 1695 2543 christinam,
1730 2477 1786 2529 nec
1813 2465 1924 2530 volunt
1951 2467 1987 2530 in
2014 2489 2095 2551 pace

446 2571 546 2634 colere
562 2571 659 2656 pacis
681 2582 849 2649 onomata,
870 2569 975 2634 nichil
995 2570 1120 2634 nomine
1142 2569 1269 2655 melesio
1297 2569 1435 2636 audeant
1459 2569 1635 2656 possidere.
1681 2567 1749 2636 Sed
1768 2570 1851 2656 quid
1870 2571 1963 2636 nobie
1986 2585 2017 2636 et
2039 2574 2094 2636 im·
2111 2591 2134 2630 ιι

440 2675 611 2762 peratorii
656 2673 723 2740 Sed
743 2677 809 2740 iam
833 2674 923 2740 diat:
946 2675 985 2740 de
1008 2677 1078 2740 ium
1100 2673 1236 2740 hamam
1258 2677 1373 2763 apium
1415 2676 1460 2741 Et
1481 2690 1583 2742 tamen
1604 2677 1764 2764 apostolus
1787 2677 1886 2742 uoluit
1908 2680 2031 2742 smair-i
2049 2701 2095 2742 re-

270 2806 426 2856 armatur.
444 2783 547 2870 qubus,
577 2781 676 2846 voluit
704 2782 859 2846 honorari
884 2804 983 2868 reque,
1013 2795 1042 2846 et
1070 2781 1172 2846 dimit:
1199 2780 1316 2869 Bepem
1344 2783 1543 2848 commemini.
1587 2781 1671 2848 Noti
1691 2781 1814 2848 dicere:
1839 2782 1929 2861 Quid
1949 2785 2052 2850 michi
2071 2798 2098 2850 et

446 2890 518 2976 rapi
523 2888 538 2952 i
577 2887 665 2966 Quid
686 2889 748 2953 tibi
767 2911 840 2976 erqo
862 2901 892 2954 et
907 2888 1126 2974 possessioni?
1169 2886 1233 2952 Per
1255 2891 1330 2954 iura
1351 2913 1460 2976 rapum
1479 2888 1683 2975 possidentur
1696 2891 1923 2976 possessiones.
1969 2889 2016 2954 Et
2038 2889 2096 2977 hec

447 2992 580 3080 quidem
595 2991 808 3079 Augustinus.
841 2991 896 3058 Ex
918 2993 1012 3058 cuius
1029 2991 1140 3058 verbis
1164 2993 1383 3079 consequitur,
1407 2993 1495 3080 quod
1518 2995 1691 3081 episcopus
1713 2995 1784 3059 iure
1808 2995 1953 3082 accipit⁰
1977 3018 1998 3060 a
2020 3018 2095 3082 rege

447 3099 679 3186 possessiones.
724 3098 769 3163 Et
797 3121 863 3164 non
893 3097 995 3164 solum
1025 3099 1258 3186 possessiones,
1287 3098 1348 3164 sed
1376 3100 1477 3165 etiarn
1504 3099 1639 3165 tutelam
1669 3100 1807 3190 ecclesie
1834 3111 1869 3166 et
1901 3113 2096 3188 potestatem
2112 3119 2135 3160 tt

448 3205 584 3293 regendi
612 3205 769 3292 populum
798 3204 874 3288 Dei,
906 3206 963 3291 qui
993 3215 1043 3270 est
1072 3204 1227 3293 templum
1256 3205 1322 3270 Dei
1351 3205 1420 3270 vivi
1450 3217 1483 3272 et
1512 3205 1653 3294 ecclesia
1680 3215 1795 3272 sancte
1824 3229 1947 3294 sponse
1976 3207 2097 3274 Christi

449 3311 572 3376 domini
593 3311 705 3378 nostri.
751 3311 824 3400 Heu
847 3312 934 3376 enim
958 3321 1033 3376 sunt
1059 3312 1111 3376 sui
1137 3312 1217 3376 imis
1240 3321 1273 3376 et
1295 3311 1397 3397 regni,
1421 3313 1575 3398 quoniam
1598 3334 1619 3377 a
1641 3311 1715 3378 Deo
1739 3312 1800 3401 hec
1822 3311 1871 3378 illi
1894 3313 2012 3402 celitus
2036 3315 2097 3380 eol·

339 3442 375 3494 ·ρ.
383 3443 430 3484 ιιι.
448 3417 516 3483 lata
542 3427 618 3483 sunt
644 3427 678 3483 et
705 3417 861 3482 divinitus
888 3427 1072 3506 prerogatus,
1097 3427 1130 3482 et
1151 3417 1214 3482 hoe
1235 3417 1410 3504 prerogat‘
1435 3427 1467 3482 et
1489 3417 1602 3484 tribuit
1630 3417 1677 3483 illi
1707 3420 1763 3505 qui
1793 3441 1898 3485 novus
1924 3421 2098 3487 'creandus

449 3534 500 3590 est
522 3524 704 3610 episeopus.
750 3524 889 3610 Propter
911 3523 1000 3610 quod
1026 3534 1060 3589 et
1087 3523 1271 3588 huiusmodi
1300 3523 1440 3588 hominis
1470 3523 1687 3589 sacerdotium
1716 3525 1827 3612 regale
1858 3525 1989 3610 dieitur,
2014 3527 2099 3614 quod

450 3640 500 3696 est
521 3652 542 3694 a
564 3651 642 3716 rege
666 3629 873 3711 dirivamm‘,
903 3630 990 3715 regis
1019 3629 1145 3694 habens
1174 3641 1208 3695 et
1236 3639 1429 3716 potestatem
1459 3641 1492 3695 et
1521 3629 1674 3695 officium.
1721 3629 1814 3696 Sicut
1835 3633 1925 3696 enim
1952 3655 2014 3697 rex
2042 3657 2099 3698 sua
2115 3649 2139 3690 ⁸⁰

450 3746 610 3823 potestate
631 3736 717 3822 regit
738 3735 895 3822 populum
918 3735 1026 3800 aDeo
1043 3734 1106 3801 sibi
1121 3734 1297 3818 subditum,
1320 3737 1367 3800 ita
1389 3747 1423 3800 et
1444 3735 1608 3802 sacerdos.
1643 3737 1739 3820 Nam,
1762 3747 1799 3802 ut
1821 3739 1869 3803 eit
1889 3737 2099 3804 beaffisimus

450 3864 537 3929 papa
567 3841 757 3908 Gelasius²:
792 3841 860 3907 Ista
890 3842 952 3907 duo
981 3856 1054 3907 ment
1081 3844 1195 3929 quibua
1224 3843 1276 3908 tie
1304 3843 1440 3907 mundus
1461 3845 1694 3930 principaliter
1727 3847 1858 3930 regitur,
1890 3847 2100 3912 sacerdotalia

450 3952 621 4014 aemtoritas
643 3963 672 4013 et
692 3949 811 4037 regalia
826 3963 975 4034 potestas.
1024 3946 1121 4028 Quod
1150 3946 1283 4034 quidem
1313 3948 1469 4035 sequitur,
1492 3958 1528 4014 ut
1549 3949 1637 4034 regis
1660 3959 1693 4014 et
1715 3949 1895 4015 sacerdotis
1920 3954 2100 4017 communis

451 4056 494 4119 sit
515 4054 611 4120 huius
639 4054 807 4139 regiminis
837 4054 1048 4140 principatus,
1077 4055 1112 4118 in
1135 4075 1200 4140 quo
1223 4053 1322 4118 etiam
1346 4063 1379 4118 et
1400 4055 1489 4140 paris
1511 4054 1676 4141 privilegii
1698 4055 1829 4121 videtur
1852 4078 1925 4122 esse
1949 4058 2099 4124 sacerdo-

450 4160 524 4226 talis
547 4160 722 4226 auctoritas
746 4169 779 4225 et
801 4158 921 4245 regalis
943 4169 1087 4245 potestas
1110 4169 1143 4224 et
1164 4181 1225 4224 rex
1247 4169 1281 4224 et
1303 4158 1457 4225 sacerdos
1479 4159 1611 4246 equales
1637 4161 1672 4226 in
1694 4162 1881 4249 principatu
1903 4166 1992 4229 sacri
2019 4166 2100 4252 regi·
2116 4179 2141 4221 ⁸⁶

451 4266 557 4330 minis.
605 4265 715 4346 Quare
745 4287 810 4330 non
840 4266 944 4351 magis
967 4264 1098 4329 videtur
1126 4263 1314 4347 absurdum,
1344 4266 1372 4329 si
1395 4287 1455 4330 rex
1478 4265 1539 4355 hec
1562 4277 1715 4354 preroget
1743 4267 1867 4333 homini
1890 4270 1948 4356 qui
1973 4269 2100 4337 futurus

453 4381 503 4436 est
533 4373 716 4458 episeopus,
748 4393 847 4457 quam
877 4372 904 4435 si
934 4393 1006 4435 eam
1035 4381 1225 4457 prorogaret
1253 4372 1437 4458 episeopus,
1466 4375 1639 4459 presertim
1668 4396 1742 4439 cum
1771 4396 1879 4462 neque
1902 4398 1964 4440 rex
1994 4399 2100 4464 neque

453 4479 626 4564 episeopus
650 4499 691 4541 ea
712 4487 899 4564 prerogant,
930 4477 989 4542 sed
1019 4499 1130 4542 eorum
1161 4486 1268 4564 caput,
1292 4477 1328 4542 id
1351 4487 1400 4542 est
1423 4476 1571 4544 Christus
1594 4478 1685 4562 deus,
1709 4479 1743 4544 in
1766 4481 1859 4546 euius
1883 4494 2100 4566 sacramento,

452 4584 550 4648 immo
573 4583 609 4646 in
628 4604 702 4669 quo,
725 4605 792 4648 non
815 4593 889 4648 sunt
912 4582 987 4665 duo,
1011 4582 1071 4647 sed
1092 4605 1176 4648 unus
1192 4581 1351 4648 Christus.
1385 4584 1456 4650 Nee
1478 4595 1566 4672 puto,
1591 4584 1679 4671 quod
1701 4585 1818 4673 aliquis
1841 4587 1959 4652 iustius
1983 4588 2102 4655 debeat

453 4711 493 4754 ea
514 4710 691 4776 prerogare
717 4687 981 4776 quemchristus
1005 4710 1048 4752 ex
1070 4698 1187 4755 sauna
1209 4711 1268 4776 per
1283 4687 1446 4755 Christum
1471 4713 1513 4755 ex
1528 4692 1644 4777 gratia,
1668 4701 1799 4758 sanctus
1823 4714 1866 4757 ex
1889 4703 2020 4777 natura,
2043 4717 2101 4783 per
2117 4710 2142 4749 ω

453 4805 602 4860 sanctum
625 4817 668 4858 ex
690 4795 806 4880 gretia,
830 4795 983 4880 quoniam
1007 4804 1040 4858 et
1062 4817 1103 4859 ea
1125 4817 1189 4882 que
1212 4808 1427 4882 prorogantur
1448 4806 1563 4862 sancta
1586 4806 1670 4881 sunt,
1700 4820 1761 4863 nee
1792 4798 1835 4863 ud
1863 4799 1921 4863 illa
1943 4801 2101 4867 accedere

454 4902 626 4988 qmsquem
649 4901 719 4964 iure
734 4909 851 4987 potest,
874 4899 937 4963 nisi
960 4911 1101 4966 sanctus.
1136 4901 1275 4987 Propter
1297 4901 1386 4987 quod
1408 4925 1467 4988 per
1482 4900 1743 4968 benedictionem
1767 4915 1800 4968 et
1822 4909 2101 4972 consecrationem

454 5005 666 5071 sublimatur&
690 5015 825 5092 uterque
848 5006 882 5069 in
898 5014 1091 5091 potestatem
1114 5007 1291 5091 regiminis,
1316 5019 1351 5072 ut
1374 5007 1505 5073 sanctus
1528 5010 1570 5073 sit
1593 5019 1626 5074 et
1648 5006 1840 5074 benedictus
1863 5010 1907 5075 ad
1922 5013 2102 5098 regendum

453 5111 609 5198 populum
632 5121 779 5176 sanctum
794 5111 929 5176 Domini
953 5122 986 5176 et
1008 5111 1202 5197 exequenda
1225 5114 1406 5178 animarum
1429 5114 1560 5178 iudicia.
1595 5114 1722 5180 ‘Sancte
1740 5117 1861 5204 quippe
1885 5128 1936 5182 est
1958 5129 2102 5204 potestas

560 5305 587 5372 a)
607 5326 655 5361 ora.
675 5309 708 5360 Β.
798 5307 826 5373 b)
849 5309 914 5362 luno
934 5310 968 5360 A.
1045 5308 1072 5374 c)
1093 5312 1220 5362 hereticis
1239 5313 1273 5363 A.
1346 5311 1374 5375 d)
1397 5314 1542 5364 recitamus
1561 5314 1595 5365 A.
1686 5312 1712 5377 e)
1734 5317 1842 5382 accepit
1860 5315 1893 5366 Β.
1984 5317 2006 5378 f)
2028 5319 2065 5368 ita
2081 5335 2101 5370 c.
2118 5325 2143 5364 tt

453 5397 482 5465 g)
503 5397 657 5450 sullimatur
676 5397 709 5448 A.

565 5575 595 5652 1)
619 5577 730 5652 Eapoa
748 5577 809 5634 lot.
827 5596 925 5654 mono.
951 5597 974 5634 c.
991 5579 1019 5649 1,
1043 5579 1189 5649 traet.VI,
1213 5575 1302 5653 525.
1320 5579 1371 5650 26,
1398 5579 1471 5657 opp.
1489 5581 1590 5653 111,2,
1615 5585 1666 5641 col.
1685 5582 1758 5640 340.
1777 5584 1850 5641 341.
1913 5584 1945 5654 2)
1971 5586 2030 5662 Ep.
2051 5587 2100 5657 12,

361 5685 366 5692 ’
456 5704 479 5742 c.
498 5684 527 5755 2,
552 5686 595 5742 ed.
615 5684 694 5740 Tbiel
709 5702 742 5758 p.
761 5683 907 5756 351;0s.
931 5703 1021 5759 supra
1038 5705 1072 5759 p.
1090 5684 1165 5754 663,
1189 5705 1218 5742 n.
1237 5685 1266 5742 3.
