4426 6398
686 363 828 418 SATIRA
850 363 892 417 IN
916 365 1155 420 METTENSES.

420 545 599 612 Consilium
622 559 767 614 nostrum
791 551 897 614 ventis
920 572 961 614 ne
986 550 1185 615 distribuatis
1196 562 1219 632 ²,

419 654 488 719 Nec
512 654 718 742 dispergatis,
742 655 801 720 sed
825 657 853 720 si
876 657 962 721 valet
985 659 1163 743 accipiatis.

357 775 390 824 85
419 760 588 826 Pastorem
611 773 754 826 vestrum
779 763 819 826 de
844 763 920 827 sede
946 787 1004 827 sua
1027 764 1208 850 pepulistis,

420 867 548 932 Pastori
571 880 679 933 vestro
704 871 826 934 servire
851 869 907 934 diu
931 872 1092 934 renuistis.

419 974 498 1038 Post
521 974 581 1064 hec
605 976 723 1041 iniuste
747 974 840 1040 vobis
864 975 962 1040 alium
988 978 1142 1041 statuistis
1156 983 1176 1057 ¹,

419 1081 584 1147 Immerito
609 1084 661 1147 cui
685 1083 831 1169 pontifici
854 1082 1007 1147 baculum
1031 1083 1199 1148 tribuistis.

419 1187 463 1251 Et
485 1191 638 1274 quoniam
662 1187 745 1253 male
769 1211 828 1254 vos
852 1189 1021 1272 habuistis,
1045 1191 1190 1278 peniteat
1214 1213 1281 1270 vos,

357 1311 392 1358 90
420 1294 532 1381 Usque
557 1296 651 1361 modo
675 1297 793 1360 fecisse
816 1297 946 1379 melum,
971 1296 1107 1360 multum
1130 1297 1257 1382 pudeat¹
1274 1321 1343 1362 vos.

420 1400 546 1487 Poponi
570 1402 759 1468 cathedram
783 1401 926 1467 reddatis
950 1402 1180 1490 pontificalem,

419 1507 517 1572 Hunc
540 1519 668 1595 patrem
691 1509 785 1574 vobis
808 1508 956 1574 habeatis
980 1510 1192 1596 spiritualem,

419 1616 463 1679 Et
486 1617 564 1702 quia
587 1618 760 1702 peccastis
784 1639 903 1705 penam
926 1614 1020 1681 vobis
1044 1617 1215 1698 sociemus,

419 1722 543 1810 Penam
567 1722 764 1809 condignam
786 1724 903 1787 vestris
927 1725 1049 1787 meritis
1074 1721 1262 1787 tribuemus.

245 1814 248 1821 ¹
359 1844 392 1892 95
420 1827 507 1893 Allia
530 1829 690 1893 mandetis
715 1840 747 1893 et
770 1831 882 1895 vinum
906 1829 987 1894 forte
1012 1828 1141 1912 bibetis,

419 1934 506 1999 Allia
530 1959 604 2001 cum
628 1937 704 2000 vino
728 1959 788 2022 per
810 1936 950 2022 prandia
972 1946 1081 2000 vestra
1103 1937 1224 2000 teretis.

422 2090 694 2107 .........
698 2043 722 2124 b,
747 2045 901 2129 quoniam
925 2044 1108 2129 suscipietis
1118 2054 1141 2124 ⁰,

421 2148 466 2213 Ut
488 2171 557 2214 mos
583 2160 631 2214 est
654 2161 771 2230 vester,
796 2149 919 2214 alienos
943 2148 1101 2213 abicietis.

420 2254 493 2319 Hoc
518 2256 545 2318 si
568 2256 722 2338 feceritis,
746 2279 811 2320 non
834 2277 892 2320 vos
915 2278 976 2342 per
999 2258 1143 2320 carmina
1166 2256 1286 2339 ledent,

277 2421 280 2428 ,
343 2379 393 2428 100
420 2362 493 2428 Hoc
518 2363 545 2426 si
569 2362 722 2446 feceritis,
747 2363 939 2449 peccamina
962 2374 1073 2428 vestra
1096 2361 1259 2428 recedent.

208 2577 235 2642 a)
258 2581 434 2632 destribuatis
451 2599 472 2632 c.
545 2579 574 2646 b)
594 2582 704 2646 epatium
722 2581 822 2632 dimidii
840 2598 924 2632 veram
941 2599 1046 2632 wercum
1064 2581 1178 2632 relictum
1195 2589 1231 2631 ert
1248 2581 1275 2630 in
1294 2581 1347 2630 cod.

213 2757 242 2835 1)
265 2761 471 2819 Adulteroacm
494 2760 549 2819 IV.

1419 2578 1446 2643 c)
1467 2581 1623 2646 suscipiatis
1641 2597 1661 2630 c.
