4478 6442
853 409 1034 466 HUNALDI
1058 408 1220 464 clausu
1243 409 1296 464 DE
1320 409 1455 467 ANULO
1480 411 1531 464 ET
1555 407 1724 466 BACULO.

778 597 868 660 Dent
890 596 966 660 laici
989 595 1085 676 laica,
1109 617 1204 681 reges
1227 597 1352 680 regalia
1375 595 1514 674 tradant,

834 701 936 768 Sacra
959 701 1164 766 sacerdotum
1188 701 1413 768 distribuenda
1436 725 1543 767 manu.

781 809 852 872 Hec
876 809 957 872 ratio
981 808 1082 889 fortis,
1107 808 1172 894 pia,
1196 808 1358 894 religiosa,
1382 808 1498 880 fidelis,

718 933 753 980 50
834 914 888 979 Nil
912 924 1102 1000 argumento
1125 915 1235 980 verius
1259 915 1320 980 boc
1342 914 1451 994 luerit.

781 1021 848 1102 Set,
873 1020 962 1085 velut
985 1019 1157 1102 affirmant,
1181 1021 1236 1105 qui
1260 1021 1338 1086 talia
1361 1044 1438 1107 sepe
1462 1031 1655 1084 retractant:
1758 1069 1760 1072 -
1833 1065 1835 1070 .

833 1128 906 1192 Hec
930 1128 1012 1191 ratio
1035 1126 1159 1192 nullum
1182 1128 1309 1213 impetit
1332 1129 1525 1215 oppositum.

781 1235 874 1298 Rex¹
899 1236 1028 1314 etenim,
1053 1235 1137 1298 sicut
1160 1233 1314 1314 referunt,
1338 1233 1418 1298 nibil
1442 1231 1554 1298 obviat
1578 1234 1658 1315 istis,

834 1339 937 1404 Immo
962 1338 1138 1404 subscribit
1161 1351 1193 1403 et
1210 1339 1306 1404 ¹lavet
1329 1338 1477 1404 omnibns
1495 1339 1562 1403 his.

720 1465 753 1512 to
783 1445 962 1528 Consentit,
987 1445 1174 1510 succident
1196 1445 1233 1510 ut
1255 1469 1350 1510 sacra
1373 1469 1500 1533 quoque
1525 1445 1672 1528 ministri,
1699 1443 1702 1450 ’

836 1552 880 1616 Et
901 1563 1000 1638 negat
1023 1575 1094 1616 csse
1119 1575 1212 1617 suum
1236 1553 1402 1640 spirituale
1427 1575 1564 1617 sacrum.

785 1659 843 1724 Set
866 1669 973 1722 tamen
997 1657 1131 1740 inducit,
1156 1659 1242 1746 quia,
1259 1682 1341 1724 cum
1366 1658 1489 1742 regalia
1511 1657 1612 1722 multa

836 1767 943 1850 Reges
967 1765 1160 1830 tradiderint
1183 1765 1332 1830 omnibus
1356 1765 1513 1846 ecclesiis,

727 1921 728 1924 η
784 1873 853 1937 Nec
878 1869 1055 1958 repetenda
1078 1883 1169 1958 putet
1193 1872 1284 1958 regni
1308 1893 1477 1936 successor
1500 1883 1532 1936 et
1555 1871 1659 1952 heres,

723 1995 757 2044 δυ
838 1977 930 2044 Neve
955 1979 996 2042 sit
1019 1977 1192 2060 occultum,
1215 1979 1343 2042 venerit
1365 1977 1452 2042 unde
1476 1977 1597 2059 datum,

785 2085 856 2150 Rex
879 2085 973 2149 beree
997 2083 1118 2148 donum
1142 2095 1278 2149 renovat
1300 2095 1459 2171 cauteque
1484 2093 1648 2166 statutum,

837 2190 973 2255 Praesul
997 2201 1031 2253 ut
1053 2189 1087 2254 id
1111 2190 1212 2276 signis
1236 2190 1439 2278 praesulibus
1463 2193 1580 2278 capiat.

785 2297 934 2383 Namque
958 2319 1017 2383 per
1040 2296 1101 2361 boc
1125 2305 1291 2382 monstrat,
1316 2299 1363 2362 sic
1387 2299 1465 2362 iuris
1489 2297 1682 2384 pontificalis
1763 2297 1764 2300 ’

839 2403 877 2467 Id
901 2404 981 2484 fore,
1006 2401 1093 2489 quod
1117 2403 1243 2490 recipit,
1266 2425 1329 2468 nec
1352 2403 1415 2468 sibi
1438 2404 1488 2468 fas
1512 2404 1622 2469 adimi.

725 2527 759 2575 65
788 2511 860 2575 Hac
884 2511 1007 2575 ratione
1032 2523 1165 2574 manent
1188 2511 1289 2574 sacris
1313 2533 1372 2575 sna
1396 2533 1489 2575 sacra
1512 2511 1667 2575 ministris

842 2617 944 2702 Signa
966 2639 1028 2682 nec
1052 2630 1088 2682 ut
1110 2619 1205 2703 signa
1227 2640 1288 2682 nec
1313 2641 1406 2682 sacra
1429 2640 1487 2682 rex
1511 2616 1645 2682 tribuite

786 2724 838 2789 Nil
862 2725 962 2810 igitur
985 2723 1047 2788 sibi
1071 2747 1131 2788 rex
1153 2736 1289 2810 usurpat
1312 2725 1344 2788 in
1368 2723 1430 2788 boc
1454 2723 1606 2806 alienum,

841 2829 899 2895 Set
921 2831 1026 2916 magis
1050 2829 1187 2918 ecclesie
1212 2831 1262 2895 ius
1286 2831 1397 2894 statuit
1420 2831 1597 2916 proprium.

788 2937 861 3002 Hoc
886 2938 971 3022 regis
995 2937 1118 3000 crimen
1142 2938 1246 3022 pietus
1269 2937 1374 3022 magis
1399 2959 1470 3000 esse
1494 2935 1633 3018 videtur,

726 3059 760 3108 to
840 3043 989 3132 Ecclesie
1013 3042 1118 3129 pudor
1141 3042 1194 3106 hic
1217 3064 1282 3106 non
1306 3041 1411 3129 pudor
1434 3053 1493 3125 est,
1518 3055 1567 3107 set
1589 3042 1702 3107 honor.

788 3150 887 3235 Ergo,
913 3151 939 3213 si
965 3171 1077 3212 verum
1101 3149 1150 3212 fas
1175 3147 1284 3213 dicere
1307 3171 1389 3234 pace
1415 3149 1568 3214 duorum:

842 3257 906 3320 Pro
929 3255 1049 3320 nichilo
1074 3264 1220 3342 pugnant
1243 3278 1303 3319 rex
1327 3265 1359 3319 ct
1382 3254 1589 3342 apostolicus.

789 3363 827 3426 ln
850 3375 1000 3426 neutrum
1024 3373 1138 3426 neuter
1161 3363 1335 3448 quicquam
1358 3383 1496 3448 peccare
1521 3361 1659 3442 videtur,

844 3469 994 3555 Cuique·
1019 3469 1068 3533 sui
1092 3468 1173 3532 fines
1197 3479 1230 3532 et
1253 3492 1313 3531 sua
1336 3468 1428 3531 iural’
1453 3479 1594 3532 manent.

729 3593 761 3641 ἵει
790 3574 903 3640 llixari
927 3585 1065 3656 cessent,
1090 3575 1240 3638 insistant
1264 3573 1391 3638 utiliora

843 3681 932 3744 Inter
955 3704 1010 3745 eos
1034 3703 1100 3767 pax
1125 3682 1182 3744 sit!
1208 3720 1250 3728 —
1274 3681 1382 3744 omnia
1406 3682 1607 3766 provenient.

791 3823 908 3887 'Pacisss
933 3845 1045 3886 amans
1069 3822 1241 3887 Hunaldus
1266 3845 1326 3908 ego
1350 3845 1414 3886 non
1438 3823 1500 3886 ista
1524 3820 1664 3910 superbe

845 3928 1039 3993 Protulerim
1062 3951 1192 3992 sensum
1215 3927 1414 4016 proficiendo
1439 3951 1556 3992 mcum.

793 4035 828 4100 Si
852 4036 924 4121 quis
947 4035 1124 4122 prudenter
1147 4034 1372 4120 reprehendat,
1398 4035 1478 4098 cedo
1502 4033 1641 4098 libenter

730 4159 764 4206 80
845 4141 889 4205 Et
912 4163 1030 4227 sequar
1053 4141 1184 4205 alterius
1209 4141 1377 4205 consilium
1401 4140 1526 4204 melius.

792 4247 929 4312 Publica
952 4270 1003 4312 res
1028 4249 1150 4334 agitur,
1175 4249 1208 4310 in
1232 4245 1364 4332 publica
1388 4247 1559 4310 commoda
1581 4269 1714 4333 peccem
1724 4253 1746 4330 ²,

846 4353 954 4418 Audio
978 4354 1006 4418 si
1028 4352 1153 4436 melius,
1178 4353 1211 4416 ni
1235 4353 1349 4417 melius
1372 4363 1511 4417 teneam.
1698 4435 1700 4440 ,

793 4460 850 4524 Set
874 4461 951 4546 quia
973 4471 1050 4524 nota
1071 4461 1178 4523 minus
1202 4459 1323 4523 homini
1348 4457 1459 4523 divina
1482 4457 1642 4542 voluntas,

847 4567 915 4630 Nec
939 4589 1015 4630 caro
1039 4589 1116 4652 sepe
1140 4565 1240 4646 videt,
1266 4564 1344 4652 quid
1368 4565 1459 4628 Deus
1482 4567 1553 4652 ipse
1577 4565 1703 4652 probet,

732 4689 764 4737 85
795 4671 891 4752 Quod
915 4673 1047 4754 (lictum,
1071 4673 1180 4758 recipe
1204 4671 1273 4735 fore
1298 4671 1418 4736 dictum
1444 4672 1639 4755 conditione,

848 4778 882 4842 Si
906 4779 982 4842 lidci
1006 4788 1146 4861 cautum,
1171 4779 1197 4840 si
1221 4777 1364 4842 Domino
1386 4776 1553 4863 placitum.

580 4938 738 5003 Versibus
762 4937 822 5021 his,
847 4938 924 5024 quid
950 4939 1096 5018 sentiam,
1121 4938 1258 5023 exposui
1282 4935 1450 5023 vobisque,
1474 4949 1510 5001 ut
1532 4937 1705 5004 karissimo
1729 4938 1859 5003 domino
1883 4961 1968 5021 meo,
1993 4940 2081 5006 misi.

581 5136 607 5201 a)
631 5139 747 5204 Cumqni
766 5156 786 5188 c.
860 5137 887 5200 b)
909 5140 966 5188 iure
986 5157 1006 5188 c.
1079 5136 1105 5201 c)
1125 5155 1209 5188 versus
1227 5155 1275 5200 scut,
1295 5139 1338 5204 qui
1356 5147 1501 5204 sequestratur,
1520 5139 1605 5189 eadem
1623 5155 1702 5189 mrsu
1720 5138 1748 5188 in
1767 5139 1877 5205 nraryine
1895 5138 1989 5190 adiecti
2007 5150 2077 5192 eunt.

586 5318 613 5390 1)
640 5318 789 5377 Certamen
814 5319 921 5376 Metelli
943 5340 967 5376 v.
986 5318 1139 5374 59-64.
1232 5318 1263 5388 2)
1288 5319 1361 5376 Hor.
1389 5318 1480 5393 Epist.
1506 5318 1546 5389 ΙΙ,
1570 5321 1597 5374 l.
1623 5317 1651 5374 3.

1140 5547 1458 5554 —ffl
