4568 6428
824 423 877 478 DE
902 422 1126 480 APOSTATIS.
1776 413 1816 474 59

171 609 263 672 nime
287 631 387 693 regno
411 608 476 672 Dei
500 619 611 693 aptum
635 607 746 672 diuina
769 631 835 672 vox
857 610 1053 694 pronuntiat,
1085 612 1150 696 qui,
1180 613 1215 675 in
1238 624 1352 677 sancta
1376 612 1586 676 conversione
1610 609 1744 696 positus,
1768 631 1816 672 se-

171 714 301 779 cularia
331 725 438 778 arente
468 724 591 778 tantum
623 713 795 796 desiderat,
827 715 928 801 quid⁸
952 717 1150 781 censendum
1173 731 1222 782 est
1249 718 1288 782 de
1312 718 1372 800 his,
1404 718 1459 804 qui
1483 717 1602 782 cordeb
1627 727 1659 780 et
1683 737 1816 801 corpore

171 819 287 886 Deum
311 831 341 885 et
365 823 434 885 eius
459 821 626 884 servitium
650 819 804 885 deserunt
827 833 859 884 et
882 821 923 885 ad
947 821 1113 887 diabolum
1136 834 1169 887 et
1192 825 1260 889 eius
1285 825 1461 906 servitium,
1490 825 1543 888 cui
1572 821 1816 886 abrenuntiasse

171 925 405 1010 videbantur⁰,
430 926 592 992 redeunt?

807 1054 836 1114 9.
878 1052 936 1116 Dc
966 1052 1186 1138 ydolatrie.

286 1176 396 1257 Quidd
427 1178 583 1240 canonica
614 1199 752 1240 censura
783 1175 823 1240 de
854 1175 903 1240 his
934 1178 1066 1258 sentiat,
1097 1178 1180 1260 volo,
1212 1189 1247 1242 ut
1277 1179 1463 1243 fraternitas
1493 1188 1602 1241 vestra
1633 1187 1817 1261 cognoscat.

173 1282 302 1347 Dicunt
332 1305 472 1346 canones
503 1293 569 1346 tam
599 1282 722 1368 grande
753 1281 910 1368 flagitium
941 1305 1022 1364 esse,
1054 1283 1245 1349 monachum
1276 1285 1476 1370 propositum
1501 1295 1532 1348 et
1556 1282 1702 1347 habitum
1725 1305 1817 1346 suum

174 1387 308 1454 abicere
332 1399 385 1453 et⁰
409 1389 562 1453 clericum
586 1411 676 1452 arma
699 1411 836 1469 sumere,
862 1412 958 1475 quarn
982 1413 1082 1474 grave
1106 1390 1231 1454 facinus
1252 1403 1310 1472 est,
1334 1390 1453 1455 laicum
1478 1390 1746 1454 christianitatem
1769 1411 1817 1452 re-

175 1494 324 1581 linquere
350 1508 381 1558 et
403 1495 582 1581 ydolatriae
607 1496 796 1559 inservire1.
843 1495 931 1580 Ergo
956 1497 1032 1582 quia
1055 1496 1210 1582 ydolatrie
1233 1498 1507 1582 aequiparantur,
1533 1497 1589 1582 qui
1612 1519 1631 1559 a
1655 1495 1818 1581 proposito
1838 1513 1928 1554 asara

123 1627 156 1664 ιο
176 1624 237 1666 suo
266 1613 466 1688 apostatasse
497 1612 529 1665 et
557 1600 686 1687 publice
718 1603 749 1665 in
781 1602 1015 1666 seminationes
1038 1603 1140 1666 vitam
1170 1602 1289 1666 duoere
1320 1625 1385 1666 non
1414 1601 1685 1682 verecundantur,
1715 1601 1819 1686 magis

177 1731 279 1793 quam
301 1707 343 1786 hi,
369 1707 409 1771 de
434 1705 551 1794 quibus
575 1730 673 1794 supra
696 1719 868 1772 tractatum
888 1721 946 1788 est,
971 1709 1003 1771 in
1028 1711 1114 1772 omni
1139 1711 1269 1773 seruitio
1286 1709 1351 1772 Dei
1375 1719 1449 1772 sunt
1472 1707 1639 1772 devitandi
1664 1719 1696 1772 et
1719 1708 1819 1772 omni-

177 1811 241 1878 bus
265 1814 447 1878 christianis
470 1814 504 1878 in
528 1816 614 1878 omni
639 1815 863 1878 commuuione
888 1814 1073 1878 execrandi.

801 2011 850 2072 10.
892 2009 951 2073 De
983 2012 1202 2095 apostatis.

287 2133 377 2196 Dicit
401 2134 486 2196 enim
510 2132 690 2218 apostolus:
716 2133 757 2198 Si
777 2137 849 2218 qra's
864 2135 976 2220 freter
999 2138 1033 2198 a'a
1052 2137 1136 2199 rob-is
1144 2137 1329 2222 fornicator
1345 2137 1533 2214 nominatur,
1557 2159 1625 2197 cam
1640 2133 1824 2198 huiusmodi
1840 2151 1990 2200 aconau.

132 2265 159 2303 15
180 2251 239 2304 aess
264 2242 362 2304 cabum
388 2264 515 2303 seruere.
563 2239 690 2319 Notate,
716 2239 803 2325 quod
827 2238 906 2303 dicit
930 2243 963 2304 ira
989 2243 1082 2304 cotta
1131 2241 1166 2305 Si
1190 2241 1257 2304 illih
1281 2264 1346 2304 non
1370 2239 1468 2305 debet
1491 2240 1523 2302 in
1548 2237 1620 2303 cibo
1645 2239 1820 2303 communi-

180 2347 259 2426 cari,
291 2347 344 2432 qui
376 2347 409 2408 in
433 2344 592 2409 aecclesia
614 2345 771 2430 probatur
792 2345 955 2426 fornicari,
987 2343 1028 2408 ab
1053 2347 1139 2410 omni
1164 2347 1388 2411 communione
1412 2345 1591 2410 aecclesiae
1616 2355 1689 2409 sunt
1712 2367 1820 2432 repro-

180 2451 291 2532 bandi,
317 2452 371 2537 qui
387 2452 495 2515 Deum
519 2463 552 2514 et
574 2451 767 2515 aecclesiam
790 2475 849 2537 per
865 2453 1061 2538 apostasiam
1085 2451 1285 2538 reliquerunt
1310 2466 1342 2516 et
1365 2463 1459 2516 extra
1482 2451 1676 2515 aecclesiam
1691 2450 1820 2537 publice

181 2559 215 2622 in
239 2557 450 2622 fornicatione
475 2556 674 2621 sordescunt.
715 2557 796 2638 Quis
814 2558 903 2644 ergo¹
923 2581 978 2622 eos
1002 2559 1108 2622 sciens
1133 2559 1214 2622 ‘ave'
1240 2560 1286 2622 eis
1311 2559 1439 2640 dixerit,
1465 2581 1576 2622 eorum
1600 2557 1693 2621 malis
1718 2559 1821 2644 operi-
1841 2576 2000 2618 acaronis.

181 2663 242 2728 bus
267 2665 483 2728 communicat
506 2675 538 2727 et
561 2663 634 2727 ideo
659 2663 896 2750 dampnationis
922 2666 1018 2728 etiarn
1042 2663 1169 2728 illorum
1192 2666 1354 2752 particeps
1379 2665 1449 2728 erit.

135 2887 162 2924 so
661 2861 710 2922 11.
752 2858 812 2922 De
844 2858 1168 2924 accusatoribus
1199 2883 1347 2924 eorum.

289 2982 493 3048 Accusatcr¹¹
515 2982 641 3047 illorum
666 2983 754 3068 apud
777 2983 884 3047 Deum
909 2983 976 3047 est¹
1004 2995 1134 3048 sanctus
1151 2984 1359 3066 Benedictus,
1385 2986 1441 3071 qui
1465 2983 1659 3050 describitur
1682 2985 1824 3048 omnium

182 3092 367 3154 iustorumm
398 3091 513 3176 spiritu
542 3088 665 3176 plenus.
712 3090 835 3154 Eorum
865 3101 939 3154 sunt
969 3091 1197 3155 accusatoresl
1221 3113 1332 3154 omnes
1356 3091 1473 3155 huius¹¹
1504 3103 1635 3155 sanctae
1660 3089 1824 3175 religionis

182 3197 391 3283 professores.
439 3196 513 3282 Ipse
537 3196 628 3260 Deus
660 3218 714 3260 eos
745 3195 909 3282 dampnat,
941 3220 1037 3282 quem
1068 3199 1246 3262 irriserunt.
1293 3198 1399 3262 Mater
1423 3197 1583 3262 aecclesia
1608 3220 1662 3262 eos
1693 3197 1824 3260 anathe-

182 3305 324 3385 matizat,
356 3326 376 3366 a
399 3325 464 3389 qua
487 3313 699 3367 recesserunt.
749 3303 869 3368 Omnes
893 3315 1002 3388 patres
1027 3315 1080 3368 et⁰
1104 3327 1214 3368 omnes
1238 3305 1314 3368 iusti
1340 3327 1395 3368 eos
1420 3305 1713 3383 excommunicant,
1745 3325 1825 3389 quos

136 3435 164 3474 as
183 3409 496 3474 scandalizaverunt.
544 3410 688 3474 Omnes?
720 3410 839 3496 quippe
871 3431 912 3473 ex
944 3409 1126 3474 hominibus
1158 3408 1252 3498 electi
1284 3410 1418 3496 singulis
1443 3409 1611 3474 ordinibus
1638 3408 1826 3495 angelorum

183 3527 259 3580 sunt
281 3516 469 3580 assotiandi.
517 3515 583 3580 Sed
606 3515 756 3579 monachi
780 3537 904 3579 summo
929 3515 1043 3596 ordini,
1073 3515 1196 3580 scilicet
1220 3517 1390 3603 Seraphin,
1416 3517 1591 3580 creduntur
1615 3515 1825 3602 aggregandi.

183 3623 258 3686 Hoc
274 3624 371 3686 etiam
387 3622 515 3686 illorum
531 3623 653 3686 vestisq
677 3621 836 3706 designat,
861 3623 945 3685 sicut
967 3622 1126 3708 propheta
1142 3622 1302 3709 Seraphin
1326 3646 1386 3685 sex
1405 3622 1473 3685 alas
1497 3621 1650 3686 habuisse
1674 3624 1825 3686 insinuat.
1848 3643 1956 3690 natea.

184 3729 280 3793 Duae
311 3751 450 3816 namque
482 3741 590 3814 partes
620 3727 775 3808 cucullae,
807 3729 949 3792 anterior
973 3740 1005 3792 et
1027 3729 1195 3814 posterior,
1227 3739 1301 3791 scrut
1331 3729 1415 3792 duae
1446 3728 1527 3808 alae,
1560 3728 1678 3814 quibus
1710 3751 1826 3814 corpus

185 3835 305 3918 velant,
331 3837 492 3900 *manicae
517 3847 590 3899 sunt
614 3834 719 3898 duae¹
744 3833 825 3914 alae,
851 3833 968 3921 quibus
992 3835 1111 3917 volant,
1142 3837 1311 3898 iuncturae
1337 3835 1468 3920 capitii⁸
1494 3834 1598 3898 duae²
1625 3835 1695 3898 alae
1720 3845 1826 3914 suntu,
1847 3855 1931 3894 ⁸aras.

140 3968 166 4009 ao
187 3940 304 4028 quibus
328 3953 426 4028 caput
450 3943 648 4028 cooperiunt.
697 3940 764 4006 Sex
787 3938 858 4004 alae
883 3951 956 4004 sunt
980 3942 1076 4005 etiam
1105 3963 1164 4004 sex
1187 3942 1332 4023 virtutes,
1364 3939 1481 4027 quibus
1513 3941 1649 4026 perfecti
1679 3941 1828 4004 levantur

186 4049 228 4112 ad
252 4048 387 4136 celestes
418 4047 521 4112 sedes.
567 4047 660 4128 Alae,
691 4069 774 4133 quae
805 4069 922 4132 corpus
946 4047 1065 4128 velant,
1097 4058 1171 4111 sunt
1200 4048 1379 4136 penitentia
1403 4058 1434 4111 et
1458 4046 1652 4111 obedientia.
1701 4045 1827 4127 Quibus

187 4166 294 4219 autem
325 4165 423 4241 caput
453 4165 576 4240 tegrmt,
608 4164 657 4217 est
685 4153 766 4217 fides
791 4164 844 4217 etv
869 4176 952 4239 spes.
1001 4151 1147 4218 Gloriam
1170 4153 1264 4218 huius
1289 4153 1411 4217 ordinis
1436 4155 1510 4218 istiv
1534 4155 1720 4236 amiserrmt,
1751 4153 1827 4217 dum

187 4284 207 4324 a
230 4264 389 4326 consortio
413 4260 674 4325 monachornmw
698 4271 972 4345 apostataverunt.
1015 4259 1094 4324 Ideo
1119 4259 1304 4347 specialiter
1328 4259 1369 4323 ab
1394 4259 1443 4324 his
1468 4262 1599 4324 summis
1624 4260 1827 4346 archangelis

188 4368 354 4454 dampnati
378 4379 461 4448 sunt,
494 4369 570 4454 quia
594 4390 649 4431 eos
674 4365 858 4452 specialiter
881 4376 1167 4451 exasperaverunt,
1199 4365 1276 4430 dum
1307 4365 1347 4429 ah
1373 4368 1418 4429 eis
1443 4365 1649 4430 recedendo¹
1672 4368 1827 4453 apostatis

142 4500 168 4540 ss
188 4474 390 4560 archangelis
416 4498 450 4538 se
474 4476 684 4538 sotiaverunt.
731 4474 834 4558 Igitur
857 4495 977 4554 omnes,
1009 4474 1063 4559 qui
1087 4472 1192 4536 adeoy
1215 4473 1424 4554 fornicantur,
1456 4497 1475 4536 a
1498 4472 1571 4536 Deo
1595 4473 1775 4558 perduntur
1798 4483 1829 4536 et

189 4578 359 4645 adiabolo
384 4581 591 4662 devorantur,
622 4591 658 4644 ut
689 4580 822 4645 dicitur:
854 4580 939 4644 Esco
963 4583 1029 4644 eries
1052 4581 1155 4644 electo.
1203 4579 1248 4642 Ut
1275 4580 1360 4642 eninr
1384 4577 1443 4643 bos
1467 4580 1576 4668 fenum
1601 4579 1750 4661 comedit,
1783 4580 1828 4642 sic
1848 4601 1922 4642 sana
1931 4601 1964 4648 rr,
1973 4600 2007 4638 14.

190 4685 336 4751 diabolus
367 4687 529 4752 seculares
560 4686 706 4773 deglutit,
737 4708 795 4771 pro
827 4687 959 4748 summis
990 4696 1096 4749 autern
1128 4685 1231 4774 epulis
1262 4684 1360 4767 ducit,
1393 4687 1419 4748 si
1448 4696 1565 4772 quem²
1590 4686 1684 4750 huius
1708 4685 1828 4750 ordinis

190 4791 347 4858 devorare
369 4795 497 4880 poterit.

296 5025 323 5091 a)
345 5029 418 5094 quod
436 5025 509 5078 Ac.
608 5025 634 5084 b)
656 5035 745 5078 mente
766 5023 792 5077 C.
883 5023 909 5089 c)
931 5027 1075 5078 videantur
1093 5044 1156 5077 cerr.
1174 5043 1242 5076 man.
1261 5035 1326 5092 post.
1346 5027 1510 5077 videbantur
1527 5024 1562 5080 A.
1652 5025 1680 5090 d)
1703 5029 1749 5091 qui
1767 5044 1830 5078 corr.

144 5131 172 5169 4ο
190 5119 254 5182 quid
276 5114 303 5167 C.
390 5115 415 5181 e)
439 5123 468 5168 ut
489 5115 530 5178 A;
556 5116 599 5168 vel
623 5113 662 5178 B,
692 5123 722 5167 ut
739 5134 802 5166 corr.
821 5133 889 5166 maa.
907 5133 990 5166 reseas
1009 5124 1037 5166 et
1056 5112 1083 5166 C.
1177 5112 1198 5175 f)
1226 5116 1328 5165 fornae.
1348 5133 1411 5165 corr.
1430 5116 1525 5166 fornic.
1546 5112 1577 5166 B.
1672 5113 1701 5181 g)
1729 5133 1779 5166 nec
1798 5113 1830 5168 B.

190 5203 218 5268 h)
239 5205 286 5257 illc
307 5202 378 5256 Ac.
451 5204 471 5268 i)
493 5208 577 5271 igitur
597 5202 629 5255 B.
695 5203 725 5267 k)
748 5201 864 5255 acus.C.
933 5201 952 5264 l)
975 5207 1026 5256 erit
1046 5201 1073 5255 C.
1139 5200 1176 5264 m)
1197 5201 1313 5264 dcestA,
1332 5221 1456 5269 mprosa.
1475 5221 1542 5254 maa.
1558 5213 1623 5270 post.
1690 5203 1718 5266 n)
1740 5206 1777 5255 hii
1796 5201 1830 5256 D.

191 5291 218 5352 ο)
238 5295 304 5345 deest
322 5293 355 5344 Α.
428 5293 456 5361 p)
478 5296 578 5346 Omnes
599 5296 699 5360 quippe
720 5319 752 5328 -
773 5295 905 5345 devorare
924 5295 1026 5359 poterit
1043 5293 1093 5344 des.
1113 5289 1146 5342 B.
1219 5289 1246 5357 q)
1268 5293 1376 5343 habitus
1398 5289 1425 5343 C.
1498 5290 1521 5350 r)
1543 5309 1564 5342 s.
1584 5293 1610 5343 d.
1629 5293 1687 5354 dea,
1706 5311 1831 5359 eamcam.

190 5401 257 5433 maa.
272 5392 337 5449 post.
358 5381 397 5446 A;
417 5385 487 5435 duae
506 5384 572 5435 deest
590 5381 617 5433 0.
672 5380 695 5444 sl
719 5381 837 5453 capitale
857 5379 891 5443 0;
909 5383 957 5432 dal.
976 5399 1044 5432 arara.
1062 5398 1144 5432 roceas
1162 5389 1185 5430 ct
1202 5398 1264 5431 corr.
1283 5382 1312 5431 ia
1329 5398 1408 5446 merc.
1428 5383 1531 5446 capitii.
1593 5381 1614 5442 t)
1635 5382 1701 5432 deon
1718 5380 1752 5443 A,
1771 5383 1831 5432 odd.

190 5490 257 5522 mon.
279 5481 345 5538 post.
430 5471 458 5534 ιι)
480 5474 505 5523 d.
526 5489 550 5524 a.
569 5489 591 5523 s.
613 5473 664 5523 des.
684 5467 711 5521 C.
796 5471 824 5532 a)
845 5471 910 5522 deest
929 5466 957 5521 C.
1041 5467 1075 5532 w)
1097 5469 1219 5520 manech.
1244 5487 1306 5519 corr.
1332 5470 1453 5520 monach.
1474 5467 1506 5519 A.
1590 5467 1619 5532 x)
1644 5471 1784 5522 redeundo
1805 5467 1831 5522 C.

146 5573 172 5612 ta
190 5557 218 5626 y)
240 5577 256 5610 a
274 5561 335 5612 Dec
355 5557 387 5611 B.
407 5558 440 5612 D.
521 5563 546 5623 a)
568 5577 637 5626 quos
657 5557 689 5610 B.

304 5761 332 5830 l)
360 5759 442 5818 Coae.
463 5759 593 5818 C'balccd.
620 5761 673 5816 cl
702 5759 799 5834 (Grat.
825 5760 912 5815 Dera.
938 5779 960 5813 c.
987 5757 1015 5826 3,
1041 5775 1064 5812 c.
1083 5756 1150 5826 XX,
1175 5777 1201 5831 q.
1220 5753 1270 5830 3);
1294 5758 1334 5828 cf.
1362 5755 1433 5814 Coa
1458 5768 1547 5833 apost.
1573 5778 1595 5813 c.
1622 5758 1672 5814 83.

1586 5877 1620 5929 8*
