4426 6398
614 406 848 464 TRACTATUS
873 406 1163 463 EBORACENSES.
1198 407 1251 462 111.
1698 404 1762 467 659

109 605 206 680 neget
230 618 264 660 se
289 617 360 658 esse
385 593 539 658 clericum
562 593 615 658 vel
638 593 844 658 monachum.
891 594 935 658 Et
963 594 1040 659 licet
1070 594 1131 683 hoc
1154 596 1200 659 ita
1223 616 1258 658 se
1282 593 1434 678 habeant,
1465 605 1575 660 tamen
1598 597 1763 662 Romanus

108 701 256 790 pontifex
280 711 312 765 et
335 701 473 764 ministri
500 700 549 764 sui
574 699 772 786 compellunt
795 701 1089 787 Rothcmagensem
1120 701 1402 788 archiepiscopum
1431 703 1581 788 ingerere
1613 726 1648 767 se
1678 705 1763 790 peri·

109 809 200 890 culis,
225 807 359 872 obviare
383 806 520 889 insidiis,
539 805 737 892 'raptoribus
761 818 794 871 et
816 807 1079 894 persecutoribus
1104 819 1160 872 aut
1182 809 1355 873 temerarie
1380 831 1415 872 se
1439 831 1604 895 opponere
1628 821 1684 874 aut
1708 810 1763 875 de·
1782 833 1860 884 aar.

109 917 275 1002 ceptorie⁵
300 935 409 1000 agere,
439 913 569 978 mentiri
593 923 625 978 et
647 913 862 998 irreligiosum
887 937 921 978 se
945 905 1127 979 ostendere.
1174 915 1248 979 Hoc
1272 914 1404 1002 quidem
1427 938 1493 980 non
1518 927 1567 980 est
1597 916 1762 1003 prodesse,
1851 979 1853 982 .

30 1107 32 1113 Ι
77 1021 167 1089 ssed
191 1020 317 1086 obesse.
351 1019 397 1084 At
413 1018 561 1084 Christus
580 1019 729 1085 dominus
753 1043 771 1084 e
796 1021 958 1086 contrario
981 1044 1039 1086 nos
1064 1045 1121 1086 suo
1138 1020 1240 1086 verbo
1257 1021 1369 1086 docuit
1392 1033 1424 1086 et
1448 1022 1609 1109 exemplo.
1640 1021 1762 1105 Verbo,

109 1151 173 1215 quo
198 1127 296 1192 dixit:
330 1127 371 1192 Si
396 1151 450 1192 voe
469 1129 634 1214 persecuti
646 1129 778 1216 fuerint
806 1131 841 1192 ιἰι
864 1153 928 1193 aaa
951 1131 1086 1209 civitate,
1110 1130 1220 1217 sapite
1251 1132 1284 1193 in
1308 1131 1417 1194 alium.
1465 1129 1638 1215 Exemplo,
1663 1131 1763 1216 quia·
1783 1155 1941 1204 uersurum.

110 1257 186 1320 sepe
211 1233 389 1298 declinavit
410 1234 676 1320 persequentium
698 1234 838 1320 impetus
863 1244 895 1298 et
919 1233 1122 1298 abscondens
1147 1235 1289 1320 se-fugit
1312 1235 1487 1300 iudeorum
1509 1234 1647 1322 lapides.
1689 1237 1763 1301 Hoc
1783 1261 1903 1310 nassa

109 1343 208 1427 igitur
223 1340 324 1406 verbo
340 1342 516 1405 instructus
533 1349 566 1404 et
581 1339 742 1427 exemplo,
762 1340 1032 1426 Rothomagensis
1057 1341 1322 1427 archiepiscopus
1338 1352 1427 1406 tenet
1450 1341 1624 1406 salutarem
1642 1342 1763 1408 Christi

110 1457 142 1512 et
165 1447 319 1512 humilem
335 1447 526 1530 doctrinam,
553 1445 686 1535 [Christi
693 1445 719 1535 ¹³]
745 1448 892 1534 sequitur
907 1447 1103 1534 exemplum,
1121 1446 1264 1512 declinat
1279 1459 1571 1534 persequutorum⁰
1588 1449 1713 1514 rabiem
1731 1461 1764 1514 et

67 1581 92 1620 ιο
109 1555 250 1619 iccircc⁰
274 1555 487 1641 vituperatur,
516 1554 671 1638 arguitur,
696 1552 892 1639 dampnatur
915 1565 947 1618 et
971 1553 1012 1619 ab
1037 1554 1215 1642 episcopali
1239 1555 1347 1620 officio
1376 1556 1585 1642 suspenditur
1595 1561 1616 1625 ¹.
1662 1557 1762 1621 Recte

109 1661 143 1725 id
166 1683 209 1725 an
231 1683 404 1748 perperam
427 1660 493 1743 fiat,
517 1660 611 1724 Deus
634 1660 762 1725 viderit.
801 1661 976 1746 Imponunt
999 1663 1084 1725 enim
1110 1663 1140 1726 ei
1163 1662 1217 1725 isti
1240 1661 1322 1726 tales
1346 1663 1493 1748 magistri
1518 1688 1595 1728 onus
1615 1689 1713 1751 praee
1736 1679 1765 1729 ct
1782 1687 1933 1737 licturus.

109 1771 320 1856 inportabilec
345 1779 387 1850 et,
412 1769 498 1855 qaod
520 1769 619 1855 dipito
642 1792 698 1832 seeo
721 1793 842 1832 mosem
865 1770 981 1833 uolunt.
1018 1768 1165 1853 Exigunt
1189 1767 1230 1832 ab
1255 1791 1304 1851 eo,
1326 1768 1414 1855 quod
1437 1770 1526 1854 exigi
1548 1792 1568 1833 a
1589 1792 1623 1834 se
1639 1769 1762 1834 nolunt.

108 1874 248 1939 Faciunt
271 1873 328 1957 illi,
350 1873 438 1961 quod
461 1872 578 1938 abillo
602 1875 665 1938 sibi
688 1873 810 1939 nollent
832 1873 913 1938 fieri.
949 1874 1126 1939 Declinant
1148 1875 1212 1961 ipsi
1236 1897 1295 1938 sua
1317 1875 1474 1961 pericula,
1498 1876 1628 1961 fugiunt
1651 1876 1763 1941 discri-

109 1983 197 2046 mina
221 1993 253 2072 et
275 1981 397 2063 volunt,
422 1990 458 2045 ut
480 1981 541 2044 iste
564 1979 746 2044 inconsulte
770 1979 894 2044 subeat.
940 1981 1005 2045 Pro
1029 1981 1237 2046 huiusmodi⁰
1262 1981 1376 2046 volunt
1399 2005 1470 2046 esse
1494 1984 1651 2069 magistri.

67 2113 92 2152 ιι
217 2087 283 2154 Sed
307 2087 444 2152 fortasse
468 2086 511 2151 ad
533 2086 595 2176 hec
619 2086 736 2152 dicturi
760 2096 850 2151 sunt:
876 2087 959 2151 ‘Non
982 2110 1041 2174 pro
1066 2088 1115 2151 his
1139 2111 1203 2175 que
1219 2098 1254 2152 tu
1274 2087 1356 2153 dicis
1373 2111 1503 2175 preesse
1520 2089 1679 2173 volumus,
1705 2090 1763 2154 sed

110 2205 242 2282 propter
265 2194 337 2276 hoc,
358 2193 445 2282 quod
469 2194 514 2258 ita
537 2193 703 2258 decretum
728 2204 776 2258 est
799 2217 819 2258 a
843 2195 962 2258 sanctis
978 2194 1137 2280 patribus,
1154 2205 1190 2259 ut
1205 2195 1354 2259 Romana
1377 2195 1518 2260 ecclesia
1541 2197 1582 2260 sit
1605 2206 1709 2260 mater
1732 2208 1765 2261 et

110 2303 265 2388 magistra
281 2303 425 2365 omnium
441 2299 653 2364 ecclesiarum
670 2311 702 2364 et
718 2301 891 2387 episcopus
909 2301 978 2365 eius
1002 2324 1146 2365 summus
1170 2301 1212 2365 sit
1235 2303 1377 2366 omnium
1395 2303 1643 2388 episcopcrum'.
1678 2303 1762 2384 Hoc,

110 2410 252 2495 inquam,
270 2409 374 2472 sancti
390 2417 499 2494 patres
515 2406 741 2490 decreverunt,
755 2407 900 2472 ciusdem
913 2407 1067 2472 videlicet
1082 2407 1220 2472 ecclesie
1235 2407 1405 2495 pontifices
1420 2419 1452 2473 et
1468 2431 1625 2496 sequaces
1640 2432 1762 2492 corum,

111 2523 142 2578 et
164 2514 225 2578 hoc
244 2514 497 2601 perpotentiam
513 2513 651 2578 Romani
674 2515 802 2600 imperii
819 2524 851 2579 et
866 2525 999 2601 propter
1015 2514 1104 2579 urbis
1121 2514 1360 2598 excellentiam,
1378 2538 1441 2605 que
1459 2528 1557 2603 caput
1573 2526 1643 2580 erat
1665 2517 1763 2581 totius

64 2647 91 2686 ao
110 2620 196 2686 orbis
207 2627 227 2685 ².
259 2621 382 2684 Verum
406 2619 447 2685 ab
464 2620 555 2684 initio
571 2621 735 2685 nascentis
760 2620 898 2707 ecclesie
921 2644 987 2685 non
1010 2623 1067 2686 sic.
1103 2621 1219 2708 Neque
1243 2623 1329 2686 enim
1347 2621 1495 2687 Christus
1520 2622 1581 2687 hoc
1606 2622 1762 2704 decrevit,

109 2751 173 2792 non
196 2728 257 2792 hoc
282 2737 462 2791 sanxerunt
484 2726 631 2814 apostoli,
656 2749 720 2792 non
745 2729 953 2814 septuaginta
969 2727 1032 2792 duo
1050 2727 1211 2815 discipuli,
1236 2751 1301 2792 non
1322 2728 1573 2814 prothomartir⁰
1591 2740 1624 2793 et
1639 2731 1762 2815 primus

109 2834 356 2898 archidiaconus
381 2833 565 2920 Stephanus
590 2844 622 2899 et
644 2835 723 2898 socii
755 2835 824 2898 eius
855 2834 917 2898 hoc
941 2844 1133 2917 statuerunt,
1158 2858 1239 2921 quos
1263 2836 1428 2922 principes
1452 2847 1486 2900 et
1508 2837 1629 2922 primos
1653 2847 1762 2922 patres

109 2941 251 3006 omnium
274 2940 476 3006 credentium
501 2963 571 3005 esse
595 2963 690 3006 nemo
713 2943 778 3005 nisi
799 2943 979 3029 inperitus⁰
1003 2950 1112 3027 negat.
1153 2941 1300 3022 Quonim
1324 2943 1421 3007 etiam
1439 2941 1630 3024 doctrinam,
1654 2965 1761 3006 mores

109 3059 141 3112 et
164 3059 256 3112 actus
279 3058 312 3112 et
335 3046 500 3134 'exempla
516 3048 662 3134 quisquis
685 3071 751 3112 non
775 3048 930 3134 sequitur,
953 3047 1094 3112 infidelis
1118 3070 1190 3112 esse
1213 3047 1409 3112 iudicandus
1427 3059 1485 3131 est,
1510 3049 1608 3112 immo
1628 3050 1763 3113 insanus
1781 3075 1815 3114 ι.
1852 3102 1857 3113 .

64 3181 91 3220 ιι
109 3163 142 3218 et
169 3153 417 3240 psicophanead.
470 3152 631 3218 Indecens
662 3155 781 3218 etenim
813 3155 1033 3240 iniustumque
1066 3164 1149 3236 erat,
1180 3165 1215 3219 ut
1244 3155 1312 3218 filie
1342 3165 1576 3241 preponeretur
1605 3156 1701 3219 matri
1731 3165 1763 3219 et

109 3262 262 3349 magistre
287 3259 449 3347 discipula
472 3269 513 3341 et,
543 3283 606 3349 que
636 3259 757 3324 infide
788 3263 966 3347 sequitur0,
997 3263 1209 3326 conversione
1234 3272 1266 3327 et
1291 3261 1449 3344 doctrina,
1474 3264 1504 3327 ei
1529 3285 1592 3351 que
1615 3262 1763 3348 precedit

110 3377 142 3431 et
164 3369 278 3453 previa
301 3377 359 3430 est.
395 3366 546 3431 Ecclesia
570 3367 666 3448 enim,
691 3389 755 3456 que
779 3368 884 3431 estin
901 3368 1137 3450 Hierosolimis,
1162 3369 1234 3454 ipsa
1258 3370 1400 3433 omnium
1425 3369 1636 3433 ecclesiarum
1660 3379 1764 3433 mater

88 3469 168 3538 est.
215 3473 291 3559 Ipsa
323 3475 409 3537 enim
439 3474 545 3560 prima
575 3475 745 3559 accepite
770 3472 898 3538 Christo
929 3473 1027 3538 fidei‘
1059 3477 1197 3560 gratiam
1221 3487 1253 3539 ct
1279 3474 1459 3539 doctrinam
1484 3486 1516 3541 et
1540 3475 1762 3561 septiformem

111 3579 265 3666 Spiritum
289 3589 438 3644 sanctum
459 3579 653 3666 paraclitum
676 3579 717 3644 de
742 3580 819 3644 celis
844 3592 877 3644 et
895 3596 1086 3668 potestatem,
1117 3607 1211 3668 quam
1236 3583 1325 3646 dedit
1347 3585 1392 3647 ers
1408 3583 1500 3669 filios
1524 3582 1591 3646 Dei
1603 3584 1686 3669 fleri
1706 3583 1761 3668 qui
1782 3605 1903 3656 ronan.

64 3713 91 3753 ιο
108 3687 205 3773 primi
228 3701 410 3775 receperunt
432 3698 533 3752 eanrss.
577 3686 673 3751 Hanc
698 3688 794 3751 etiam
818 3689 991 3773 parturivit
1015 3699 1048 3752 et
1070 3689 1183 3773 genuit
1205 3711 1265 3774 per
1287 3687 1384 3752 fidem
1408 3689 1515 3774 ipsum
1538 3687 1674 3752 verbum
1698 3688 1763 3752 Dei

109 3816 185 3884 caro
208 3793 330 3858 factum
355 3803 386 3857 et
409 3792 623 3879 corporaliter
644 3794 678 3856 in
702 3815 741 3857 ea
765 3795 1015 3859 conversatumh
1039 3805 1096 3858 est.
1132 3794 1209 3881 Ipsa
1233 3793 1374 3881 denique
1398 3817 1457 3880 per
1480 3804 1582 3859 totum
1606 3793 1762 3858 mundum

109 3900 255 3966 ceteras*
280 3901 454 3988 parturivit
477 3899 644 3983 ecclesias,
668 3899 773 3965 donec
797 3899 944 3966 Christus
973 3903 1008 3964 in
1032 3902 1079 3965 eis
1109 3901 1312 3966 formaretur.
1359 3900 1456 3966 Unde
1481 3911 1513 3964 et
1536 3902 1647 3964 matris
1670 3922 1761 3964 reve-

108 4008 245 4072 rentiam
277 4009 391 4072 merito
421 4006 567 4093 possidet
597 4017 630 4072 et
658 4007 848 4072 misterium.
895 4007 981 4094 Ipsa,
1013 4009 1097 4073 sicut
1125 4008 1232 4094 prima
1261 4008 1322 4072 fuit
1352 4008 1386 4072 in
1413 4009 1521 4090 terris,
1552 4008 1657 4094 prima
1687 4029 1911 4082 conessum.

108 4115 326 4179 versationem
355 4113 470 4179 habuit
498 4114 532 4179 in
557 4114 635 4202 celis
665 4137 704 4179 ac
734 4136 794 4200 per
823 4114 883 4178 hoc
915 4113 1042 4179 celestis
1065 4115 1270 4179 Hierusalem
1294 4125 1412 4179 vocata
1436 4125 1493 4195 est,
1524 4113 1565 4178 de
1590 4136 1654 4200 qua
1683 4113 1762 4178 dicit

64 4246 91 4286 aa
110 4219 290 4306 apostolus:
315 4221 385 4285 Illa
409 4235 521 4301 autem,
545 4243 604 4307 quc
626 4247 749 4286 sursum
774 4237 818 4286 cst
841 4223 1053 4303 Hierusalem,
1078 4224 1179 4286 libera
1203 4236 1255 4302 est,
1287 4245 1345 4308 que
1368 4237 1413 4286 est
1434 4236 1532 4286 creater
1555 4237 1670 4286 nostro.
1718 4221 1761 4284 Et
1780 4245 1902 4294 ornum.

110 4326 151 4390 de
175 4349 239 4413 qua
260 4325 422 4391 Iohannes
449 4327 483 4390 in
506 4325 714 4413 Apocalipsi:
747 4329 832 4410 Vidi,
863 4328 977 4414 inquit,
1002 4331 1158 4394 civitatem
1181 4343 1321 4392 sanctim
1344 4328 1547 4392 Hierusalem
1571 4353 1683 4392 novum
1708 4329 1759 4392 dc·
1780 4352 1920 4402 spossus.

108 4435 299 4499 scandentem
323 4433 361 4498 de
385 4435 459 4519 cele,
483 4460 503 4499 a
527 4434 595 4499 Deo
613 4449 775 4521 paratam,
805 4438 887 4500 sicut
909 4455 1057 4520 sponsum
1081 4449 1223 4499 croatam
1247 4437 1317 4499 ciro
1339 4458 1404 4498 suo.
1452 4433 1529 4520 Ipsa
1553 4435 1671 4498 etenim
1696 4433 1759 4497 Dei

109 4540 209 4626 patris
234 4561 353 4626 sponsa
376 4549 446 4604 erat
469 4563 508 4604 ac
531 4562 591 4627 per
614 4539 675 4604 hoc
699 4539 837 4605 tiliorum
861 4540 926 4605 Dei
957 4540 1083 4603 materk
1109 4540 1224 4604 meritc
1253 4538 1352 4604 debet
1381 4541 1551 4604 nominari.
1599 4540 1691 4629 ΗςιιΙ
1719 4540 1759 4604 de

109 4646 212 4710 Roma
239 4669 305 4710 non
334 4657 409 4710 sunt
433 4647 554 4733 scripta
576 4646 630 4710 vel
652 4647 810 4733 predicta,
841 4647 904 4711 nisi
935 4647 1017 4711 forte
1048 4669 1107 4732 per
1136 4647 1351 4711 imitationem
1375 4657 1406 4711 et
1429 4647 1576 4732 figuram,
1606 4670 1672 4711 non
1702 4669 1761 4732 per

62 4778 95 4818 ιιι
110 4754 282 4839 primatum
307 4751 435 4817 dicatur
457 4753 688 4818 Hierusalem
720 4752 759 4816 In
783 4754 843 4818 hac
868 4753 1008 4817 ecclesia
1032 4752 1179 4818 Christus
1209 4753 1339 4817 functus
1371 4763 1420 4818 est
1450 4752 1629 4818 sacerdotis
1653 4753 1760 4818 officio

216 4967 243 5032 a)
264 4971 560 5038 reperitur-locassemus.
615 4967 643 5034 b)
664 4970 785 5036 apples.
840 4968 866 5034 c)
886 4971 921 5022 sic
938 4988 959 5022 c.
1015 4969 1044 5033 d)
1063 4971 1102 5022 ita
1119 4984 1154 5026 c.;
1171 4988 1247 5037 asper
1266 4989 1282 5036 p
1301 4971 1399 5036 aliquid
1416 4988 1523 5022 manans.
1578 4967 1604 5032 e)
1625 4979 1763 5037 sequantur

109 5059 175 5110 daec
194 5060 290 5110 litterae
307 5077 400 5111 nasce.
472 5057 493 5122 i)
515 5060 562 5111 lidi
580 5077 600 5110 e.
673 5056 702 5125 g)
725 5077 784 5112 eam
803 5077 823 5110 c.
896 5057 924 5122 h)
946 5077 964 5110 u
982 5060 1011 5111 ia
1030 5061 1080 5112 loco
1099 5078 1163 5112 raso.
1230 5057 1250 5122 l)
1272 5067 1346 5111 cetae
1364 5077 1384 5111 e.
1449 5057 1477 5122 k)
1499 5077 1563 5111 mer.
1583 5066 1669 5110 mater
1685 5060 1763 5125 sipnia

105 5148 197 5214 positis
214 5167 278 5200 corr.
298 5155 384 5200 mater
402 5165 467 5200 mer.
540 5146 560 5212 l)
581 5150 642 5218 Hec
661 5175 694 5183 -
713 5149 801 5201 Roma
823 5149 889 5200 linea
906 5149 1014 5215 achaya.

221 5327 250 5404 l)
269 5327 319 5402 Cf.
334 5328 423 5407 (ἶνες.
439 5329 504 5387 VII.
522 5329 601 5406 epist.
618 5331 659 5388 ad
679 5330 762 5386 With.
787 5325 828 5404 (a.
846 5329 939 5386 1081.
959 5329 1049 5386 Mart.
1065 5330 1104 5387 15
1122 5360 1166 5370 -
1182 5330 1254 5406 Apr.
1272 5327 1324 5405 18)
1332 5351 1342 5400 ,·
1365 5329 1458 5402 Jcffe',
1480 5329 1554 5386 Bibe.
1571 5328 1612 5400 H,
1631 5349 1665 5405 p.
1684 5328 1762 5399 470,·

62 5452 92 5493 aa
111 5437 182 5513 Rep.
208 5457 253 5494 nr.
273 5435 375 5493 5204:
401 5437 524 5493 Proinde
548 5438 703 5508 apostolica
724 5437 775 5492 tibi
800 5437 988 5508 praecipimus
1012 5439 1193 5506 auctoritate,
1209 5445 1241 5491 ut
1257 5468 1299 5476 —
1315 5437 1423 5492 nullum
1440 5439 1575 5509 deinceps
1600 5437 1762 5508 episcopum

111 5545 157 5600 vel
181 5545 358 5600 sacerdotem
381 5544 510 5599 ordinare
535 5561 586 5599 seu
610 5545 745 5600 ecclesias
768 5561 931 5614 praesumas
955 5561 1119 5600 consecrare
1144 5552 1193 5600 etc.
1264 5543 1295 5614 2)
1322 5541 1371 5614 Of.
1393 5541 1513 5618 esenrpli
1532 5542 1631 5619 pratia
1655 5541 1765 5598 canalii

114 5649 258 5710 Constant.
284 5670 307 5706 c.
326 5649 343 5706 3
350 5671 361 5720 ,¹
385 5650 498 5721 Hefele,
515 5647 772 5726 ‘Coacilicnpesrlu'
789 5649 830 5719 II,
849 5669 882 5725 p.
903 5650 940 5705 lt
958 5670 1020 5726 sqq.
1058 5649 1107 5722 Cf.
1132 5669 1240 5727 quopere
1263 5650 1378 5708 Friedr.
1398 5649 1545 5719 Maassea,
1563 5647 1637 5705 ‘Der
1652 5647 1766 5704 fflmat

111 5757 160 5815 des
173 5740 320 5828 ¹Bisclrofe
341 5776 395 5814 voa
419 5756 492 5814 Boni
515 5757 577 5813 aad
597 5757 649 5813 der
671 5758 746 5813 alten
771 5755 1089 5814 Patriarelralkirchen’
1111 5777 1142 5833 p.
1161 5756 1178 5813 3
1195 5777 1257 5834 sqq.

1496 5875 1548 5926 83*
