4418 6412
456 407 520 482 394
747 424 927 481 GERHOHI
950 423 1182 480 PRAEPOSITI
1205 422 1614 480 REICHERSBERGENSIS
1638 422 1805 478 LIBELLI.

286 639 435 688 scaraio.
455 612 548 676 iuxta
570 611 741 676 consilinm
764 610 977 698 apostolicum
1005 609 1126 676 honore
1154 611 1295 675 invicem
1319 609 1529 696 prevenirent
1552 619 1585 675 et
1607 608 1690 674 alter
1712 607 1805 674 alteri
1835 619 2005 696 tamquam
2026 608 2102 674 filius

454 718 540 805 patri
563 716 744 782 deserviret
767 728 865 804 atque
888 716 942 782 illc
966 739 1063 782 versa
1085 718 1159 782 vice
1182 717 1288 804 ipsum
1311 727 1478 803 tamquam
1501 716 1602 781 lilium
1625 717 1752 781 foveret
1775 739 1815 780 ac
1839 715 1994 801 diligeret
2016 715 2103 802 eique

455 833 620 911 tamquam
643 823 710 889 filio
733 824 870 910 gloriam
894 836 926 889 et
949 823 1105 889 honorem
1135 823 1371 888 thesaurizaret
1393 834 1426 887 et
1449 833 1536 888 esset
1557 845 1625 910 pax
1652 823 1738 888 inter
1760 821 1842 887 duos
1868 821 1954 905 illos,
1987 823 2105 887 sicuta

297 957 435 1008 annana.
455 930 614 1017 propheta
644 930 805 996 Zacharia
834 930 1018 1018 predictum
1048 942 1109 996 est.
1162 930 1217 996 Sic
1248 928 1623 1016 Constantinopolitanae
1652 930 1832 1016 imperator
1860 940 1895 994 et
1923 928 2106 1015 patriarcha

455 1036 576 1102 honore
601 1060 636 1102 se
659 1038 800 1102 invicem
817 1039 1021 1124 preveniunt,
1046 1039 1102 1124 qui
1126 1037 1202 1102 dum
1227 1035 1289 1101 sibi
1312 1037 1477 1101 invicem·
1500 1035 1650 1101 sedentes
1675 1037 1767 1123 equis
1790 1036 1874 1100 forte
1899 1037 2129 1118 occurrerint:

455 1141 552 1208 ambo
582 1143 625 1208 ad
650 1154 752 1208 terras
776 1143 980 1209 descendunt
1003 1166 1141 1231 cumque
1166 1165 1201 1208 se
1225 1154 1355 1208 mutuae
1379 1143 1525 1208 caritatis
1548 1142 1656 1208 officio
1681 1142 1904 1224 salutaverint,
1928 1143 2107 1206 reascensis

456 1251 548 1337 equis
571 1251 699 1338 utrique
723 1251 811 1315 viam
835 1249 1030 1316 destinatam
1053 1260 1193 1337 pergtmt
1216 1260 1249 1314 et
1272 1260 1321 1315 est
1343 1272 1410 1336 pax
1434 1261 1531 1336 atque
1556 1250 1674 1314 caritas
1698 1250 1783 1314 inter
1806 1272 1872 1314 eos.

384 1454 436 1506 (sa).
790 1403 792 1408 ,
1089 1430 1140 1494 73.
1174 1425 1469 1515 Appologesis.

563 1552 631 1619 Sed
661 1552 749 1618 dicct
779 1552 858 1618 mihi
887 1553 969 1618 forte
1000 1553 1179 1640 quispiam:
1211 1551 1318 1635 ‘Quia
1350 1551 1455 1639 qualis
1480 1551 1532 1617 vel
1556 1562 1695 1638 quantus
1726 1573 1761 1616 es
1792 1563 1840 1635 tn,
1871 1563 1908 1616 ut
1936 1549 2108 1616 scribendo

456 1661 588 1725 summis
612 1675 643 1724 te
666 1657 765 1724 rebus
787 1661 923 1742 inseras,
948 1671 980 1724 et
1003 1659 1097 1746 quasi
1121 1658 1340 1724 consiliarium
1363 1668 1395 1722 te
1418 1669 1530 1723 tantae
1553 1659 1715 1723 maiestati
1739 1659 1928 1745 interponas
1952 1669 2011 1722 aut
2033 1657 2110 1744 quid
2126 1686 2146 1724 ιι

327 1793 435 1843 rarae
455 1765 498 1831 ad
521 1777 553 1830 te
576 1767 726 1853 pertinet,
757 1788 798 1830 ne
829 1765 912 1830 forte
943 1766 1042 1830 etiam
1072 1767 1106 1830 in
1130 1765 1236 1831 celum
1260 1787 1296 1830 os
1319 1775 1410 1830 tuum
1433 1765 1561 1852 ponas?
1607 1765 1692 1830 Nam
1716 1775 1749 1830 et
1771 1765 1938 1830 Romanus
1962 1765 2110 1851 pontifex

344 1899 436 1950 ·p.no.
455 1883 580 1938 tantum
611 1871 680 1938 celo
709 1871 817 1956 debet,
845 1883 881 1936 ut
911 1873 1011 1954 aiunt,
1041 1872 1259 1937 innocentiam
1290 1882 1323 1938 et
1352 1872 1562 1959 imperatoria
1587 1872 1755 1936 'maiestas
1786 1871 1859 1936 talis
1890 1872 2110 1936 homuntionis

455 1979 605 2044 adiuvari
628 1977 763 2044 consilio
787 1978 1007 2064 dedignatur’.

561 2085 616 2150 Ad
639 2084 727 2172 quod
750 2085 870 2151 audiat

564 2190 711 2274 ‘Nichil',
735 2193 858 2280 inquio,
875 2192 939 2257 ‘vel
961 2214 1077 2279 parum
1100 2191 1143 2256 ad
1162 2215 1213 2258 me
1236 2193 1415 2280 pertineret
1437 2192 1527 2280 loqui
1548 2192 1590 2258 de
1607 2192 1793 2258 huiusmodi
1815 2195 1867 2259 vel
1891 2195 2060 2281 conqueri,
2085 2196 2111 2260 si
2130 2219 2151 2258 u

455 2323 521 2365 non
552 2297 707 2364 scandala
736 2298 848 2363 talium
879 2299 1050 2364 occasione
1081 2297 1213 2364 suborta
1242 2298 1411 2366 turbarent
1440 2322 1479 2364 ac
1509 2299 1695 2365 scinderent
1725 2300 1907 2384 ecclesiam,
1932 2302 2026 2366 cuius
2051 2323 2111 2388 ego

456 2405 637 2471 membrum
661 2407 722 2470 etsi
745 2405 891 2470 infimum
907 2427 946 2470 ac
962 2404 1162 2493 despicabile
1179 2417 1211 2472 et
1226 2428 1298 2472 sum
1314 2417 1346 2472 et
1362 2429 1434 2472 esse
1450 2407 1557 2493 cupio.
1594 2405 1658 2488 Qui
1675 2405 1752 2472 dum
1772 2407 1858 2472 inter
1873 2407 1974 2473 ovilia
1990 2406 2112 2474 Christi

457 2512 546 2578 velut
562 2512 691 2580 ovicula
706 2512 833 2577 infirma
846 2511 1011 2595 delitesco,
1028 2510 1213 2600 pastoribus
1229 2513 1320 2596 meis,
1337 2512 1521 2600 pastoribus
1537 2515 1719 2578 animarum
1734 2524 1832 2602 atque
1848 2537 2023 2601 corporum
2039 2526 2112 2602 post

458 2618 622 2684 Christum
647 2620 780 2684 summis
803 2619 945 2684 invicem
961 2641 1020 2706 pro
1036 2620 1123 2684 fastu
1138 2620 1192 2684 vel
1207 2631 1324 2707 questu
1340 2619 1602 2686 conflictantibus
1617 2619 1739 2708 talique
1756 2620 1998 2705 conflictatione
2017 2644 2111 2688 occu·

457 2727 542 2813 patis
565 2735 663 2813 atque
687 2725 763 2790 hinc
785 2725 862 2790 inde
886 2736 960 2812 post
983 2748 1017 2791 se
1041 2724 1153 2790 turbas
1169 2725 1361 2813 populorum
1379 2725 1592 2810 trahentibus,
1617 2749 1678 2814 ego
1702 2729 1829 2794 interim
1852 2728 1941 2792 mille
1957 2727 2111 2814 periculis
2129 2755 2153 2794 n

281 2822 438 2924 Μξξω
458 2833 625 2920 expositus
649 2855 730 2898 sum.
765 2829 962 2898 Dicentibus
984 2855 1124 2919 namque
1148 2832 1219 2898 aliis
1243 2843 1341 2920 atque
1357 2833 1446 2898 aliis:
1470 2833 1543 2920 Ego
1565 2857 1637 2898 sum
1654 2832 1803 2900 Christus
1826 2845 1860 2900 et
1882 2857 1961 2902 ecce
1985 2835 2041 2900 hic
2064 2847 2113 2900 est

459 2938 607 3005 Christus
631 2949 687 3004 aut
711 2961 788 3004 ecce
812 2938 889 3023 illic,
913 2961 991 3004 ecce
1014 2939 1067 3004 hic
1090 2962 1178 3026 papa
1200 2949 1231 3004 et
1255 2938 1396 3005 ecclesia
1418 2950 1475 3005 aut
1497 2962 1575 3006 ecce
1598 2940 1665 3006 illic
1688 2952 1745 3005 aut
1767 2951 1855 3007 certe
1871 2964 1980 3029 neque
1996 2942 2061 3026 hic,
2078 2953 2113 3008 ut

459 3045 559 3129 aiunt,
583 3045 763 3133 apostolica
778 3045 903 3132 puritas
920 3057 969 3110 est
984 3068 1090 3133 neque
1106 3045 1182 3129 illic,
1199 3085 1243 3094 —
1258 3069 1334 3110 nam
1349 3046 1421 3130 iste,
1446 3047 1546 3130 aiunt,
1570 3070 1629 3134 per
1646 3049 1968 3135 compromissionem
1991 3071 2112 3114 novam

459 3175 518 3217 seu
541 3152 813 3239 conspirationem
843 3153 989 3240 iniquam
1019 3152 1158 3240 irrepsit,
1189 3151 1243 3218 ille
1267 3175 1345 3218 vero
1369 3152 1530 3218 violentus
1554 3154 1686 3241 irrupit:
1711 3177 1773 3240 ego
1797 3155 1874 3220 dnm
1896 3156 1983 3220 inter
2005 3155 2111 3220 multi-

459 3259 589 3324 tudines
612 3269 778 3346 pastorum
802 3257 1028 3324 dissidentium
1052 3261 1185 3345 ignarus
1202 3261 1347 3324 veritatis
1370 3259 1462 3326 velut
1484 3261 1555 3326 ovis
1579 3260 1764 3327 errabunda
1787 3261 1933 3328 discurro
1957 3262 2112 3328 facillime
2130 3288 2154 3328 ss

459 3366 528 3452 lupi
552 3365 665 3431 dentes
689 3376 746 3431 aut
768 3365 906 3430 cultrum
930 3365 1009 3430 furis
1032 3365 1207 3430 mactanda
1235 3367 1366 3432 incurro
1390 3377 1424 3432 et
1445 3366 1603 3432 incumbit
1631 3367 1711 3432 mihi
1741 3367 1931 3454 periculum,
1963 3393 2005 3434 ne
2029 3369 2112 3434 sorte

339 3499 441 3548 rasso
459 3495 518 3560 pro
541 3473 678 3538 veritate
702 3471 876 3538 falsitatem
898 3473 1061 3559 recipiens
1084 3473 1304 3539 maledictioni
1328 3472 1516 3539 subiaceam
1540 3474 1694 3540 dicentis:
1724 3476 1765 3541 Vc
1788 3479 1848 3562 qui
1868 3477 1979 3542 dicunt
2001 3479 2112 3542 bonum

460 3582 578 3646 mulum
602 3581 770 3645 etatulam
793 3582 916 3660 bouum,
940 3595 1091 3667 ponentes
1114 3581 1213 3645 lacem
1236 3583 1377 3646 tenebras
1399 3595 1427 3647 et
1449 3583 1589 3648 tenebras
1613 3583 1721 3664 lucem,
1745 3583 1835 3648 dulce
1858 3586 1892 3648 a'u
1916 3609 2063 3648 amorum
2087 3599 2114 3650 et

460 3713 605 3754 amorum
628 3690 662 3753 s'u
686 3687 785 3752 dulce.
832 3686 876 3750 Et
898 3685 959 3752 hec
983 3697 1144 3773 suntque
1167 3681 1246 3751 rhihi
1275 3686 1429 3774 loquendi
1459 3689 1688 3754 necessitatem
1711 3687 1859 3754 indicunt
1882 3689 1981 3754 etiam
2004 3700 2114 3776 preter

460 3792 542 3876 illas,
567 3815 630 3879 que
655 3793 857 3857 extrinsecus
888 3803 971 3875 sunt,
1002 3790 1096 3858 nobis
1126 3794 1369 3879 persecutiones
1399 3795 1604 3860 imminentes
1634 3817 1736 3860 causa
1762 3795 1933 3878 scismatis,
1958 3796 2048 3883 quod
2071 3819 2112 3862 ex
2130 3822 2155 3862 so

461 3901 633 3964 occasione
663 3898 874 3964 dissensionis
905 3921 1103 3964 summarum
1132 3909 1339 3986 potestatum,
1370 3900 1544 3966 sacerdotii
1568 3901 1722 3966 videlicet
1751 3924 1790 3966 ac
1820 3903 1913 3988 regni
1944 3902 2113 3968 subortum

462 4017 520 4071 est.
567 4005 663 4071 Unde
689 4004 924 4092 ignoscendum
947 4005 1026 4070 mihi
1049 4017 1138 4093 putu,
1162 4007 1200 4090 si,
1225 4007 1339 4072 saltem
1362 4030 1420 4094 pro
1443 4029 1536 4072 meae
1559 4030 1717 4094 personae
1741 4009 1899 4095 spirituali
1924 4009 1976 4074 vel
2000 4033 2113 4097 corpo·

461 4112 522 4178 rali
544 4111 700 4200 periculo,
723 4109 867 4177 balatum
891 4111 1020 4177 dedisse
1043 4112 1183 4178 videar'.

391 4321 442 4368 (so).
495 4295 546 4355 74.
581 4291 878 4378 Digressionis
902 4291 1124 4355 excusatio
1148 4291 1506 4377 etpremissorum
1530 4292 1580 4356 ad
1603 4293 1777 4358 materie
1801 4294 2082 4360 intentionem

1181 4397 1384 4463 reductio.
2133 4427 2159 4467 :a

568 4523 680 4587 Potest
709 4535 818 4587 autem
846 4523 932 4587 inter
955 4523 1114 4588 eiusmodi
1143 4522 1417 4609 pseudochristos,
1441 4523 1553 4610 quales
1577 4546 1663 4589 nunc
1690 4525 1807 4590 multos
1830 4527 1981 4612 patimur,
2007 4539 2039 4591 et
2061 4527 2114 4594 ille

284 4657 443 4706 armani.
462 4628 546 4694 filius
569 4627 760 4714 perditionis
777 4629 889 4692 venire
913 4651 952 4694 ac
976 4628 1126 4712 revelari,
1151 4630 1207 4716 qui
1230 4629 1422 4694 adversatur
1439 4641 1471 4694 et
1486 4629 1651 4695 extollitur
1666 4654 1766 4718 supra
1781 4655 1875 4698 omne
1893 4631 1980 4720 quod
1997 4632 2116 4699 dicitur

462 4734 555 4799 Deus
585 4745 641 4799 aut
670 4734 758 4824 quod
787 4734 913 4818 colitur,
944 4735 990 4800 ita
1020 4746 1056 4800 ut
1084 4736 1118 4800 in
1141 4735 1262 4822 templo
1285 4737 1350 4801 Dei
1374 4736 1496 4820 sedeat,
1521 4736 1609 4824 quod
1634 4748 1683 4802 est
1706 4739 1855 4822 ecclesia,
1880 4739 2056 4805 ostendens
2080 4764 2114 4807 se
2146 4805 2148 4810 .

286 4835 444 4934 M„„ff{,‚„‚
463 4851 628 4927 tamquam
642 4842 693 4905 sit
715 4842 807 4906 Deus
831 4841 944 4927 sicque
968 4841 1167 4909 abominatio
1191 4842 1399 4908 desolationis
1424 4855 1487 4909 stet
1509 4845 1542 4909 in
1566 4844 1637 4910 loco
1661 4856 1784 4912 sancto.
1830 4846 1875 4912 Et
1896 4857 2032 4933 propter
2054 4848 2115 4913 hoc

462 4948 567 5034 magis
591 4945 735 5012 cuilibet.
748 4947 924 5012 christiano
947 4948 1126 5015 timendum
1150 4961 1209 5031 est,
1240 4970 1280 5014 ne
1304 4949 1386 5014 forte
1410 4951 1495 5016 inter
1518 4951 1599 5016 tales
1621 4951 1896 5039 pseudochristos,
1928 4955 2115 5020 sacerdotes
2133 4979 2160 5018 :o

325 5082 443 5132 naqa
463 5053 618 5119 videlicet
640 5076 678 5118 ac
702 5076 797 5139 reges
819 5052 950 5120 Christo
973 5054 1156 5139 dissimiles,
1181 5057 1280 5120 etiam
1303 5056 1393 5121 illum
1416 5059 1563 5144 recipiat,
1588 5059 1629 5124 de
1653 5082 1717 5146 quo
1741 5061 1786 5125 ait
1808 5061 1988 5126 Dominus:
2019 5064 2116 5128 Alina

465 5164 565 5226 veniet
593 5164 627 5226 in
657 5165 781 5226 nomine
810 5186 877 5242 suo,
907 5164 999 5228 illum
1029 5165 1201 5250 accepistis.
1248 5163 1379 5228 Etenim
1402 5174 1438 5229 ut
1460 5166 1494 5228 in
1516 5167 1682 5252 premissis
1712 5165 1954 5233 habundantius
1978 5191 1999 5232 a
2021 5167 2116 5232 nobis

464 5267 694 5352 investigatum
717 5277 775 5348 est,
807 5275 954 5355 tempora
982 5291 1042 5355 per
1065 5290 1195 5333 cesares
1217 5270 1382 5336 Romanos
1411 5270 1499 5336 illata
1529 5273 1765 5358 persecutionis
1796 5283 1829 5338 et
1859 5275 1996 5338 martirii
2027 5285 2116 5340 recte

465 5371 655 5438 Babilonice
678 5373 805 5438 fornaci
829 5374 1047 5458 conferuntur,
1070 5376 1104 5439 in
1129 5398 1194 5462 qua
1216 5387 1282 5441 tres
1304 5379 1399 5464 pueri
1421 5387 1576 5465 tanquam
1599 5377 1768 5443 Trinitatis
1792 5379 1932 5445 cultores
1956 5391 2116 5469 martyres

466 5480 662 5563 missisunt,
693 5480 814 5567 templo
838 5481 926 5567 quod
949 5491 1018 5546 erat
1040 5481 1237 5547 Ierosolimis
1264 5493 1342 5564 tunc
1370 5485 1439 5570 igni
1463 5482 1672 5570 conflagrato,
1703 5487 1788 5551 sicut
1810 5510 1924 5551 verum
1949 5499 1981 5552 et
2005 5489 2116 5553 vivum
2135 5513 2162 5550 a

465 5587 530 5650 Dei
560 5586 725 5672 templum,
755 5586 842 5674 quod
872 5597 921 5652 est
951 5587 1100 5672 ccclesia,
1130 5589 1206 5675 igne
1237 5587 1453 5656 tribulationis
1484 5593 1670 5655 examinata
1693 5602 1752 5656 est
1799 5593 1963 5679 Tempora
1986 5617 2116 5682 quoque

572 5783 599 5850 a)
620 5789 649 5837 in
668 5789 730 5839 vice
748 5805 768 5838 c.
