4478 6396
587 390 780 446 EPISTOLA
805 392 859 446 ΑΙ)
882 391 1158 449 INNOCENTIUM
1181 393 1326 450 ΡΑΡΑΜ.
1726 388 1790 450 225

133 590 232 661 satos,
258 578 346 666 quod
370 579 531 645 catholica
554 591 662 644 mente
686 577 848 643 accedunt
877 578 920 642 ad
951 601 1036 658 cum,
1068 580 1160 643 cuius
1191 580 1309 644 cresim
1332 580 1386 643 vel
1409 581 1539 644 omnino
1563 581 1714 667 ignorant
1737 581 1789 648 vel

132 709 199 750 non
228 686 325 774 plene
357 689 477 768 sciunt,
513 688 598 750 sicut
632 685 672 750 de
703 686 754 749 his
785 684 937 766 creditur,
969 687 1025 771 qui
1056 684 1097 749 ab
1128 685 1245 751 Acatio
1279 709 1388 752 sacros
1419 687 1550 752 ordines
1580 699 1787 775 acceperunt.

132 793 286 879 Loquere
310 817 397 859 nunc
421 803 545 858 tantum
575 793 615 858 de
640 793 702 857 illis
727 794 921 858 ereticorum
945 793 1167 874 sacramentis,
1199 793 1233 856 in
1257 792 1375 880 quibus
1399 793 1487 858 nulla
1510 805 1559 859 est
1589 797 1788 861 intermixtio

134 900 273 965 alicuius
297 900 477 966 catholicae
500 902 627 982 mentis,
651 910 687 964 ut
708 901 744 964 in
760 900 963 965 confectione
988 900 1092 985 panis,
1116 900 1185 964 vini
1209 910 1241 963 et
1264 900 1457 964 chrismatis.
1493 900 1600 966 Video
1625 925 1705 988 quos
1730 925 1789 989 per

100 1019 278 1072 amentem
302 1007 504 1089 catholicam,
529 1009 622 1094 quasi
646 1029 705 1094 per
729 1007 826 1071 ‘thau'
851 1006 1001 1088 litteram,
1032 1029 1052 1069 a
1075 1005 1183 1091 gladio
1209 1007 1449 1092 dampnationis
1477 1007 1645 1073 defendas.
1692 1010 1787 1075 Nunc

133 1125 245 1196 restat,
270 1126 314 1196 ut,
338 1117 416 1201 quia
438 1126 469 1179 te
494 1125 617 1179 tantum
648 1114 740 1192 facis,
771 1126 807 1177 ut
836 1112 915 1177 nulli
945 1123 1090 1176 nostrum
1120 1135 1247 1198 parcas,
1279 1114 1343 1177 iam
1375 1137 1395 1178 a
1424 1116 1608 1181 sanctuario
1638 1117 1787 1204 incipias,

134 1221 294 1304 conando,
326 1223 354 1284 si
376 1233 479 1307 potes,
510 1220 687 1286 defendere
718 1219 806 1307 quod
837 1219 978 1306 culparis
1009 1218 1143 1302 dixisse,
1167 1219 1322 1285 videlicet
1352 1233 1557 1286 sacramenta
1586 1222 1628 1287 ab
1658 1225 1788 1288 creticis

133 1327 234 1392 rebus
258 1327 500 1392 insensibilibus
526 1329 695 1414 impressa,
727 1325 903 1413 inquibus
933 1349 994 1390 nec
1023 1337 1072 1390 est
1101 1349 1162 1391 nec
1187 1349 1258 1392 esse
1282 1337 1389 1415 potest
1412 1351 1504 1392 mens
1529 1330 1698 1412 catholica,
1723 1353 1787 1396 non

134 1433 257 1498 hahere
281 1436 433 1499 virtutem
464 1434 506 1498 ad
529 1435 665 1498 alicuius
690 1433 762 1498 talis
786 1445 955 1498 creaturae
979 1433 1031 1497 vel
1059 1434 1093 1496 in
1121 1434 1235 1498 melius
1266 1435 1478 1499 mutationem
1502 1435 1554 1500 vel
1579 1436 1787 1522 qualemcun-

89 1567 115 1605 ιο
134 1565 199 1628 quc
217 1541 515 1623 sanctificationem,
533 1540 663 1627 quando
680 1551 808 1605 constat
831 1563 892 1604 nec
915 1541 949 1603 in
966 1539 1190 1604 sanctificante
1211 1562 1271 1605 nec
1294 1542 1328 1604 in
1345 1540 1548 1634 sanctificato
1565 1564 1637 1607 esse
1654 1544 1786 1608 catholi-

135 1671 207 1713 cam
231 1651 454 1713 intentionem.
500 1649 572 1712 Nisi
603 1650 689 1712 enim
720 1650 752 1710 in
783 1647 845 1712 hac
876 1648 1037 1711 sententia
1063 1646 1172 1732 plures
1203 1646 1325 1712 habeas
1353 1649 1532 1712 autenticos
1557 1661 1655 1714 testes
1678 1661 1786 1715 tecum

134 1756 292 1820 facientes
323 1753 447 1842 tibique
478 1766 704 1836 consonantes,
736 1751 963 1818 accusabimus
988 1764 1019 1817 te
1044 1765 1141 1840 atque
1169 1752 1420 1839 dampnabimus
1450 1778 1510 1841 pro
1541 1758 1672 1838 cretico,
1704 1759 1787 1822 sicut

134 1863 361 1949 proposuimus
392 1873 542 1948 presente
574 1861 692 1926 domno
717 1860 956 1946 Salzburgense
983 1861 1151 1946 'episcopo
1176 1871 1208 1924 et
1231 1860 1349 1926 domno
1373 1873 1428 1925 tuo
1451 1862 1689 1948 Ratisponense
1720 1865 1787 1950 epi·
1806 1887 1834 1927 ⁸.
1878 1914 1883 1928 .

135 1992 250 2055 scopo,
282 1970 335 2032 cui
366 1993 386 2032 a
416 1968 611 2056 quibusdam
641 1978 787 2032 nostrum
819 1968 981 2053 episcopis
1013 1966 1175 2031 nonnullis
1206 1979 1238 2032 et
1268 1967 1395 2032 clericis
1430 1969 1538 2033 multis
1569 1969 1786 2052 audientibus,

91 2102 115 2140 rs
135 2075 253 2162 quibus
277 2089 312 2139 tu
335 2075 457 2140 videris
481 2077 630 2156 creticus,
656 2074 735 2139 illud
752 2085 802 2138 est
825 2073 999 2155 obiectum,
1025 2073 1112 2160 quod
1136 2076 1277 2139 creticus
1300 2086 1386 2138 esset
1407 2076 1462 2161 qui
1480 2077 1635 2140 arcticum
1652 2077 1785 2142 foveret.

133 2183 238 2268 Igitur
266 2205 332 2245 non
363 2182 466 2246 solum
497 2181 539 2246 ad
570 2183 627 2262 tui,
659 2181 717 2245 sed
741 2192 773 2244 et
797 2180 840 2244 ad
864 2180 986 2245 domini
1015 2182 1062 2244 tui
1086 2182 1332 2245 excusationem
1355 2181 1459 2267 proba
1484 2183 1572 2268 quod
1594 2183 1716 2248 dixisse
1741 2183 1787 2248 di·

133 2290 234 2370 ceris3
266 2290 354 2375 quia,
385 2301 421 2352 ut
443 2287 552 2353 verbis
576 2301 650 2352 utar
673 2287 843 2352 cuiusdam
872 2288 973 2351 nostri
1005 2287 1229 2372 prolocutoris,
1254 2299 1295 2352 tu
1318 2287 1487 2374 denegasti
1511 2301 1786 2355 sacramentorum

133 2396 310 2460 efficatiam
335 2394 558 2459 sacerdotibus
583 2396 692 2480 pravis
716 2395 750 2458 in
767 2393 864 2458 rebus
889 2393 1047 2457 duntaxat
1070 2394 1258 2458 inanimatis
1274 2395 1368 2480 panis
1386 2396 1512 2477 etvini,
1530 2419 1614 2482 quae
1631 2395 1787 2461 adhiben-

132 2513 187 2566 tur
209 2502 253 2566 ad
277 2501 387 2566 altaris
404 2501 590 2566 venerabile
616 2511 864 2581 sacramentum,
890 2500 977 2586 quod
1000 2524 1059 2564 nos
1083 2499 1247 2565 credimus
1271 2523 1367 2587 posse
1392 2501 1509 2566 confici
1532 2525 1591 2589 per
1610 2503 1786 2589 quemlibet

88 2637 114 2675 so
133 2608 347 2686 sacerdotem,
373 2607 609 2694 quantumlibet
631 2631 778 2694 pravum.
826 2607 1000 2693 Responde
1025 2630 1154 2693 quoque
1186 2607 1227 2671 ad
1250 2608 1284 2672 id
1308 2607 1395 2694 quod
1419 2609 1542 2673 dixisse
1566 2609 1694 2692 diceris,
1719 2633 1787 2675 mu-

132 2727 222 2780 tuam
246 2727 278 2779 ct
301 2727 460 2780 secretam
485 2715 723 2780 confessionem
752 2738 815 2779 non
839 2713 950 2777 valere
980 2714 1080 2800 lapsis
1110 2714 1311 2800 preshyteris
1342 2715 1384 2779 ad
1412 2717 1652 2802 reparationem
1676 2717 1787 2781 violati

132 2823 256 2888 ordinis
287 2821 412 2908 absque
435 2820 537 2886 verbo
568 2822 748 2908 pontificis,
781 2845 854 2884 curn
885 2843 945 2884 nos
976 2820 1147 2884 credamus
1177 2820 1219 2885 de
1250 2824 1337 2886 omni
1367 2821 1570 2909 presbytero,
1599 2823 1686 2910 quod
1716 2825 1787 2909 ipso

133 2929 279 2994 solvente
304 2941 510 3014 peccatorem
534 2931 567 2993 in
590 2940 678 2992 terra
701 2928 846 2992 solvatur
869 2927 956 2991 idem
980 2929 1013 2990 in
1038 2926 1139 2991 caelo.

240 3037 278 3100 R.
315 3037 386 3122 Ego
410 3060 430 3100 a
454 3037 638 3100 sanctuario
655 3058 718 3100 non
735 3036 900 3121 incipiam,
926 3033 984 3097 sed
1007 3034 1083 3098 inde
1106 3035 1218 3120 incipi,
1243 3033 1420 3100 adiuvante
1437 3035 1590 3118 Domine,
1608 3037 1786 3118 ostendam,

88 3170 114 3208 ss
133 3145 165 3206 in
197 3167 262 3230 quo
292 3145 429 3228 negocio
459 3153 606 3207 taceatur
637 3141 677 3206 de
708 3141 839 3206 domino
869 3163 941 3205 meo
973 3143 1137 3228 episcopo.
1184 3140 1284 3204 Fides
1315 3143 1403 3206 enim
1433 3153 1466 3206 et
1489 3145 1693 3208 conversatio
1717 3145 1787 3208 eius

133 3250 222 3336 apud
246 3273 358 3313 omnes
383 3249 531 3313 amabilis
555 3261 588 3313 et
610 3248 807 3313 venerabilis
837 3271 903 3312 non
932 3247 1032 3312 hahet
1061 3271 1142 3334 opus
1166 3247 1299 3312 defendi
1323 3248 1375 3312 vel
1399 3251 1552 3314 excusari
1574 3251 1656 3314 meis
1680 3251 1786 3315 dictis·

132 3356 183 3422 Sit
208 3379 284 3442 ergo
309 3356 361 3420 ille
385 3359 521 3436 intuta,
545 3379 597 3420 me
621 3354 698 3420 licet
712 3366 863 3419 versante
888 3356 922 3428 in
945 3354 1099 3440 periculo.
1136 3354 1187 3419 Sit
1210 3377 1327 3440 cerpus
1352 3377 1460 3420 meum
1484 3367 1586 3420 totum
1611 3379 1649 3421 eo
1673 3368 1785 3422 tenore

132 3462 287 3550 periculis
311 3461 483 3544 obiectum,
508 3474 630 3526 utnon
654 3461 782 3526 ledatur
805 3473 903 3548 caput
927 3483 1044 3525 meum.
1092 3461 1141 3525 Sit
1170 3483 1298 3525 mecum
1328 3461 1385 3525 illa
1414 3462 1588 3548 prudentia
1616 3465 1785 3550 serpentis,

132 3593 217 3657 quae
242 3571 337 3634 docet
361 3569 523 3634 custodire
548 3570 719 3633 sanitatem
744 3570 869 3655 capitis.
917 3568 998 3632 Nolo
1022 3569 1121 3652 igitur
1143 3590 1230 3632 nunc
1254 3569 1288 3630 in
1304 3569 1524 3632 testimonium
1540 3592 1659 3634 vocare
1684 3571 1785 3634 domi-

87 3706 113 3744 so
131 3701 211 3741 num
233 3699 341 3740 meum
359 3679 557 3762 episcopum,
583 3687 707 3762 patrem
732 3687 764 3739 et
788 3676 1019 3740 'ordinatorem
1041 3697 1166 3755 meum3
1192 3674 1272 3738 alios
1296 3672 1401 3738 habco
1426 3675 1601 3740 catholicos
1625 3677 1703 3740 mihi
1727 3700 1817 3764 per·
1869 3735 1875 3746 ,

133 3786 243 3848 omnia
266 3793 511 3848 consentaneos.
550 3783 635 3846 Nam
651 3805 736 3846 anno
752 3784 917 3868 preterito,
943 3805 1015 3845 cunr
1040 3792 1173 3845 sanctae
1197 3804 1236 3845 ac
1252 3781 1450 3846 venerahilis
1466 3784 1554 3847 vitae
1572 3782 1784 3872 Glualterius]

134 3891 399 3977 archiepiscopus
415 3891 610 3954 Ravennas¹
636 3901 721 3954 esset
737 3890 937 3975 Ratisponae
961 3890 994 3953 in
1011 3888 1133 3952 domini
1149 3911 1254 3975 papae
1278 3888 1442 3973 legatione
1453 3895 1474 3970 ²,
1498 3889 1545 3953 fui
1569 3890 1657 3976 apud
1679 3891 1785 3977 ipsum

133 3997 176 4062 de
200 3997 300 4062 verbo
324 3998 386 4061 isto
411 4009 442 4062 et
466 3997 537 4061 aliis
568 3997 647 4060 dure
677 3997 834 4083 pulsatus,
866 4019 972 4082 aquo
997 3997 1094 4059 etiarn
1125 4008 1275 4081 presente
1307 3995 1425 4059 domno
1456 4019 1529 4060 meo
1560 3999 1714 4084 episcopo
1744 3996 1786 4061 de

133 4104 283 4170 omnihus
308 4106 523 4185 examinatus,
556 4102 597 4168 ab
627 4107 698 4190 ipsc
727 4104 857 4167 tandem
888 4105 922 4167 in
946 4103 1115 4182 sententia,
1141 4124 1238 4188 quam
1263 4101 1421 4182 dixeram,
1453 4125 1523 4166 sum
1549 4102 1784 4168 corroboratus.

87 4240 114 4279 ss
133 4212 210 4275 Fuit
239 4223 347 4275 autern
378 4233 503 4275 summa
534 4212 612 4275 rnihi
643 4211 758 4297 culpae
789 4222 865 4274 tunc
896 4211 1077 4295 impositae,
1102 4209 1190 4295 quod
1214 4209 1357 4273 dicerem
1380 4210 1575 4295 irregulares
1600 4213 1785 4288 canonicos,

132 4321 195 4382 nisi
220 4329 496 4398 converterentur,
528 4317 647 4382 salvavi
678 4341 741 4382 non
767 4340 872 4402 posse,
899 4319 936 4380 vet
960 4329 1053 4380 extra
1076 4315 1270 4379 aecclesiam
1295 4338 1411 4402 corpus
1436 4315 1558 4381 Christi
1582 4319 1697 4382 confici
1722 4340 1786 4382 non

134 4448 240 4511 posse.
287 4425 359 4490 Hoc
384 4437 416 4490 et
438 4427 508 4510 ipse
534 4425 670 4489 domnus
686 4425 861 4488 Ravennae
885 4415 1020 4487 testatus
1045 4433 1094 4486 est
1117 4445 1231 4486 verum
1248 4445 1329 4486 esse.
1370 4423 1485 4488 Nullus
1509 4447 1630 4508 eorum,
1655 4426 1711 4511 qui
1734 4447 1786 4489 me

136 4532 249 4597 audire
273 4535 452 4610 consuevit,
477 4555 528 4596 me
552 4533 614 4596 hoc
631 4532 753 4596 dixisse
771 4532 854 4596 dixit
870 4531 910 4594 de
927 4531 1037 4616 pravis
1062 4527 1297 4608 sacerdotibus,
1323 4552 1459 4615 quorum
1483 4532 1570 4594 intra
1593 4532 1785 4596 aecclesiam

136 4662 196 4724 ego
227 4663 297 4703 sum
329 4663 411 4703 unus
441 4662 515 4703 mea
546 4638 642 4725 culpa
671 4641 768 4703 nimis
798 4661 929 4725 pravus,
961 4638 1015 4722 qui
1046 4659 1111 4700 non
1142 4659 1213 4699 sum
1244 4635 1372 4720 dignuS,
1401 4647 1437 4700 ut
1460 4639 1557 4700 intret
1580 4637 1640 4702 sub
1665 4649 1786 4703 tectum

88 4775 117 4814 so
135 4769 243 4810 meum
267 4744 425 4811 Christus.
472 4747 516 4810 Et
546 4757 655 4810 tamen
686 4747 784 4810 credo
816 4746 995 4809 certissime
1026 4754 1090 4806 tam
1116 4766 1136 4805 a
1158 4765 1221 4820 me,
1247 4765 1345 4828 quam
1369 4766 1389 4806 a
1412 4746 1537 4808 cunctis
1568 4746 1602 4807 in
1626 4746 1788 4810 aecclesia

136 4852 337 4917 sacerdotale
360 4875 478 4916 nomen
502 4852 696 4917 habentibus
721 4853 836 4917 confici
861 4851 1057 4915 dominicum
1083 4872 1211 4935 corpus.
1250 4849 1390 4913 Ereticis
1406 4872 1485 4913 vero
1509 4851 1694 4916 multotiens
1710 4875 1786 4916 ana-

135 4959 351 5024 thematizatis
383 4970 415 5024 et
438 4961 564 5024 cunctis
594 4983 614 5023 a
636 4982 716 5023 vera
739 4961 804 5024 vite
835 4958 1019 5044 amputatis,
1052 4957 1112 5019 etsi
1143 4954 1322 5019 concedam
1352 4967 1601 5038 sacramentum,
1630 4971 1785 5043 quantum

136 5067 177 5132 ad
200 5067 320 5132 formas
344 5065 520 5130 visibilium
553 5067 728 5152 signorum,
760 5087 843 5151 quae
875 5063 955 5128 fiunt
985 5065 1018 5126 in
1047 5062 1230 5148 depictione
1263 5063 1367 5126 crucis
1399 5075 1432 5126 et
1455 5062 1564 5127 verbis
1588 5064 1631 5128 ad
1654 5066 1715 5130 hoc
1739 5066 1786 5130 in·

137 5175 264 5254 stitutis,
297 5185 331 5236 ut
362 5195 420 5259 per
450 5194 489 5236 ea
519 5172 577 5236 fiat
607 5195 687 5258 opus
712 5173 857 5254 virtutis;
889 5182 997 5235 tamen
1028 5171 1106 5256 quia
1135 5171 1241 5255 ipsam
1264 5170 1418 5234 virtutem
1442 5169 1617 5256 abnegant,
1642 5171 1787 5258 quandiu

89 5308 118 5346 ss
138 5291 230 5344 extra
253 5281 447 5344 aecclesiam
471 5279 666 5362 sacrificant,
698 5280 744 5342 eis
775 5277 821 5342 ibi
845 5275 1114 5359 sacrificantibus,
1139 5275 1197 5340 ubi
1218 5286 1357 5340 testante
1381 5275 1477 5341 beato
1501 5277 1696 5363 Augustino,
1721 5302 1786 5343 non

137 5397 185 5451 est
207 5387 298 5451 locus
315 5389 385 5450 veri
408 5385 560 5450 sacrificii
571 5390 592 5466 ³,
618 5386 678 5449 etsi
701 5385 790 5449 locus
814 5383 860 5448 ibi
884 5385 934 5464 sit,
958 5385 1029 5447 veri
1053 5383 1248 5447 sacramenti
1271 5382 1471 5468 denegamus
1489 5384 1618 5449 ‘adesse
1635 5387 1787 5450 virtutem
1805 5411 1883 5451 uae.

246 5538 273 5606 l)
303 5537 535 5593 1119-1144.
644 5536 674 5605 2)
701 5535 868 5594 Gaaltmm
891 5555 919 5592 a.
941 5534 1034 5604 1130,
1061 5533 1120 5590 Oct.
1145 5533 1174 5589 in
1200 5532 1332 5590 Bouaria
1350 5534 1446 5605 fuisse
1469 5553 1504 5591 eac
1528 5535 1644 5610 epistola
1668 5535 1726 5594 eiras
1748 5537 1790 5594 ad

138 5645 261 5702 Ottorsem
287 5645 463 5720 Bobeaberp.
495 5646 564 5701 data
595 5639 677 5718 (taut
701 5642 801 5700 Udolr.
827 5663 872 5698 nr.
900 5641 980 5708 350;
1014 5641 1106 5713 Joffe',
1139 5640 1213 5696 Bibl.
1238 5659 1295 5696 rer.
1315 5637 1411 5698 Geras.
1436 5642 1467 5710 V,
1487 5661 1519 5716 p.
1539 5638 1615 5717 436)
1647 5653 1787 5719 apporct;

139 5752 178 5822 rs.
199 5750 301 5810 Consta
325 5752 353 5807 iu
373 5771 421 5826 ps.
440 5751 490 5820 64,
516 5771 538 5806 c.
560 5750 631 5820 127,
657 5752 707 5807 col.
733 5749 784 5804 99.
878 5749 909 5822 3)
934 5747 982 5820 Cf.
1005 5769 1035 5823 ρ.
1055 5747 1128 5815 226,
1152 5767 1181 5803 a.
1201 5746 1229 5802 7.

206 5871 307 5924 ΙιίῖῖοΙΙί
327 5875 361 5924 de
382 5872 437 5923 lita.
470 5873 522 5922 ΙΙΙ.
1539 5872 1572 5921 29
