<?xml version="1.0" encoding="UTF-8"?>
<!DOCTYPE html PUBLIC "-//W3C//DTD XHTML 1.0 Transitional//EN"
    "http://www.w3.org/TR/xhtml1/DTD/xhtml1-transitional.dtd">
<html xmlns="http://www.w3.org/1999/xhtml" xml:lang="en" lang="en">
 <head>
  <title>
</title>
<meta http-equiv="Content-Type" content="text/html;charset=utf-8" />
  <meta name='ocr-system' content='tesseract 3.04.00' />
  <meta name='ocr-capabilities' content='ocr_page ocr_carea ocr_par ocr_line ocrx_word'/>
</head>
<body>
  <div class='ocr_page' id='page_1' title='image "./monumentagerman00unkngoog_0243.png"; bbox 0 0 4478 6396; ppageno 0'>
   <div class='ocr_carea' id='block_1_1' title="bbox 574 418 1776 480">
    <p class='ocr_par' dir='ltr' id='par_1_1' title="bbox 574 418 1776 480">
     <span class='ocr_line' id='line_1_1' title="bbox 574 418 1776 480; baseline 0.003 -5"><span class='ocrx_word' id='word_1_1' title='bbox 574 420 766 476; x_wconf 80' lang='lat' dir='ltr'><strong>EPlS&#39;l&#39;OLA</strong></span> <span class='ocrx_word' id='word_1_2' title='bbox 790 423 845 477; x_wconf 84' lang='lat' dir='ltr'><strong>AD</strong></span> <span class='ocrx_word' id='word_1_3' title='bbox 869 422 1145 478; x_wconf 80' lang='lat' dir='ltr'><strong>INNOCENTIUM</strong></span> <span class='ocrx_word' id='word_1_4' title='bbox 1169 424 1312 478; x_wconf 84' lang='lat' dir='ltr'><strong>PAPAM.</strong></span> <span class='ocrx_word' id='word_1_5' title='bbox 1712 418 1776 480; x_wconf 80' lang='lat'><strong>233</strong></span> 
     </span>
    </p>
   </div>
   <div class='ocr_carea' id='block_1_2' title="bbox 113 605 1775 802">
    <p class='ocr_par' dir='ltr' id='par_1_2' title="bbox 113 605 1775 802">
     <span class='ocr_line' id='line_1_2' title="bbox 113 605 1775 696; baseline 0.004 -28"><span class='ocrx_word' id='word_1_6' title='bbox 113 606 167 669; x_wconf 90' lang='lat' dir='ltr'><strong>tui</strong></span> <span class='ocrx_word' id='word_1_7' title='bbox 192 605 325 670; x_wconf 80' lang='lat' dir='ltr'>claustri</span> <span class='ocrx_word' id='word_1_8' title='bbox 350 606 577 690; x_wconf 79' lang='lat' dir='ltr'><strong>confratribus,</strong></span> <span class='ocrx_word' id='word_1_9' title='bbox 602 608 679 693; x_wconf 90' lang='lat' dir='ltr'><strong>quia</strong></span> <span class='ocrx_word' id='word_1_10' title='bbox 701 607 785 672; x_wconf 89' lang='lat' dir='ltr'><strong>liber</strong></span> <span class='ocrx_word' id='word_1_11' title='bbox 807 608 872 692; x_wconf 90' lang='lat' dir='ltr'><strong>ille,</strong></span> <span class='ocrx_word' id='word_1_12' title='bbox 902 609 979 674; x_wconf 91' lang='lat' dir='ltr'><strong>licet</strong></span> <span class='ocrx_word' id='word_1_13' title='bbox 1008 611 1042 673; x_wconf 91' lang='grc'><strong>11</strong></span> <span class='ocrx_word' id='word_1_14' title='bbox 1066 609 1256 674; x_wconf 81' lang='lat' dir='ltr'><strong>defensione</strong></span> <span class='ocrx_word' id='word_1_15' title='bbox 1280 609 1358 673; x_wconf 82' lang='lat' dir='ltr'>v11¹</span> <span class='ocrx_word' id='word_1_16' title='bbox 1386 608 1539 696; x_wconf 85' lang='lat' dir='ltr'><strong>Gregorii</strong></span> <span class='ocrx_word' id='word_1_17' title='bbox 1568 610 1666 673; x_wconf 90' lang='lat' dir='ltr'><strong>fuerit</strong></span> <span class='ocrx_word' id='word_1_18' title='bbox 1689 632 1775 674; x_wconf 92' lang='lat' dir='ltr'><strong>conr-</strong></span> 
     </span>
     <span class='ocr_line' id='line_1_3' title="bbox 113 713 1038 802; baseline 0.003 -26"><span class='ocrx_word' id='word_1_19' title='bbox 113 715 257 797; x_wconf 88' lang='lat' dir='ltr'><strong>positus,</strong></span> <span class='ocrx_word' id='word_1_20' title='bbox 281 725 391 778; x_wconf 84' lang='lat' dir='ltr'><strong>tamen</strong></span> <span class='ocrx_word' id='word_1_21' title='bbox 415 713 457 778; x_wconf 91' lang='lat' dir='ltr'><strong>ab</strong></span> <span class='ocrx_word' id='word_1_22' title='bbox 481 715 551 800; x_wconf 89' lang='lat' dir='ltr'><strong>ipso</strong></span> <span class='ocrx_word' id='word_1_23' title='bbox 575 737 640 778; x_wconf 92' lang='lat' dir='ltr'><strong>non</strong></span> <span class='ocrx_word' id='word_1_24' title='bbox 664 715 807 779; x_wconf 88' lang='lat' dir='ltr'><strong>creditur</strong></span> <span class='ocrx_word' id='word_1_25' title='bbox 830 714 1038 802; x_wconf 88' lang='lat' dir='ltr'><strong>approbatus.</strong></span> 
     </span>
    </p>
   </div>
   <div class='ocr_carea' id='block_1_3' title="bbox 64 837 1942 4553">
    <p class='ocr_par' dir='ltr' id='par_1_3' title="bbox 64 837 1942 4553">
     <span class='ocr_line' id='line_1_4' title="bbox 228 837 1774 925; baseline 0.001 -23"><span class='ocrx_word' id='word_1_26' title='bbox 228 839 265 902; x_wconf 88' lang='lat' dir='ltr'><strong>R.</strong></span> <span class='ocrx_word' id='word_1_27' title='bbox 300 837 371 902; x_wconf 90' lang='lat' dir='ltr'><strong>Nec</strong></span> <span class='ocrx_word' id='word_1_28' title='bbox 396 861 456 924; x_wconf 87' lang='lat' dir='ltr'><strong>ego</strong></span> <span class='ocrx_word' id='word_1_29' title='bbox 479 837 598 902; x_wconf 92' lang='lat' dir='ltr'><strong>librum</strong></span> <span class='ocrx_word' id='word_1_30' title='bbox 622 839 711 903; x_wconf 93' lang='lat' dir='ltr'><strong>illurn</strong></span> <span class='ocrx_word' id='word_1_31' title='bbox 734 838 841 904; x_wconf 90' lang='lat' dir='ltr'><strong>habco</strong></span> <span class='ocrx_word' id='word_1_32' title='bbox 865 863 923 925; x_wconf 90' lang='lat' dir='ltr'><strong>pro</strong></span> <span class='ocrx_word' id='word_1_33' title='bbox 947 841 1150 921; x_wconf 86' lang='lat' dir='ltr'><strong>auctoritate,</strong></span> <span class='ocrx_word' id='word_1_34' title='bbox 1173 839 1251 904; x_wconf 92' lang='lat' dir='ltr'><strong>licet</strong></span> <span class='ocrx_word' id='word_1_35' title='bbox 1275 863 1348 904; x_wconf 90' lang='lat' dir='ltr'><strong>eum</strong></span> <span class='ocrx_word' id='word_1_36' title='bbox 1365 841 1467 906; x_wconf 90' lang='lat' dir='ltr'><strong>sciam</strong></span> <span class='ocrx_word' id='word_1_37' title='bbox 1484 840 1651 906; x_wconf 79' lang='lat' dir='ltr'><strong>catholicis</strong></span> <span class='ocrx_word' id='word_1_38' title='bbox 1675 841 1774 906; x_wconf 90' lang='lat' dir='ltr'><strong>etiam</strong></span> 
     </span>
     <span class='ocr_line' id='line_1_5' title="bbox 113 943 1773 1033; baseline 0.002 -26"><span class='ocrx_word' id='word_1_39' title='bbox 113 945 284 1030; x_wconf 90' lang='lat' dir='ltr'><strong>episcopis</strong></span> <span class='ocrx_word' id='word_1_40' title='bbox 308 943 479 1030; x_wconf 83' lang='lat' dir='ltr'><strong>placuisse,</strong></span> <span class='ocrx_word' id='word_1_41' title='bbox 505 947 561 1031; x_wconf 92' lang='lat' dir='ltr'><strong>qui</strong></span> <span class='ocrx_word' id='word_1_42' title='bbox 584 956 718 1032; x_wconf 90' lang='lat' dir='ltr'><strong>propter</strong></span> <span class='ocrx_word' id='word_1_43' title='bbox 736 944 978 1032; x_wconf 90' lang='lat' dir='ltr'><strong>Wighertinum</strong></span> <span class='ocrx_word' id='word_1_44' title='bbox 1003 949 1121 1011; x_wconf 88' lang='lat' dir='ltr'><strong>scisma</strong></span> <span class='ocrx_word' id='word_1_45' title='bbox 1144 946 1282 1032; x_wconf 85' lang='lat' dir='ltr'><strong>expulsi,</strong></span> <span class='ocrx_word' id='word_1_46' title='bbox 1308 957 1385 1012; x_wconf 92' lang='lat' dir='ltr'><strong>tunc</strong></span> <span class='ocrx_word' id='word_1_47' title='bbox 1409 948 1563 1033; x_wconf 90' lang='lat' dir='ltr'><strong>temporis</strong></span> <span class='ocrx_word' id='word_1_48' title='bbox 1587 947 1773 1033; x_wconf 88' lang='lat' dir='ltr'><strong>frequenta·</strong></span> 
     </span>
     <span class='ocr_line' id='line_1_6' title="bbox 76 1044 1773 1139; baseline 0.003 -27"><span class='ocrx_word' id='word_1_49' title='bbox 76 1049 199 1114; x_wconf 80' lang='lat' dir='ltr'><strong>abant</strong></span> <span class='ocrx_word' id='word_1_50' title='bbox 223 1052 398 1114; x_wconf 90' lang='lat' dir='ltr'><strong>claustrum</strong></span> <span class='ocrx_word' id='word_1_51' title='bbox 415 1044 709 1116; x_wconf 80' lang='lat' dir='ltr'><strong>Raitenbdchense.</strong></span> <span class='ocrx_word' id='word_1_52' title='bbox 746 1052 812 1118; x_wconf 86' lang='lat' dir='ltr'><strong>Sed</strong></span> <span class='ocrx_word' id='word_1_53' title='bbox 836 1051 963 1117; x_wconf 91' lang='lat' dir='ltr'><strong>adhoc</strong></span> <span class='ocrx_word' id='word_1_54' title='bbox 987 1051 1047 1116; x_wconf 92' lang='lat' dir='ltr'><strong>tibi</strong></span> <span class='ocrx_word' id='word_1_55' title='bbox 1070 1053 1262 1139; x_wconf 85' lang='lat' dir='ltr'><strong>respondeo,</strong></span> <span class='ocrx_word' id='word_1_56' title='bbox 1288 1053 1375 1139; x_wconf 93' lang='lat' dir='ltr'><strong>quod</strong></span> <span class='ocrx_word' id='word_1_57' title='bbox 1398 1076 1450 1118; x_wconf 90' lang='lat' dir='ltr'><strong>me</strong></span> <span class='ocrx_word' id='word_1_58' title='bbox 1475 1053 1582 1118; x_wconf 89' lang='lat' dir='ltr'><strong>credis</strong></span> <span class='ocrx_word' id='word_1_59' title='bbox 1606 1053 1773 1118; x_wconf 89' lang='lat' dir='ltr'><strong>dissonum</strong></span> 
     </span>
     <span class='ocr_line' id='line_1_7' title="bbox 112 1157 1771 1246; baseline 0.002 -26"><span class='ocrx_word' id='word_1_60' title='bbox 112 1180 136 1220; x_wconf 86' lang='lat' dir='ltr'><strong>a</strong></span> <span class='ocrx_word' id='word_1_61' title='bbox 161 1158 297 1221; x_wconf 81' lang='lat' dir='ltr'><strong>fratrum</strong></span> <span class='ocrx_word' id='word_1_62' title='bbox 328 1180 472 1222; x_wconf 88' lang='lat' dir='ltr'><strong>meorum</strong></span> <span class='ocrx_word' id='word_1_63' title='bbox 503 1157 645 1244; x_wconf 83' lang='lat' dir='ltr'><strong>regulari</strong></span> <span class='ocrx_word' id='word_1_64' title='bbox 673 1158 810 1246; x_wconf 89' lang='lat' dir='ltr'><strong>collegio</strong></span> <span class='ocrx_word' id='word_1_65' title='bbox 841 1182 914 1224; x_wconf 93' lang='lat' dir='ltr'><strong>cum</strong></span> <span class='ocrx_word' id='word_1_66' title='bbox 945 1159 1061 1224; x_wconf 87' lang='lat' dir='ltr'><strong>fratres</strong></span> <span class='ocrx_word' id='word_1_67' title='bbox 1091 1161 1156 1224; x_wconf 92' lang='lat' dir='ltr'><strong>mei</strong></span> <span class='ocrx_word' id='word_1_68' title='bbox 1185 1159 1421 1246; x_wconf 85' lang='lat' dir='ltr'><strong>probabiliores</strong></span> <span class='ocrx_word' id='word_1_69' title='bbox 1452 1160 1538 1225; x_wconf 90' lang='lat' dir='ltr'><strong>illius</strong></span> <span class='ocrx_word' id='word_1_70' title='bbox 1566 1159 1771 1246; x_wconf 87' lang='lat' dir='ltr'><strong>Manegoldi:</strong></span> 
     </span>
     <span class='ocr_line' id='line_1_8' title="bbox 113 1264 1771 1354; baseline 0.001 -26"><span class='ocrx_word' id='word_1_71' title='bbox 113 1264 283 1349; x_wconf 88' lang='lat' dir='ltr'><strong>quondam</strong></span> <span class='ocrx_word' id='word_1_72' title='bbox 312 1264 377 1328; x_wconf 90' lang='lat' dir='ltr'><strong>illic</strong></span> <span class='ocrx_word' id='word_1_73' title='bbox 405 1264 522 1328; x_wconf 89' lang='lat' dir='ltr'><strong>decani</strong></span> <span class='ocrx_word' id='word_1_74' title='bbox 549 1267 613 1328; x_wconf 84' lang='lat' dir='ltr'><strong>sint</strong></span> <span class='ocrx_word' id='word_1_75' title='bbox 640 1265 824 1330; x_wconf 83' lang='lat' dir='ltr'><strong>laudatores</strong></span> <span class='ocrx_word' id='word_1_76' title='bbox 855 1265 1061 1353; x_wconf 82' lang='lat' dir='ltr'><strong>habeantque</strong></span> <span class='ocrx_word' id='word_1_77' title='bbox 1090 1268 1212 1352; x_wconf 90' lang='lat' dir='ltr'><strong>scripta</strong></span> <span class='ocrx_word' id='word_1_78' title='bbox 1235 1265 1320 1330; x_wconf 91' lang='lat' dir='ltr'><strong>illius</strong></span> <span class='ocrx_word' id='word_1_79' title='bbox 1345 1268 1439 1353; x_wconf 88' lang='lat' dir='ltr'><strong>quasi</strong></span> <span class='ocrx_word' id='word_1_80' title='bbox 1462 1290 1619 1354; x_wconf 89' lang='lat' dir='ltr'><strong>responsa</strong></span> <span class='ocrx_word' id='word_1_81' title='bbox 1643 1267 1771 1332; x_wconf 90' lang='lat' dir='ltr'><strong>celastis</strong></span> 
     </span>
     <span class='ocr_line' id='line_1_9' title="bbox 113 1369 1770 1457; baseline 0.003 -24"><span class='ocrx_word' id='word_1_82' title='bbox 113 1371 251 1446; x_wconf 90' lang='lat' dir='ltr'><strong>oraculi,</strong></span> <span class='ocrx_word' id='word_1_83' title='bbox 279 1369 397 1456; x_wconf 87' lang='lat' dir='ltr'><strong>qrribus</strong></span> <span class='ocrx_word' id='word_1_84' title='bbox 427 1371 461 1434; x_wconf 90' lang='lat' dir='ltr'><strong>in</strong></span> <span class='ocrx_word' id='word_1_85' title='bbox 486 1370 692 1457; x_wconf 85' lang='lat' dir='ltr'><strong>Wigbertino</strong></span> <span class='ocrx_word' id='word_1_86' title='bbox 723 1373 875 1436; x_wconf 89' lang='lat' dir='ltr'><strong>scismate</strong></span> <span class='ocrx_word' id='word_1_87' title='bbox 905 1373 1049 1436; x_wconf 88' lang='lat' dir='ltr'><strong>nonnulli</strong></span> <span class='ocrx_word' id='word_1_88' title='bbox 1077 1374 1208 1437; x_wconf 85' lang='lat' dir='ltr'><strong>fuerrmt</strong></span> <span class='ocrx_word' id='word_1_89' title='bbox 1231 1372 1273 1437; x_wconf 94' lang='lat' dir='ltr'><strong>ad</strong></span> <span class='ocrx_word' id='word_1_90' title='bbox 1296 1372 1490 1439; x_wconf 88' lang='lat' dir='ltr'><strong>catholicam</strong></span> <span class='ocrx_word' id='word_1_91' title='bbox 1513 1375 1671 1438; x_wconf 90' lang='lat' dir='ltr'><strong>unitatem</strong></span> <span class='ocrx_word' id='word_1_92' title='bbox 1695 1396 1770 1438; x_wconf 90' lang='lat' dir='ltr'><strong>con·</strong></span> 
     </span>
     <span class='ocr_line' id='line_1_10' title="bbox 112 1471 1771 1566; baseline 0.003 -26"><span class='ocrx_word' id='word_1_93' title='bbox 112 1477 237 1559; x_wconf 88' lang='lat' dir='ltr'><strong>fortati,</strong></span> <span class='ocrx_word' id='word_1_94' title='bbox 262 1477 381 1564; x_wconf 88' lang='lat' dir='ltr'><strong>qrrihus</strong></span> <span class='ocrx_word' id='word_1_95' title='bbox 405 1487 437 1541; x_wconf 92' lang='lat' dir='ltr'><strong>et</strong></span> <span class='ocrx_word' id='word_1_96' title='bbox 460 1478 625 1542; x_wconf 87' lang='lat' dir='ltr'><strong>seculares</strong></span> <span class='ocrx_word' id='word_1_97' title='bbox 654 1471 766 1542; x_wconf 89' lang='lat' dir='ltr'><strong>contra</strong></span> <span class='ocrx_word' id='word_1_98' title='bbox 793 1478 987 1543; x_wconf 87' lang='lat' dir='ltr'><strong>aecclesiam</strong></span> <span class='ocrx_word' id='word_1_99' title='bbox 1019 1479 1237 1566; x_wconf 87' lang='lat' dir='ltr'><strong>disputatores</strong></span> <span class='ocrx_word' id='word_1_100' title='bbox 1267 1479 1502 1565; x_wconf 89' lang='lat' dir='ltr'><strong>aliquantulum</strong></span> <span class='ocrx_word' id='word_1_101' title='bbox 1533 1491 1609 1544; x_wconf 91' lang='lat' dir='ltr'><strong>tunc</strong></span> <span class='ocrx_word' id='word_1_102' title='bbox 1640 1481 1771 1545; x_wconf 86' lang='lat' dir='ltr'><strong>fuerunt</strong></span> 
     </span>
     <span class='ocr_line' id='line_1_11' title="bbox 64 1585 1768 1672; baseline 0.002 -25"><span class='ocrx_word' id='word_1_103' title='bbox 64 1609 93 1648; x_wconf 82' lang='lat' dir='ltr'><strong>ro</strong></span> <span class='ocrx_word' id='word_1_104' title='bbox 114 1585 286 1648; x_wconf 88' lang='lat' dir='ltr'><strong>confutati.</strong></span> <span class='ocrx_word' id='word_1_105' title='bbox 321 1585 417 1648; x_wconf 89' lang='lat' dir='ltr'><strong>Unde</strong></span> <span class='ocrx_word' id='word_1_106' title='bbox 442 1607 571 1670; x_wconf 88' lang='lat' dir='ltr'><strong>semper</strong></span> <span class='ocrx_word' id='word_1_107' title='bbox 595 1608 637 1650; x_wconf 87' lang='lat' dir='ltr'><strong>cx</strong></span> <span class='ocrx_word' id='word_1_108' title='bbox 660 1595 737 1649; x_wconf 92' lang='lat' dir='ltr'><strong>tunc</strong></span> <span class='ocrx_word' id='word_1_109' title='bbox 760 1587 794 1649; x_wconf 91' lang='lat' dir='ltr'><strong>in</strong></span> <span class='ocrx_word' id='word_1_110' title='bbox 810 1585 1084 1650; x_wconf 76' lang='lat' dir='ltr'><strong>Raitcnbr&#39;rchensi</strong></span> <span class='ocrx_word' id='word_1_111' title='bbox 1109 1585 1248 1650; x_wconf 91' lang='lat' dir='ltr'><strong>claustro</strong></span> <span class='ocrx_word' id='word_1_112' title='bbox 1273 1609 1292 1649; x_wconf 89' lang='lat' dir='ltr'><strong>a</strong></span> <span class='ocrx_word' id='word_1_113' title='bbox 1316 1585 1580 1672; x_wconf 86' lang='lat' dir='ltr'><strong>prudentioribus</strong></span> <span class='ocrx_word' id='word_1_114' title='bbox 1603 1586 1768 1670; x_wconf 88' lang='lat' dir='ltr'><strong>fratribus,</strong></span> 
     </span>
     <span class='ocr_line' id='line_1_12' title="bbox 114 1690 1771 1779; baseline 0.004 -27"><span class='ocrx_word' id='word_1_115' title='bbox 114 1703 272 1776; x_wconf 86' lang='lat' dir='ltr'><strong>tanquam</strong></span> <span class='ocrx_word' id='word_1_116' title='bbox 297 1690 404 1755; x_wconf 88' lang='lat' dir='ltr'><strong>adhuc</strong></span> <span class='ocrx_word' id='word_1_117' title='bbox 427 1692 527 1772; x_wconf 85' lang='lat' dir='ltr'><strong>vivat,</strong></span> <span class='ocrx_word' id='word_1_118' title='bbox 559 1692 606 1756; x_wconf 90' lang='lat' dir='ltr'><strong>sic</strong></span> <span class='ocrx_word' id='word_1_119' title='bbox 630 1692 761 1756; x_wconf 88' lang='lat' dir='ltr'><strong>auditur</strong></span> <span class='ocrx_word' id='word_1_120' title='bbox 782 1692 836 1756; x_wconf 90' lang='lat' dir='ltr'><strong>ille</strong></span> <span class='ocrx_word' id='word_1_121' title='bbox 861 1693 1022 1776; x_wconf 83' lang='lat' dir='ltr'><strong>decanus3</strong></span> <span class='ocrx_word' id='word_1_122' title='bbox 1054 1693 1109 1779; x_wconf 93' lang='lat' dir='ltr'><strong>qui</strong></span> <span class='ocrx_word' id='word_1_123' title='bbox 1139 1692 1217 1756; x_wconf 91' lang='lat' dir='ltr'><strong>licet</strong></span> <span class='ocrx_word' id='word_1_124' title='bbox 1246 1692 1417 1757; x_wconf 90' lang='lat' dir='ltr'><strong>defunctus</strong></span> <span class='ocrx_word' id='word_1_125' title='bbox 1441 1692 1548 1757; x_wconf 89' lang='lat' dir='ltr'><strong>adhuc</strong></span> <span class='ocrx_word' id='word_1_126' title='bbox 1571 1693 1714 1779; x_wconf 91' lang='lat' dir='ltr'><strong>loquitur</strong></span> <span class='ocrx_word' id='word_1_127' title='bbox 1737 1704 1771 1758; x_wconf 91' lang='lat' dir='ltr'><strong>et</strong></span> 
     </span>
     <span class='ocr_line' id='line_1_13' title="bbox 114 1793 1859 1885; baseline 0.003 -25"><span class='ocrx_word' id='word_1_128' title='bbox 114 1797 222 1861; x_wconf 91' lang='lat' dir='ltr'><strong>adhuc</strong></span> <span class='ocrx_word' id='word_1_129' title='bbox 247 1799 281 1860; x_wconf 91' lang='lat' dir='ltr'><strong>in</strong></span> <span class='ocrx_word' id='word_1_130' title='bbox 305 1798 448 1883; x_wconf 76' lang='lat' dir='ltr'><strong>*scriptis</strong></span> <span class='ocrx_word' id='word_1_131' title='bbox 473 1799 539 1862; x_wconf 90' lang='lat' dir='ltr'><strong>suis</strong></span> <span class='ocrx_word' id='word_1_132' title='bbox 563 1799 792 1863; x_wconf 86' lang='lat' dir='ltr'><strong>fornicantium</strong></span> <span class='ocrx_word' id='word_1_133' title='bbox 816 1799 977 1864; x_wconf 86' lang='lat' dir='ltr'><strong>sacrificis</strong></span> <span class='ocrx_word' id='word_1_134' title='bbox 1001 1799 1189 1863; x_wconf 88' lang='lat' dir='ltr'><strong>detestatur.</strong></span> <span class='ocrx_word' id='word_1_135' title='bbox 1236 1798 1331 1863; x_wconf 90' lang='lat' dir='ltr'><strong>Unde</strong></span> <span class='ocrx_word' id='word_1_136' title='bbox 1355 1822 1460 1885; x_wconf 90' lang='lat' dir='ltr'><strong>nuper</strong></span> <span class='ocrx_word' id='word_1_137' title='bbox 1483 1793 1615 1885; x_wconf 85' lang='lat' dir='ltr'><strong>quidam</strong></span> <span class='ocrx_word' id='word_1_138' title='bbox 1639 1823 1681 1863; x_wconf 89' lang='lat' dir='ltr'><strong>ex</strong></span> <span class='ocrx_word' id='word_1_139' title='bbox 1705 1800 1768 1864; x_wconf 88' lang='lat' dir='ltr'><strong>fra·</strong></span> <span class='ocrx_word' id='word_1_140' title='bbox 1788 1821 1859 1866; x_wconf 71' lang='lat' dir='ltr'><strong>mu.</strong></span> 
     </span>
     <span class='ocr_line' id='line_1_14' title="bbox 114 1902 1769 1994; baseline 0.004 -28"><span class='ocrx_word' id='word_1_141' title='bbox 114 1903 218 1967; x_wconf 85' lang='lat' dir='ltr'><strong>tribus</strong></span> <span class='ocrx_word' id='word_1_142' title='bbox 242 1902 328 1968; x_wconf 87' lang='lat' dir='ltr'><strong>illius</strong></span> <span class='ocrx_word' id='word_1_143' title='bbox 352 1903 484 1968; x_wconf 76' lang='lat' dir='ltr'><strong>claustri</strong></span> <span class='ocrx_word' id='word_1_144' title='bbox 501 1905 648 1970; x_wconf 89' lang='lat' dir='ltr'><strong>scribens</strong></span> <span class='ocrx_word' id='word_1_145' title='bbox 664 1906 706 1970; x_wconf 92' lang='lat' dir='ltr'><strong>ad</strong></span> <span class='ocrx_word' id='word_1_146' title='bbox 723 1929 790 1970; x_wconf 93' lang='lat' dir='ltr'><strong>me:</strong></span> <span class='ocrx_word' id='word_1_147' title='bbox 815 1907 896 1988; x_wconf 89' lang='lat' dir='ltr'><strong>Hoc,</strong></span> <span class='ocrx_word' id='word_1_148' title='bbox 919 1907 1034 1992; x_wconf 88' lang='lat' dir='ltr'><strong>inquit,</strong></span> <span class='ocrx_word' id='word_1_149' title='bbox 1058 1922 1103 1972; x_wconf 84' lang='lat' dir='ltr'><strong>ast</strong></span> <span class='ocrx_word' id='word_1_150' title='bbox 1124 1907 1305 1988; x_wconf 73' lang='lat' dir='ltr'><strong>arctandam,</strong></span> <span class='ocrx_word' id='word_1_151' title='bbox 1329 1907 1415 1992; x_wconf 85' lang='lat' dir='ltr'><strong>quod</strong></span> <span class='ocrx_word' id='word_1_152' title='bbox 1437 1908 1493 1971; x_wconf 84' lang='lat' dir='ltr'><strong>illi</strong></span> <span class='ocrx_word' id='word_1_153' title='bbox 1512 1907 1687 1972; x_wconf 84' lang='lat' dir='ltr'><strong>sacerdotes</strong></span> <span class='ocrx_word' id='word_1_154' title='bbox 1705 1933 1769 1994; x_wconf 86' lang='lat' dir='ltr'><strong>pro</strong></span> 
     </span>
     <span class='ocr_line' id='line_1_15' title="bbox 114 2013 1768 2098; baseline 0.002 -23"><span class='ocrx_word' id='word_1_155' title='bbox 114 2013 242 2098; x_wconf 68' lang='lat' dir='ltr'><strong>arpenno</strong></span> <span class='ocrx_word' id='word_1_156' title='bbox 266 2026 295 2076; x_wconf 87' lang='grc'><strong>01</strong></span> <span class='ocrx_word' id='word_1_157' title='bbox 317 2037 395 2076; x_wconf 88' lang='lat' dir='ltr'><strong>auro</strong></span> <span class='ocrx_word' id='word_1_158' title='bbox 419 2015 520 2078; x_wconf 80' lang='lat' dir='ltr'><strong>altari</strong></span> <span class='ocrx_word' id='word_1_159' title='bbox 540 2016 718 2094; x_wconf 78' lang='lat' dir='ltr'><strong>servientes,</strong></span> <span class='ocrx_word' id='word_1_160' title='bbox 741 2038 803 2078; x_wconf 91' lang='lat' dir='ltr'><strong>non</strong></span> <span class='ocrx_word' id='word_1_161' title='bbox 819 2027 937 2079; x_wconf 77' lang='lat' dir='ltr'><strong>matum</strong></span> <span class='ocrx_word' id='word_1_162' title='bbox 952 2029 1024 2078; x_wconf 87' lang='lat' dir='ltr'><strong>suut</strong></span> <span class='ocrx_word' id='word_1_163' title='bbox 1046 2015 1216 2077; x_wconf 78' lang='lat' dir='ltr'><strong>oimlorum</strong></span> <span class='ocrx_word' id='word_1_164' title='bbox 1239 2037 1407 2078; x_wconf 86' lang='lat' dir='ltr'><strong>aureorum</strong></span> <span class='ocrx_word' id='word_1_165' title='bbox 1431 2014 1573 2093; x_wconf 85' lang='lat' dir='ltr'><strong>caltores,</strong></span> <span class='ocrx_word' id='word_1_166' title='bbox 1596 2013 1653 2078; x_wconf 85' lang='lat' dir='ltr'><strong>sed</strong></span> <span class='ocrx_word' id='word_1_167' title='bbox 1675 2017 1768 2079; x_wconf 86' lang='lat' dir='ltr'><strong>etiam</strong></span> 
     </span>
     <span class='ocr_line' id='line_1_16' title="bbox 69 2119 1768 2208; baseline 0.002 -25"><span class='ocrx_word' id='word_1_168' title='bbox 69 2145 95 2183; x_wconf 87' lang='lat' dir='ltr'><strong>rs</strong></span> <span class='ocrx_word' id='word_1_169' title='bbox 116 2119 204 2182; x_wconf 85' lang='lat' dir='ltr'><strong>Baal</strong></span> <span class='ocrx_word' id='word_1_170' title='bbox 234 2122 345 2183; x_wconf 75' lang='grc'><strong>100001</strong></span> <span class='ocrx_word' id='word_1_171' title='bbox 372 2120 563 2185; x_wconf 84' lang='lat' dir='ltr'><strong>adoratores.</strong></span> <span class='ocrx_word' id='word_1_172' title='bbox 612 2119 696 2184; x_wconf 90' lang='lat' dir='ltr'><strong>Nam</strong></span> <span class='ocrx_word' id='word_1_173' title='bbox 729 2121 803 2184; x_wconf 87' lang='lat' dir='ltr'><strong>dnm</strong></span> <span class='ocrx_word' id='word_1_174' title='bbox 832 2145 882 2185; x_wconf 84' lang='lat' dir='ltr'><strong>eos</strong></span> <span class='ocrx_word' id='word_1_175' title='bbox 906 2120 1055 2206; x_wconf 72' lang='lat' dir='ltr'><strong>indiqnos</strong></span> <span class='ocrx_word' id='word_1_176' title='bbox 1077 2122 1249 2207; x_wconf 77' lang='lat' dir='ltr'><strong>apostolico</strong></span> <span class='ocrx_word' id='word_1_177' title='bbox 1274 2121 1384 2208; x_wconf 72' lang='lat' dir='ltr'><strong>officio</strong></span> <span class='ocrx_word' id='word_1_178' title='bbox 1408 2122 1476 2184; x_wconf 85' lang='lat' dir='ltr'><strong>sine</strong></span> <span class='ocrx_word' id='word_1_179' title='bbox 1499 2122 1672 2206; x_wconf 84' lang='lat' dir='ltr'><strong>apostoliea</strong></span> <span class='ocrx_word' id='word_1_180' title='bbox 1689 2145 1768 2208; x_wconf 80' lang='lat' dir='ltr'><strong>pro-</strong></span> 
     </span>
     <span class='ocr_line' id='line_1_17' title="bbox 113 2226 1768 2312; baseline 0.002 -24"><span class='ocrx_word' id='word_1_181' title='bbox 113 2227 188 2289; x_wconf 85' lang='lat' dir='ltr'><strong>bare</strong></span> <span class='ocrx_word' id='word_1_182' title='bbox 219 2227 331 2290; x_wconf 84' lang='lat' dir='ltr'><strong>niteris</strong></span> <span class='ocrx_word' id='word_1_183' title='bbox 359 2229 435 2306; x_wconf 86' lang='lat' dir='ltr'><strong>vita,</strong></span> <span class='ocrx_word' id='word_1_184' title='bbox 466 2242 495 2291; x_wconf 86' lang='lat' dir='ltr'><strong>et</strong></span> <span class='ocrx_word' id='word_1_185' title='bbox 524 2228 579 2291; x_wconf 86' lang='lat' dir='ltr'><strong>ill-i</strong></span> <span class='ocrx_word' id='word_1_186' title='bbox 607 2227 795 2312; x_wconf 82' lang='lat' dir='ltr'><strong>quibusdam</strong></span> <span class='ocrx_word' id='word_1_187' title='bbox 824 2229 1015 2292; x_wconf 85' lang='lat' dir='ltr'><strong>elamoribus</strong></span> <span class='ocrx_word' id='word_1_188' title='bbox 1046 2229 1175 2292; x_wconf 81' lang='lat' dir='ltr'><strong>ueritati</strong></span> <span class='ocrx_word' id='word_1_189' title='bbox 1200 2229 1357 2306; x_wconf 85' lang='lat' dir='ltr'><strong>resistunt,</strong></span> <span class='ocrx_word' id='word_1_190' title='bbox 1381 2227 1514 2290; x_wconf 78' lang='lat' dir='ltr'><strong>Baalim</strong></span> <span class='ocrx_word' id='word_1_191' title='bbox 1537 2226 1768 2312; x_wconf 85' lang='lat' dir='ltr'><strong>quodammodo</strong></span> 
     </span>
     <span class='ocr_line' id='line_1_18' title="bbox 112 2334 1768 2422; baseline 0.001 -26"><span class='ocrx_word' id='word_1_192' title='bbox 112 2336 221 2396; x_wconf 83' lang='lat' dir='ltr'><strong>aureis</strong></span> <span class='ocrx_word' id='word_1_193' title='bbox 245 2334 354 2397; x_wconf 78' lang='lat' dir='ltr'><strong>viarlr&#39;s</strong></span> <span class='ocrx_word' id='word_1_194' title='bbox 377 2334 531 2415; x_wconf 87' lang='lat' dir='ltr'><strong>adiciant,</strong></span> <span class='ocrx_word' id='word_1_195' title='bbox 554 2335 706 2422; x_wconf 66' lang='lat' dir='ltr'><strong>fingendo</strong></span> <span class='ocrx_word' id='word_1_196' title='bbox 729 2359 761 2400; x_wconf 86' lang='lat' dir='ltr'><strong>se</strong></span> <span class='ocrx_word' id='word_1_197' title='bbox 785 2335 873 2415; x_wconf 84' lang='lat' dir='ltr'><strong>tales,</strong></span> <span class='ocrx_word' id='word_1_198' title='bbox 904 2336 1013 2420; x_wconf 83' lang='lat' dir='ltr'><strong>quales</strong></span> <span class='ocrx_word' id='word_1_199' title='bbox 1037 2335 1194 2398; x_wconf 83' lang='lat' dir='ltr'><strong>Dominus</strong></span> <span class='ocrx_word' id='word_1_200' title='bbox 1217 2334 1337 2412; x_wconf 84' lang='lat' dir='ltr'><strong>lubeat,</strong></span> <span class='ocrx_word' id='word_1_201' title='bbox 1362 2358 1431 2396; x_wconf 88' lang='lat' dir='ltr'><strong>cam</strong></span> <span class='ocrx_word' id='word_1_202' title='bbox 1455 2334 1532 2397; x_wconf 84' lang='lat' dir='ltr'><strong>tales</strong></span> <span class='ocrx_word' id='word_1_203' title='bbox 1555 2335 1628 2414; x_wconf 88' lang='lat' dir='ltr'><strong>sint,</strong></span> <span class='ocrx_word' id='word_1_204' title='bbox 1659 2335 1768 2418; x_wconf 84' lang='lat' dir='ltr'><strong>quales</strong></span> 
     </span>
     <span class='ocr_line' id='line_1_19' title="bbox 104 2439 1767 2529; baseline 0.002 -27"><span class='ocrx_word' id='word_1_205' title='bbox 104 2442 260 2525; x_wconf 75' lang='lat' dir='ltr'><strong>proiciat.</strong></span> <span class='ocrx_word' id='word_1_206' title='bbox 311 2439 448 2517; x_wconf 79' lang='lat' dir='ltr'><strong>Quorum</strong></span> <span class='ocrx_word' id='word_1_207' title='bbox 478 2442 573 2527; x_wconf 84' lang='lat' dir='ltr'><strong>calpa</strong></span> <span class='ocrx_word' id='word_1_208' title='bbox 596 2444 721 2506; x_wconf 79' lang='lat' dir='ltr'><strong>novaris</strong></span> <span class='ocrx_word' id='word_1_209' title='bbox 745 2444 816 2528; x_wconf 75' lang='lat' dir='ltr'><strong>iupa</strong></span> <span class='ocrx_word' id='word_1_210' title='bbox 838 2444 1032 2529; x_wconf 66' lang='lat' dir='ltr'><strong>sacrificinm</strong></span> <span class='ocrx_word' id='word_1_211' title='bbox 1065 2443 1129 2504; x_wconf 85' lang='lat' dir='ltr'><strong>iam</strong></span> <span class='ocrx_word' id='word_1_212' title='bbox 1153 2465 1217 2504; x_wconf 87' lang='lat' dir='ltr'><strong>esse</strong></span> <span class='ocrx_word' id='word_1_213' title='bbox 1245 2441 1468 2519; x_wconf 79' lang='lat' dir='ltr'><strong>eorscnlcatum,</strong></span> <span class='ocrx_word' id='word_1_214' title='bbox 1500 2440 1574 2503; x_wconf 86' lang='lat' dir='ltr'><strong>dam</strong></span> <span class='ocrx_word' id='word_1_215' title='bbox 1604 2442 1638 2504; x_wconf 83' lang='lat' dir='ltr'><strong>in</strong></span> <span class='ocrx_word' id='word_1_216' title='bbox 1661 2455 1767 2506; x_wconf 86' lang='lat' dir='ltr'><strong>sancto</strong></span> 
     </span>
     <span class='ocr_line' id='line_1_20' title="bbox 113 2547 1767 2635; baseline 0.001 -26"><span class='ocrx_word' id='word_1_217' title='bbox 113 2548 179 2610; x_wconf 87' lang='lat' dir='ltr'><strong>loeo</strong></span> <span class='ocrx_word' id='word_1_218' title='bbox 196 2547 351 2610; x_wconf 81' lang='lat' dir='ltr'><strong>manendo</strong></span> <span class='ocrx_word' id='word_1_219' title='bbox 368 2549 460 2612; x_wconf 86' lang='lat' dir='ltr'><strong>talem</strong></span> <span class='ocrx_word' id='word_1_220' title='bbox 476 2548 758 2612; x_wconf 75' lang='lat' dir='ltr'><strong>abhominationem</strong></span> <span class='ocrx_word' id='word_1_221' title='bbox 776 2549 980 2613; x_wconf 79' lang='lat' dir='ltr'><strong>desolationis</strong></span> <span class='ocrx_word' id='word_1_222' title='bbox 988 2550 1132 2635; x_wconf 83' lang='lat' dir='ltr'><strong>faciunt,</strong></span> <span class='ocrx_word' id='word_1_223' title='bbox 1156 2561 1191 2610; x_wconf 87' lang='lat' dir='ltr'><strong>nt</strong></span> <span class='ocrx_word' id='word_1_224' title='bbox 1213 2547 1383 2611; x_wconf 86' lang='lat' dir='ltr'><strong>oblationes</strong></span> <span class='ocrx_word' id='word_1_225' title='bbox 1406 2548 1586 2626; x_wconf 73' lang='lat' dir='ltr'><strong>aecclesiae,</strong></span> <span class='ocrx_word' id='word_1_226' title='bbox 1610 2571 1689 2632; x_wconf 83' lang='lat' dir='ltr'><strong>qaas</strong></span> <span class='ocrx_word' id='word_1_227' title='bbox 1712 2571 1767 2611; x_wconf 86' lang='lat' dir='ltr'><strong>nae</strong></span> 
     </span>
     <span class='ocr_line' id='line_1_21' title="bbox 67 2653 1765 2741; baseline 0 -23"><span class='ocrx_word' id='word_1_228' title='bbox 67 2679 94 2718; x_wconf 78' lang='lat' dir='ltr'><strong>so</strong></span> <span class='ocrx_word' id='word_1_229' title='bbox 112 2655 258 2738; x_wconf 63' lang='lat' dir='ltr'><strong>daila-mas</strong></span> <span class='ocrx_word' id='word_1_230' title='bbox 282 2653 396 2718; x_wconf 83' lang='lat' dir='ltr'><strong>viduas</strong></span> <span class='ocrx_word' id='word_1_231' title='bbox 420 2655 492 2718; x_wconf 87' lang='lat' dir='ltr'><strong>licet</strong></span> <span class='ocrx_word' id='word_1_232' title='bbox 513 2669 638 2719; x_wconf 85' lang='lat' dir='ltr'><strong>sanctas</strong></span> <span class='ocrx_word' id='word_1_233' title='bbox 662 2658 695 2718; x_wconf 85' lang='lat' dir='ltr'><strong>in</strong></span> <span class='ocrx_word' id='word_1_234' title='bbox 711 2680 813 2719; x_wconf 83' lang='lat' dir='ltr'><strong>escam</strong></span> <span class='ocrx_word' id='word_1_235' title='bbox 835 2679 956 2720; x_wconf 83' lang='lat' dir='ltr'><strong>samara</strong></span> <span class='ocrx_word' id='word_1_236' title='bbox 977 2656 1057 2735; x_wconf 84' lang='lat' dir='ltr'><strong>licet,</strong></span> <span class='ocrx_word' id='word_1_237' title='bbox 1082 2657 1139 2718; x_wconf 81' lang='lat' dir='ltr'><strong>isti</strong></span> <span class='ocrx_word' id='word_1_238' title='bbox 1160 2656 1358 2741; x_wconf 81' lang='lat' dir='ltr'><strong>tramfarant</strong></span> <span class='ocrx_word' id='word_1_239' title='bbox 1380 2656 1414 2717; x_wconf 79' lang='grc'><strong>11</strong></span> <span class='ocrx_word' id='word_1_240' title='bbox 1432 2655 1603 2734; x_wconf 71' lang='lat' dir='ltr'><strong>luxuriam,</strong></span> <span class='ocrx_word' id='word_1_241' title='bbox 1628 2668 1662 2717; x_wconf 88' lang='lat' dir='ltr'><strong>ut</strong></span> <span class='ocrx_word' id='word_1_242' title='bbox 1678 2679 1765 2718; x_wconf 86' lang='lat' dir='ltr'><strong>man-</strong></span> 
     </span>
     <span class='ocr_line' id='line_1_22' title="bbox 112 2760 1766 2846; baseline 0.001 -23"><span class='ocrx_word' id='word_1_243' title='bbox 112 2760 226 2824; x_wconf 80' lang='lat' dir='ltr'><strong>ducent</strong></span> <span class='ocrx_word' id='word_1_244' title='bbox 248 2761 342 2824; x_wconf 65' lang='lat' dir='ltr'><strong>larius</strong></span> <span class='ocrx_word' id='word_1_245' title='bbox 364 2761 479 2825; x_wconf 85' lang='lat' dir='ltr'><strong>mundi</strong></span> <span class='ocrx_word' id='word_1_246' title='bbox 500 2761 614 2825; x_wconf 86' lang='lat' dir='ltr'><strong>divites</strong></span> <span class='ocrx_word' id='word_1_247' title='bbox 643 2761 729 2846; x_wconf 80' lang='lat' dir='ltr'><strong>qaod</strong></span> <span class='ocrx_word' id='word_1_248' title='bbox 756 2787 819 2826; x_wconf 74' lang='lat' dir='ltr'><strong>noar</strong></span> <span class='ocrx_word' id='word_1_249' title='bbox 847 2761 991 2826; x_wconf 84' lang='lat' dir='ltr'><strong>deberent</strong></span> <span class='ocrx_word' id='word_1_250' title='bbox 1013 2761 1215 2842; x_wconf 69' lang='lat' dir='ltr'><strong>transducere,</strong></span> <span class='ocrx_word' id='word_1_251' title='bbox 1245 2763 1314 2824; x_wconf 85' lang='lat' dir='ltr'><strong>nisi</strong></span> <span class='ocrx_word' id='word_1_252' title='bbox 1335 2763 1416 2824; x_wconf 85' lang='lat' dir='ltr'><strong>casti</strong></span> <span class='ocrx_word' id='word_1_253' title='bbox 1444 2761 1537 2824; x_wconf 74' lang='lat' dir='ltr'><strong>dorius</strong></span> <span class='ocrx_word' id='word_1_254' title='bbox 1561 2761 1675 2824; x_wconf 85' lang='lat' dir='ltr'><strong>mnndi</strong></span> <span class='ocrx_word' id='word_1_255' title='bbox 1695 2784 1766 2824; x_wconf 89' lang='lat' dir='ltr'><strong>con-</strong></span> 
     </span>
     <span class='ocr_line' id='line_1_23' title="bbox 111 2865 1765 2952; baseline -0.001 -21"><span class='ocrx_word' id='word_1_256' title='bbox 111 2881 285 2952; x_wconf 80' lang='lat' dir='ltr'><strong>temptores.</strong></span> <span class='ocrx_word' id='word_1_257' title='bbox 321 2866 413 2930; x_wconf 88' lang='lat' dir='ltr'><strong>Haec</strong></span> <span class='ocrx_word' id='word_1_258' title='bbox 430 2865 516 2930; x_wconf 90' lang='lat' dir='ltr'><strong>illius</strong></span> <span class='ocrx_word' id='word_1_259' title='bbox 531 2866 651 2930; x_wconf 89' lang='lat' dir='ltr'><strong>fervidi</strong></span> <span class='ocrx_word' id='word_1_260' title='bbox 673 2868 781 2930; x_wconf 90' lang='lat' dir='ltr'><strong>fratris</strong></span> <span class='ocrx_word' id='word_1_261' title='bbox 798 2865 901 2931; x_wconf 85' lang='lat' dir='ltr'><strong>verba</strong></span> <span class='ocrx_word' id='word_1_262' title='bbox 916 2865 1026 2930; x_wconf 89' lang='lat' dir='ltr'><strong>verbis</strong></span> <span class='ocrx_word' id='word_1_263' title='bbox 1050 2867 1131 2930; x_wconf 90' lang='lat' dir='ltr'><strong>meis</strong></span> <span class='ocrx_word' id='word_1_264' title='bbox 1155 2866 1198 2930; x_wconf 92' lang='lat' dir='ltr'><strong>ad</strong></span> <span class='ocrx_word' id='word_1_265' title='bbox 1221 2866 1283 2930; x_wconf 90' lang='lat' dir='ltr'><strong>hoc</strong></span> <span class='ocrx_word' id='word_1_266' title='bbox 1307 2877 1383 2930; x_wconf 86' lang='lat' dir='ltr'><strong>sunt</strong></span> <span class='ocrx_word' id='word_1_267' title='bbox 1403 2867 1536 2946; x_wconf 89' lang='lat' dir='ltr'><strong>inserta,</strong></span> <span class='ocrx_word' id='word_1_268' title='bbox 1559 2888 1600 2928; x_wconf 91' lang='lat' dir='ltr'><strong>ne</strong></span> <span class='ocrx_word' id='word_1_269' title='bbox 1624 2875 1765 2951; x_wconf 91' lang='lat' dir='ltr'><strong>putetur,</strong></span> 
     </span>
     <span class='ocr_line' id='line_1_24' title="bbox 112 2970 1942 3060; baseline 0.003 -25"><span class='ocrx_word' id='word_1_270' title='bbox 112 2972 201 3058; x_wconf 91' lang='lat' dir='ltr'><strong>qnod</strong></span> <span class='ocrx_word' id='word_1_271' title='bbox 225 2972 312 3037; x_wconf 90' lang='lat' dir='ltr'><strong>solus</strong></span> <span class='ocrx_word' id='word_1_272' title='bbox 337 2994 397 3057; x_wconf 89' lang='lat' dir='ltr'><strong>ego</strong></span> <span class='ocrx_word' id='word_1_273' title='bbox 422 2995 464 3037; x_wconf 85' lang='lat' dir='ltr'><strong>ex</strong></span> <span class='ocrx_word' id='word_1_274' title='bbox 487 2972 642 3037; x_wconf 88' lang='lat' dir='ltr'><strong>fratribus</strong></span> <span class='ocrx_word' id='word_1_275' title='bbox 672 2975 753 3037; x_wconf 88' lang='lat' dir='ltr'><strong>meis</strong></span> <span class='ocrx_word' id='word_1_276' title='bbox 785 2972 935 3038; x_wconf 87' lang='lat' dir='ltr'><strong>obediam</strong></span> <span class='ocrx_word' id='word_1_277' title='bbox 967 2973 1112 3060; x_wconf 86' lang='lat' dir='ltr'><strong>apostolo</strong></span> <span class='ocrx_word' id='word_1_278' title='bbox 1142 2971 1277 3054; x_wconf 89' lang='lat' dir='ltr'><strong>iubenti,</strong></span> <span class='ocrx_word' id='word_1_279' title='bbox 1308 2983 1345 3036; x_wconf 89' lang='lat' dir='ltr'><strong>ut</strong></span> <span class='ocrx_word' id='word_1_280' title='bbox 1374 2970 1603 3036; x_wconf 89' lang='lat' dir='ltr'><strong>subtrahamus</strong></span> <span class='ocrx_word' id='word_1_281' title='bbox 1633 2995 1692 3036; x_wconf 90' lang='lat' dir='ltr'><strong>nos</strong></span> <span class='ocrx_word' id='word_1_282' title='bbox 1723 2971 1766 3036; x_wconf 94' lang='lat' dir='ltr'><strong>ab</strong></span> <span class='ocrx_word' id='word_1_283' title='bbox 1784 2999 1942 3050; x_wconf 63' lang='lat' dir='ltr'><strong>ammam</strong></span> 
     </span>
     <span class='ocr_line' id='line_1_25' title="bbox 112 3063 1860 3165; baseline 0.001 -23"><span class='ocrx_word' id='word_1_284' title='bbox 112 3081 201 3142; x_wconf 91' lang='lat' dir='ltr'><strong>omni</strong></span> <span class='ocrx_word' id='word_1_285' title='bbox 231 3079 330 3143; x_wconf 87' lang='lat' dir='ltr'><strong>fratre</strong></span> <span class='ocrx_word' id='word_1_286' title='bbox 361 3079 548 3144; x_wconf 89' lang='lat' dir='ltr'><strong>ambulante</strong></span> <span class='ocrx_word' id='word_1_287' title='bbox 579 3081 762 3145; x_wconf 89' lang='lat' dir='ltr'><strong>inordinate</strong></span> <span class='ocrx_word' id='word_1_288' title='bbox 786 3092 819 3145; x_wconf 91' lang='lat' dir='ltr'><strong>et</strong></span> <span class='ocrx_word' id='word_1_289' title='bbox 841 3104 907 3145; x_wconf 92' lang='lat' dir='ltr'><strong>non</strong></span> <span class='ocrx_word' id='word_1_290' title='bbox 931 3079 1110 3144; x_wconf 89' lang='lat' dir='ltr'><strong>secmrdum</strong></span> <span class='ocrx_word' id='word_1_291' title='bbox 1136 3079 1354 3160; x_wconf 86' lang='lat' dir='ltr'><strong>traditionem,</strong></span> <span class='ocrx_word' id='word_1_292' title='bbox 1380 3101 1477 3165; x_wconf 91' lang='lat' dir='ltr'><strong>quam</strong></span> <span class='ocrx_word' id='word_1_293' title='bbox 1501 3088 1700 3164; x_wconf 89' lang='lat' dir='ltr'><strong>acceperunt</strong></span> <span class='ocrx_word' id='word_1_294' title='bbox 1723 3077 1765 3144; x_wconf 92' lang='lat' dir='ltr'><strong>ab</strong></span> <span class='ocrx_word' id='word_1_295' title='bbox 1857 3063 1860 3071; x_wconf 43' lang='lat'>⁵</span> 
     </span>
     <span class='ocr_line' id='line_1_26' title="bbox 67 3185 1931 3272; baseline 0.001 -20"><span class='ocrx_word' id='word_1_296' title='bbox 67 3213 93 3252; x_wconf 74' lang='lat' dir='ltr'><strong>a</strong></span> <span class='ocrx_word' id='word_1_297' title='bbox 111 3187 278 3272; x_wconf 87' lang='lat' dir='ltr'><strong>apostolis.</strong></span> <span class='ocrx_word' id='word_1_298' title='bbox 326 3185 392 3251; x_wconf 89' lang='lat' dir='ltr'><strong>Sed</strong></span> <span class='ocrx_word' id='word_1_299' title='bbox 416 3197 448 3250; x_wconf 90' lang='lat' dir='ltr'><strong>et</strong></span> <span class='ocrx_word' id='word_1_300' title='bbox 471 3187 572 3251; x_wconf 89' lang='lat' dir='ltr'><strong>frater</strong></span> <span class='ocrx_word' id='word_1_301' title='bbox 594 3200 704 3251; x_wconf 90' lang='lat' dir='ltr'><strong>noster</strong></span> <span class='ocrx_word' id='word_1_302' title='bbox 728 3187 920 3252; x_wconf 79' lang='lat' dir='ltr'><strong>Chr&#39;mradus</strong></span> <span class='ocrx_word' id='word_1_303' title='bbox 944 3187 984 3250; x_wconf 94' lang='grc'><strong>(10</strong></span> <span class='ocrx_word' id='word_1_304' title='bbox 1010 3187 1101 3252; x_wconf 77' lang='lat' dir='ltr'><strong>Silva</strong></span> <span class='ocrx_word' id='word_1_305' title='bbox 1124 3187 1232 3250; x_wconf 87' lang='lat' dir='ltr'><strong>senuit</strong></span> <span class='ocrx_word' id='word_1_306' title='bbox 1258 3187 1322 3250; x_wconf 92' lang='lat' dir='ltr'><strong>iam</strong></span> <span class='ocrx_word' id='word_1_307' title='bbox 1353 3187 1387 3248; x_wconf 92' lang='lat' dir='ltr'><strong>in</strong></span> <span class='ocrx_word' id='word_1_308' title='bbox 1411 3185 1472 3251; x_wconf 91' lang='lat' dir='ltr'><strong>hac</strong></span> <span class='ocrx_word' id='word_1_309' title='bbox 1497 3187 1658 3250; x_wconf 88' lang='lat' dir='ltr'><strong>sententia</strong></span> <span class='ocrx_word' id='word_1_310' title='bbox 1680 3187 1764 3250; x_wconf 86' lang='lat' dir='ltr'><strong>veri-</strong></span> <span class='ocrx_word' id='word_1_311' title='bbox 1784 3212 1931 3263; x_wconf 65' lang='lat' dir='ltr'><strong>uaesana</strong></span> 
     </span>
     <span class='ocr_line' id='line_1_27' title="bbox 109 3292 1860 3380; baseline 0.003 -24"><span class='ocrx_word' id='word_1_312' title='bbox 109 3295 197 3372; x_wconf 87' lang='lat' dir='ltr'><strong>tatis,</strong></span> <span class='ocrx_word' id='word_1_313' title='bbox 230 3316 295 3379; x_wconf 90' lang='lat' dir='ltr'><strong>qua</strong></span> <span class='ocrx_word' id='word_1_314' title='bbox 324 3292 475 3357; x_wconf 90' lang='lat' dir='ltr'><strong>iubemur</strong></span> <span class='ocrx_word' id='word_1_315' title='bbox 504 3293 671 3357; x_wconf 88' lang='lat' dir='ltr'><strong>attendere</strong></span> <span class='ocrx_word' id='word_1_316' title='bbox 702 3317 722 3358; x_wconf 91' lang='lat' dir='ltr'><strong>a</strong></span> <span class='ocrx_word' id='word_1_317' title='bbox 752 3294 842 3358; x_wconf 89' lang='lat' dir='ltr'><strong>falsis</strong></span> <span class='ocrx_word' id='word_1_318' title='bbox 872 3295 1048 3380; x_wconf 88' lang='lat' dir='ltr'><strong>prophetis,</strong></span> <span class='ocrx_word' id='word_1_319' title='bbox 1074 3294 1140 3380; x_wconf 93' lang='lat' dir='ltr'><strong>qui,</strong></span> <span class='ocrx_word' id='word_1_320' title='bbox 1166 3293 1262 3357; x_wconf 78' lang='lat' dir='ltr'><strong>*licet</strong></span> <span class='ocrx_word' id='word_1_321' title='bbox 1291 3293 1406 3356; x_wconf 86' lang='lat' dir='ltr'><strong>missas</strong></span> <span class='ocrx_word' id='word_1_322' title='bbox 1437 3303 1570 3356; x_wconf 90' lang='lat' dir='ltr'><strong>cantent</strong></span> <span class='ocrx_word' id='word_1_323' title='bbox 1598 3293 1632 3355; x_wconf 91' lang='lat' dir='ltr'><strong>irr</strong></span> <span class='ocrx_word' id='word_1_324' title='bbox 1662 3293 1860 3362; x_wconf 69' lang='grc'><strong>00011001(</strong></span> 
     </span>
     <span class='ocr_line' id='line_1_28' title="bbox 110 3399 1764 3487; baseline 0 -25"><span class='ocrx_word' id='word_1_325' title='bbox 110 3399 260 3464; x_wconf 88' lang='lat' dir='ltr'><strong>vestibus</strong></span> <span class='ocrx_word' id='word_1_326' title='bbox 290 3399 333 3463; x_wconf 92' lang='lat' dir='ltr'><strong>ad</strong></span> <span class='ocrx_word' id='word_1_327' title='bbox 360 3401 565 3464; x_wconf 87' lang='lat' dir='ltr'><strong>sanctitatem</strong></span> <span class='ocrx_word' id='word_1_328' title='bbox 596 3413 628 3463; x_wconf 92' lang='lat' dir='ltr'><strong>ct</strong></span> <span class='ocrx_word' id='word_1_329' title='bbox 658 3402 877 3465; x_wconf 88' lang='lat' dir='ltr'><strong>innocentiam</strong></span> <span class='ocrx_word' id='word_1_330' title='bbox 907 3399 1154 3487; x_wconf 91' lang='lat' dir='ltr'><strong>pertinentibus,</strong></span> <span class='ocrx_word' id='word_1_331' title='bbox 1185 3400 1379 3463; x_wconf 90' lang='lat' dir='ltr'><strong>intrinsecus</strong></span> <span class='ocrx_word' id='word_1_332' title='bbox 1409 3409 1519 3462; x_wconf 89' lang='lat' dir='ltr'><strong>tamen</strong></span> <span class='ocrx_word' id='word_1_333' title='bbox 1549 3409 1678 3484; x_wconf 90' lang='lat' dir='ltr'><strong>gestant</strong></span> <span class='ocrx_word' id='word_1_334' title='bbox 1708 3421 1764 3464; x_wconf 93' lang='lat' dir='ltr'><strong>cor</strong></span> 
     </span>
     <span class='ocr_line' id='line_1_29' title="bbox 111 3505 1763 3593; baseline -0.001 -23"><span class='ocrx_word' id='word_1_335' title='bbox 111 3506 259 3592; x_wconf 92' lang='lat' dir='ltr'><strong>lupinum</strong></span> <span class='ocrx_word' id='word_1_336' title='bbox 282 3507 365 3570; x_wconf 88' lang='lat' dir='ltr'><strong>lucri</strong></span> <span class='ocrx_word' id='word_1_337' title='bbox 387 3508 437 3570; x_wconf 90' lang='lat' dir='ltr'><strong>sui</strong></span> <span class='ocrx_word' id='word_1_338' title='bbox 461 3518 494 3571; x_wconf 88' lang='lat' dir='ltr'><strong>et</strong></span> <span class='ocrx_word' id='word_1_339' title='bbox 516 3509 650 3592; x_wconf 89' lang='lat' dir='ltr'><strong>rapinae</strong></span> <span class='ocrx_word' id='word_1_340' title='bbox 673 3509 780 3593; x_wconf 90' lang='lat' dir='ltr'><strong>potius</strong></span> <span class='ocrx_word' id='word_1_341' title='bbox 802 3529 900 3593; x_wconf 86' lang='lat' dir='ltr'><strong>quam</strong></span> <span class='ocrx_word' id='word_1_342' title='bbox 915 3508 981 3571; x_wconf 90' lang='lat' dir='ltr'><strong>Dei</strong></span> <span class='ocrx_word' id='word_1_343' title='bbox 1004 3507 1126 3593; x_wconf 91' lang='lat' dir='ltr'><strong>gloriae</strong></span> <span class='ocrx_word' id='word_1_344' title='bbox 1151 3505 1250 3588; x_wconf 91' lang='lat' dir='ltr'><strong>avidi,</strong></span> <span class='ocrx_word' id='word_1_345' title='bbox 1274 3507 1358 3570; x_wconf 90' lang='lat' dir='ltr'><strong>sicut</strong></span> <span class='ocrx_word' id='word_1_346' title='bbox 1380 3505 1569 3591; x_wconf 84' lang='lat' dir='ltr'><strong>agnoscitur</strong></span> <span class='ocrx_word' id='word_1_347' title='bbox 1591 3527 1633 3568; x_wconf 87' lang='lat' dir='ltr'><strong>ex</strong></span> <span class='ocrx_word' id='word_1_348' title='bbox 1652 3505 1763 3569; x_wconf 90' lang='lat' dir='ltr'><strong>fructi·</strong></span> 
     </span>
     <span class='ocr_line' id='line_1_30' title="bbox 111 3610 1762 3700; baseline -0.001 -23"><span class='ocrx_word' id='word_1_349' title='bbox 111 3613 173 3677; x_wconf 90' lang='lat' dir='ltr'><strong>bus</strong></span> <span class='ocrx_word' id='word_1_350' title='bbox 197 3635 320 3677; x_wconf 88' lang='lat' dir='ltr'><strong>eorum.</strong></span> <span class='ocrx_word' id='word_1_351' title='bbox 367 3613 463 3678; x_wconf 90' lang='lat' dir='ltr'><strong>Unde</strong></span> <span class='ocrx_word' id='word_1_352' title='bbox 493 3637 559 3678; x_wconf 91' lang='lat' dir='ltr'><strong>non</strong></span> <span class='ocrx_word' id='word_1_353' title='bbox 589 3624 638 3678; x_wconf 91' lang='lat' dir='ltr'><strong>est</strong></span> <span class='ocrx_word' id='word_1_354' title='bbox 666 3615 746 3678; x_wconf 92' lang='lat' dir='ltr'><strong>mihi</strong></span> <span class='ocrx_word' id='word_1_355' title='bbox 776 3616 921 3700; x_wconf 85' lang='lat' dir='ltr'><strong>graviter</strong></span> <span class='ocrx_word' id='word_1_356' title='bbox 942 3612 1178 3700; x_wconf 88' lang='lat' dir='ltr'><strong>imputandum,</strong></span> <span class='ocrx_word' id='word_1_357' title='bbox 1211 3612 1248 3695; x_wconf 90' lang='lat' dir='ltr'><strong>si,</strong></span> <span class='ocrx_word' id='word_1_358' title='bbox 1273 3611 1481 3676; x_wconf 88' lang='lat' dir='ltr'><strong>consonando</strong></span> <span class='ocrx_word' id='word_1_359' title='bbox 1504 3610 1658 3676; x_wconf 89' lang='lat' dir='ltr'><strong>fratribus</strong></span> <span class='ocrx_word' id='word_1_360' title='bbox 1681 3614 1762 3676; x_wconf 87' lang='lat' dir='ltr'><strong>meis</strong></span> 
     </span>
     <span class='ocr_line' id='line_1_31' title="bbox 66 3716 1906 3806; baseline 0 -18"><span class='ocrx_word' id='word_1_361' title='bbox 66 3748 94 3788; x_wconf 77' lang='lat' dir='ltr'><strong>ao</strong></span> <span class='ocrx_word' id='word_1_362' title='bbox 113 3721 169 3806; x_wconf 90' lang='lat' dir='ltr'><strong>qui</strong></span> <span class='ocrx_word' id='word_1_363' title='bbox 192 3720 291 3784; x_wconf 89' lang='lat' dir='ltr'><strong>fidem</strong></span> <span class='ocrx_word' id='word_1_364' title='bbox 315 3719 437 3784; x_wconf 88' lang='lat' dir='ltr'><strong>habent</strong></span> <span class='ocrx_word' id='word_1_365' title='bbox 460 3720 582 3785; x_wconf 79' lang='lat' dir='ltr'><strong>Christi</strong></span> <span class='ocrx_word' id='word_1_366' title='bbox 604 3720 724 3804; x_wconf 78' lang='lat' dir='ltr'><strong>verbiS,</strong></span> <span class='ocrx_word' id='word_1_367' title='bbox 755 3721 830 3786; x_wconf 94' lang='lat' dir='ltr'><strong>nolo</strong></span> <span class='ocrx_word' id='word_1_368' title='bbox 854 3721 895 3784; x_wconf 93' lang='lat' dir='ltr'><strong>de</strong></span> <span class='ocrx_word' id='word_1_369' title='bbox 919 3721 1020 3806; x_wconf 91' lang='lat' dir='ltr'><strong>spinis</strong></span> <span class='ocrx_word' id='word_1_370' title='bbox 1045 3719 1197 3805; x_wconf 83' lang='lat' dir='ltr'><strong>colligere</strong></span> <span class='ocrx_word' id='word_1_371' title='bbox 1228 3718 1309 3783; x_wconf 89' lang='lat' dir='ltr'><strong>ficus</strong></span> <span class='ocrx_word' id='word_1_372' title='bbox 1339 3740 1446 3804; x_wconf 88' lang='lat' dir='ltr'><strong>neque</strong></span> <span class='ocrx_word' id='word_1_373' title='bbox 1477 3717 1517 3782; x_wconf 93' lang='lat' dir='ltr'><strong>de</strong></span> <span class='ocrx_word' id='word_1_374' title='bbox 1547 3716 1627 3783; x_wconf 90' lang='lat' dir='ltr'><strong>rubo</strong></span> <span class='ocrx_word' id='word_1_375' title='bbox 1650 3718 1763 3782; x_wconf 90' lang='lat' dir='ltr'><strong>vinde·</strong></span> <span class='ocrx_word' id='word_1_376' title='bbox 1782 3747 1906 3796; x_wconf 74' lang='lat' dir='ltr'><strong>massa</strong></span> 
     </span>
     <span class='ocr_line' id='line_1_32' title="bbox 112 3825 1763 3914; baseline -0.001 -24"><span class='ocrx_word' id='word_1_377' title='bbox 112 3828 214 3891; x_wconf 83' lang='lat' dir='ltr'><strong>miore</strong></span> <span class='ocrx_word' id='word_1_378' title='bbox 238 3850 330 3908; x_wconf 88' lang='lat' dir='ltr'><strong>uvas,</strong></span> <span class='ocrx_word' id='word_1_379' title='bbox 354 3837 526 3913; x_wconf 86' lang='lat' dir='ltr'><strong>postquam</strong></span> <span class='ocrx_word' id='word_1_380' title='bbox 550 3851 585 3891; x_wconf 90' lang='lat' dir='ltr'><strong>se</strong></span> <span class='ocrx_word' id='word_1_381' title='bbox 609 3828 687 3892; x_wconf 92' lang='lat' dir='ltr'><strong>mihi</strong></span> <span class='ocrx_word' id='word_1_382' title='bbox 710 3829 902 3914; x_wconf 89' lang='lat' dir='ltr'><strong>patefecerit</strong></span> <span class='ocrx_word' id='word_1_383' title='bbox 925 3827 1081 3890; x_wconf 90' lang='lat' dir='ltr'><strong>malorum</strong></span> <span class='ocrx_word' id='word_1_384' title='bbox 1105 3826 1268 3890; x_wconf 89' lang='lat' dir='ltr'><strong>fmctuum</strong></span> <span class='ocrx_word' id='word_1_385' title='bbox 1297 3825 1473 3911; x_wconf 90' lang='lat' dir='ltr'><strong>dampnata</strong></span> <span class='ocrx_word' id='word_1_386' title='bbox 1497 3835 1529 3888; x_wconf 91' lang='lat' dir='ltr'><strong>et</strong></span> <span class='ocrx_word' id='word_1_387' title='bbox 1552 3825 1763 3890; x_wconf 89' lang='lat' dir='ltr'><strong>anathemati-</strong></span> 
     </span>
     <span class='ocr_line' id='line_1_33' title="bbox 113 3930 1762 4021; baseline 0 -25"><span class='ocrx_word' id='word_1_388' title='bbox 113 3945 187 3997; x_wconf 90' lang='lat' dir='ltr'><strong>zata</strong></span> <span class='ocrx_word' id='word_1_389' title='bbox 210 3933 320 4020; x_wconf 90' lang='lat' dir='ltr'><strong>aliqua</strong></span> <span class='ocrx_word' id='word_1_390' title='bbox 342 3935 497 4020; x_wconf 86' lang='lat' dir='ltr'><strong>pravitas.</strong></span> <span class='ocrx_word' id='word_1_391' title='bbox 544 3933 709 4020; x_wconf 79' lang='lat' dir='ltr'><strong>Colligam</strong></span> <span class='ocrx_word' id='word_1_392' title='bbox 731 3936 787 4021; x_wconf 93' lang='lat' dir='ltr'><strong>qui</strong></span> <span class='ocrx_word' id='word_1_393' title='bbox 810 3934 923 3998; x_wconf 87' lang='lat' dir='ltr'><strong>volunt</strong></span> <span class='ocrx_word' id='word_1_394' title='bbox 946 3935 1110 4019; x_wconf 90' lang='lat' dir='ltr'><strong>spinarum</strong></span> <span class='ocrx_word' id='word_1_395' title='bbox 1134 3932 1258 3996; x_wconf 91' lang='lat' dir='ltr'><strong>fructus</strong></span> <span class='ocrx_word' id='word_1_396' title='bbox 1283 3941 1314 3995; x_wconf 90' lang='lat' dir='ltr'><strong>et</strong></span> <span class='ocrx_word' id='word_1_397' title='bbox 1336 3930 1427 4014; x_wconf 80' lang='lat' dir='ltr'><strong>rubi3</strong></span> <span class='ocrx_word' id='word_1_398' title='bbox 1453 3954 1513 4017; x_wconf 88' lang='lat' dir='ltr'><strong>ego</strong></span> <span class='ocrx_word' id='word_1_399' title='bbox 1538 3930 1636 3996; x_wconf 88' lang='lat' dir='ltr'><strong>credo</strong></span> <span class='ocrx_word' id='word_1_400' title='bbox 1652 3931 1762 3996; x_wconf 89' lang='lat' dir='ltr'><strong>verbis</strong></span> 
     </span>
     <span class='ocr_line' id='line_1_34' title="bbox 113 4037 1764 4127; baseline -0.001 -22"><span class='ocrx_word' id='word_1_401' title='bbox 113 4039 235 4105; x_wconf 88' lang='lat' dir='ltr'><strong>Christi</strong></span> <span class='ocrx_word' id='word_1_402' title='bbox 265 4040 466 4122; x_wconf 87' lang='lat' dir='ltr'><strong>affirmantis,</strong></span> <span class='ocrx_word' id='word_1_403' title='bbox 495 4041 582 4127; x_wconf 92' lang='lat' dir='ltr'><strong>quod</strong></span> <span class='ocrx_word' id='word_1_404' title='bbox 609 4065 716 4127; x_wconf 90' lang='lat' dir='ltr'><strong>neque</strong></span> <span class='ocrx_word' id='word_1_405' title='bbox 747 4041 787 4105; x_wconf 92' lang='grc'><strong>(10</strong></span> <span class='ocrx_word' id='word_1_406' title='bbox 819 4042 920 4126; x_wconf 90' lang='lat' dir='ltr'><strong>spinis</strong></span> <span class='ocrx_word' id='word_1_407' title='bbox 951 4040 1107 4124; x_wconf 90' lang='lat' dir='ltr'><strong>colligunt</strong></span> <span class='ocrx_word' id='word_1_408' title='bbox 1136 4040 1217 4103; x_wconf 82' lang='lat' dir='ltr'><strong>ficus</strong></span> <span class='ocrx_word' id='word_1_409' title='bbox 1247 4061 1353 4125; x_wconf 89' lang='lat' dir='ltr'><strong>neque</strong></span> <span class='ocrx_word' id='word_1_410' title='bbox 1385 4038 1426 4102; x_wconf 91' lang='lat' dir='ltr'><strong>de</strong></span> <span class='ocrx_word' id='word_1_411' title='bbox 1456 4037 1537 4103; x_wconf 89' lang='lat' dir='ltr'><strong>rubo</strong></span> <span class='ocrx_word' id='word_1_412' title='bbox 1561 4037 1764 4103; x_wconf 90' lang='lat' dir='ltr'><strong>vindemiant</strong></span> 
     </span>
     <span class='ocr_line' id='line_1_35' title="bbox 112 4130 1940 4234; baseline -0.001 -24"><span class='ocrx_word' id='word_1_413' title='bbox 112 4170 204 4211; x_wconf 84' lang='lat' dir='ltr'><strong>uvas.</strong></span> <span class='ocrx_word' id='word_1_414' title='bbox 250 4147 326 4211; x_wconf 90' lang='lat' dir='ltr'><strong>Uva</strong></span> <span class='ocrx_word' id='word_1_415' title='bbox 355 4149 441 4212; x_wconf 91' lang='lat' dir='ltr'><strong>enim</strong></span> <span class='ocrx_word' id='word_1_416' title='bbox 472 4158 505 4212; x_wconf 90' lang='lat' dir='ltr'><strong>et</strong></span> <span class='ocrx_word' id='word_1_417' title='bbox 530 4146 643 4212; x_wconf 92' lang='lat' dir='ltr'><strong>botrus</strong></span> <span class='ocrx_word' id='word_1_418' title='bbox 668 4146 780 4234; x_wconf 86' lang='lat' dir='ltr'><strong>Cypri,</strong></span> <span class='ocrx_word' id='word_1_419' title='bbox 805 4149 861 4233; x_wconf 91' lang='lat' dir='ltr'><strong>qui</strong></span> <span class='ocrx_word' id='word_1_420' title='bbox 885 4149 989 4210; x_wconf 91' lang='lat' dir='ltr'><strong>estin</strong></span> <span class='ocrx_word' id='word_1_421' title='bbox 1013 4147 1119 4210; x_wconf 88' lang='lat' dir='ltr'><strong>vineis</strong></span> <span class='ocrx_word' id='word_1_422' title='bbox 1142 4145 1306 4230; x_wconf 88' lang='lat' dir='ltr'><strong>Engaddi,</strong></span> <span class='ocrx_word' id='word_1_423' title='bbox 1330 4145 1387 4230; x_wconf 91' lang='lat' dir='ltr'><strong>qui</strong></span> <span class='ocrx_word' id='word_1_424' title='bbox 1409 4144 1500 4231; x_wconf 92' lang='lat' dir='ltr'><strong>prelo</strong></span> <span class='ocrx_word' id='word_1_425' title='bbox 1525 4145 1630 4209; x_wconf 88' lang='lat' dir='ltr'><strong>crucis</strong></span> <span class='ocrx_word' id='word_1_426' title='bbox 1655 4145 1763 4231; x_wconf 88' lang='lat' dir='ltr'><strong>expri·</strong></span> <span class='ocrx_word' id='word_1_427' title='bbox 1782 4130 1940 4234; x_wconf 53' lang='lat' dir='ltr'><strong>‘fflffim</strong></span> 
     </span>
     <span class='ocr_line' id='line_1_36' title="bbox 66 4247 1939 4352; baseline -0.003 -30"><span class='ocrx_word' id='word_1_428' title='bbox 66 4283 94 4322; x_wconf 81' lang='lat' dir='ltr'><strong>rs</strong></span> <span class='ocrx_word' id='word_1_429' title='bbox 112 4256 212 4318; x_wconf 92' lang='lat' dir='ltr'><strong>mitur</strong></span> <span class='ocrx_word' id='word_1_430' title='bbox 240 4255 273 4318; x_wconf 93' lang='lat' dir='ltr'><strong>in</strong></span> <span class='ocrx_word' id='word_1_431' title='bbox 305 4253 534 4336; x_wconf 88' lang='lat' dir='ltr'><strong>torcularibus,</strong></span> <span class='ocrx_word' id='word_1_432' title='bbox 566 4254 606 4318; x_wconf 92' lang='grc'><strong>(10</strong></span> <span class='ocrx_word' id='word_1_433' title='bbox 635 4253 752 4341; x_wconf 87' lang='lat' dir='ltr'><strong>quibus</strong></span> <span class='ocrx_word' id='word_1_434' title='bbox 783 4256 828 4318; x_wconf 89' lang='lat' dir='ltr'><strong>ait</strong></span> <span class='ocrx_word' id='word_1_435' title='bbox 858 4253 1038 4339; x_wconf 88' lang='lat' dir='ltr'><strong>psalmista,</strong></span> <span class='ocrx_word' id='word_1_436' title='bbox 1069 4275 1134 4316; x_wconf 90' lang='lat' dir='ltr'><strong>non</strong></span> <span class='ocrx_word' id='word_1_437' title='bbox 1165 4253 1329 4316; x_wconf 87' lang='lat' dir='ltr'><strong>invenitur</strong></span> <span class='ocrx_word' id='word_1_438' title='bbox 1359 4263 1453 4315; x_wconf 90' lang='lat' dir='ltr'><strong>extra</strong></span> <span class='ocrx_word' id='word_1_439' title='bbox 1484 4251 1678 4316; x_wconf 90' lang='lat' dir='ltr'><strong>aecclesiam</strong></span> <span class='ocrx_word' id='word_1_440' title='bbox 1707 4262 1765 4316; x_wconf 88' lang='lat' dir='ltr'><strong>ant</strong></span> <span class='ocrx_word' id='word_1_441' title='bbox 1782 4247 1939 4352; x_wconf 56' lang='lat' dir='ltr'><strong>mffjm</strong></span> 
     </span>
     <span class='ocr_line' id='line_1_37' title="bbox 111 4357 1762 4448; baseline -0.001 -24"><span class='ocrx_word' id='word_1_442' title='bbox 111 4371 206 4425; x_wconf 85' lang='lat' dir='ltr'><strong>extra</strong></span> <span class='ocrx_word' id='word_1_443' title='bbox 229 4362 343 4425; x_wconf 90' lang='lat' dir='ltr'><strong>vineas</strong></span> <span class='ocrx_word' id='word_1_444' title='bbox 366 4361 530 4447; x_wconf 84' lang='lat' dir='ltr'><strong>Engaddi,</strong></span> <span class='ocrx_word' id='word_1_445' title='bbox 555 4383 639 4448; x_wconf 88' lang='lat' dir='ltr'><strong>quae</strong></span> <span class='ocrx_word' id='word_1_446' title='bbox 663 4372 738 4425; x_wconf 92' lang='lat' dir='ltr'><strong>sunt</strong></span> <span class='ocrx_word' id='word_1_447' title='bbox 759 4361 869 4447; x_wconf 92' lang='lat' dir='ltr'><strong>plures</strong></span> <span class='ocrx_word' id='word_1_448' title='bbox 893 4360 1072 4424; x_wconf 89' lang='lat' dir='ltr'><strong>aecclesiae</strong></span> <span class='ocrx_word' id='word_1_449' title='bbox 1102 4360 1137 4422; x_wconf 91' lang='lat' dir='ltr'><strong>in</strong></span> <span class='ocrx_word' id='word_1_450' title='bbox 1160 4383 1225 4422; x_wconf 89' lang='lat' dir='ltr'><strong>una</strong></span> <span class='ocrx_word' id='word_1_451' title='bbox 1249 4357 1369 4422; x_wconf 89' lang='lat' dir='ltr'><strong>Christi</strong></span> <span class='ocrx_word' id='word_1_452' title='bbox 1399 4357 1473 4422; x_wconf 83' lang='lat' dir='ltr'><strong>lide.</strong></span> <span class='ocrx_word' id='word_1_453' title='bbox 1520 4358 1624 4444; x_wconf 90' lang='lat' dir='ltr'><strong>lgitur</strong></span> <span class='ocrx_word' id='word_1_454' title='bbox 1650 4357 1762 4423; x_wconf 90' lang='lat' dir='ltr'><strong>botrus</strong></span> 
     </span>
     <span class='ocr_line' id='line_1_38' title="bbox 112 4465 1199 4553; baseline -0.003 -21"><span class='ocrx_word' id='word_1_455' title='bbox 112 4465 216 4553; x_wconf 90' lang='lat' dir='ltr'><strong>Cypri</strong></span> <span class='ocrx_word' id='word_1_456' title='bbox 239 4479 364 4532; x_wconf 87' lang='lat' dir='ltr'><strong>tantum</strong></span> <span class='ocrx_word' id='word_1_457' title='bbox 388 4470 494 4532; x_wconf 91' lang='lat' dir='ltr'><strong>estin</strong></span> <span class='ocrx_word' id='word_1_458' title='bbox 517 4470 615 4532; x_wconf 89' lang='lat' dir='ltr'><strong>vinea</strong></span> <span class='ocrx_word' id='word_1_459' title='bbox 639 4467 770 4550; x_wconf 88' lang='lat' dir='ltr'><strong>Christi,</strong></span> <span class='ocrx_word' id='word_1_460' title='bbox 793 4470 828 4531; x_wconf 92' lang='lat' dir='ltr'><strong>in</strong></span> <span class='ocrx_word' id='word_1_461' title='bbox 851 4491 917 4531; x_wconf 89' lang='lat' dir='ltr'><strong>una</strong></span> <span class='ocrx_word' id='word_1_462' title='bbox 940 4467 1100 4531; x_wconf 85' lang='lat' dir='ltr'><strong>aecclesia</strong></span> <span class='ocrx_word' id='word_1_463' title='bbox 1123 4466 1199 4530; x_wconf 89' lang='lat' dir='ltr'><strong>Dei.</strong></span> 
     </span>
    </p>
   </div>
   <div class='ocr_carea' id='block_1_4' title="bbox 66 4588 1938 5853">
    <p class='ocr_par' dir='ltr' id='par_1_4' title="bbox 66 4588 1938 5853">
     <span class='ocr_line' id='line_1_39' title="bbox 220 4588 1762 4679; baseline -0.003 -21"><span class='ocrx_word' id='word_1_464' title='bbox 220 4592 253 4658; x_wconf 86' lang='lat' dir='ltr'><strong>S.</strong></span> <span class='ocrx_word' id='word_1_465' title='bbox 289 4590 423 4678; x_wconf 86' lang='lat' dir='ltr'><strong>Absque</strong></span> <span class='ocrx_word' id='word_1_466' title='bbox 448 4593 700 4679; x_wconf 88' lang='lat' dir='ltr'><strong>dispensationis</strong></span> <span class='ocrx_word' id='word_1_467' title='bbox 724 4592 920 4657; x_wconf 89' lang='lat' dir='ltr'><strong>discretione</strong></span> <span class='ocrx_word' id='word_1_468' title='bbox 936 4592 1057 4655; x_wconf 88' lang='lat' dir='ltr'><strong>videris</strong></span> <span class='ocrx_word' id='word_1_469' title='bbox 1081 4590 1161 4654; x_wconf 91' lang='lat' dir='ltr'><strong>mihi</strong></span> <span class='ocrx_word' id='word_1_470' title='bbox 1184 4588 1286 4654; x_wconf 88' lang='lat' dir='ltr'><strong>verba</strong></span> <span class='ocrx_word' id='word_1_471' title='bbox 1308 4590 1373 4654; x_wconf 92' lang='lat' dir='ltr'><strong>Dei</strong></span> <span class='ocrx_word' id='word_1_472' title='bbox 1397 4600 1429 4654; x_wconf 92' lang='lat' dir='ltr'><strong>et</strong></span> <span class='ocrx_word' id='word_1_473' title='bbox 1451 4589 1554 4653; x_wconf 90' lang='lat' dir='ltr'><strong>verba</strong></span> <span class='ocrx_word' id='word_1_474' title='bbox 1577 4601 1762 4653; x_wconf 89' lang='lat' dir='ltr'><strong>sanctorum</strong></span> 
     </span>
     <span class='ocr_line' id='line_1_40' title="bbox 111 4696 1761 4785; baseline -0.002 -23"><span class='ocrx_word' id='word_1_475' title='bbox 111 4699 303 4785; x_wconf 88' lang='lat' dir='ltr'><strong>intelligere,</strong></span> <span class='ocrx_word' id='word_1_476' title='bbox 327 4721 347 4762; x_wconf 90' lang='grc'><strong>0</strong></span> <span class='ocrx_word' id='word_1_477' title='bbox 371 4699 488 4785; x_wconf 89' lang='lat' dir='ltr'><strong>quibus</strong></span> <span class='ocrx_word' id='word_1_478' title='bbox 511 4699 613 4763; x_wconf 90' lang='lat' dir='ltr'><strong>multa</strong></span> <span class='ocrx_word' id='word_1_479' title='bbox 636 4699 723 4763; x_wconf 91' lang='lat' dir='ltr'><strong>dicta</strong></span> <span class='ocrx_word' id='word_1_480' title='bbox 747 4709 822 4763; x_wconf 91' lang='lat' dir='ltr'><strong>sunt</strong></span> <span class='ocrx_word' id='word_1_481' title='bbox 844 4710 1055 4785; x_wconf 86' lang='lat' dir='ltr'><strong>proterrere,</strong></span> <span class='ocrx_word' id='word_1_482' title='bbox 1080 4721 1100 4762; x_wconf 97' lang='grc'><strong>0</strong></span> <span class='ocrx_word' id='word_1_483' title='bbox 1116 4696 1235 4784; x_wconf 89' lang='lat' dir='ltr'><strong>quibus</strong></span> <span class='ocrx_word' id='word_1_484' title='bbox 1252 4699 1350 4761; x_wconf 91' lang='lat' dir='ltr'><strong>etiam</strong></span> <span class='ocrx_word' id='word_1_485' title='bbox 1367 4696 1506 4783; x_wconf 87' lang='lat' dir='ltr'><strong>quedam</strong></span> <span class='ocrx_word' id='word_1_486' title='bbox 1523 4697 1761 4782; x_wconf 88' lang='lat' dir='ltr'><strong>permittuntur,</strong></span> 
     </span>
     <span class='ocr_line' id='line_1_41' title="bbox 66 4802 1762 4892; baseline -0.003 -21"><span class='ocrx_word' id='word_1_487' title='bbox 66 4833 94 4874; x_wconf 86' lang='lat' dir='ltr'><strong>ro</strong></span> <span class='ocrx_word' id='word_1_488' title='bbox 112 4805 252 4892; x_wconf 87' lang='lat' dir='ltr'><strong>quedam</strong></span> <span class='ocrx_word' id='word_1_489' title='bbox 285 4804 505 4888; x_wconf 72' lang='lat' dir='ltr'><strong>consulantis,</strong></span> <span class='ocrx_word' id='word_1_490' title='bbox 537 4805 678 4892; x_wconf 88' lang='lat' dir='ltr'><strong>quedam</strong></span> <span class='ocrx_word' id='word_1_491' title='bbox 707 4804 870 4888; x_wconf 88' lang='lat' dir='ltr'><strong>iubentur,</strong></span> <span class='ocrx_word' id='word_1_492' title='bbox 902 4829 965 4891; x_wconf 90' lang='lat' dir='ltr'><strong>que</strong></span> <span class='ocrx_word' id='word_1_493' title='bbox 990 4805 1098 4868; x_wconf 90' lang='lat' dir='ltr'><strong>omnia</strong></span> <span class='ocrx_word' id='word_1_494' title='bbox 1121 4804 1180 4868; x_wconf 92' lang='lat' dir='ltr'><strong>tibi</strong></span> <span class='ocrx_word' id='word_1_495' title='bbox 1204 4805 1391 4868; x_wconf 89' lang='lat' dir='ltr'><strong>necessaria</strong></span> <span class='ocrx_word' id='word_1_496' title='bbox 1415 4802 1577 4867; x_wconf 90' lang='lat' dir='ltr'><strong>servanda</strong></span> <span class='ocrx_word' id='word_1_497' title='bbox 1599 4803 1762 4886; x_wconf 86' lang='lat' dir='ltr'><strong>videntur,</strong></span> 
     </span>
     <span class='ocr_line' id='line_1_42' title="bbox 112 4909 1762 4992; baseline -0.002 -16"><span class='ocrx_word' id='word_1_498' title='bbox 112 4923 145 4977; x_wconf 88' lang='grc'><strong>01</strong></span> <span class='ocrx_word' id='word_1_499' title='bbox 167 4936 241 4977; x_wconf 90' lang='lat' dir='ltr'><strong>curn</strong></span> <span class='ocrx_word' id='word_1_500' title='bbox 265 4913 374 4978; x_wconf 91' lang='lat' dir='ltr'><strong>omnia</strong></span> <span class='ocrx_word' id='word_1_501' title='bbox 396 4913 462 4977; x_wconf 88' lang='lat' dir='ltr'><strong>Dei</strong></span> <span class='ocrx_word' id='word_1_502' title='bbox 486 4923 518 4977; x_wconf 90' lang='lat' dir='ltr'><strong>et</strong></span> <span class='ocrx_word' id='word_1_503' title='bbox 542 4925 728 4977; x_wconf 89' lang='lat' dir='ltr'><strong>sanctorum</strong></span> <span class='ocrx_word' id='word_1_504' title='bbox 750 4911 854 4976; x_wconf 86' lang='lat' dir='ltr'><strong>verba</strong></span> <span class='ocrx_word' id='word_1_505' title='bbox 884 4911 1014 4976; x_wconf 89' lang='lat' dir='ltr'><strong>simules</strong></span> <span class='ocrx_word' id='word_1_506' title='bbox 1044 4922 1075 4976; x_wconf 92' lang='lat' dir='ltr'><strong>te</strong></span> <span class='ocrx_word' id='word_1_507' title='bbox 1106 4909 1246 4975; x_wconf 92' lang='lat' dir='ltr'><strong>libenter</strong></span> <span class='ocrx_word' id='word_1_508' title='bbox 1276 4910 1399 4992; x_wconf 90' lang='lat' dir='ltr'><strong>audire,</strong></span> <span class='ocrx_word' id='word_1_509' title='bbox 1430 4919 1539 4974; x_wconf 90' lang='lat' dir='ltr'><strong>tamen</strong></span> <span class='ocrx_word' id='word_1_510' title='bbox 1569 4909 1619 4972; x_wconf 92' lang='lat' dir='ltr'><strong>his</strong></span> <span class='ocrx_word' id='word_1_511' title='bbox 1650 4931 1762 4973; x_wconf 90' lang='lat' dir='ltr'><strong>eorum</strong></span> 
     </span>
     <span class='ocr_line' id='line_1_43' title="bbox 112 5003 1924 5108; baseline -0.002 -24"><span class='ocrx_word' id='word_1_512' title='bbox 112 5019 207 5084; x_wconf 86' lang='lat' dir='ltr'><strong>dictis</strong></span> <span class='ocrx_word' id='word_1_513' title='bbox 230 5043 297 5084; x_wconf 93' lang='lat' dir='ltr'><strong>non</strong></span> <span class='ocrx_word' id='word_1_514' title='bbox 311 5022 362 5083; x_wconf 89' lang='lat' dir='ltr'><strong>vis</strong></span> <span class='ocrx_word' id='word_1_515' title='bbox 380 5019 539 5102; x_wconf 66' lang='lat' dir='ltr'><strong>*obedire</strong></span> <span class='ocrx_word' id='word_1_516' title='bbox 564 5020 598 5083; x_wconf 92' lang='lat' dir='ltr'><strong>in</strong></span> <span class='ocrx_word' id='word_1_517' title='bbox 621 5017 739 5105; x_wconf 90' lang='lat' dir='ltr'><strong>quibus</strong></span> <span class='ocrx_word' id='word_1_518' title='bbox 763 5029 865 5104; x_wconf 81' lang='lat' dir='ltr'><strong>agrmt</strong></span> <span class='ocrx_word' id='word_1_519' title='bbox 888 5018 928 5083; x_wconf 92' lang='grc'><strong>(10</strong></span> <span class='ocrx_word' id='word_1_520' title='bbox 948 5018 1202 5104; x_wconf 88' lang='lat' dir='ltr'><strong>dispensatione,</strong></span> <span class='ocrx_word' id='word_1_521' title='bbox 1226 5019 1259 5080; x_wconf 93' lang='lat' dir='ltr'><strong>in</strong></span> <span class='ocrx_word' id='word_1_522' title='bbox 1277 5039 1341 5102; x_wconf 91' lang='lat' dir='ltr'><strong>qua</strong></span> <span class='ocrx_word' id='word_1_523' title='bbox 1365 5017 1483 5080; x_wconf 89' lang='lat' dir='ltr'><strong>caritas</strong></span> <span class='ocrx_word' id='word_1_524' title='bbox 1507 5016 1616 5080; x_wconf 91' lang='lat' dir='ltr'><strong>omnia</strong></span> <span class='ocrx_word' id='word_1_525' title='bbox 1639 5003 1924 5108; x_wconf 52' lang='grc' dir='ltr'><strong>0011011,ἶῖ·ο*ξ,;,,,,,Ι</strong></span> 
     </span>
     <span class='ocr_line' id='line_1_44' title="bbox 112 5109 1761 5212; baseline -0.003 -22"><span class='ocrx_word' id='word_1_526' title='bbox 112 5109 390 5191; x_wconf 84' lang='grc'><strong>01011000011101.</strong></span> <span class='ocrx_word' id='word_1_527' title='bbox 437 5127 510 5190; x_wconf 83' lang='lat' dir='ltr'><strong>Tua</strong></span> <span class='ocrx_word' id='word_1_528' title='bbox 532 5149 611 5190; x_wconf 87' lang='lat' dir='ltr'><strong>vero</strong></span> <span class='ocrx_word' id='word_1_529' title='bbox 634 5149 725 5190; x_wconf 88' lang='lat' dir='ltr'><strong>mens</strong></span> <span class='ocrx_word' id='word_1_530' title='bbox 749 5126 912 5212; x_wconf 89' lang='lat' dir='ltr'><strong>inpatieus</strong></span> <span class='ocrx_word' id='word_1_531' title='bbox 935 5125 1112 5190; x_wconf 89' lang='lat' dir='ltr'><strong>indiscreta</strong></span> <span class='ocrx_word' id='word_1_532' title='bbox 1135 5124 1215 5188; x_wconf 92' lang='lat' dir='ltr'><strong>nihil</strong></span> <span class='ocrx_word' id='word_1_533' title='bbox 1239 5123 1360 5204; x_wconf 81' lang='lat' dir='ltr'><strong>suffert,</strong></span> <span class='ocrx_word' id='word_1_534' title='bbox 1390 5122 1471 5186; x_wconf 90' lang='lat' dir='ltr'><strong>nihil</strong></span> <span class='ocrx_word' id='word_1_535' title='bbox 1495 5123 1641 5204; x_wconf 88' lang='lat' dir='ltr'><strong>sustinet,</strong></span> <span class='ocrx_word' id='word_1_536' title='bbox 1666 5144 1761 5208; x_wconf 89' lang='lat' dir='ltr'><strong>quae,</strong></span> 
     </span>
     <span class='ocr_line' id='line_1_45' title="bbox 113 5229 1938 5320; baseline -0.001 -25"><span class='ocrx_word' id='word_1_537' title='bbox 113 5234 141 5296; x_wconf 88' lang='lat' dir='ltr'><strong>si</strong></span> <span class='ocrx_word' id='word_1_538' title='bbox 163 5243 282 5320; x_wconf 91' lang='lat' dir='ltr'><strong>posset,</strong></span> <span class='ocrx_word' id='word_1_539' title='bbox 313 5245 388 5297; x_wconf 89' lang='lat' dir='ltr'><strong>ante</strong></span> <span class='ocrx_word' id='word_1_540' title='bbox 419 5255 558 5298; x_wconf 89' lang='lat' dir='ltr'><strong>messem</strong></span> <span class='ocrx_word' id='word_1_541' title='bbox 588 5234 716 5297; x_wconf 86' lang='lat' dir='ltr'><strong>zizania</strong></span> <span class='ocrx_word' id='word_1_542' title='bbox 746 5233 913 5297; x_wconf 89' lang='lat' dir='ltr'><strong>eradicare</strong></span> <span class='ocrx_word' id='word_1_543' title='bbox 937 5231 1045 5314; x_wconf 88' lang='lat' dir='ltr'><strong>vellet,</strong></span> <span class='ocrx_word' id='word_1_544' title='bbox 1077 5255 1150 5295; x_wconf 93' lang='lat' dir='ltr'><strong>cum</strong></span> <span class='ocrx_word' id='word_1_545' title='bbox 1174 5231 1335 5294; x_wconf 87' lang='lat' dir='ltr'><strong>Dominus</strong></span> <span class='ocrx_word' id='word_1_546' title='bbox 1367 5229 1470 5293; x_wconf 89' lang='lat' dir='ltr'><strong>dicat:</strong></span> <span class='ocrx_word' id='word_1_547' title='bbox 1503 5229 1605 5294; x_wconf 82' lang='lat' dir='ltr'><strong>Sinite</strong></span> <span class='ocrx_word' id='word_1_548' title='bbox 1631 5245 1763 5316; x_wconf 76' lang='lat' dir='ltr'><strong>unaque</strong></span> <span class='ocrx_word' id='word_1_549' title='bbox 1780 5253 1938 5304; x_wconf 74' lang='grc'><strong>11001000</strong></span> 
     </span>
     <span class='ocr_line' id='line_1_46' title="bbox 67 5335 1761 5426; baseline -0.004 -19"><span class='ocrx_word' id='word_1_550' title='bbox 67 5369 95 5407; x_wconf 76' lang='lat' dir='ltr'><strong>rs</strong></span> <span class='ocrx_word' id='word_1_551' title='bbox 113 5366 247 5406; x_wconf 84' lang='lat' dir='ltr'><strong>crescere</strong></span> <span class='ocrx_word' id='word_1_552' title='bbox 269 5363 367 5426; x_wconf 82' lang='lat' dir='ltr'><strong>nsque</strong></span> <span class='ocrx_word' id='word_1_553' title='bbox 389 5342 434 5405; x_wconf 88' lang='lat' dir='ltr'><strong>ad</strong></span> <span class='ocrx_word' id='word_1_554' title='bbox 456 5366 591 5406; x_wconf 84' lang='lat' dir='ltr'><strong>messem.</strong></span> <span class='ocrx_word' id='word_1_555' title='bbox 639 5340 670 5404; x_wconf 84' lang='lat' dir='ltr'><strong>A</strong></span> <span class='ocrx_word' id='word_1_556' title='bbox 692 5341 759 5404; x_wconf 91' lang='lat' dir='ltr'><strong>Dei</strong></span> <span class='ocrx_word' id='word_1_557' title='bbox 782 5362 911 5426; x_wconf 90' lang='lat' dir='ltr'><strong>quoque</strong></span> <span class='ocrx_word' id='word_1_558' title='bbox 934 5340 1033 5403; x_wconf 77' lang='lat' dir='ltr'><strong>vinea</strong></span> <span class='ocrx_word' id='word_1_559' title='bbox 1060 5339 1156 5402; x_wconf 91' lang='lat' dir='ltr'><strong>nimis</strong></span> <span class='ocrx_word' id='word_1_560' title='bbox 1179 5347 1364 5424; x_wconf 87' lang='lat' dir='ltr'><strong>premature</strong></span> <span class='ocrx_word' id='word_1_561' title='bbox 1388 5357 1521 5422; x_wconf 89' lang='lat' dir='ltr'><strong>separas</strong></span> <span class='ocrx_word' id='word_1_562' title='bbox 1545 5335 1672 5400; x_wconf 87' lang='grc'><strong>11111110</strong></span> <span class='ocrx_word' id='word_1_563' title='bbox 1695 5359 1761 5400; x_wconf 89' lang='lat' dir='ltr'><strong>sar·</strong></span> 
     </span>
     <span class='ocr_line' id='line_1_47' title="bbox 113 5442 1760 5533; baseline -0.004 -23"><span class='ocrx_word' id='word_1_564' title='bbox 113 5457 230 5528; x_wconf 88' lang='lat' dir='ltr'><strong>menta,</strong></span> <span class='ocrx_word' id='word_1_565' title='bbox 255 5469 339 5533; x_wconf 90' lang='lat' dir='ltr'><strong>quae</strong></span> <span class='ocrx_word' id='word_1_566' title='bbox 364 5447 458 5510; x_wconf 90' lang='lat' dir='ltr'><strong>simul</strong></span> <span class='ocrx_word' id='word_1_567' title='bbox 482 5471 556 5511; x_wconf 88' lang='lat' dir='ltr'><strong>curn</strong></span> <span class='ocrx_word' id='word_1_568' title='bbox 579 5449 651 5511; x_wconf 87' lang='lat' dir='ltr'><strong>uvis</strong></span> <span class='ocrx_word' id='word_1_569' title='bbox 676 5446 841 5512; x_wconf 89' lang='lat' dir='ltr'><strong>concludit</strong></span> <span class='ocrx_word' id='word_1_570' title='bbox 863 5470 929 5510; x_wconf 87' lang='lat' dir='ltr'><strong>una</strong></span> <span class='ocrx_word' id='word_1_571' title='bbox 951 5447 1105 5510; x_wconf 89' lang='lat' dir='ltr'><strong>maceria.</strong></span> <span class='ocrx_word' id='word_1_572' title='bbox 1151 5445 1191 5509; x_wconf 93' lang='lat' dir='ltr'><strong>In</strong></span> <span class='ocrx_word' id='word_1_573' title='bbox 1219 5443 1336 5531; x_wconf 87' lang='lat' dir='ltr'><strong>quibus</strong></span> <span class='ocrx_word' id='word_1_574' title='bbox 1366 5442 1517 5518; x_wconf 87' lang='lat' dir='ltr'><strong>omnibns</strong></span> <span class='ocrx_word' id='word_1_575' title='bbox 1548 5454 1685 5528; x_wconf 89' lang='lat' dir='ltr'><strong>apparet</strong></span> <span class='ocrx_word' id='word_1_576' title='bbox 1714 5444 1760 5505; x_wconf 93' lang='lat' dir='ltr'><strong>in-</strong></span> 
     </span>
     <span class='ocr_line' id='line_1_48' title="bbox 114 5550 1761 5641; baseline -0.003 -25"><span class='ocrx_word' id='word_1_577' title='bbox 114 5552 263 5618; x_wconf 90' lang='lat' dir='ltr'><strong>discretio</strong></span> <span class='ocrx_word' id='word_1_578' title='bbox 294 5565 350 5617; x_wconf 89' lang='lat' dir='ltr'><strong>tua</strong></span> <span class='ocrx_word' id='word_1_579' title='bbox 380 5577 508 5640; x_wconf 87' lang='lat' dir='ltr'><strong>magna,</strong></span> <span class='ocrx_word' id='word_1_580' title='bbox 540 5565 573 5618; x_wconf 88' lang='lat' dir='ltr'><strong>et</strong></span> <span class='ocrx_word' id='word_1_581' title='bbox 603 5553 690 5641; x_wconf 90' lang='lat' dir='ltr'><strong>quod</strong></span> <span class='ocrx_word' id='word_1_582' title='bbox 714 5555 815 5618; x_wconf 83' lang='lat' dir='ltr'><strong>virtus</strong></span> <span class='ocrx_word' id='word_1_583' title='bbox 846 5553 1098 5639; x_wconf 89' lang='lat' dir='ltr'><strong>dispensationis</strong></span> <span class='ocrx_word' id='word_1_584' title='bbox 1129 5551 1188 5616; x_wconf 91' lang='lat' dir='ltr'><strong>tibi</strong></span> <span class='ocrx_word' id='word_1_585' title='bbox 1218 5553 1346 5638; x_wconf 88' lang='lat' dir='ltr'><strong>penitus</strong></span> <span class='ocrx_word' id='word_1_586' title='bbox 1377 5560 1427 5614; x_wconf 90' lang='lat' dir='ltr'><strong>est</strong></span> <span class='ocrx_word' id='word_1_587' title='bbox 1457 5550 1631 5634; x_wconf 86' lang='lat' dir='ltr'><strong>incognita,</strong></span> <span class='ocrx_word' id='word_1_588' title='bbox 1664 5571 1761 5634; x_wconf 89' lang='lat' dir='ltr'><strong>quarn</strong></span> 
     </span>
     <span class='ocr_line' id='line_1_49' title="bbox 113 5653 1590 5746; baseline 0.003 -26"><span class='ocrx_word' id='word_1_589' title='bbox 113 5659 206 5724; x_wconf 76' lang='lat' dir='ltr'><strong>valde</strong></span> <span class='ocrx_word' id='word_1_590' title='bbox 231 5661 373 5724; x_wconf 86' lang='lat' dir='ltr'><strong>inculcat</strong></span> <span class='ocrx_word' id='word_1_591' title='bbox 396 5662 622 5746; x_wconf 88' lang='lat' dir='ltr'><strong>magistrorum</strong></span> <span class='ocrx_word' id='word_1_592' title='bbox 645 5663 680 5724; x_wconf 89' lang='lat' dir='ltr'><strong>in</strong></span> <span class='ocrx_word' id='word_1_593' title='bbox 704 5660 799 5724; x_wconf 84' lang='lat' dir='ltr'><strong>scolis</strong></span> <span class='ocrx_word' id='word_1_594' title='bbox 823 5660 1003 5746; x_wconf 86' lang='lat' dir='ltr'><strong>diligentia.</strong></span> <span class='ocrx_word' id='word_1_595' title='bbox 1163 5653 1164 5656; x_wconf 21' lang='lat'>¹</span> <span class='ocrx_word' id='word_1_596' title='bbox 1589 5743 1590 5746; x_wconf 7' lang='grc' dir='ltr'><strong>Ἴ</strong></span> 
     </span>
     <span class='ocr_line' id='line_1_50' title="bbox 218 5762 1761 5853; baseline -0.003 -22"><span class='ocrx_word' id='word_1_597' title='bbox 218 5769 254 5831; x_wconf 81' lang='lat' dir='ltr'><strong>R.</strong></span> <span class='ocrx_word' id='word_1_598' title='bbox 292 5767 378 5832; x_wconf 89' lang='lat' dir='ltr'><strong>Satis</strong></span> <span class='ocrx_word' id='word_1_599' title='bbox 402 5769 468 5832; x_wconf 90' lang='lat' dir='ltr'><strong>scio</strong></span> <span class='ocrx_word' id='word_1_600' title='bbox 492 5769 663 5853; x_wconf 86' lang='lat' dir='ltr'><strong>magistros</strong></span> <span class='ocrx_word' id='word_1_601' title='bbox 688 5766 846 5853; x_wconf 88' lang='lat' dir='ltr'><strong>quosdam</strong></span> <span class='ocrx_word' id='word_1_602' title='bbox 877 5769 909 5832; x_wconf 93' lang='lat' dir='ltr'><strong>in</strong></span> <span class='ocrx_word' id='word_1_603' title='bbox 935 5769 1030 5832; x_wconf 85' lang='lat' dir='ltr'><strong>scolis</strong></span> <span class='ocrx_word' id='word_1_604' title='bbox 1055 5769 1142 5832; x_wconf 90' lang='lat' dir='ltr'><strong>cirea</strong></span> <span class='ocrx_word' id='word_1_605' title='bbox 1165 5765 1247 5829; x_wconf 91' lang='lat' dir='ltr'><strong>haec</strong></span> <span class='ocrx_word' id='word_1_606' title='bbox 1272 5765 1435 5851; x_wconf 90' lang='lat' dir='ltr'><strong>occupari,</strong></span> <span class='ocrx_word' id='word_1_607' title='bbox 1460 5776 1496 5827; x_wconf 92' lang='lat' dir='ltr'><strong>ut</strong></span> <span class='ocrx_word' id='word_1_608' title='bbox 1519 5765 1695 5849; x_wconf 90' lang='lat' dir='ltr'><strong>scripturas</strong></span> <span class='ocrx_word' id='word_1_609' title='bbox 1719 5762 1761 5826; x_wconf 93' lang='lat' dir='ltr'><strong>ad</strong></span> 
     </span>
    </p>
   </div>
   <div class='ocr_carea' id='block_1_5' title="bbox 182 5895 1548 5948">
    <p class='ocr_par' dir='ltr' id='par_1_5' title="bbox 182 5895 1548 5948">
     <span class='ocr_line' id='line_1_51' title="bbox 182 5895 1548 5948; baseline -0.001 -2"><span class='ocrx_word' id='word_1_610' title='bbox 182 5897 282 5948; x_wconf 78' lang='lat' dir='ltr'><strong>libelli</strong></span> <span class='ocrx_word' id='word_1_611' title='bbox 302 5897 336 5946; x_wconf 89' lang='lat' dir='ltr'><strong>de</strong></span> <span class='ocrx_word' id='word_1_612' title='bbox 357 5895 412 5946; x_wconf 86' lang='lat' dir='ltr'><strong>lite.</strong></span> <span class='ocrx_word' id='word_1_613' title='bbox 446 5899 499 5947; x_wconf 89' lang='lat'><em>111.</em></span> <span class='ocrx_word' id='word_1_614' title='bbox 1514 5895 1548 5944; x_wconf 84' lang='lat'><strong>30</strong></span> 
     </span>
    </p>
   </div>
   <div class='ocr_carea' id='block_1_6' title="bbox 0 0 2244 6393">
    <p class='ocr_par' dir='ltr' id='par_1_6' title="bbox 0 0 2244 6393">
     <span class='ocr_line' id='line_1_52' title="bbox 0 0 2244 6393; baseline 0 0"><span class='ocrx_word' id='word_1_615' title='bbox 0 0 2244 6393; x_wconf 95' lang='lat' dir='ltr'><strong> </strong></span> 
     </span>
    </p>
   </div>
  </div>
 </body>
</html>
